Date,S.N.,contract_id,symbol,buyer_broker,seller_broker,volume,price,amount,transaction_time
2025-07-22,176987,2025072201000004,NICA,Naasa Securities Co. Ltd.,Sipla Securities Private Limited,20,410.0,8200.0,2025-07-22 10:46:00.086702
2025-07-22,176986,2025072201000005,NICA,Sani Securities Company Ltd.,Sipla Securities Private Limited,80,410.0,32800.0,2025-07-22 10:46:00.086786
2025-07-22,176012,2025072201000150,NICA,Sani Securities Company Ltd.,ABC Securities Private Limited,70,411.0,28770.0,2025-07-22 11:02:49.169252
2025-07-22,175962,2025072201000154,NICA,Thrive Brokerage House Pvt. Ltd,Roadshow securities limited,10,414.0,4140.0,2025-07-22 11:02:54.641458
2025-07-22,175576,2025072201000219,NICA,Kohinoor Investment & Securities Pvt. Ltd.,Roadshow securities limited,500,414.0,207000.0,2025-07-22 11:03:43.725629
2025-07-22,175221,2025072201000289,NICA,Kohinoor Investment & Securities Pvt. Ltd.,Naasa Securities Co. Ltd.,100,413.1,41310.0,2025-07-22 11:04:28.731275
2025-07-22,175201,2025072201000293,NICA,Kohinoor Investment & Securities Pvt. Ltd.,Sweta Securities Private Limited,400,413.1,165240.0,2025-07-22 11:04:30.362328
2025-07-22,175156,2025072201000301,NICA,Linch Stock Market Ltd.,Sweta Securities Private Limited,100,413.1,41310.0,2025-07-22 11:04:37.575642
2025-07-22,175155,2025072201000302,NICA,Linch Stock Market Ltd.,Vision Securities Pvt. Ltd,150,413.9,62085.0,2025-07-22 11:04:37.575805
2025-07-22,175154,2025072201000303,NICA,Linch Stock Market Ltd.,Roadshow securities limited,1750,414.0,724500.0,2025-07-22 11:04:37.575919
2025-07-22,174777,2025072201000394,NICA,Sani Securities Company Ltd.,Roadshow securities limited,1000,414.0,414000.0,2025-07-22 11:05:17.615602
2025-07-22,174352,2025072201000455,NICA,Kohinoor Investment & Securities Pvt. Ltd.,Agrawal Securities (PVT) Ltd.,100,413.0,41300.0,2025-07-22 11:06:00.562328
2025-07-22,174351,2025072201000456,NICA,Naasa Securities Co. Ltd.,Agrawal Securities (PVT) Ltd.,10,413.0,4130.0,2025-07-22 11:06:00.562412
2025-07-22,173514,2025072201000607,NICA,Himalayan Brokerage Company Limited,Elite Stock House Limited,500,412.9,206450.0,2025-07-22 11:07:27.952459
2025-07-22,173190,2025072201000685,NICA,Himalayan Brokerage Company Limited,Nabil Stock Dealer Ltd.,99,412.0,40788.0,2025-07-22 11:08:00.369835
2025-07-22,173189,2025072201000686,NICA,Naasa Securities Co. Ltd.,Nabil Stock Dealer Ltd.,200,412.0,82400.0,2025-07-22 11:08:00.369948
2025-07-22,173188,2025072201000687,NICA,Market Securities & Exchange (PVT) Ltd.,Nabil Stock Dealer Ltd.,100,412.0,41200.0,2025-07-22 11:08:00.370008
2025-07-22,173187,2025072201000688,NICA,Asian Securities Private Ltd.,Nabil Stock Dealer Ltd.,200,411.2,82240.0,2025-07-22 11:08:00.370068
2025-07-22,173186,2025072201000689,NICA,Sani Securities Company Ltd.,Nabil Stock Dealer Ltd.,930,411.0,382230.0,2025-07-22 11:08:00.370113
2025-07-22,173185,2025072201000690,NICA,Sani Securities Company Ltd.,Nabil Stock Dealer Ltd.,50,410.0,20500.0,2025-07-22 11:08:00.370160
2025-07-22,173184,2025072201000691,NICA,ABC Securities Private Limited,Nabil Stock Dealer Ltd.,500,410.0,205000.0,2025-07-22 11:08:00.370206
2025-07-22,173183,2025072201000692,NICA,Secured Securities Ltd.,Nabil Stock Dealer Ltd.,321,410.0,131610.0,2025-07-22 11:08:00.370252
2025-07-22,172976,2025072201000739,NICA,Sharepro Securities Private Limited,Online Securities Pvt. Ltd.,195,412.9,80515.5,2025-07-22 11:08:20.701565
2025-07-22,172134,2025072201000858,NICA,Kumari Securities Private Limited,Agrawal Securities (PVT) Ltd.,190,413.0,78470.0,2025-07-22 11:09:33.576216
2025-07-22,172133,2025072201000859,NICA,Kumari Securities Private Limited,Online Securities Pvt. Ltd.,100,413.0,41300.0,2025-07-22 11:09:33.576330
2025-07-22,172132,2025072201000860,NICA,Kumari Securities Private Limited,Naasa Securities Co. Ltd.,10,413.0,4130.0,2025-07-22 11:09:33.576384
2025-07-22,171870,2025072201000921,NICA,Naasa Securities Co. Ltd.,Nabil Stock Dealer Ltd.,50,410.1,20505.0,2025-07-22 11:10:02.643521
2025-07-22,171869,2025072201000922,NICA,Linch Stock Market Ltd.,Nabil Stock Dealer Ltd.,2000,410.1,820200.0,2025-07-22 11:10:02.643746
2025-07-22,171868,2025072201000923,NICA,Secured Securities Ltd.,Nabil Stock Dealer Ltd.,64,410.0,26240.0,2025-07-22 11:10:02.643911
2025-07-22,171867,2025072201000924,NICA,Imperial Securities Company Pvt. Ltd.,Nabil Stock Dealer Ltd.,280,410.0,114800.0,2025-07-22 11:10:02.644122
2025-07-22,171866,2025072201000925,NICA,Siprabi Securities Pvt. Ltd.,Nabil Stock Dealer Ltd.,200,410.0,82000.0,2025-07-22 11:10:02.644312
2025-07-22,171865,2025072201000926,NICA,Kohinoor Investment & Securities Pvt. Ltd.,Nabil Stock Dealer Ltd.,200,410.0,82000.0,2025-07-22 11:10:02.644475
2025-07-22,171864,2025072201000927,NICA,Dipshikha Dhitopatra Karobar Co. Pvt Ltd.,Nabil Stock Dealer Ltd.,706,410.0,289460.0,2025-07-22 11:10:02.644634
2025-07-22,171595,2025072201001001,NICA,Dipshikha Dhitopatra Karobar Co. Pvt Ltd.,Elite Stock House Limited,10,412.9,4129.0,2025-07-22 11:10:27.786091
2025-07-22,171443,2025072201001030,NICA,Dipshikha Dhitopatra Karobar Co. Pvt Ltd.,Dynamic Money Managers Securities Pvt. Ltd.,294,410.0,120540.0,2025-07-22 11:10:44.782631
2025-07-22,171442,2025072201001031,NICA,Sundhara Securities Limited,Dynamic Money Managers Securities Pvt. Ltd.,50,410.0,20500.0,2025-07-22 11:10:44.782744
2025-07-22,171441,2025072201001032,NICA,Investment Management Nepal Pvt. Ltd.,Dynamic Money Managers Securities Pvt. Ltd.,10,410.0,4100.0,2025-07-22 11:10:44.782799
2025-07-22,171440,2025072201001033,NICA,Premier Securities Company Ltd.,Dynamic Money Managers Securities Pvt. Ltd.,100,410.0,41000.0,2025-07-22 11:10:44.782853
2025-07-22,171348,2025072201001071,NICA,INDEX SECURITIES LIMITED,Dynamic Money Managers Securities Pvt. Ltd.,1000,410.0,410000.0,2025-07-22 11:10:50.540441
2025-07-22,170642,2025072201001249,NICA,Himalayan Brokerage Company Limited,ABC Securities Private Limited,10,408.9,4089.0,2025-07-22 11:11:52.328494
2025-07-22,169955,2025072201001379,NICA,Online Securities Pvt. Ltd.,Sipla Securities Private Limited,89,409.0,36401.0,2025-07-22 11:12:55.711605
2025-07-22,169677,2025072201001434,NICA,Vision Securities Pvt. Ltd,Dynamic Money Managers Securities Pvt. Ltd.,500,410.0,205000.0,2025-07-22 11:13:25.602540
2025-07-22,169539,2025072201001460,NICA,Nepal Stock House (PVT) Ltd.,Dynamic Money Managers Securities Pvt. Ltd.,200,410.0,82000.0,2025-07-22 11:13:42.897163
2025-07-22,169511,2025072201001463,NICA,INDEX SECURITIES LIMITED,Dynamic Money Managers Securities Pvt. Ltd.,200,410.0,82000.0,2025-07-22 11:13:44.898560
2025-07-22,169442,2025072201001471,NICA,Nepal Stock House (PVT) Ltd.,Dynamic Money Managers Securities Pvt. Ltd.,200,410.0,82000.0,2025-07-22 11:13:51.560661
2025-07-22,169237,2025072201001505,NICA,Nepal Stock House (PVT) Ltd.,Dynamic Money Managers Securities Pvt. Ltd.,200,410.0,82000.0,2025-07-22 11:14:04.291372
2025-07-22,169212,2025072201001518,NICA,Secured Securities Ltd.,Dynamic Money Managers Securities Pvt. Ltd.,10,410.0,4100.0,2025-07-22 11:14:07.503982
2025-07-22,169178,2025072201001523,NICA,Nepal Stock House (PVT) Ltd.,Kumari Securities Private Limited,100,409.9,40990.0,2025-07-22 11:14:10.693578
2025-07-22,169177,2025072201001524,NICA,Nepal Stock House (PVT) Ltd.,Dynamic Money Managers Securities Pvt. Ltd.,100,410.0,41000.0,2025-07-22 11:14:10.693709
2025-07-22,169083,2025072201001535,NICA,Online Securities Pvt. Ltd.,Dynamic Money Managers Securities Pvt. Ltd.,136,410.0,55760.0,2025-07-22 11:14:20.544318
2025-07-22,169082,2025072201001536,NICA,Online Securities Pvt. Ltd.,Nepal Stock House (PVT) Ltd.,104,410.0,42640.0,2025-07-22 11:14:20.544451
2025-07-22,169067,2025072201001538,NICA,Nepal Stock House (PVT) Ltd.,Nepal Stock House (PVT) Ltd.,56,410.0,22960.0,2025-07-22 11:14:21.522335
2025-07-22,168706,2025072201001643,NICA,Vision Securities Pvt. Ltd,Aryatara Investment & Securities,350,411.0,143850.0,2025-07-22 11:14:52.583920
2025-07-22,168705,2025072201001644,NICA,Vision Securities Pvt. Ltd,Elite Stock House Limited,385,412.9,158966.5,2025-07-22 11:14:52.584077
2025-07-22,168704,2025072201001645,NICA,Vision Securities Pvt. Ltd,Sweta Securities Private Limited,265,412.9,109418.5,2025-07-22 11:14:52.584142
2025-07-22,168670,2025072201001652,NICA,Sumeru Securities Pvt. Ltd.,Nabil Stock Dealer Ltd.,2460,410.1,1008846.0,2025-07-22 11:14:55.403700
2025-07-22,168669,2025072201001653,NICA,Malla & Malla Stock Broking Company Pvt. Limited,Nabil Stock Dealer Ltd.,100,410.1,41010.0,2025-07-22 11:14:55.403851
2025-07-22,168668,2025072201001654,NICA,Nepal Stock House (PVT) Ltd.,Nabil Stock Dealer Ltd.,144,410.0,59040.0,2025-07-22 11:14:55.403920
2025-07-22,168667,2025072201001655,NICA,Online Securities Pvt. Ltd.,Nabil Stock Dealer Ltd.,796,409.0,325564.0,2025-07-22 11:14:55.403980
2025-07-22,166989,2025072201001976,NICA,Vision Securities Pvt. Ltd,Nabil Stock Dealer Ltd.,100,410.1,41010.0,2025-07-22 11:17:45.801784
2025-07-22,166988,2025072201001977,NICA,Vision Securities Pvt. Ltd,Nabil Stock Dealer Ltd.,100,410.0,41000.0,2025-07-22 11:17:45.802161
2025-07-22,166987,2025072201001978,NICA,Online Securities Pvt. Ltd.,Nabil Stock Dealer Ltd.,16,410.0,6560.0,2025-07-22 11:17:45.802364
2025-07-22,166986,2025072201001979,NICA,Trishakti Securities Public Limited,Nabil Stock Dealer Ltd.,200,409.5,81900.0,2025-07-22 11:17:45.802569
2025-07-22,166985,2025072201001980,NICA,Primo Securities (PVT) Ltd.,Nabil Stock Dealer Ltd.,1000,409.1,409100.0,2025-07-22 11:17:45.802779
2025-07-22,166984,2025072201001981,NICA,Malla & Malla Stock Broking Company Pvt. Limited,Nabil Stock Dealer Ltd.,100,409.1,40910.0,2025-07-22 11:17:45.802974
2025-07-22,166983,2025072201001982,NICA,Online Securities Pvt. Ltd.,Nabil Stock Dealer Ltd.,115,409.0,47035.0,2025-07-22 11:17:45.803182
2025-07-22,166982,2025072201001983,NICA,Trisul Securities & Invt. Ltd.,Nabil Stock Dealer Ltd.,1000,409.0,409000.0,2025-07-22 11:17:45.803393
2025-07-22,166981,2025072201001984,NICA,Market Securities & Exchange (PVT) Ltd.,Nabil Stock Dealer Ltd.,300,409.0,122700.0,2025-07-22 11:17:45.803565
2025-07-22,166980,2025072201001985,NICA,Vision Securities Pvt. Ltd,Nabil Stock Dealer Ltd.,150,409.0,61350.0,2025-07-22 11:17:45.803756
2025-07-22,166979,2025072201001986,NICA,Online Securities Pvt. Ltd.,Nabil Stock Dealer Ltd.,1000,409.0,409000.0,2025-07-22 11:17:45.803953
2025-07-22,166978,2025072201001987,NICA,Trisul Securities & Invt. Ltd.,Nabil Stock Dealer Ltd.,1000,409.0,409000.0,2025-07-22 11:17:45.804159
2025-07-22,166977,2025072201001988,NICA,Online Securities Pvt. Ltd.,Nabil Stock Dealer Ltd.,1200,409.0,490800.0,2025-07-22 11:17:45.804363
2025-07-22,166976,2025072201001989,NICA,Market Securities & Exchange (PVT) Ltd.,Nabil Stock Dealer Ltd.,30,409.0,12270.0,2025-07-22 11:17:45.804552
2025-07-22,166975,2025072201001990,NICA,Vision Securities Pvt. Ltd,Nabil Stock Dealer Ltd.,3689,409.0,1508801.0,2025-07-22 11:17:45.804745
2025-07-22,166571,2025072201002065,NICA,Online Securities Pvt. Ltd.,Sundhara Securities Limited,65,410.0,26650.0,2025-07-22 11:18:29.201413
2025-07-22,166560,2025072201002070,NICA,Sani Securities Company Ltd.,Sundhara Securities Limited,500,410.0,205000.0,2025-07-22 11:18:29.770870
2025-07-22,165879,2025072201002247,NICA,Aryatara Investment & Securities,Online Securities Pvt. Ltd.,190,409.3,77767.0,2025-07-22 11:19:38.064911
2025-07-22,165878,2025072201002248,NICA,Vision Securities Pvt. Ltd,Online Securities Pvt. Ltd.,810,409.0,331290.0,2025-07-22 11:19:38.065087
2025-07-22,165461,2025072201002350,NICA,Nepal Stock House (PVT) Ltd.,Sundhara Securities Limited,200,410.0,82000.0,2025-07-22 11:20:21.562429
2025-07-22,165398,2025072201002371,NICA,Nepal Stock House (PVT) Ltd.,Sundhara Securities Limited,200,410.0,82000.0,2025-07-22 11:20:27.428271
2025-07-22,165155,2025072201002423,NICA,Vision Securities Pvt. Ltd,Online Securities Pvt. Ltd.,10,409.0,4090.0,2025-07-22 11:20:50.876223
2025-07-22,165134,2025072201002426,NICA,Aakashbhairab Securities Ltd.,Sundhara Securities Limited,730,410.0,299300.0,2025-07-22 11:20:53.707589
2025-07-22,165133,2025072201002427,NICA,Aakashbhairab Securities Ltd.,Sweta Securities Private Limited,20,410.0,8200.0,2025-07-22 11:20:53.707811
2025-07-22,165132,2025072201002428,NICA,Aakashbhairab Securities Ltd.,Sani Securities Company Ltd.,100,410.0,41000.0,2025-07-22 11:20:53.707903
2025-07-22,165131,2025072201002429,NICA,Aakashbhairab Securities Ltd.,Arun Securities (PVT) Ltd.,100,410.0,41000.0,2025-07-22 11:20:53.707976
2025-07-22,165067,2025072201002439,NICA,Aakashbhairab Securities Ltd.,Sumeru Securities Pvt. Ltd.,500,410.0,205000.0,2025-07-22 11:20:59.715263
2025-07-22,164936,2025072201002496,NICA,Aakashbhairab Securities Ltd.,Sweta Securities Private Limited,500,410.0,205000.0,2025-07-22 11:21:09.322305
2025-07-22,164891,2025072201002499,NICA,Aakashbhairab Securities Ltd.,Midas Stock Broking Company Private Limited,50,410.0,20500.0,2025-07-22 11:21:12.325095
2025-07-22,164810,2025072201002516,NICA,Nepal Stock House (PVT) Ltd.,Midas Stock Broking Company Private Limited,50,410.0,20500.0,2025-07-22 11:21:18.904968
2025-07-22,164563,2025072201002570,NICA,Nepal Stock House (PVT) Ltd.,Sani Securities Company Ltd.,11,410.0,4510.0,2025-07-22 11:21:34.919007
2025-07-22,164439,2025072201002600,NICA,Nepal Stock House (PVT) Ltd.,Secured Securities Ltd.,66,410.0,27060.0,2025-07-22 11:21:42.260329
2025-07-22,164297,2025072201002631,NICA,Dipshikha Dhitopatra Karobar Co. Pvt Ltd.,Sani Securities Company Ltd.,100,410.5,41050.0,2025-07-22 11:21:55.570785
2025-07-22,164270,2025072201002641,NICA,Nepal Stock House (PVT) Ltd.,Online Securities Pvt. Ltd.,73,410.0,29930.0,2025-07-22 11:21:57.956465
2025-07-22,164163,2025072201002679,NICA,Nepal Stock House (PVT) Ltd.,Online Securities Pvt. Ltd.,200,410.0,82000.0,2025-07-22 11:22:09.920862
2025-07-22,164087,2025072201002690,NICA,Nepal Stock House (PVT) Ltd.,Online Securities Pvt. Ltd.,200,410.0,82000.0,2025-07-22 11:22:16.630882
2025-07-22,164041,2025072201002702,NICA,Vision Securities Pvt. Ltd,Kohinoor Investment & Securities Pvt. Ltd.,45,409.0,18405.0,2025-07-22 11:22:20.746994
2025-07-22,163896,2025072201002739,NICA,Vision Securities Pvt. Ltd,Nabil Stock Dealer Ltd.,446,409.0,182414.0,2025-07-22 11:22:32.442078
2025-07-22,163895,2025072201002740,NICA,Trisul Securities & Invt. Ltd.,Nabil Stock Dealer Ltd.,1000,409.0,409000.0,2025-07-22 11:22:32.442453
2025-07-22,163894,2025072201002741,NICA,Imperial Securities Company Pvt. Ltd.,Nabil Stock Dealer Ltd.,15,409.0,6135.0,2025-07-22 11:22:32.442685
2025-07-22,163893,2025072201002742,NICA,Vision Securities Pvt. Ltd,Nabil Stock Dealer Ltd.,20,409.0,8180.0,2025-07-22 11:22:32.442914
2025-07-22,163892,2025072201002743,NICA,Online Securities Pvt. Ltd.,Nabil Stock Dealer Ltd.,1000,409.0,409000.0,2025-07-22 11:22:32.443156
2025-07-22,163891,2025072201002744,NICA,Secured Securities Ltd.,Nabil Stock Dealer Ltd.,51,409.0,20859.0,2025-07-22 11:22:32.443392
2025-07-22,163890,2025072201002745,NICA,Market Securities & Exchange (PVT) Ltd.,Nabil Stock Dealer Ltd.,52,409.0,21268.0,2025-07-22 11:22:32.443654
2025-07-22,163889,2025072201002746,NICA,Vision Securities Pvt. Ltd,Nabil Stock Dealer Ltd.,20,409.0,8180.0,2025-07-22 11:22:32.443882
2025-07-22,163888,2025072201002747,NICA,Online Securities Pvt. Ltd.,Nabil Stock Dealer Ltd.,1000,409.0,409000.0,2025-07-22 11:22:32.444124
2025-07-22,163887,2025072201002748,NICA,Trisul Securities & Invt. Ltd.,Nabil Stock Dealer Ltd.,800,409.0,327200.0,2025-07-22 11:22:32.444348
2025-07-22,163886,2025072201002749,NICA,Trisul Securities & Invt. Ltd.,Nabil Stock Dealer Ltd.,35,409.0,14315.0,2025-07-22 11:22:32.444576
2025-07-22,163885,2025072201002750,NICA,Online Securities Pvt. Ltd.,Nabil Stock Dealer Ltd.,61,409.0,24949.0,2025-07-22 11:22:32.444801
2025-07-22,163238,2025072201002921,NICA,Online Securities Pvt. Ltd.,Nabil Stock Dealer Ltd.,129,409.0,52761.0,2025-07-22 11:23:30.574374
2025-07-22,163237,2025072201002922,NICA,Dynamic Money Managers Securities Pvt. Ltd.,Nabil Stock Dealer Ltd.,100,409.0,40900.0,2025-07-22 11:23:30.574574
2025-07-22,163236,2025072201002923,NICA,Himalayan Brokerage Company Limited,Nabil Stock Dealer Ltd.,88,408.9,35983.2,2025-07-22 11:23:30.574671
2025-07-22,163235,2025072201002924,NICA,Aryatara Investment & Securities,Nabil Stock Dealer Ltd.,500,408.3,204150.0,2025-07-22 11:23:30.574819
2025-07-22,163234,2025072201002925,NICA,Imperial Securities Company Pvt. Ltd.,Nabil Stock Dealer Ltd.,50,408.1,20405.0,2025-07-22 11:23:30.574943
2025-07-22,163233,2025072201002926,NICA,Asian Securities Private Ltd.,Nabil Stock Dealer Ltd.,100,408.1,40810.0,2025-07-22 11:23:30.575019
2025-07-22,163232,2025072201002927,NICA,Trisul Securities & Invt. Ltd.,Nabil Stock Dealer Ltd.,20,408.0,8160.0,2025-07-22 11:23:30.575113
2025-07-22,163231,2025072201002928,NICA,Dynamic Money Managers Securities Pvt. Ltd.,Nabil Stock Dealer Ltd.,100,408.0,40800.0,2025-07-22 11:23:30.575191
2025-07-22,163230,2025072201002929,NICA,Sri Hari Securities Pvt. Ltd.,Nabil Stock Dealer Ltd.,200,408.0,81600.0,2025-07-22 11:23:30.575268
2025-07-22,163229,2025072201002930,NICA,Linch Stock Market Ltd.,Nabil Stock Dealer Ltd.,950,408.0,387600.0,2025-07-22 11:23:30.575344
2025-07-22,163228,2025072201002931,NICA,Premier Securities Company Ltd.,Nabil Stock Dealer Ltd.,100,408.0,40800.0,2025-07-22 11:23:30.575419
2025-07-22,163227,2025072201002932,NICA,Vision Securities Pvt. Ltd,Nabil Stock Dealer Ltd.,1000,408.0,408000.0,2025-07-22 11:23:30.575493
2025-07-22,163226,2025072201002933,NICA,Siprabi Securities Pvt. Ltd.,Nabil Stock Dealer Ltd.,163,408.0,66504.0,2025-07-22 11:23:30.575569
2025-07-22,162245,2025072201003147,NICA,Naasa Securities Co. Ltd.,Naasa Securities Co. Ltd.,20,409.0,8180.0,2025-07-22 11:24:57.872644
2025-07-22,162244,2025072201003148,NICA,Naasa Securities Co. Ltd.,Online Securities Pvt. Ltd.,24,410.0,9840.0,2025-07-22 11:24:57.872832
2025-07-22,162091,2025072201003200,NICA,Siprabi Securities Pvt. Ltd.,Nabil Stock Dealer Ltd.,202,408.0,82416.0,2025-07-22 11:25:10.779237
2025-07-22,162090,2025072201003201,NICA,Siprabi Securities Pvt. Ltd.,Nabil Stock Dealer Ltd.,57,407.0,23199.0,2025-07-22 11:25:10.779449
2025-07-22,162089,2025072201003202,NICA,Investment Management Nepal Pvt. Ltd.,Nabil Stock Dealer Ltd.,720,407.0,293040.0,2025-07-22 11:25:10.779532
2025-07-22,162088,2025072201003203,NICA,Creative Securities Pvt Ltd,Nabil Stock Dealer Ltd.,1021,406.0,414526.0,2025-07-22 11:25:10.779607
2025-07-22,161868,2025072201003255,NICA,Creative Securities Pvt Ltd,Online Securities Pvt. Ltd.,100,406.0,40600.0,2025-07-22 11:25:33.176905
2025-07-22,161534,2025072201003331,NICA,Online Securities Pvt. Ltd.,Dipshikha Dhitopatra Karobar Co. Pvt Ltd.,90,406.1,36549.0,2025-07-22 11:26:08.362523
2025-07-22,160820,2025072201003477,NICA,Creative Securities Pvt Ltd,Online Securities Pvt. Ltd.,100,406.2,40620.0,2025-07-22 11:27:11.424111
2025-07-22,160819,2025072201003478,NICA,Online Securities Pvt. Ltd.,Online Securities Pvt. Ltd.,110,406.1,44671.0,2025-07-22 11:27:11.424278
2025-07-22,160818,2025072201003479,NICA,Neev Securities Pvt. Ltd.,Online Securities Pvt. Ltd.,100,406.1,40610.0,2025-07-22 11:27:11.424355
2025-07-22,159738,2025072201003757,NICA,Citizens Share Broker Limited,Midas Stock Broking Company Private Limited,100,406.6,40660.0,2025-07-22 11:29:08.209348
2025-07-22,159506,2025072201003839,NICA,Nepal Stock House (PVT) Ltd.,Asian Securities Private Ltd.,200,409.0,81800.0,2025-07-22 11:29:33.210304
2025-07-22,159262,2025072201003889,NICA,Kumari Securities Private Limited,Asian Securities Private Ltd.,100,409.0,40900.0,2025-07-22 11:29:53.983910
2025-07-22,159261,2025072201003890,NICA,Kumari Securities Private Limited,Online Securities Pvt. Ltd.,20,410.0,8200.0,2025-07-22 11:29:53.984151
2025-07-22,159115,2025072201003921,NICA,Vision Securities Pvt. Ltd,Opal Securities Investment (PVT) Ltd.,45,407.0,18315.0,2025-07-22 11:30:07.403821
2025-07-22,158966,2025072201003941,NICA,Sipla Securities Private Limited,Online Securities Pvt. Ltd.,283,410.0,116030.0,2025-07-22 11:30:17.293360
2025-07-22,158965,2025072201003942,NICA,Sipla Securities Private Limited,Asian Securities Private Ltd.,95,410.0,38950.0,2025-07-22 11:30:17.293621
2025-07-22,158964,2025072201003943,NICA,Sipla Securities Private Limited,Sundhara Securities Limited,573,410.0,234930.0,2025-07-22 11:30:17.293709
2025-07-22,158963,2025072201003944,NICA,Sipla Securities Private Limited,Thrive Brokerage House Pvt. Ltd,150,410.0,61500.0,2025-07-22 11:30:17.293793
2025-07-22,158962,2025072201003945,NICA,Sipla Securities Private Limited,Sundhara Securities Limited,100,410.0,41000.0,2025-07-22 11:30:17.293871
2025-07-22,158961,2025072201003946,NICA,Sipla Securities Private Limited,Trishakti Securities Public Limited,100,410.0,41000.0,2025-07-22 11:30:17.293952
2025-07-22,158960,2025072201003947,NICA,Sipla Securities Private Limited,Vision Securities Pvt. Ltd,217,410.0,88970.0,2025-07-22 11:30:17.294055
2025-07-22,158959,2025072201003948,NICA,Sipla Securities Private Limited,ABC Securities Private Limited,10,410.0,4100.0,2025-07-22 11:30:17.294138
2025-07-22,158631,2025072201004046,NICA,Sipla Securities Private Limited,Prabhu Stock Market Limited,472,410.0,193520.0,2025-07-22 11:30:48.113888
2025-07-22,158630,2025072201004047,NICA,Arun Securities (PVT) Ltd.,Prabhu Stock Market Limited,30,410.0,12300.0,2025-07-22 11:30:48.114113
2025-07-22,158199,2025072201004146,NICA,Swarna Laxmi Securities Pvt. Ltd.,Prabhu Stock Market Limited,300,410.0,123000.0,2025-07-22 11:31:28.722270
2025-07-22,158163,2025072201004154,NICA,ABC Securities Private Limited,Opal Securities Investment (PVT) Ltd.,3,409.0,1227.0,2025-07-22 11:31:31.847144
2025-07-22,158037,2025072201004174,NICA,Primo Securities (PVT) Ltd.,Prabhu Stock Market Limited,198,410.0,81180.0,2025-07-22 11:31:42.350281
2025-07-22,158036,2025072201004175,NICA,Primo Securities (PVT) Ltd.,Opal Securities Investment (PVT) Ltd.,302,410.0,123820.0,2025-07-22 11:31:42.350520
2025-07-22,157948,2025072201004197,NICA,Aryatara Investment & Securities,Opal Securities Investment (PVT) Ltd.,136,408.0,55488.0,2025-07-22 11:31:51.932177
2025-07-22,157900,2025072201004209,NICA,Aryatara Investment & Securities,Primo Securities (PVT) Ltd.,164,408.0,66912.0,2025-07-22 11:31:56.395178
2025-07-22,157899,2025072201004210,NICA,Naasa Securities Co. Ltd.,Primo Securities (PVT) Ltd.,100,408.0,40800.0,2025-07-22 11:31:56.395587
2025-07-22,157898,2025072201004211,NICA,Aryatara Investment & Securities,Primo Securities (PVT) Ltd.,500,408.0,204000.0,2025-07-22 11:31:56.395850
2025-07-22,157710,2025072201004268,NICA,Imperial Securities Company Pvt. Ltd.,Primo Securities (PVT) Ltd.,35,408.0,14280.0,2025-07-22 11:32:17.116474
2025-07-22,157382,2025072201004354,NICA,Shree Krishna Securities Ltd.,Primo Securities (PVT) Ltd.,201,408.0,82008.0,2025-07-22 11:32:45.301371
2025-07-22,157381,2025072201004355,NICA,Shree Krishna Securities Ltd.,Primo Securities (PVT) Ltd.,100,408.0,40800.0,2025-07-22 11:32:45.301578
2025-07-22,156428,2025072201004581,NICA,Capital Max Securities Ltd,Opal Securities Investment (PVT) Ltd.,328,410.0,134480.0,2025-07-22 11:34:02.345582
2025-07-22,156427,2025072201004582,NICA,Capital Max Securities Ltd,Naasa Securities Co. Ltd.,102,410.0,41820.0,2025-07-22 11:34:02.345811
2025-07-22,156426,2025072201004583,NICA,Capital Max Securities Ltd,Cristal Kanchanjanga Securites Pvt. Ltd.,500,410.0,205000.0,2025-07-22 11:34:02.345911
2025-07-22,156425,2025072201004584,NICA,Capital Max Securities Ltd,Opal Securities Investment (PVT) Ltd.,100,410.0,41000.0,2025-07-22 11:34:02.346006
2025-07-22,156424,2025072201004585,NICA,Capital Max Securities Ltd,Naasa Securities Co. Ltd.,267,410.0,109470.0,2025-07-22 11:34:02.346109
2025-07-22,155899,2025072201004692,NICA,Midas Stock Broking Company Private Limited,Linch Stock Market Ltd.,10,410.9,4109.0,2025-07-22 11:34:47.698949
2025-07-22,155898,2025072201004693,NICA,Midas Stock Broking Company Private Limited,Secured Securities Ltd.,28,410.9,11505.2,2025-07-22 11:34:47.699510
2025-07-22,155897,2025072201004694,NICA,Midas Stock Broking Company Private Limited,Cristal Kanchanjanga Securites Pvt. Ltd.,162,411.0,66582.0,2025-07-22 11:34:47.700051
2025-07-22,155769,2025072201004716,NICA,Kohinoor Investment & Securities Pvt. Ltd.,Cristal Kanchanjanga Securites Pvt. Ltd.,50,411.0,20550.0,2025-07-22 11:35:00.606013
2025-07-22,155409,2025072201004802,NICA,Siprabi Securities Pvt. Ltd.,Cristal Kanchanjanga Securites Pvt. Ltd.,23,411.0,9453.0,2025-07-22 11:35:34.151363
2025-07-22,155330,2025072201004836,NICA,Premier Securities Company Ltd.,Cristal Kanchanjanga Securites Pvt. Ltd.,765,411.0,314415.0,2025-07-22 11:35:41.699881
2025-07-22,155329,2025072201004837,NICA,Premier Securities Company Ltd.,Prabhu Stock Market Limited,1000,411.0,411000.0,2025-07-22 11:35:41.700332
2025-07-22,155139,2025072201004899,NICA,Premier Securities Company Ltd.,Dynamic Money Managers Securities Pvt. Ltd.,235,411.0,96585.0,2025-07-22 11:35:56.745111
2025-07-22,155069,2025072201004915,NICA,Dynamic Money Managers Securities Pvt. Ltd.,Dynamic Money Managers Securities Pvt. Ltd.,50,411.0,20550.0,2025-07-22 11:36:00.875711
2025-07-22,154921,2025072201004953,NICA,Imperial Securities Company Pvt. Ltd.,Naasa Securities Co. Ltd.,15,410.9,6163.5,2025-07-22 11:36:14.356014
2025-07-22,154920,2025072201004954,NICA,Citizens Share Broker Limited,Naasa Securities Co. Ltd.,35,410.1,14353.5,2025-07-22 11:36:14.356307
2025-07-22,154513,2025072201005046,NICA,Citizens Share Broker Limited,KALASH STOCK MARKET PVT. LTD.,400,410.1,164040.0,2025-07-22 11:36:42.199340
2025-07-22,154440,2025072201005056,NICA,Citizens Share Broker Limited,Prabhu Stock Market Limited,465,410.1,190696.5,2025-07-22 11:36:46.790073
2025-07-22,154439,2025072201005057,NICA,Sani Securities Company Ltd.,Prabhu Stock Market Limited,100,410.1,41010.0,2025-07-22 11:36:46.790342
2025-07-22,154438,2025072201005058,NICA,Nepal Stock House (PVT) Ltd.,Prabhu Stock Market Limited,200,410.1,82020.0,2025-07-22 11:36:46.790443
2025-07-22,154437,2025072201005059,NICA,Capital Max Securities Ltd,Prabhu Stock Market Limited,703,410.0,288230.0,2025-07-22 11:36:46.790575
2025-07-22,153428,2025072201005293,NICA,Property Wiard Limited,Neev Securities Pvt. Ltd.,500,408.3,204150.0,2025-07-22 11:38:02.773745
2025-07-22,153427,2025072201005294,NICA,Nepal Investment And Securities Trading Private Limited,Neev Securities Pvt. Ltd.,300,408.2,122460.0,2025-07-22 11:38:02.773992
2025-07-22,153426,2025072201005295,NICA,South Asian Bulls Pvt. Ltd.,Neev Securities Pvt. Ltd.,200,408.2,81640.0,2025-07-22 11:38:02.774115
2025-07-22,152599,2025072201005484,NICA,South Asian Bulls Pvt. Ltd.,Dynamic Money Managers Securities Pvt. Ltd.,290,408.2,118378.0,2025-07-22 11:39:10.340331
2025-07-22,152598,2025072201005485,NICA,Imperial Securities Company Pvt. Ltd.,Dynamic Money Managers Securities Pvt. Ltd.,10,408.2,4082.0,2025-07-22 11:39:10.340580
2025-07-22,152597,2025072201005486,NICA,Capital Max Securities Ltd,Dynamic Money Managers Securities Pvt. Ltd.,500,408.2,204100.0,2025-07-22 11:39:10.340682
2025-07-22,152596,2025072201005487,NICA,Vision Securities Pvt. Ltd,Dynamic Money Managers Securities Pvt. Ltd.,100,408.2,40820.0,2025-07-22 11:39:10.340783
2025-07-22,152595,2025072201005488,NICA,Sumeru Securities Pvt. Ltd.,Dynamic Money Managers Securities Pvt. Ltd.,1815,408.1,740701.5,2025-07-22 11:39:10.340885
2025-07-22,152578,2025072201005492,NICA,Kalika Securities Pvt. Ltd.,Naasa Securities Co. Ltd.,20,409.7,8194.0,2025-07-22 11:39:12.574639
2025-07-22,152170,2025072201005584,NICA,Bhrikuti Stock Broking Co. Pvt. Ltd.,Midas Stock Broking Company Private Limited,200,409.8,81960.0,2025-07-22 11:39:50.581670
2025-07-22,151163,2025072201005819,NICA,Capital Max Securities Ltd,ABC Securities Private Limited,200,409.7,81940.0,2025-07-22 11:41:17.961462
2025-07-22,151162,2025072201005820,NICA,Capital Max Securities Ltd,Opal Securities Investment (PVT) Ltd.,4800,409.9,1967520.0,2025-07-22 11:41:17.962017
2025-07-22,151161,2025072201005821,NICA,Naasa Securities Co. Ltd.,Opal Securities Investment (PVT) Ltd.,250,409.9,102475.0,2025-07-22 11:41:18.047629
2025-07-22,151051,2025072201005856,NICA,Swarna Laxmi Securities Pvt. Ltd.,Online Securities Pvt. Ltd.,30,409.7,12291.0,2025-07-22 11:41:28.892253
2025-07-22,151050,2025072201005857,NICA,Vision Securities Pvt. Ltd,Online Securities Pvt. Ltd.,34,408.4,13885.6,2025-07-22 11:41:28.892536
2025-07-22,150813,2025072201005933,NICA,Online Securities Pvt. Ltd.,Opal Securities Investment (PVT) Ltd.,60,409.9,24594.0,2025-07-22 11:41:49.480240
2025-07-22,150551,2025072201006021,NICA,Asian Securities Private Ltd.,Opal Securities Investment (PVT) Ltd.,200,409.9,81980.0,2025-07-22 11:42:09.427570
2025-07-22,150191,2025072201006095,NICA,Nepal Investment And Securities Trading Private Limited,Opal Securities Investment (PVT) Ltd.,2000,409.9,819800.0,2025-07-22 11:42:36.051679
2025-07-22,150140,2025072201006101,NICA,Secured Securities Ltd.,Opal Securities Investment (PVT) Ltd.,1190,409.9,487781.0,2025-07-22 11:42:38.440359
2025-07-22,149793,2025072201006202,NICA,Secured Securities Ltd.,Kohinoor Investment & Securities Pvt. Ltd.,110,409.9,45089.0,2025-07-22 11:42:59.512680
2025-07-22,149792,2025072201006203,NICA,Sani Securities Company Ltd.,Kohinoor Investment & Securities Pvt. Ltd.,240,408.5,98040.0,2025-07-22 11:42:59.512955
2025-07-22,149509,2025072201006271,NICA,Aakashbhairab Securities Ltd.,Agrawal Securities (PVT) Ltd.,4,400.9,1603.6,2025-07-22 11:43:14.201635
2025-07-22,148929,2025072201006410,NICA,Sani Securities Company Ltd.,Naasa Securities Co. Ltd.,400,409.9,163960.0,2025-07-22 11:43:51.204549
2025-07-22,148770,2025072201006432,NICA,Sewa Securities Pvt. Ltd.,Naasa Securities Co. Ltd.,100,409.9,40990.0,2025-07-22 11:44:00.925677
2025-07-22,148120,2025072201006570,NICA,Sewa Securities Pvt. Ltd.,Dipshikha Dhitopatra Karobar Co. Pvt Ltd.,200,409.9,81980.0,2025-07-22 11:44:50.259625
2025-07-22,148119,2025072201006571,NICA,Naasa Securities Co. Ltd.,Dipshikha Dhitopatra Karobar Co. Pvt Ltd.,50,409.9,20495.0,2025-07-22 11:44:50.259662
2025-07-22,148118,2025072201006572,NICA,Vision Securities Pvt. Ltd,Dipshikha Dhitopatra Karobar Co. Pvt Ltd.,50,409.3,20465.0,2025-07-22 11:44:50.259688
2025-07-22,148117,2025072201006573,NICA,Cristal Kanchanjanga Securites Pvt. Ltd.,Dipshikha Dhitopatra Karobar Co. Pvt Ltd.,700,409.1,286370.0,2025-07-22 11:44:50.259737
2025-07-22,148017,2025072201006595,NICA,Dakshinkali Investment & Securities Pvt. Ltd.,Prabhu Stock Market Limited,532,410.0,218120.0,2025-07-22 11:44:54.056942
2025-07-22,148016,2025072201006596,NICA,Dakshinkali Investment & Securities Pvt. Ltd.,Trisul Securities & Invt. Ltd.,16,410.0,6560.0,2025-07-22 11:44:54.057219
2025-07-22,148015,2025072201006597,NICA,Dakshinkali Investment & Securities Pvt. Ltd.,Aryatara Investment & Securities,100,410.0,41000.0,2025-07-22 11:44:54.057329
2025-07-22,148014,2025072201006598,NICA,Dakshinkali Investment & Securities Pvt. Ltd.,Secured Securities Ltd.,255,410.0,104550.0,2025-07-22 11:44:54.057438
2025-07-22,148013,2025072201006599,NICA,Dakshinkali Investment & Securities Pvt. Ltd.,Prabhu Stock Market Limited,97,410.0,39770.0,2025-07-22 11:44:54.057547
2025-07-22,147817,2025072201006652,NICA,Elite Stock House Limited,Prabhu Stock Market Limited,250,410.0,102500.0,2025-07-22 11:45:07.688216
2025-07-22,147795,2025072201006672,NICA,Sani Securities Company Ltd.,Prabhu Stock Market Limited,653,410.0,267730.0,2025-07-22 11:45:08.582275
2025-07-22,147484,2025072201006736,NICA,Asian Securities Private Ltd.,Sundhara Securities Limited,100,411.0,41100.0,2025-07-22 11:45:32.699579
2025-07-22,146599,2025072201007071,NICA,Dakshinkali Investment & Securities Pvt. Ltd.,Linch Stock Market Ltd.,20,412.0,8240.0,2025-07-22 11:46:23.728179
2025-07-22,146384,2025072201007119,NICA,Asian Securities Private Ltd.,Linch Stock Market Ltd.,200,412.0,82400.0,2025-07-22 11:46:37.449123
2025-07-22,145214,2025072201007377,NICA,Online Securities Pvt. Ltd.,Linch Stock Market Ltd.,280,412.0,115360.0,2025-07-22 11:47:50.127191
2025-07-22,145213,2025072201007378,NICA,Online Securities Pvt. Ltd.,Imperial Securities Company Pvt. Ltd.,137,412.0,56444.0,2025-07-22 11:47:50.127505
2025-07-22,145212,2025072201007379,NICA,Online Securities Pvt. Ltd.,Sundhara Securities Limited,83,412.0,34196.0,2025-07-22 11:47:50.127623
2025-07-22,144287,2025072201007642,NICA,KALASH STOCK MARKET PVT. LTD.,Sundhara Securities Limited,17,412.0,7004.0,2025-07-22 11:48:48.677263
2025-07-22,144286,2025072201007643,NICA,KALASH STOCK MARKET PVT. LTD.,Cristal Kanchanjanga Securites Pvt. Ltd.,83,412.0,34196.0,2025-07-22 11:48:48.677550
2025-07-22,144104,2025072201007668,NICA,J.F. Securites (PVT) Ltd.,Cristal Kanchanjanga Securites Pvt. Ltd.,17,412.0,7004.0,2025-07-22 11:49:02.139048
2025-07-22,143437,2025072201007777,NICA,J.F. Securites (PVT) Ltd.,Sundhara Securities Limited,65,412.0,26780.0,2025-07-22 11:49:51.353119
2025-07-22,143436,2025072201007778,NICA,MILKY WAY SHARE BROKER COMPANY LTD ,Sundhara Securities Limited,45,410.5,18472.5,2025-07-22 11:49:51.353406
2025-07-22,141472,2025072201008250,NICA,Vision Securities Pvt. Ltd,Midas Stock Broking Company Private Limited,51,411.0,20961.0,2025-07-22 11:52:06.525942
2025-07-22,141471,2025072201008251,NICA,Vision Securities Pvt. Ltd,Infinity Securities Limited,149,411.0,61239.0,2025-07-22 11:52:06.525984
2025-07-22,141234,2025072201008337,NICA,Primo Securities (PVT) Ltd.,Infinity Securities Limited,30,411.0,12330.0,2025-07-22 11:52:24.467754
2025-07-22,141233,2025072201008338,NICA,Naasa Securities Co. Ltd.,Infinity Securities Limited,100,411.0,41100.0,2025-07-22 11:52:24.528260
2025-07-22,141124,2025072201008356,NICA,Oxford Securities Pvt. Ltd.,Vision Securities Pvt. Ltd,150,410.8,61620.0,2025-07-22 11:52:34.848440
2025-07-22,141114,2025072201008363,NICA,MILKY WAY SHARE BROKER COMPANY LTD ,Vision Securities Pvt. Ltd,24,410.8,9859.2,2025-07-22 11:52:35.698301
2025-07-22,141113,2025072201008364,NICA,MILKY WAY SHARE BROKER COMPANY LTD ,Infinity Securities Limited,931,411.0,382641.0,2025-07-22 11:52:35.698583
2025-07-22,140897,2025072201008439,NICA,Sumeru Securities Pvt. Ltd.,Infinity Securities Limited,185,411.0,76035.0,2025-07-22 11:52:50.764812
2025-07-22,140518,2025072201008570,NICA,Arun Securities (PVT) Ltd.,Infinity Securities Limited,150,411.0,61650.0,2025-07-22 11:53:24.007904
2025-07-22,140395,2025072201008587,NICA,Imperial Securities Company Pvt. Ltd.,Infinity Securities Limited,100,411.0,41100.0,2025-07-22 11:53:31.689037
2025-07-22,140380,2025072201008588,NICA,Sumeru Securities Pvt. Ltd.,Kalika Securities Pvt. Ltd.,150,410.7,61605.0,2025-07-22 11:53:31.892335
2025-07-22,140375,2025072201008590,NICA,ABC Securities Private Limited,Infinity Securities Limited,355,411.0,145905.0,2025-07-22 11:53:32.675306
2025-07-22,140374,2025072201008591,NICA,ABC Securities Private Limited,Arun Securities (PVT) Ltd.,100,411.0,41100.0,2025-07-22 11:53:32.675877
2025-07-22,138759,2025072201008998,NICA,ABC Securities Private Limited,Capital Hub P. Ltd,45,411.0,18495.0,2025-07-22 11:55:18.742480
2025-07-22,138758,2025072201008999,NICA,Online Securities Pvt. Ltd.,Capital Hub P. Ltd,53,411.0,21783.0,2025-07-22 11:55:18.743060
2025-07-22,138657,2025072201009019,NICA,Sani Securities Company Ltd.,Dynamic Money Managers Securities Pvt. Ltd.,50,412.0,20600.0,2025-07-22 11:55:24.527134
2025-07-22,138656,2025072201009020,NICA,Sani Securities Company Ltd.,Imperial Securities Company Pvt. Ltd.,50,412.0,20600.0,2025-07-22 11:55:24.527433
2025-07-22,138655,2025072201009021,NICA,Sani Securities Company Ltd.,Cristal Kanchanjanga Securites Pvt. Ltd.,100,412.0,41200.0,2025-07-22 11:55:24.527560
2025-07-22,138654,2025072201009022,NICA,Sani Securities Company Ltd.,Roadshow securities limited,300,412.0,123600.0,2025-07-22 11:55:24.527682
2025-07-22,136423,2025072201009573,NICA,Online Securities Pvt. Ltd.,Hatemalo Financial Services Private Limited,47,411.0,19317.0,2025-07-22 11:58:12.436761
2025-07-22,136422,2025072201009574,NICA,Sewa Securities Pvt. Ltd.,Hatemalo Financial Services Private Limited,50,411.0,20550.0,2025-07-22 11:58:12.437367
2025-07-22,136421,2025072201009575,NICA,Dynamic Money Managers Securities Pvt. Ltd.,Hatemalo Financial Services Private Limited,50,411.0,20550.0,2025-07-22 11:58:12.437762
2025-07-22,136420,2025072201009576,NICA,Dynamic Money Managers Securities Pvt. Ltd.,Hatemalo Financial Services Private Limited,50,411.0,20550.0,2025-07-22 11:58:12.438244
2025-07-22,136419,2025072201009577,NICA,Naasa Securities Co. Ltd.,Hatemalo Financial Services Private Limited,17,410.9,6985.3,2025-07-22 11:58:12.438644
2025-07-22,136418,2025072201009578,NICA,Sumeru Securities Pvt. Ltd.,Hatemalo Financial Services Private Limited,100,410.7,41070.0,2025-07-22 11:58:12.439124
2025-07-22,136417,2025072201009579,NICA,Naasa Securities Co. Ltd.,Hatemalo Financial Services Private Limited,100,410.6,41060.0,2025-07-22 11:58:12.439583
2025-07-22,136416,2025072201009580,NICA,Naasa Securities Co. Ltd.,Hatemalo Financial Services Private Limited,100,410.2,41020.0,2025-07-22 11:58:12.440055
2025-07-22,136415,2025072201009581,NICA,Premier Securities Company Ltd.,Hatemalo Financial Services Private Limited,36,410.2,14767.2,2025-07-22 11:58:12.440539
2025-07-22,136388,2025072201009588,NICA,Dipshikha Dhitopatra Karobar Co. Pvt Ltd.,Linch Stock Market Ltd.,50,411.9,20595.0,2025-07-22 11:58:14.095458
2025-07-22,136387,2025072201009589,NICA,Dipshikha Dhitopatra Karobar Co. Pvt Ltd.,Roadshow securities limited,150,412.0,61800.0,2025-07-22 11:58:14.095744
2025-07-22,135740,2025072201009750,NICA,Online Securities Pvt. Ltd.,Sewa Securities Pvt. Ltd.,100,411.0,41100.0,2025-07-22 11:58:58.788891
2025-07-22,135405,2025072201009830,NICA,Investment Management Nepal Pvt. Ltd.,Roadshow securities limited,50,412.0,20600.0,2025-07-22 11:59:20.872353
2025-07-22,135003,2025072201009966,NICA,Nepal Stock House (PVT) Ltd.,Roadshow securities limited,57,412.0,23484.0,2025-07-22 11:59:55.242150
2025-07-22,135002,2025072201009967,NICA,Nepal Stock House (PVT) Ltd.,Miyo Securities Pvt Ltd,100,412.0,41200.0,2025-07-22 11:59:55.242462
2025-07-22,135001,2025072201009968,NICA,Nepal Stock House (PVT) Ltd.,Arun Securities (PVT) Ltd.,43,412.0,17716.0,2025-07-22 11:59:55.242591
2025-07-22,134983,2025072201009972,NICA,Agrawal Securities (PVT) Ltd.,Arun Securities (PVT) Ltd.,57,412.0,23484.0,2025-07-22 11:59:57.041490
2025-07-22,134982,2025072201009973,NICA,Agrawal Securities (PVT) Ltd.,Naasa Securities Co. Ltd.,105,412.5,43312.5,2025-07-22 11:59:57.041598
2025-07-22,134981,2025072201009974,NICA,Agrawal Securities (PVT) Ltd.,Oxford Securities Pvt. Ltd.,60,412.6,24756.0,2025-07-22 11:59:57.041676
2025-07-22,134980,2025072201009975,NICA,Agrawal Securities (PVT) Ltd.,Vision Securities Pvt. Ltd,278,412.7,114730.6,2025-07-22 11:59:57.041752
2025-07-22,134750,2025072201010026,NICA,Investment Management Nepal Pvt. Ltd.,Arun Securities (PVT) Ltd.,8,405.0,3240.0,2025-07-22 12:00:13.039092
2025-07-22,134174,2025072201010187,NICA,Kalika Securities Pvt. Ltd.,Vision Securities Pvt. Ltd,40,412.7,16508.0,2025-07-22 12:01:03.514133
2025-07-22,133607,2025072201010354,NICA,Dipshikha Dhitopatra Karobar Co. Pvt Ltd.,South Asian Bulls Pvt. Ltd.,200,411.5,82300.0,2025-07-22 12:01:50.640885
2025-07-22,133606,2025072201010355,NICA,Online Securities Pvt. Ltd.,South Asian Bulls Pvt. Ltd.,23,411.0,9453.0,2025-07-22 12:01:50.641214
2025-07-22,133605,2025072201010356,NICA,Agrawal Securities (PVT) Ltd.,South Asian Bulls Pvt. Ltd.,100,411.0,41100.0,2025-07-22 12:01:50.641349
2025-07-22,133604,2025072201010357,NICA,Nagarik Stock Dealer ,South Asian Bulls Pvt. Ltd.,500,411.0,205500.0,2025-07-22 12:01:50.641479
2025-07-22,133603,2025072201010358,NICA,Nagarik Stock Dealer ,South Asian Bulls Pvt. Ltd.,177,411.0,72747.0,2025-07-22 12:01:50.641608
2025-07-22,133460,2025072201010393,NICA,INDEX SECURITIES LIMITED,Prabhu Stock Market Limited,1000,412.0,412000.0,2025-07-22 12:02:03.643238
2025-07-22,133368,2025072201010430,NICA,Ashutosh Brokerage & Securities (PVT) Ltd.,Prabhu Stock Market Limited,200,412.0,82400.0,2025-07-22 12:02:12.373229
2025-07-22,133258,2025072201010462,NICA,Trisul Securities & Invt. Ltd.,Prabhu Stock Market Limited,103,412.0,42436.0,2025-07-22 12:02:20.731563
2025-07-22,132428,2025072201010650,NICA,INDEX SECURITIES LIMITED,Prabhu Stock Market Limited,187,412.0,77044.0,2025-07-22 12:03:21.799189
2025-07-22,132427,2025072201010651,NICA,INDEX SECURITIES LIMITED,Kumari Securities Private Limited,100,412.0,41200.0,2025-07-22 12:03:21.799579
2025-07-22,132426,2025072201010652,NICA,INDEX SECURITIES LIMITED,Sharepro Securities Private Limited,500,412.0,206000.0,2025-07-22 12:03:21.799741
2025-07-22,132425,2025072201010653,NICA,INDEX SECURITIES LIMITED,Vision Securities Pvt. Ltd,500,412.0,206000.0,2025-07-22 12:03:21.799904
2025-07-22,132424,2025072201010654,NICA,INDEX SECURITIES LIMITED,Dynamic Money Managers Securities Pvt. Ltd.,1000,412.4,412400.0,2025-07-22 12:03:21.800078
2025-07-22,132423,2025072201010655,NICA,INDEX SECURITIES LIMITED,Secured Securities Ltd.,713,412.5,294112.5,2025-07-22 12:03:21.800244
2025-07-22,131604,2025072201010830,NICA,Naasa Securities Co. Ltd.,Aryatara Investment & Securities,2,406.3,812.6,2025-07-22 12:04:11.241221
2025-07-22,131374,2025072201010885,NICA,Nagarik Stock Dealer ,Imperial Securities Company Pvt. Ltd.,32,411.0,13152.0,2025-07-22 12:04:28.695076
2025-07-22,131130,2025072201010934,NICA,Asian Securities Private Ltd.,J.F. Securites (PVT) Ltd.,20,411.9,8238.0,2025-07-22 12:04:42.270840
2025-07-22,130786,2025072201011009,NICA,Nagarik Stock Dealer ,Capital Max Securities Ltd,91,411.0,37401.0,2025-07-22 12:05:03.265100
2025-07-22,130590,2025072201011064,NICA,Nagarik Stock Dealer ,Kumari Securities Private Limited,50,411.0,20550.0,2025-07-22 12:05:18.431135
2025-07-22,130589,2025072201011065,NICA,Nagarik Stock Dealer ,Kumari Securities Private Limited,20,411.0,8220.0,2025-07-22 12:05:18.431820
2025-07-22,130588,2025072201011066,NICA,Dynamic Money Managers Securities Pvt. Ltd.,Kumari Securities Private Limited,20,411.0,8220.0,2025-07-22 12:05:18.432297
2025-07-22,130587,2025072201011067,NICA,Dynamic Money Managers Securities Pvt. Ltd.,Kumari Securities Private Limited,500,411.0,205500.0,2025-07-22 12:05:18.432733
2025-07-22,130586,2025072201011068,NICA,Aryatara Investment & Securities,Kumari Securities Private Limited,10,410.3,4103.0,2025-07-22 12:05:18.433192
2025-07-22,130585,2025072201011069,NICA,Vision Securities Pvt. Ltd,Kumari Securities Private Limited,200,410.3,82060.0,2025-07-22 12:05:18.433656
2025-07-22,130584,2025072201011070,NICA,Sharepro Securities Private Limited,Kumari Securities Private Limited,200,410.3,82060.0,2025-07-22 12:05:18.434097
2025-07-22,130127,2025072201011172,NICA,Capital Max Securities Ltd,Property Wiard Limited,20,411.8,8236.0,2025-07-22 12:05:49.408201
2025-07-22,129690,2025072201011288,NICA,Sharepro Securities Private Limited,KALASH STOCK MARKET PVT. LTD.,250,410.3,102575.0,2025-07-22 12:06:21.385673
2025-07-22,129453,2025072201011353,NICA,INDEX SECURITIES LIMITED,Vision Securities Pvt. Ltd,50,410.5,20525.0,2025-07-22 12:06:42.236346
2025-07-22,129452,2025072201011354,NICA,INDEX SECURITIES LIMITED,Property Wiard Limited,70,411.8,28826.0,2025-07-22 12:06:42.236980
2025-07-22,129451,2025072201011355,NICA,INDEX SECURITIES LIMITED,Naasa Securities Co. Ltd.,20,412.0,8240.0,2025-07-22 12:06:42.237417
2025-07-22,129450,2025072201011356,NICA,INDEX SECURITIES LIMITED,Prabhu Stock Market Limited,860,412.0,354320.0,2025-07-22 12:06:42.237848
2025-07-22,128923,2025072201011526,NICA,Naasa Securities Co. Ltd.,Sweta Securities Private Limited,10,411.0,4110.0,2025-07-22 12:07:19.878304
2025-07-22,128889,2025072201011536,NICA,Naasa Securities Co. Ltd.,Online Securities Pvt. Ltd.,40,411.0,16440.0,2025-07-22 12:07:23.759380
2025-07-22,128575,2025072201011613,NICA,Sharepro Securities Private Limited,Bhrikuti Stock Broking Co. Pvt. Ltd.,125,410.3,51287.5,2025-07-22 12:07:51.169277
2025-07-22,128245,2025072201011703,NICA,Linch Stock Market Ltd.,Online Securities Pvt. Ltd.,10,410.4,4104.0,2025-07-22 12:08:22.768366
2025-07-22,128184,2025072201011726,NICA,Thrive Brokerage House Pvt. Ltd,Property Wiard Limited,10,410.9,4109.0,2025-07-22 12:08:28.487278
2025-07-22,128183,2025072201011727,NICA,Thrive Brokerage House Pvt. Ltd,Market Securities & Exchange (PVT) Ltd.,190,411.0,78090.0,2025-07-22 12:08:28.487933
2025-07-22,127870,2025072201011805,NICA,Linch Stock Market Ltd.,Prabhu Stock Market Limited,390,410.4,160056.0,2025-07-22 12:08:55.844962
2025-07-22,127869,2025072201011806,NICA,Secured Securities Ltd.,Prabhu Stock Market Limited,210,410.4,86184.0,2025-07-22 12:08:55.845324
2025-07-22,127756,2025072201011840,NICA,Secured Securities Ltd.,Imperial Securities Company Pvt. Ltd.,290,410.4,119016.0,2025-07-22 12:09:08.287887
2025-07-22,127621,2025072201011883,NICA,Sharepro Securities Private Limited,Aryatara Investment & Securities,100,410.3,41030.0,2025-07-22 12:09:19.146232
2025-07-22,127619,2025072201011885,NICA,Naasa Securities Co. Ltd.,Imperial Securities Company Pvt. Ltd.,75,410.4,30780.0,2025-07-22 12:09:19.705271
2025-07-22,127432,2025072201011923,NICA,Sharepro Securities Private Limited,Nepal Investment And Securities Trading Private Limited,65,410.3,26669.5,2025-07-22 12:09:37.837027
2025-07-22,127296,2025072201011949,NICA,Sharepro Securities Private Limited,Sani Securities Company Ltd.,260,410.3,106678.0,2025-07-22 12:09:50.233300
2025-07-22,127295,2025072201011950,NICA,INDEX SECURITIES LIMITED,Sani Securities Company Ltd.,240,410.3,98472.0,2025-07-22 12:09:50.233643
2025-07-22,127261,2025072201011960,NICA,INDEX SECURITIES LIMITED,Trishakti Securities Public Limited,10,410.3,4103.0,2025-07-22 12:09:53.346395
2025-07-22,127110,2025072201011989,NICA,INDEX SECURITIES LIMITED,Neev Securities Pvt. Ltd.,1750,410.3,718025.0,2025-07-22 12:10:06.630933
2025-07-22,127109,2025072201011990,NICA,Premier Securities Company Ltd.,Neev Securities Pvt. Ltd.,414,410.2,169822.8,2025-07-22 12:10:06.631304
2025-07-22,127108,2025072201011991,NICA,Hatemalo Financial Services Private Limited,Neev Securities Pvt. Ltd.,500,410.2,205100.0,2025-07-22 12:10:06.631514
2025-07-22,127107,2025072201011992,NICA,Vision Securities Pvt. Ltd,Neev Securities Pvt. Ltd.,50,410.0,20500.0,2025-07-22 12:10:06.631663
2025-07-22,127106,2025072201011993,NICA,Neev Securities Pvt. Ltd.,Neev Securities Pvt. Ltd.,50,410.0,20500.0,2025-07-22 12:10:06.631821
2025-07-22,127105,2025072201011994,NICA,Capital Max Securities Ltd,Neev Securities Pvt. Ltd.,500,410.0,205000.0,2025-07-22 12:10:06.632001
2025-07-22,127104,2025072201011995,NICA,Naasa Securities Co. Ltd.,Neev Securities Pvt. Ltd.,400,410.0,164000.0,2025-07-22 12:10:06.632165
2025-07-22,127103,2025072201011996,NICA,Primo Securities (PVT) Ltd.,Neev Securities Pvt. Ltd.,200,410.0,82000.0,2025-07-22 12:10:06.632315
2025-07-22,127102,2025072201011997,NICA,Naasa Securities Co. Ltd.,Neev Securities Pvt. Ltd.,100,410.0,41000.0,2025-07-22 12:10:06.632469
2025-07-22,127101,2025072201011998,NICA,Capital Max Securities Ltd,Neev Securities Pvt. Ltd.,2000,410.0,820000.0,2025-07-22 12:10:06.632631
2025-07-22,127100,2025072201011999,NICA,Sweta Securities Private Limited,Neev Securities Pvt. Ltd.,250,410.0,102500.0,2025-07-22 12:10:06.632792
2025-07-22,127099,2025072201012000,NICA,Thrive Brokerage House Pvt. Ltd,Neev Securities Pvt. Ltd.,25,410.0,10250.0,2025-07-22 12:10:06.632947
2025-07-22,127098,2025072201012001,NICA,Sanima Securities Limited,Neev Securities Pvt. Ltd.,1000,410.0,410000.0,2025-07-22 12:10:06.633102
2025-07-22,127097,2025072201012002,NICA,Hatemalo Financial Services Private Limited,Neev Securities Pvt. Ltd.,1460,410.0,598600.0,2025-07-22 12:10:06.633258
2025-07-22,127096,2025072201012003,NICA,Sanima Securities Limited,Neev Securities Pvt. Ltd.,301,410.0,123410.0,2025-07-22 12:10:06.633424
2025-07-22,126775,2025072201012086,NICA,Sanima Securities Limited,Midas Stock Broking Company Private Limited,200,410.0,82000.0,2025-07-22 12:10:39.663200
2025-07-22,126728,2025072201012095,NICA,Sanima Securities Limited,Online Securities Pvt. Ltd.,499,410.0,204590.0,2025-07-22 12:10:44.007392
2025-07-22,126727,2025072201012096,NICA,Primo Securities (PVT) Ltd.,Online Securities Pvt. Ltd.,100,410.0,41000.0,2025-07-22 12:10:44.007719
2025-07-22,126726,2025072201012097,NICA,Sumeru Securities Pvt. Ltd.,Online Securities Pvt. Ltd.,206,410.0,84460.0,2025-07-22 12:10:44.007857
2025-07-22,126704,2025072201012110,NICA,Sumeru Securities Pvt. Ltd.,Online Securities Pvt. Ltd.,100,410.0,41000.0,2025-07-22 12:10:48.098913
2025-07-22,126692,2025072201012117,NICA,Sumeru Securities Pvt. Ltd.,Deevyaa Securities & Stock House Pvt. Ltd,500,410.0,205000.0,2025-07-22 12:10:48.886200
2025-07-22,126637,2025072201012127,NICA,Imperial Securities Company Pvt. Ltd.,Imperial Securities Company Pvt. Ltd.,50,410.3,20515.0,2025-07-22 12:10:54.350757
2025-07-22,126564,2025072201012158,NICA,Sumeru Securities Pvt. Ltd.,Nagarik Stock Dealer ,2194,410.0,899540.0,2025-07-22 12:11:01.764160
2025-07-22,126563,2025072201012159,NICA,South Asian Bulls Pvt. Ltd.,Nagarik Stock Dealer ,325,410.0,133250.0,2025-07-22 12:11:01.764523
2025-07-22,126562,2025072201012160,NICA,Naasa Securities Co. Ltd.,Nagarik Stock Dealer ,481,410.0,197210.0,2025-07-22 12:11:01.764685
2025-07-22,126379,2025072201012207,NICA,Naasa Securities Co. Ltd.,Sani Securities Company Ltd.,32,410.0,13120.0,2025-07-22 12:11:19.376257
2025-07-22,126264,2025072201012241,NICA,Naasa Securities Co. Ltd.,Dipshikha Dhitopatra Karobar Co. Pvt Ltd.,468,410.0,191880.0,2025-07-22 12:11:31.468685
2025-07-22,126119,2025072201012283,NICA,Naasa Securities Co. Ltd.,Imperial Securities Company Pvt. Ltd.,19,410.0,7790.0,2025-07-22 12:11:43.207396
2025-07-22,126118,2025072201012284,NICA,Naasa Securities Co. Ltd.,Imperial Securities Company Pvt. Ltd.,1000,410.0,410000.0,2025-07-22 12:11:43.208048
2025-07-22,125837,2025072201012368,NICA,Sani Securities Company Ltd.,Aryatara Investment & Securities,1000,409.3,409300.0,2025-07-22 12:12:09.449279
2025-07-22,125696,2025072201012408,NICA,Sani Securities Company Ltd.,Naasa Securities Co. Ltd.,107,409.3,43795.1,2025-07-22 12:12:27.451892
2025-07-22,125695,2025072201012409,NICA,Primo Securities (PVT) Ltd.,Naasa Securities Co. Ltd.,100,409.3,40930.0,2025-07-22 12:12:27.452238
2025-07-22,125694,2025072201012410,NICA,Vision Securities Pvt. Ltd,Naasa Securities Co. Ltd.,100,409.2,40920.0,2025-07-22 12:12:27.452379
2025-07-22,125693,2025072201012411,NICA,Primo Securities (PVT) Ltd.,Naasa Securities Co. Ltd.,100,409.2,40920.0,2025-07-22 12:12:27.452515
2025-07-22,125692,2025072201012412,NICA,Cristal Kanchanjanga Securites Pvt. Ltd.,Naasa Securities Co. Ltd.,300,409.1,122730.0,2025-07-22 12:12:27.452654
2025-07-22,125691,2025072201012413,NICA,Sharepro Securities Private Limited,Naasa Securities Co. Ltd.,418,409.1,171003.8,2025-07-22 12:12:27.452788
2025-07-22,125571,2025072201012447,NICA,Sharepro Securities Private Limited,Naasa Securities Co. Ltd.,582,409.1,238096.2,2025-07-22 12:12:38.596337
2025-07-22,125376,2025072201012504,NICA,Premier Securities Company Ltd.,Market Securities & Exchange (PVT) Ltd.,527,409.0,215543.0,2025-07-22 12:12:56.477549
2025-07-22,125375,2025072201012505,NICA,Deevyaa Securities & Stock House Pvt. Ltd,Market Securities & Exchange (PVT) Ltd.,10,409.0,4090.0,2025-07-22 12:12:56.477865
2025-07-22,125148,2025072201012584,NICA,Agrawal Securities (PVT) Ltd.,Siprabi Securities Pvt. Ltd.,144,408.4,58809.6,2025-07-22 12:13:21.896504
2025-07-22,125147,2025072201012585,NICA,Agrawal Securities (PVT) Ltd.,Naasa Securities Co. Ltd.,198,408.4,80863.2,2025-07-22 12:13:21.911860
2025-07-22,125145,2025072201012586,NICA,Miyo Securities Pvt Ltd,Market Securities & Exchange (PVT) Ltd.,15,409.0,6135.0,2025-07-22 12:13:22.357908
2025-07-22,124510,2025072201012729,NICA,Shree Krishna Securities Ltd.,Market Securities & Exchange (PVT) Ltd.,200,409.0,81800.0,2025-07-22 12:14:29.949868
2025-07-22,124482,2025072201012738,NICA,Agrawal Securities (PVT) Ltd.,Nepal Stock House (PVT) Ltd.,158,408.4,64527.2,2025-07-22 12:14:33.476792
2025-07-22,124481,2025072201012739,NICA,Vision Securities Pvt. Ltd,Nepal Stock House (PVT) Ltd.,116,408.4,47374.4,2025-07-22 12:14:33.477131
2025-07-22,124153,2025072201012818,NICA,Sri Hari Securities Pvt. Ltd.,Nepal Stock House (PVT) Ltd.,50,408.4,20420.0,2025-07-22 12:15:07.772188
2025-07-22,124066,2025072201012845,NICA,Shree Krishna Securities Ltd.,Nepal Stock House (PVT) Ltd.,176,408.4,71878.4,2025-07-22 12:15:16.095258
2025-07-22,123875,2025072201012897,NICA,Shree Krishna Securities Ltd.,Vision Securities Pvt. Ltd,24,408.4,9801.6,2025-07-22 12:15:28.518007
2025-07-22,123874,2025072201012898,NICA,Himalayan Securities Limited,Vision Securities Pvt. Ltd,27,408.4,11026.8,2025-07-22 12:15:28.518330
2025-07-22,123388,2025072201013016,NICA,Sweta Securities Private Limited,Market Securities & Exchange (PVT) Ltd.,207,408.5,84559.5,2025-07-22 12:16:15.342411
2025-07-22,123370,2025072201013019,NICA,Nepal Stock House (PVT) Ltd.,Market Securities & Exchange (PVT) Ltd.,200,408.5,81700.0,2025-07-22 12:16:17.990922
2025-07-22,123351,2025072201013025,NICA,Himalayan Securities Limited,Market Securities & Exchange (PVT) Ltd.,578,408.5,236113.0,2025-07-22 12:16:19.870748
2025-07-22,123350,2025072201013026,NICA,Himalayan Securities Limited,Market Securities & Exchange (PVT) Ltd.,42,408.5,17157.0,2025-07-22 12:16:19.871106
2025-07-22,123349,2025072201013027,NICA,Himalayan Securities Limited,Thrive Brokerage House Pvt. Ltd,495,409.0,202455.0,2025-07-22 12:16:19.871260
2025-07-22,123348,2025072201013028,NICA,Himalayan Securities Limited,Opal Securities Investment (PVT) Ltd.,80,409.0,32720.0,2025-07-22 12:16:19.871417
2025-07-22,123347,2025072201013029,NICA,Himalayan Securities Limited,Imperial Securities Company Pvt. Ltd.,64,409.0,26176.0,2025-07-22 12:16:19.871570
2025-07-22,123346,2025072201013030,NICA,Himalayan Securities Limited,Naasa Securities Co. Ltd.,98,409.0,40082.0,2025-07-22 12:16:19.871720
2025-07-22,123345,2025072201013031,NICA,Himalayan Securities Limited,Cristal Kanchanjanga Securites Pvt. Ltd.,500,409.0,204500.0,2025-07-22 12:16:19.871868
2025-07-22,123344,2025072201013032,NICA,Himalayan Securities Limited,ABC Securities Private Limited,30,409.0,12270.0,2025-07-22 12:16:19.872035
2025-07-22,123112,2025072201013081,NICA,Asian Securities Private Ltd.,Online Securities Pvt. Ltd.,400,410.0,164000.0,2025-07-22 12:16:37.548333
2025-07-22,123111,2025072201013082,NICA,Asian Securities Private Ltd.,Sri Hari Securities Pvt. Ltd.,100,410.0,41000.0,2025-07-22 12:16:37.548624
2025-07-22,122998,2025072201013131,NICA,Himalayan Securities Limited,Deevyaa Securities & Stock House Pvt. Ltd,86,410.0,35260.0,2025-07-22 12:16:43.922312
2025-07-22,121312,2025072201013528,NICA,Kumari Securities Private Limited,Siprabi Securities Pvt. Ltd.,100,409.9,40990.0,2025-07-22 12:18:57.924575
2025-07-22,120985,2025072201013621,NICA,Aryatara Investment & Securities,Naasa Securities Co. Ltd.,200,409.9,81980.0,2025-07-22 12:19:26.950606
2025-07-22,120526,2025072201013719,NICA,Himalayan Securities Limited,Imperial Securities Company Pvt. Ltd.,100,410.2,41020.0,2025-07-22 12:19:58.475631
2025-07-22,120493,2025072201013732,NICA,Himalayan Securities Limited,Naasa Securities Co. Ltd.,10,410.2,4102.0,2025-07-22 12:20:01.642573
2025-07-22,120436,2025072201013740,NICA,Himalayan Securities Limited,Imperial Securities Company Pvt. Ltd.,160,410.2,65632.0,2025-07-22 12:20:06.896660
2025-07-22,120435,2025072201013741,NICA,Aryatara Investment & Securities,Imperial Securities Company Pvt. Ltd.,90,410.0,36900.0,2025-07-22 12:20:06.897013
2025-07-22,120289,2025072201013791,NICA,Agrawal Securities (PVT) Ltd.,Market Securities & Exchange (PVT) Ltd.,40,410.9,16436.0,2025-07-22 12:20:17.309200
2025-07-22,120288,2025072201013792,NICA,Agrawal Securities (PVT) Ltd.,Kohinoor Investment & Securities Pvt. Ltd.,10,411.0,4110.0,2025-07-22 12:20:17.309553
2025-07-22,120287,2025072201013793,NICA,Agrawal Securities (PVT) Ltd.,Deevyaa Securities & Stock House Pvt. Ltd,500,411.0,205500.0,2025-07-22 12:20:17.309707
2025-07-22,120286,2025072201013794,NICA,Agrawal Securities (PVT) Ltd.,Sundhara Securities Limited,100,411.5,41150.0,2025-07-22 12:20:17.309860
2025-07-22,120285,2025072201013795,NICA,Agrawal Securities (PVT) Ltd.,Kalika Securities Pvt. Ltd.,290,411.9,119451.0,2025-07-22 12:20:17.310013
2025-07-22,120284,2025072201013796,NICA,Agrawal Securities (PVT) Ltd.,Prabhu Stock Market Limited,1140,412.0,469680.0,2025-07-22 12:20:17.310180
2025-07-22,120283,2025072201013797,NICA,Agrawal Securities (PVT) Ltd.,Secured Securities Ltd.,500,412.0,206000.0,2025-07-22 12:20:17.310319
2025-07-22,120282,2025072201013798,NICA,Agrawal Securities (PVT) Ltd.,Nagarik Stock Dealer ,2000,412.0,824000.0,2025-07-22 12:20:17.310463
2025-07-22,120281,2025072201013799,NICA,Agrawal Securities (PVT) Ltd.,Ashutosh Brokerage & Securities (PVT) Ltd.,50,412.0,20600.0,2025-07-22 12:20:17.310614
2025-07-22,120280,2025072201013800,NICA,Agrawal Securities (PVT) Ltd.,Vision Securities Pvt. Ltd,15,412.0,6180.0,2025-07-22 12:20:17.310758
2025-07-22,120279,2025072201013801,NICA,Agrawal Securities (PVT) Ltd.,Sumeru Securities Pvt. Ltd.,140,412.0,57680.0,2025-07-22 12:20:17.310908
2025-07-22,120278,2025072201013802,NICA,Agrawal Securities (PVT) Ltd.,Vision Securities Pvt. Ltd,50,412.0,20600.0,2025-07-22 12:20:17.311057
2025-07-22,120277,2025072201013803,NICA,Agrawal Securities (PVT) Ltd.,Deevyaa Securities & Stock House Pvt. Ltd,165,412.0,67980.0,2025-07-22 12:20:17.311207
2025-07-22,119207,2025072201014073,NICA,Ashutosh Brokerage & Securities (PVT) Ltd.,Deevyaa Securities & Stock House Pvt. Ltd,49,412.0,20188.0,2025-07-22 12:21:47.401304
2025-07-22,119206,2025072201014074,NICA,Ashutosh Brokerage & Securities (PVT) Ltd.,Imperial Securities Company Pvt. Ltd.,10,412.0,4120.0,2025-07-22 12:21:47.401663
2025-07-22,119205,2025072201014075,NICA,Ashutosh Brokerage & Securities (PVT) Ltd.,Sharepro Securities Private Limited,41,412.0,16892.0,2025-07-22 12:21:47.401812
2025-07-22,118953,2025072201014140,NICA,Kumari Securities Private Limited,Sharepro Securities Private Limited,200,412.0,82400.0,2025-07-22 12:22:10.489290
2025-07-22,117627,2025072201014458,NICA,Trishakti Securities Public Limited,Sharepro Securities Private Limited,59,412.0,24308.0,2025-07-22 12:24:17.169744
2025-07-22,117626,2025072201014459,NICA,Trishakti Securities Public Limited,Vision Securities Pvt. Ltd,41,412.0,16892.0,2025-07-22 12:24:17.170116
2025-07-22,117280,2025072201014589,NICA,Sweta Securities Private Limited,Imperial Securities Company Pvt. Ltd.,90,411.1,36999.0,2025-07-22 12:24:42.659489
2025-07-22,117108,2025072201014649,NICA,Online Securities Pvt. Ltd.,Vision Securities Pvt. Ltd,15,412.0,6180.0,2025-07-22 12:24:57.092109
2025-07-22,117058,2025072201014654,NICA,Aryatara Investment & Securities,Vision Securities Pvt. Ltd,26,412.0,10712.0,2025-07-22 12:25:01.217303
2025-07-22,117057,2025072201014655,NICA,Aryatara Investment & Securities,Midas Stock Broking Company Private Limited,69,412.0,28428.0,2025-07-22 12:25:01.218019
2025-07-22,116840,2025072201014725,NICA,Dakshinkali Investment & Securities Pvt. Ltd.,Midas Stock Broking Company Private Limited,47,412.0,19364.0,2025-07-22 12:25:21.281266
2025-07-22,116839,2025072201014726,NICA,Dakshinkali Investment & Securities Pvt. Ltd.,KALASH STOCK MARKET PVT. LTD.,103,412.4,42477.2,2025-07-22 12:25:21.281696
2025-07-22,116040,2025072201014907,NICA,Sweta Securities Private Limited,Malla & Malla Stock Broking Company Pvt. Limited,160,411.1,65776.0,2025-07-22 12:26:31.762622
2025-07-22,116039,2025072201014908,NICA,Sweta Securities Private Limited,Malla & Malla Stock Broking Company Pvt. Limited,250,411.1,102775.0,2025-07-22 12:26:31.763344
2025-07-22,116038,2025072201014909,NICA,Kalika Securities Pvt. Ltd.,Malla & Malla Stock Broking Company Pvt. Limited,200,411.1,82220.0,2025-07-22 12:26:31.763788
2025-07-22,116037,2025072201014910,NICA,Aryatara Investment & Securities,Malla & Malla Stock Broking Company Pvt. Limited,200,411.1,82220.0,2025-07-22 12:26:31.764226
2025-07-22,116036,2025072201014911,NICA,Sani Securities Company Ltd.,Malla & Malla Stock Broking Company Pvt. Limited,190,411.0,78090.0,2025-07-22 12:26:31.764652
2025-07-22,115781,2025072201014940,NICA,Aryatara Investment & Securities,Naasa Securities Co. Ltd.,50,412.0,20600.0,2025-07-22 12:26:52.487382
2025-07-22,115780,2025072201014941,NICA,Aryatara Investment & Securities,Sri Hari Securities Pvt. Ltd.,238,412.0,98056.0,2025-07-22 12:26:52.487755
2025-07-22,114402,2025072201015307,NICA,Imperial Securities Company Pvt. Ltd.,Sri Hari Securities Pvt. Ltd.,62,412.0,25544.0,2025-07-22 12:28:39.558429
2025-07-22,114401,2025072201015308,NICA,Imperial Securities Company Pvt. Ltd.,Trisul Securities & Invt. Ltd.,438,412.0,180456.0,2025-07-22 12:28:39.559132
2025-07-22,114400,2025072201015309,NICA,Imperial Securities Company Pvt. Ltd.,Neev Securities Pvt. Ltd.,1950,412.0,803400.0,2025-07-22 12:28:39.559484
2025-07-22,114388,2025072201015313,NICA,Imperial Securities Company Pvt. Ltd.,Nepal Stock House (PVT) Ltd.,200,412.0,82400.0,2025-07-22 12:28:42.243234
2025-07-22,114354,2025072201015330,NICA,Imperial Securities Company Pvt. Ltd.,Premier Securities Company Ltd.,500,412.0,206000.0,2025-07-22 12:28:46.811550
2025-07-22,114185,2025072201015388,NICA,Vision Securities Pvt. Ltd,KALASH STOCK MARKET PVT. LTD.,150,412.4,61860.0,2025-07-22 12:29:02.361119
2025-07-22,114053,2025072201015416,NICA,Arun Securities (PVT) Ltd.,KALASH STOCK MARKET PVT. LTD.,16,412.4,6598.4,2025-07-22 12:29:16.863290
2025-07-22,114048,2025072201015419,NICA,Malla & Malla Stock Broking Company Pvt. Limited,KALASH STOCK MARKET PVT. LTD.,72,412.4,29692.8,2025-07-22 12:29:18.360203
2025-07-22,114012,2025072201015431,NICA,Capital Max Securities Ltd,KALASH STOCK MARKET PVT. LTD.,659,412.4,271771.6,2025-07-22 12:29:22.479845
2025-07-22,114011,2025072201015432,NICA,Capital Max Securities Ltd,Secured Securities Ltd.,587,412.5,242137.5,2025-07-22 12:29:22.480715
2025-07-22,114010,2025072201015433,NICA,Capital Max Securities Ltd,Cristal Kanchanjanga Securites Pvt. Ltd.,100,412.5,41250.0,2025-07-22 12:29:22.481506
2025-07-22,114009,2025072201015434,NICA,Capital Max Securities Ltd,J.F. Securites (PVT) Ltd.,64,412.5,26400.0,2025-07-22 12:29:22.482149
2025-07-22,114008,2025072201015435,NICA,Capital Max Securities Ltd,KALASH STOCK MARKET PVT. LTD.,300,412.6,123780.0,2025-07-22 12:29:22.482794
2025-07-22,114007,2025072201015436,NICA,Capital Max Securities Ltd,Imperial Securities Company Pvt. Ltd.,30,412.8,12384.0,2025-07-22 12:29:22.483641
2025-07-22,114006,2025072201015437,NICA,Capital Max Securities Ltd,Opal Securities Investment (PVT) Ltd.,30,412.8,12384.0,2025-07-22 12:29:22.484396
2025-07-22,114005,2025072201015438,NICA,Capital Max Securities Ltd,Sweta Securities Private Limited,235,412.9,97031.5,2025-07-22 12:29:22.485213
2025-07-22,114004,2025072201015439,NICA,Capital Max Securities Ltd,Naasa Securities Co. Ltd.,49,413.0,20237.0,2025-07-22 12:29:22.485856
2025-07-22,114003,2025072201015440,NICA,Capital Max Securities Ltd,Premier Securities Company Ltd.,100,413.0,41300.0,2025-07-22 12:29:22.486470
2025-07-22,114002,2025072201015441,NICA,Capital Max Securities Ltd,Sundhara Securities Limited,100,413.0,41300.0,2025-07-22 12:29:22.487179
2025-07-22,114001,2025072201015442,NICA,Capital Max Securities Ltd,Sri Hari Securities Pvt. Ltd.,49,413.0,20237.0,2025-07-22 12:29:22.487814
2025-07-22,114000,2025072201015443,NICA,Capital Max Securities Ltd,Sani Securities Company Ltd.,40,413.0,16520.0,2025-07-22 12:29:22.488469
2025-07-22,113999,2025072201015444,NICA,Capital Max Securities Ltd,South Asian Bulls Pvt. Ltd.,85,413.0,35105.0,2025-07-22 12:29:22.489018
2025-07-22,113998,2025072201015445,NICA,Capital Max Securities Ltd,Dipshikha Dhitopatra Karobar Co. Pvt Ltd.,50,413.0,20650.0,2025-07-22 12:29:22.489436
2025-07-22,113997,2025072201015446,NICA,Capital Max Securities Ltd,Trishakti Securities Public Limited,100,413.0,41300.0,2025-07-22 12:29:22.489638
2025-07-22,113996,2025072201015447,NICA,Capital Max Securities Ltd,Trisul Securities & Invt. Ltd.,422,413.0,174286.0,2025-07-22 12:29:22.489837
2025-07-22,113479,2025072201015600,NICA,Dipshikha Dhitopatra Karobar Co. Pvt Ltd.,Trisul Securities & Invt. Ltd.,78,413.0,32214.0,2025-07-22 12:30:12.841970
2025-07-22,113478,2025072201015601,NICA,Dipshikha Dhitopatra Karobar Co. Pvt Ltd.,Sunrise Securities Limited,100,413.0,41300.0,2025-07-22 12:30:12.842299
2025-07-22,113477,2025072201015602,NICA,Dipshikha Dhitopatra Karobar Co. Pvt Ltd.,Vision Securities Pvt. Ltd,172,413.0,71036.0,2025-07-22 12:30:12.842442
2025-07-22,112541,2025072201015825,NICA,Sani Securities Company Ltd.,Aryatara Investment & Securities,50,412.1,20605.0,2025-07-22 12:31:38.077291
2025-07-22,112540,2025072201015826,NICA,Cristal Kanchanjanga Securites Pvt. Ltd.,Aryatara Investment & Securities,287,412.1,118272.7,2025-07-22 12:31:38.077633
2025-07-22,112395,2025072201015869,NICA,Cristal Kanchanjanga Securites Pvt. Ltd.,Naasa Securities Co. Ltd.,313,412.1,128987.3,2025-07-22 12:31:51.090318
2025-07-22,112394,2025072201015870,NICA,Sani Securities Company Ltd.,Naasa Securities Co. Ltd.,310,412.1,127751.0,2025-07-22 12:31:51.090654
2025-07-22,112393,2025072201015871,NICA,Imperial Securities Company Pvt. Ltd.,Naasa Securities Co. Ltd.,377,412.0,155324.0,2025-07-22 12:31:51.090838
2025-07-22,111729,2025072201016031,NICA,R.B.B. Securities Company Ltd,Secured Securities Ltd.,100,412.1,41210.0,2025-07-22 12:33:00.910614
2025-07-22,111569,2025072201016066,NICA,R.B.B. Securities Company Ltd,Opal Securities Investment (PVT) Ltd.,32,412.1,13187.2,2025-07-22 12:33:15.375588
2025-07-22,111387,2025072201016098,NICA,R.B.B. Securities Company Ltd,Secured Securities Ltd.,80,412.1,32968.0,2025-07-22 12:33:31.590447
2025-07-22,110559,2025072201016327,NICA,Sri Hari Securities Pvt. Ltd.,Neev Securities Pvt. Ltd.,97,412.5,40012.5,2025-07-22 12:34:46.195442
2025-07-22,110558,2025072201016328,NICA,R.B.B. Securities Company Ltd,Neev Securities Pvt. Ltd.,188,412.1,77474.8,2025-07-22 12:34:46.195754
2025-07-22,110557,2025072201016329,NICA,Imperial Securities Company Pvt. Ltd.,Neev Securities Pvt. Ltd.,715,412.0,294580.0,2025-07-22 12:34:46.195923
2025-07-22,110426,2025072201016367,NICA,Imperial Securities Company Pvt. Ltd.,Linch Stock Market Ltd.,10,412.0,4120.0,2025-07-22 12:34:58.973686
2025-07-22,110255,2025072201016415,NICA,Imperial Securities Company Pvt. Ltd.,Online Securities Pvt. Ltd.,500,412.0,206000.0,2025-07-22 12:35:19.169205
2025-07-22,109913,2025072201016496,NICA,KALASH STOCK MARKET PVT. LTD.,Vision Securities Pvt. Ltd,28,413.0,11564.0,2025-07-22 12:35:55.622505
2025-07-22,109912,2025072201016497,NICA,KALASH STOCK MARKET PVT. LTD.,Deevyaa Securities & Stock House Pvt. Ltd,75,413.0,30975.0,2025-07-22 12:35:55.623214
2025-07-22,109911,2025072201016498,NICA,KALASH STOCK MARKET PVT. LTD.,Online Securities Pvt. Ltd.,10,413.0,4130.0,2025-07-22 12:35:55.623693
2025-07-22,109910,2025072201016499,NICA,KALASH STOCK MARKET PVT. LTD.,Naasa Securities Co. Ltd.,14,413.0,5782.0,2025-07-22 12:35:55.624151
2025-07-22,109909,2025072201016500,NICA,KALASH STOCK MARKET PVT. LTD.,Imperial Securities Company Pvt. Ltd.,939,413.0,387807.0,2025-07-22 12:35:55.624630
2025-07-22,109908,2025072201016501,NICA,KALASH STOCK MARKET PVT. LTD.,Imperial Securities Company Pvt. Ltd.,100,413.0,41300.0,2025-07-22 12:35:55.625298
2025-07-22,109907,2025072201016502,NICA,KALASH STOCK MARKET PVT. LTD.,Secured Securities Ltd.,834,413.0,344442.0,2025-07-22 12:35:55.625880
2025-07-22,109898,2025072201016509,NICA,Sri Hari Securities Pvt. Ltd.,Secured Securities Ltd.,12,412.1,4945.2,2025-07-22 12:35:56.476667
2025-07-22,109801,2025072201016526,NICA,Sri Hari Securities Pvt. Ltd.,NIMB Stock Markets Limited,10,412.1,4121.0,2025-07-22 12:36:08.867297
2025-07-22,109030,2025072201016691,NICA,Naasa Securities Co. Ltd.,Citizens Share Broker Limited,16,412.5,6600.0,2025-07-22 12:37:06.890162
2025-07-22,108816,2025072201016772,NICA,Naasa Securities Co. Ltd.,Imperial Securities Company Pvt. Ltd.,34,412.5,14025.0,2025-07-22 12:37:29.763821
2025-07-22,108656,2025072201016804,NICA,Sri Hari Securities Pvt. Ltd.,Imperial Securities Company Pvt. Ltd.,90,412.1,37089.0,2025-07-22 12:37:46.063684
2025-07-22,108653,2025072201016805,NICA,Aryatara Investment & Securities,Imperial Securities Company Pvt. Ltd.,100,412.1,41210.0,2025-07-22 12:37:46.064528
2025-07-22,108505,2025072201016847,NICA,Imperial Securities Company Pvt. Ltd.,APPLE SECURITIES PRIVATE LIMITED,1000,412.0,412000.0,2025-07-22 12:38:02.946244
2025-07-22,108503,2025072201016848,NICA,Imperial Securities Company Pvt. Ltd.,Sumeru Securities Pvt. Ltd.,20,412.0,8240.0,2025-07-22 12:38:03.183404
2025-07-22,108474,2025072201016855,NICA,Imperial Securities Company Pvt. Ltd.,Imperial Securities Company Pvt. Ltd.,1652,412.0,680624.0,2025-07-22 12:38:06.306180
2025-07-22,108415,2025072201016892,NICA,Imperial Securities Company Pvt. Ltd.,APPLE SECURITIES PRIVATE LIMITED,1000,412.0,412000.0,2025-07-22 12:38:10.967819
2025-07-22,108301,2025072201016941,NICA,Naasa Securities Co. Ltd.,Naasa Securities Co. Ltd.,100,412.1,41210.0,2025-07-22 12:38:17.204724
2025-07-22,108290,2025072201016949,NICA,Imperial Securities Company Pvt. Ltd.,APPLE SECURITIES PRIVATE LIMITED,1000,412.0,412000.0,2025-07-22 12:38:18.979079
2025-07-22,108254,2025072201016953,NICA,Imperial Securities Company Pvt. Ltd.,Kohinoor Investment & Securities Pvt. Ltd.,2000,412.0,824000.0,2025-07-22 12:38:22.508803
2025-07-22,108180,2025072201016955,NICA,Imperial Securities Company Pvt. Ltd.,APPLE SECURITIES PRIVATE LIMITED,427,412.0,175924.0,2025-07-22 12:38:24.988418
2025-07-22,108179,2025072201016956,NICA,Naasa Securities Co. Ltd.,APPLE SECURITIES PRIVATE LIMITED,47,412.0,19364.0,2025-07-22 12:38:24.988773
2025-07-22,108178,2025072201016957,NICA,Online Securities Pvt. Ltd.,APPLE SECURITIES PRIVATE LIMITED,526,412.0,216712.0,2025-07-22 12:38:24.988922
2025-07-22,108171,2025072201016960,NICA,Online Securities Pvt. Ltd.,Imperial Securities Company Pvt. Ltd.,100,412.0,41200.0,2025-07-22 12:38:26.764088
2025-07-22,108087,2025072201016979,NICA,Online Securities Pvt. Ltd.,APPLE SECURITIES PRIVATE LIMITED,374,412.0,154088.0,2025-07-22 12:38:33.001189
2025-07-22,108086,2025072201016980,NICA,Siprabi Securities Pvt. Ltd.,APPLE SECURITIES PRIVATE LIMITED,100,412.0,41200.0,2025-07-22 12:38:33.001876
2025-07-22,107930,2025072201016994,NICA,Vision Securities Pvt. Ltd,APPLE SECURITIES PRIVATE LIMITED,1000,411.0,411000.0,2025-07-22 12:38:45.017109
2025-07-22,107801,2025072201017009,NICA,Vision Securities Pvt. Ltd,APPLE SECURITIES PRIVATE LIMITED,1000,411.0,411000.0,2025-07-22 12:38:55.035671
2025-07-22,107685,2025072201017042,NICA,Vision Securities Pvt. Ltd,Naasa Securities Co. Ltd.,1000,411.0,411000.0,2025-07-22 12:39:07.826974
2025-07-22,107615,2025072201017056,NICA,Vision Securities Pvt. Ltd,APPLE SECURITIES PRIVATE LIMITED,526,411.0,216186.0,2025-07-22 12:39:17.073757
2025-07-22,107432,2025072201017101,NICA,Vision Securities Pvt. Ltd,Trishakti Securities Public Limited,1474,411.0,605814.0,2025-07-22 12:39:29.143986
2025-07-22,107431,2025072201017102,NICA,Naasa Securities Co. Ltd.,Trishakti Securities Public Limited,500,411.0,205500.0,2025-07-22 12:39:29.144358
2025-07-22,107430,2025072201017103,NICA,Sewa Securities Pvt. Ltd.,Trishakti Securities Public Limited,1000,411.0,411000.0,2025-07-22 12:39:29.144564
2025-07-22,107147,2025072201017184,NICA,J.F. Securites (PVT) Ltd.,APPLE SECURITIES PRIVATE LIMITED,20,410.1,8202.0,2025-07-22 12:40:01.180790
2025-07-22,107146,2025072201017185,NICA,Naasa Securities Co. Ltd.,APPLE SECURITIES PRIVATE LIMITED,30,410.0,12300.0,2025-07-22 12:40:01.181151
2025-07-22,107145,2025072201017186,NICA,Naasa Securities Co. Ltd.,APPLE SECURITIES PRIVATE LIMITED,10,410.0,4100.0,2025-07-22 12:40:01.181302
2025-07-22,107144,2025072201017187,NICA,Naasa Securities Co. Ltd.,APPLE SECURITIES PRIVATE LIMITED,245,410.0,100450.0,2025-07-22 12:40:01.181447
2025-07-22,107143,2025072201017188,NICA,Trishakti Securities Public Limited,APPLE SECURITIES PRIVATE LIMITED,695,410.0,284950.0,2025-07-22 12:40:01.181595
2025-07-22,107078,2025072201017201,NICA,Trishakti Securities Public Limited,Sweta Securities Private Limited,11,410.0,4510.0,2025-07-22 12:40:07.929502
2025-07-22,107056,2025072201017207,NICA,Trishakti Securities Public Limited,APPLE SECURITIES PRIVATE LIMITED,294,410.0,120540.0,2025-07-22 12:40:09.195744
2025-07-22,106901,2025072201017243,NICA,J.F. Securites (PVT) Ltd.,APPLE SECURITIES PRIVATE LIMITED,706,410.0,289460.0,2025-07-22 12:40:28.383586
2025-07-22,106500,2025072201017325,NICA,J.F. Securites (PVT) Ltd.,Nepal Stock House (PVT) Ltd.,200,410.0,82000.0,2025-07-22 12:41:16.397308
2025-07-22,106304,2025072201017371,NICA,J.F. Securites (PVT) Ltd.,Pragyan Securities (PVT) Ltd.,70,410.0,28700.0,2025-07-22 12:41:36.514634
2025-07-22,105854,2025072201017474,NICA,J.F. Securites (PVT) Ltd.,Nepal Stock House (PVT) Ltd.,24,410.0,9840.0,2025-07-22 12:42:20.410532
2025-07-22,105853,2025072201017475,NICA,Midas Stock Broking Company Private Limited,Nepal Stock House (PVT) Ltd.,76,410.0,31160.0,2025-07-22 12:42:20.410932
2025-07-22,105699,2025072201017494,NICA,Midas Stock Broking Company Private Limited,Aryatara Investment & Securities,31,410.0,12710.0,2025-07-22 12:42:30.589127
2025-07-22,105601,2025072201017516,NICA,Midas Stock Broking Company Private Limited,Vision Securities Pvt. Ltd,135,410.0,55350.0,2025-07-22 12:42:48.058331
2025-07-22,105600,2025072201017517,NICA,Sani Securities Company Ltd.,Vision Securities Pvt. Ltd,100,409.1,40910.0,2025-07-22 12:42:48.058376
2025-07-22,105599,2025072201017518,NICA,Sanima Securities Limited,Vision Securities Pvt. Ltd,550,409.1,225005.0,2025-07-22 12:42:48.058404
2025-07-22,105598,2025072201017519,NICA,Naasa Securities Co. Ltd.,Vision Securities Pvt. Ltd,25,409.1,10227.5,2025-07-22 12:42:48.058430
2025-07-22,105597,2025072201017520,NICA,Agrawal Securities (PVT) Ltd.,Vision Securities Pvt. Ltd,9190,409.0,3758710.0,2025-07-22 12:42:48.058471
2025-07-22,105511,2025072201017557,NICA,Agrawal Securities (PVT) Ltd.,Pragyan Securities (PVT) Ltd.,532,409.0,217588.0,2025-07-22 12:42:54.911197
2025-07-22,105193,2025072201017673,NICA,Agrawal Securities (PVT) Ltd.,Pragyan Securities (PVT) Ltd.,278,409.0,113702.0,2025-07-22 12:43:24.875138
2025-07-22,105192,2025072201017674,NICA,Malla & Malla Stock Broking Company Pvt. Limited,Pragyan Securities (PVT) Ltd.,30,409.0,12270.0,2025-07-22 12:43:24.875834
2025-07-22,105191,2025072201017675,NICA,Sewa Securities Pvt. Ltd.,Pragyan Securities (PVT) Ltd.,100,409.0,40900.0,2025-07-22 12:43:24.876300
2025-07-22,105190,2025072201017676,NICA,Premier Securities Company Ltd.,Pragyan Securities (PVT) Ltd.,92,409.0,37628.0,2025-07-22 12:43:24.876740
2025-07-22,103948,2025072201018002,NICA,Midas Stock Broking Company Private Limited,Primo Securities (PVT) Ltd.,10,412.0,4120.0,2025-07-22 12:45:44.951766
2025-07-22,103947,2025072201018003,NICA,Midas Stock Broking Company Private Limited,Capital Max Securities Ltd,90,412.0,37080.0,2025-07-22 12:45:44.952148
2025-07-22,103565,2025072201018104,NICA,Midas Stock Broking Company Private Limited,Capital Max Securities Ltd,50,412.0,20600.0,2025-07-22 12:46:31.126549
2025-07-22,103380,2025072201018164,NICA,Siprabi Securities Pvt. Ltd.,Sundhara Securities Limited,10,410.0,4100.0,2025-07-22 12:46:53.550947
2025-07-22,103379,2025072201018165,NICA,Investment Management Nepal Pvt. Ltd.,Sundhara Securities Limited,20,410.0,8200.0,2025-07-22 12:46:53.551715
2025-07-22,103361,2025072201018177,NICA,Investment Management Nepal Pvt. Ltd.,Naasa Securities Co. Ltd.,51,410.0,20910.0,2025-07-22 12:46:54.706033
2025-07-22,102924,2025072201018273,NICA,KALASH STOCK MARKET PVT. LTD.,Dynamic Money Managers Securities Pvt. Ltd.,446,410.1,182904.6,2025-07-22 12:47:35.905305
2025-07-22,102792,2025072201018315,NICA,KALASH STOCK MARKET PVT. LTD.,Premier Securities Company Ltd.,100,410.1,41010.0,2025-07-22 12:47:49.651148
2025-07-22,102786,2025072201018317,NICA,Vision Securities Pvt. Ltd,Capital Max Securities Ltd,360,412.0,148320.0,2025-07-22 12:47:50.349190
2025-07-22,102785,2025072201018318,NICA,Vision Securities Pvt. Ltd,Shree Krishna Securities Ltd.,150,412.0,61800.0,2025-07-22 12:47:50.349551
2025-07-22,102784,2025072201018319,NICA,Vision Securities Pvt. Ltd,Sani Securities Company Ltd.,490,412.0,201880.0,2025-07-22 12:47:50.349712
2025-07-22,102289,2025072201018447,NICA,Creative Securities Pvt Ltd,Kohinoor Investment & Securities Pvt. Ltd.,10,411.0,4110.0,2025-07-22 12:48:39.908909
2025-07-22,101783,2025072201018581,NICA,Nepal Stock House (PVT) Ltd.,Kohinoor Investment & Securities Pvt. Ltd.,54,411.0,22194.0,2025-07-22 12:49:29.426187
2025-07-22,101782,2025072201018582,NICA,Nepal Stock House (PVT) Ltd.,Dipshikha Dhitopatra Karobar Co. Pvt Ltd.,10,411.0,4110.0,2025-07-22 12:49:29.426563
2025-07-22,101709,2025072201018619,NICA,Nepal Stock House (PVT) Ltd.,Deevyaa Securities & Stock House Pvt. Ltd,40,411.0,16440.0,2025-07-22 12:49:35.261950
2025-07-22,100428,2025072201018971,NICA,Nepal Stock House (PVT) Ltd.,Naasa Securities Co. Ltd.,96,411.0,39456.0,2025-07-22 12:51:51.473260
2025-07-22,100427,2025072201018972,NICA,KALASH STOCK MARKET PVT. LTD.,Naasa Securities Co. Ltd.,422,411.0,173442.0,2025-07-22 12:51:51.473305
2025-07-22,100281,2025072201018999,NICA,KALASH STOCK MARKET PVT. LTD.,Cristal Kanchanjanga Securites Pvt. Ltd.,150,411.0,61650.0,2025-07-22 12:52:11.324686
2025-07-22,100158,2025072201019050,NICA,KALASH STOCK MARKET PVT. LTD.,Naasa Securities Co. Ltd.,58,411.0,23838.0,2025-07-22 12:52:25.400940
2025-07-22,100156,2025072201019051,NICA,KALASH STOCK MARKET PVT. LTD.,Creative Securities Pvt Ltd,50,411.0,20550.0,2025-07-22 12:52:25.538769
2025-07-22,100036,2025072201019089,NICA,Bhrikuti Stock Broking Co. Pvt. Ltd.,Indira securities pvt. ltd,50,411.7,20585.0,2025-07-22 12:52:39.820058
2025-07-22,99078,2025072201019333,NICA,KALASH STOCK MARKET PVT. LTD.,Imperial Securities Company Pvt. Ltd.,320,411.0,131520.0,2025-07-22 12:54:19.272481
2025-07-22,99077,2025072201019334,NICA,Nepal Stock House (PVT) Ltd.,Imperial Securities Company Pvt. Ltd.,100,411.0,41100.0,2025-07-22 12:54:19.273041
2025-07-22,98194,2025072201019554,NICA,Naasa Securities Co. Ltd.,Dipshikha Dhitopatra Karobar Co. Pvt Ltd.,30,410.4,12312.0,2025-07-22 12:56:03.582698
2025-07-22,98193,2025072201019555,NICA,Investment Management Nepal Pvt. Ltd.,Dipshikha Dhitopatra Karobar Co. Pvt Ltd.,570,410.3,233871.0,2025-07-22 12:56:03.583062
2025-07-22,97892,2025072201019633,NICA,Investment Management Nepal Pvt. Ltd.,Premier Securities Company Ltd.,518,410.3,212535.4,2025-07-22 12:56:36.585715
2025-07-22,97730,2025072201019674,NICA,Investment Management Nepal Pvt. Ltd.,Vision Securities Pvt. Ltd,41,410.3,16822.3,2025-07-22 12:56:55.919304
2025-07-22,97729,2025072201019675,NICA,Property Wiard Limited,Vision Securities Pvt. Ltd,500,410.2,205100.0,2025-07-22 12:56:55.919397
2025-07-22,97728,2025072201019676,NICA,KALASH STOCK MARKET PVT. LTD.,Vision Securities Pvt. Ltd,454,410.1,186185.4,2025-07-22 12:56:55.919473
2025-07-22,97727,2025072201019677,NICA,Siprabi Securities Pvt. Ltd.,Vision Securities Pvt. Ltd,10,410.1,4101.0,2025-07-22 12:56:55.919536
2025-07-22,97726,2025072201019678,NICA,Dipshikha Dhitopatra Karobar Co. Pvt Ltd.,Vision Securities Pvt. Ltd,20,409.1,8182.0,2025-07-22 12:56:55.919608
2025-07-22,97725,2025072201019679,NICA,Cristal Kanchanjanga Securites Pvt. Ltd.,Vision Securities Pvt. Ltd,100,409.1,40910.0,2025-07-22 12:56:55.919678
2025-07-22,97724,2025072201019680,NICA,Capital Max Securities Ltd,Vision Securities Pvt. Ltd,10,409.0,4090.0,2025-07-22 12:56:55.919751
2025-07-22,97723,2025072201019681,NICA,Vision Securities Pvt. Ltd,Vision Securities Pvt. Ltd,100,409.0,40900.0,2025-07-22 12:56:55.919848
2025-07-22,97722,2025072201019682,NICA,Pragyan Securities (PVT) Ltd.,Vision Securities Pvt. Ltd,265,408.7,108305.5,2025-07-22 12:56:55.919925
2025-07-22,96301,2025072201020107,NICA,Sani Securities Company Ltd.,Vision Securities Pvt. Ltd,300,410.0,123000.0,2025-07-22 12:59:22.163967
2025-07-22,96291,2025072201020109,NICA,Sani Securities Company Ltd.,Online Securities Pvt. Ltd.,25,408.9,10222.5,2025-07-22 12:59:24.596691
2025-07-22,95859,2025072201020219,NICA,Trishakti Securities Public Limited,South Asian Bulls Pvt. Ltd.,1000,409.0,409000.0,2025-07-22 13:00:12.276710
2025-07-22,95642,2025072201020270,NICA,Sani Securities Company Ltd.,Naasa Securities Co. Ltd.,160,408.9,65424.0,2025-07-22 13:00:30.859511
2025-07-22,95592,2025072201020285,NICA,Opal Securities Investment (PVT) Ltd.,Oxford Securities Pvt. Ltd.,1,405.0,405.0,2025-07-22 13:00:37.263917
2025-07-22,94736,2025072201020455,NICA,Sundhara Securities Limited,Vision Securities Pvt. Ltd,500,410.0,205000.0,2025-07-22 13:01:56.504307
2025-07-22,94378,2025072201020543,NICA,Kalika Securities Pvt. Ltd.,Thrive Brokerage House Pvt. Ltd,162,409.0,66258.0,2025-07-22 13:02:32.562199
2025-07-22,94340,2025072201020565,NICA,Kumari Securities Private Limited,Vision Securities Pvt. Ltd,45,410.0,18450.0,2025-07-22 13:02:35.618786
2025-07-22,93711,2025072201020776,NICA,Kalika Securities Pvt. Ltd.,Trishakti Securities Public Limited,20,409.0,8180.0,2025-07-22 13:03:36.794381
2025-07-22,93470,2025072201020831,NICA,Midas Stock Broking Company Private Limited,Vision Securities Pvt. Ltd,100,410.0,41000.0,2025-07-22 13:04:04.529591
2025-07-22,93336,2025072201020853,NICA,Midas Stock Broking Company Private Limited,Naasa Securities Co. Ltd.,195,409.1,79774.5,2025-07-22 13:04:18.720261
2025-07-22,93335,2025072201020854,NICA,Kalika Securities Pvt. Ltd.,Naasa Securities Co. Ltd.,818,409.0,334562.0,2025-07-22 13:04:18.721018
2025-07-22,93212,2025072201020908,NICA,Sani Securities Company Ltd.,Trishakti Securities Public Limited,315,408.9,128803.5,2025-07-22 13:04:29.246605
2025-07-22,93211,2025072201020909,NICA,Sri Hari Securities Pvt. Ltd.,Trishakti Securities Public Limited,200,408.8,81760.0,2025-07-22 13:04:29.246646
2025-07-22,93210,2025072201020910,NICA,Pragyan Securities (PVT) Ltd.,Trishakti Securities Public Limited,235,408.7,96044.5,2025-07-22 13:04:29.246709
2025-07-22,93209,2025072201020911,NICA,Naasa Securities Co. Ltd.,Trishakti Securities Public Limited,200,408.7,81740.0,2025-07-22 13:04:29.246737
2025-07-22,93208,2025072201020912,NICA,Primo Securities (PVT) Ltd.,Trishakti Securities Public Limited,100,408.4,40840.0,2025-07-22 13:04:29.246762
2025-07-22,93207,2025072201020913,NICA,Primo Securities (PVT) Ltd.,Trishakti Securities Public Limited,500,408.3,204150.0,2025-07-22 13:04:29.246793
2025-07-22,93206,2025072201020914,NICA,Sani Securities Company Ltd.,Trishakti Securities Public Limited,450,408.3,183735.0,2025-07-22 13:04:29.246820
2025-07-22,93201,2025072201020916,NICA,Midas Stock Broking Company Private Limited,Naasa Securities Co. Ltd.,196,409.0,80164.0,2025-07-22 13:04:30.607680
2025-07-22,92732,2025072201021061,NICA,Midas Stock Broking Company Private Limited,Kohinoor Investment & Securities Pvt. Ltd.,399,409.0,163191.0,2025-07-22 13:05:26.412378
2025-07-22,92731,2025072201021062,NICA,Bhrikuti Stock Broking Co. Pvt. Ltd.,Kohinoor Investment & Securities Pvt. Ltd.,200,409.0,81800.0,2025-07-22 13:05:26.412842
2025-07-22,92669,2025072201021076,NICA,Midas Stock Broking Company Private Limited,Kohinoor Investment & Securities Pvt. Ltd.,595,409.0,243355.0,2025-07-22 13:05:32.830343
2025-07-22,92532,2025072201021114,NICA,Midas Stock Broking Company Private Limited,Kohinoor Investment & Securities Pvt. Ltd.,106,409.0,43354.0,2025-07-22 13:05:48.948484
2025-07-22,92456,2025072201021137,NICA,Midas Stock Broking Company Private Limited,Imperial Securities Company Pvt. Ltd.,300,409.0,122700.0,2025-07-22 13:05:58.809166
2025-07-22,92141,2025072201021204,NICA,Ashutosh Brokerage & Securities (PVT) Ltd.,Vision Securities Pvt. Ltd,55,410.0,22550.0,2025-07-22 13:06:26.237116
2025-07-22,92140,2025072201021205,NICA,Ashutosh Brokerage & Securities (PVT) Ltd.,Pragyan Securities (PVT) Ltd.,20,410.0,8200.0,2025-07-22 13:06:26.237484
2025-07-22,92139,2025072201021206,NICA,Ashutosh Brokerage & Securities (PVT) Ltd.,Investment Management Nepal Pvt. Ltd.,75,410.0,30750.0,2025-07-22 13:06:26.237651
2025-07-22,91884,2025072201021262,NICA,Online Securities Pvt. Ltd.,Linch Stock Market Ltd.,500,409.1,204550.0,2025-07-22 13:06:49.358804
2025-07-22,91883,2025072201021263,NICA,Online Securities Pvt. Ltd.,Linch Stock Market Ltd.,300,409.1,122730.0,2025-07-22 13:06:49.359187
2025-07-22,91441,2025072201021364,NICA,Deevyaa Securities & Stock House Pvt. Ltd,Linch Stock Market Ltd.,700,409.1,286370.0,2025-07-22 13:07:23.869264
2025-07-22,91394,2025072201021384,NICA,Aryatara Investment & Securities,Linch Stock Market Ltd.,200,409.1,81820.0,2025-07-22 13:07:27.851428
2025-07-22,91321,2025072201021416,NICA,Aryatara Investment & Securities,Agrawal Securities (PVT) Ltd.,275,409.1,112502.5,2025-07-22 13:07:38.980645
2025-07-22,90587,2025072201021623,NICA,Dipshikha Dhitopatra Karobar Co. Pvt Ltd.,Naasa Securities Co. Ltd.,100,409.5,40950.0,2025-07-22 13:08:55.137995
2025-07-22,90586,2025072201021624,NICA,Aryatara Investment & Securities,Naasa Securities Co. Ltd.,25,409.1,10227.5,2025-07-22 13:08:55.138406
2025-07-22,90585,2025072201021625,NICA,Opal Securities Investment (PVT) Ltd.,Naasa Securities Co. Ltd.,50,409.1,20455.0,2025-07-22 13:08:55.138584
2025-07-22,90584,2025072201021626,NICA,Midas Stock Broking Company Private Limited,Naasa Securities Co. Ltd.,189,409.0,77301.0,2025-07-22 13:08:55.138758
2025-07-22,90583,2025072201021627,NICA,Midas Stock Broking Company Private Limited,Naasa Securities Co. Ltd.,36,409.0,14724.0,2025-07-22 13:08:55.138943
2025-07-22,90553,2025072201021631,NICA,Hatemalo Financial Services Private Limited,Naasa Securities Co. Ltd.,100,409.1,40910.0,2025-07-22 13:08:59.335513
2025-07-22,90552,2025072201021632,NICA,Midas Stock Broking Company Private Limited,Naasa Securities Co. Ltd.,430,409.0,175870.0,2025-07-22 13:08:59.335921
2025-07-22,90551,2025072201021633,NICA,Vision Securities Pvt. Ltd,Investment Management Nepal Pvt. Ltd.,25,410.0,10250.0,2025-07-22 13:08:59.370169
2025-07-22,90550,2025072201021634,NICA,Vision Securities Pvt. Ltd,Sumeru Securities Pvt. Ltd.,475,410.0,194750.0,2025-07-22 13:08:59.370487
2025-07-22,89930,2025072201021771,NICA,Naasa Securities Co. Ltd.,Sumeru Securities Pvt. Ltd.,25,410.0,10250.0,2025-07-22 13:09:46.170705
2025-07-22,89929,2025072201021772,NICA,Naasa Securities Co. Ltd.,Imperial Securities Company Pvt. Ltd.,35,410.0,14350.0,2025-07-22 13:09:46.171107
2025-07-22,89520,2025072201021874,NICA,Oxford Securities Pvt. Ltd.,Imperial Securities Company Pvt. Ltd.,25,410.0,10250.0,2025-07-22 13:10:24.734949
2025-07-22,89314,2025072201021925,NICA,Creative Securities Pvt Ltd,Imperial Securities Company Pvt. Ltd.,40,410.0,16400.0,2025-07-22 13:10:39.005476
2025-07-22,89313,2025072201021926,NICA,Creative Securities Pvt Ltd,Vision Securities Pvt. Ltd,200,410.0,82000.0,2025-07-22 13:10:39.006286
2025-07-22,89234,2025072201021939,NICA,Deevyaa Securities & Stock House Pvt. Ltd,Shree Krishna Securities Ltd.,30,409.2,12276.0,2025-07-22 13:10:44.937316
2025-07-22,89233,2025072201021940,NICA,Kohinoor Investment & Securities Pvt. Ltd.,Shree Krishna Securities Ltd.,100,409.1,40910.0,2025-07-22 13:10:44.937703
2025-07-22,89232,2025072201021941,NICA,Midas Stock Broking Company Private Limited,Shree Krishna Securities Ltd.,129,409.0,52761.0,2025-07-22 13:10:44.937874
2025-07-22,89231,2025072201021942,NICA,Sweta Securities Private Limited,Shree Krishna Securities Ltd.,24,408.5,9804.0,2025-07-22 13:10:44.938056
2025-07-22,89230,2025072201021943,NICA,Sri Hari Securities Pvt. Ltd.,Shree Krishna Securities Ltd.,100,408.5,40850.0,2025-07-22 13:10:44.938228
2025-07-22,89229,2025072201021944,NICA,Sani Securities Company Ltd.,Shree Krishna Securities Ltd.,550,408.5,224675.0,2025-07-22 13:10:44.938395
2025-07-22,89228,2025072201021945,NICA,South Asian Bulls Pvt. Ltd.,Shree Krishna Securities Ltd.,50,408.4,20420.0,2025-07-22 13:10:44.938572
2025-07-22,89227,2025072201021946,NICA,Kohinoor Investment & Securities Pvt. Ltd.,Shree Krishna Securities Ltd.,17,408.4,6942.8,2025-07-22 13:10:44.938739
2025-07-22,89185,2025072201021960,NICA,Kohinoor Investment & Securities Pvt. Ltd.,Shree Krishna Securities Ltd.,83,408.4,33897.2,2025-07-22 13:10:50.957710
2025-07-22,89184,2025072201021961,NICA,Vision Securities Pvt. Ltd,Shree Krishna Securities Ltd.,917,408.4,374502.8,2025-07-22 13:10:50.958523
2025-07-22,89148,2025072201021982,NICA,Trishakti Securities Public Limited,Vision Securities Pvt. Ltd,210,410.0,86100.0,2025-07-22 13:10:54.274283
2025-07-22,89082,2025072201021993,NICA,Vision Securities Pvt. Ltd,Shree Krishna Securities Ltd.,583,408.4,238097.2,2025-07-22 13:11:00.985280
2025-07-22,89081,2025072201021994,NICA,Sani Securities Company Ltd.,Shree Krishna Securities Ltd.,417,408.3,170261.1,2025-07-22 13:11:00.985679
2025-07-22,88982,2025072201022008,NICA,Sani Securities Company Ltd.,Shree Krishna Securities Ltd.,316,409.0,129244.0,2025-07-22 13:11:11.024447
2025-07-22,88712,2025072201022064,NICA,Magnet Securities and Investment Company Private Limited,Vision Securities Pvt. Ltd,200,410.0,82000.0,2025-07-22 13:11:32.620453
2025-07-22,87571,2025072201022398,NICA,Creative Securities Pvt Ltd,Vision Securities Pvt. Ltd,1000,410.0,410000.0,2025-07-22 13:12:53.641198
2025-07-22,87231,2025072201022601,NICA,Capital Max Securities Ltd,Vision Securities Pvt. Ltd,3390,410.0,1389900.0,2025-07-22 13:13:16.351006
2025-07-22,87230,2025072201022602,NICA,Capital Max Securities Ltd,Sani Securities Company Ltd.,10,410.0,4100.0,2025-07-22 13:13:16.351413
2025-07-22,87026,2025072201022646,NICA,Sani Securities Company Ltd.,Imperial Securities Company Pvt. Ltd.,80,411.0,32880.0,2025-07-22 13:13:39.005075
2025-07-22,87025,2025072201022647,NICA,Sani Securities Company Ltd.,Naasa Securities Co. Ltd.,150,411.0,61650.0,2025-07-22 13:13:39.005856
2025-07-22,87024,2025072201022648,NICA,Sani Securities Company Ltd.,Sundhara Securities Limited,100,411.0,41100.0,2025-07-22 13:13:39.006381
2025-07-22,87023,2025072201022649,NICA,Sani Securities Company Ltd.,Opal Securities Investment (PVT) Ltd.,150,411.0,61650.0,2025-07-22 13:13:39.006896
2025-07-22,86615,2025072201022765,NICA,Sani Securities Company Ltd.,Imperial Securities Company Pvt. Ltd.,500,411.3,205650.0,2025-07-22 13:14:07.447147
2025-07-22,86192,2025072201022899,NICA,Sani Securities Company Ltd.,Imperial Securities Company Pvt. Ltd.,484,411.6,199214.4,2025-07-22 13:14:41.910777
2025-07-22,85713,2025072201023000,NICA,Sani Securities Company Ltd.,Naasa Securities Co. Ltd.,20,411.3,8226.0,2025-07-22 13:15:24.547289
2025-07-22,85712,2025072201023001,NICA,South Asian Bulls Pvt. Ltd.,Naasa Securities Co. Ltd.,29,411.1,11921.9,2025-07-22 13:15:24.547680
2025-07-22,85550,2025072201023030,NICA,South Asian Bulls Pvt. Ltd.,Naasa Securities Co. Ltd.,21,411.1,8633.1,2025-07-22 13:15:40.927966
2025-07-22,85549,2025072201023031,NICA,Vision Securities Pvt. Ltd,Naasa Securities Co. Ltd.,789,411.0,324279.0,2025-07-22 13:15:40.928954
2025-07-22,85391,2025072201023064,NICA,Vision Securities Pvt. Ltd,Naasa Securities Co. Ltd.,20,411.0,8220.0,2025-07-22 13:15:57.966239
2025-07-22,85312,2025072201023083,NICA,Vision Securities Pvt. Ltd,Premier Securities Company Ltd.,12,411.0,4932.0,2025-07-22 13:16:09.591669
2025-07-22,85211,2025072201023114,NICA,Kohinoor Investment & Securities Pvt. Ltd.,Sundhara Securities Limited,10,411.5,4115.0,2025-07-22 13:16:19.081367
2025-07-22,85106,2025072201023136,NICA,Online Securities Pvt. Ltd.,Creative Securities Pvt Ltd,250,411.5,102875.0,2025-07-22 13:16:27.920743
2025-07-22,85071,2025072201023148,NICA,Online Securities Pvt. Ltd.,Imperial Securities Company Pvt. Ltd.,16,411.6,6585.6,2025-07-22 13:16:31.997746
2025-07-22,85070,2025072201023149,NICA,Online Securities Pvt. Ltd.,Sri Hari Securities Pvt. Ltd.,320,411.6,131712.0,2025-07-22 13:16:31.998608
2025-07-22,85069,2025072201023150,NICA,Online Securities Pvt. Ltd.,Indira securities pvt. ltd,50,411.7,20585.0,2025-07-22 13:16:31.999227
2025-07-22,85068,2025072201023151,NICA,Online Securities Pvt. Ltd.,Sundhara Securities Limited,90,411.9,37071.0,2025-07-22 13:16:31.999799
2025-07-22,85058,2025072201023155,NICA,Naasa Securities Co. Ltd.,Naasa Securities Co. Ltd.,100,412.0,41200.0,2025-07-22 13:16:32.695570
2025-07-22,85057,2025072201023156,NICA,Naasa Securities Co. Ltd.,Asian Securities Private Ltd.,20,412.0,8240.0,2025-07-22 13:16:32.696317
2025-07-22,85056,2025072201023157,NICA,Naasa Securities Co. Ltd.,Sundhara Securities Limited,100,412.0,41200.0,2025-07-22 13:16:32.696825
2025-07-22,85055,2025072201023158,NICA,Naasa Securities Co. Ltd.,Sani Securities Company Ltd.,50,412.0,20600.0,2025-07-22 13:16:32.697339
2025-07-22,85054,2025072201023159,NICA,Naasa Securities Co. Ltd.,Market Securities & Exchange (PVT) Ltd.,50,412.0,20600.0,2025-07-22 13:16:32.697843
2025-07-22,85053,2025072201023160,NICA,Naasa Securities Co. Ltd.,Secured Securities Ltd.,80,412.0,32960.0,2025-07-22 13:16:32.698352
2025-07-22,84901,2025072201023201,NICA,Online Securities Pvt. Ltd.,Oxford Securities Pvt. Ltd.,24,411.9,9885.6,2025-07-22 13:16:45.241618
2025-07-22,84900,2025072201023202,NICA,Online Securities Pvt. Ltd.,Oxford Securities Pvt. Ltd.,96,411.5,39504.0,2025-07-22 13:16:45.242011
2025-07-22,84601,2025072201023249,NICA,Online Securities Pvt. Ltd.,Vision Securities Pvt. Ltd,14,411.5,5761.0,2025-07-22 13:17:09.071976
2025-07-22,84600,2025072201023250,NICA,Vision Securities Pvt. Ltd,Vision Securities Pvt. Ltd,179,411.0,73569.0,2025-07-22 13:17:09.072366
2025-07-22,84477,2025072201023298,NICA,Nepal Stock House (PVT) Ltd.,Vision Securities Pvt. Ltd,150,411.0,61650.0,2025-07-22 13:17:20.358714
2025-07-22,84445,2025072201023315,NICA,South Asian Bulls Pvt. Ltd.,Siprabi Securities Pvt. Ltd.,50,410.1,20505.0,2025-07-22 13:17:23.106992
2025-07-22,83927,2025072201023466,NICA,Sani Securities Company Ltd.,Siprabi Securities Pvt. Ltd.,250,410.0,102500.0,2025-07-22 13:18:17.443853
2025-07-22,83926,2025072201023467,NICA,Sani Securities Company Ltd.,Investment Management Nepal Pvt. Ltd.,64,410.0,26240.0,2025-07-22 13:18:17.444637
2025-07-22,82486,2025072201023915,NICA,Global IME Securities Limited,Secured Securities Ltd.,100,410.9,41090.0,2025-07-22 13:20:20.302436
2025-07-22,82408,2025072201023948,NICA,Kohinoor Investment & Securities Pvt. Ltd.,Secured Securities Ltd.,80,410.9,32872.0,2025-07-22 13:20:30.352516
2025-07-22,82005,2025072201024057,NICA,Trisul Securities & Invt. Ltd.,Naasa Securities Co. Ltd.,115,410.0,47150.0,2025-07-22 13:21:02.415966
2025-07-22,81589,2025072201024154,NICA,Trisul Securities & Invt. Ltd.,Agrawal Securities (PVT) Ltd.,30,410.0,12300.0,2025-07-22 13:21:27.416756
2025-07-22,81228,2025072201024226,NICA,Imperial Securities Company Pvt. Ltd.,Linch Stock Market Ltd.,103,410.1,42240.3,2025-07-22 13:21:54.566755
2025-07-22,80889,2025072201024293,NICA,Imperial Securities Company Pvt. Ltd.,ABC Securities Private Limited,400,410.1,164040.0,2025-07-22 13:22:25.157911
2025-07-22,80767,2025072201024327,NICA,Imperial Securities Company Pvt. Ltd.,Sewa Securities Pvt. Ltd.,104,410.1,42650.4,2025-07-22 13:22:35.288218
2025-07-22,80600,2025072201024385,NICA,Property Wiard Limited,Cristal Kanchanjanga Securites Pvt. Ltd.,140,410.2,57428.0,2025-07-22 13:22:52.991802
2025-07-22,80400,2025072201024450,NICA,Sani Securities Company Ltd.,Secured Securities Ltd.,15,410.9,6163.5,2025-07-22 13:23:11.036527
2025-07-22,80399,2025072201024451,NICA,Sani Securities Company Ltd.,Vision Securities Pvt. Ltd,485,411.0,199335.0,2025-07-22 13:23:11.037364
2025-07-22,80212,2025072201024499,NICA,Property Wiard Limited,Online Securities Pvt. Ltd.,25,410.2,10255.0,2025-07-22 13:23:26.165365
2025-07-22,79801,2025072201024581,NICA,Property Wiard Limited,Capital Max Securities Ltd,10,410.2,4102.0,2025-07-22 13:23:56.818092
2025-07-22,79368,2025072201024686,NICA,Property Wiard Limited,Aryatara Investment & Securities,10,410.2,4102.0,2025-07-22 13:24:28.605767
2025-07-22,79161,2025072201024725,NICA,Property Wiard Limited,Kohinoor Investment & Securities Pvt. Ltd.,51,410.2,20920.2,2025-07-22 13:24:43.785498
2025-07-22,78862,2025072201024803,NICA,Property Wiard Limited,Kohinoor Investment & Securities Pvt. Ltd.,22,410.2,9024.4,2025-07-22 13:25:11.925648
2025-07-22,78760,2025072201024823,NICA,Property Wiard Limited,Primo Securities (PVT) Ltd.,242,410.2,99268.4,2025-07-22 13:25:20.083487
2025-07-22,78759,2025072201024824,NICA,Naasa Securities Co. Ltd.,Primo Securities (PVT) Ltd.,110,410.2,45122.0,2025-07-22 13:25:20.083904
2025-07-22,78758,2025072201024825,NICA,Naasa Securities Co. Ltd.,Primo Securities (PVT) Ltd.,100,410.2,41020.0,2025-07-22 13:25:20.084107
2025-07-22,78757,2025072201024826,NICA,Imperial Securities Company Pvt. Ltd.,Primo Securities (PVT) Ltd.,393,410.1,161169.3,2025-07-22 13:25:20.084298
2025-07-22,78756,2025072201024827,NICA,Imperial Securities Company Pvt. Ltd.,Primo Securities (PVT) Ltd.,15,410.1,6151.5,2025-07-22 13:25:20.084497
2025-07-22,78058,2025072201025033,NICA,ABC Securities Private Limited,South Asian Bulls Pvt. Ltd.,90,410.2,36918.0,2025-07-22 13:26:24.109170
2025-07-22,77067,2025072201025255,NICA,MILKY WAY SHARE BROKER COMPANY LTD ,Imperial Securities Company Pvt. Ltd.,100,410.5,41050.0,2025-07-22 13:27:44.053394
2025-07-22,76883,2025072201025327,NICA,Pragyan Securities (PVT) Ltd.,Oxford Securities Pvt. Ltd.,50,410.4,20520.0,2025-07-22 13:27:57.017486
2025-07-22,76671,2025072201025372,NICA,Pragyan Securities (PVT) Ltd.,Sani Securities Company Ltd.,450,410.4,184680.0,2025-07-22 13:28:17.021102
2025-07-22,76670,2025072201025373,NICA,Nepal Investment And Securities Trading Private Limited,Sani Securities Company Ltd.,5000,410.3,2051500.0,2025-07-22 13:28:17.021545
2025-07-22,76669,2025072201025374,NICA,Vision Securities Pvt. Ltd,Sani Securities Company Ltd.,120,410.3,49236.0,2025-07-22 13:28:17.021777
2025-07-22,76668,2025072201025375,NICA,Kohinoor Investment & Securities Pvt. Ltd.,Sani Securities Company Ltd.,500,410.3,205150.0,2025-07-22 13:28:17.022006
2025-07-22,76667,2025072201025376,NICA,Primo Securities (PVT) Ltd.,Sani Securities Company Ltd.,250,410.3,102575.0,2025-07-22 13:28:17.022243
2025-07-22,76666,2025072201025377,NICA,ABC Securities Private Limited,Sani Securities Company Ltd.,910,410.2,373282.0,2025-07-22 13:28:17.022461
2025-07-22,76665,2025072201025378,NICA,Imperial Securities Company Pvt. Ltd.,Sani Securities Company Ltd.,985,410.1,403948.5,2025-07-22 13:28:17.022674
2025-07-22,76664,2025072201025379,NICA,Imperial Securities Company Pvt. Ltd.,Sani Securities Company Ltd.,1000,410.1,410100.0,2025-07-22 13:28:17.022882
2025-07-22,76663,2025072201025380,NICA,Trisul Securities & Invt. Ltd.,Sani Securities Company Ltd.,105,410.0,43050.0,2025-07-22 13:28:17.023079
2025-07-22,76662,2025072201025381,NICA,Kohinoor Investment & Securities Pvt. Ltd.,Sani Securities Company Ltd.,600,410.0,246000.0,2025-07-22 13:28:17.023255
2025-07-22,76661,2025072201025382,NICA,Kumari Securities Private Limited,Sani Securities Company Ltd.,1000,410.0,410000.0,2025-07-22 13:28:17.023438
2025-07-22,76660,2025072201025383,NICA,Aryatara Investment & Securities,Sani Securities Company Ltd.,20,410.0,8200.0,2025-07-22 13:28:17.023621
2025-07-22,76659,2025072201025384,NICA,Siprabi Securities Pvt. Ltd.,Sani Securities Company Ltd.,10,410.0,4100.0,2025-07-22 13:28:17.023802
2025-07-22,76658,2025072201025385,NICA,Naasa Securities Co. Ltd.,Sani Securities Company Ltd.,15,410.0,6150.0,2025-07-22 13:28:17.023980
2025-07-22,76657,2025072201025386,NICA,Creative Securities Pvt Ltd,Sani Securities Company Ltd.,160,410.0,65600.0,2025-07-22 13:28:17.024164
2025-07-22,76271,2025072201025466,NICA,Dipshikha Dhitopatra Karobar Co. Pvt Ltd.,Sani Securities Company Ltd.,200,409.7,81940.0,2025-07-22 13:28:49.494234
