Date,S.N.,contract_id,symbol,buyer_broker,seller_broker,volume,price,amount,transaction_time
2025-07-22,175564,2025072204000373,PMHPL,Naasa Securities Co. Ltd.,Malla & Malla Stock Broking Company Pvt. Limited,50,403.1,20155.0,2025-07-22 11:03:45.032765
2025-07-22,173105,2025072204000938,PMHPL,Blue Chip Securities Ltd,Online Securities Pvt. Ltd.,20,409.0,8180.0,2025-07-22 11:08:08.568169
2025-07-22,172989,2025072204000964,PMHPL,Blue Chip Securities Ltd,Naasa Securities Co. Ltd.,10,415.9,4159.0,2025-07-22 11:08:20.589380
2025-07-22,171273,2025072204001361,PMHPL,Bhrikuti Stock Broking Co. Pvt. Ltd.,Naasa Securities Co. Ltd.,56,408.0,22848.0,2025-07-22 11:10:58.837356
2025-07-22,171238,2025072204001363,PMHPL,Bhrikuti Stock Broking Co. Pvt. Ltd.,Sanima Securities Limited,244,408.0,99552.0,2025-07-22 11:11:01.013498
2025-07-22,171237,2025072204001364,PMHPL,Himalayan Securities Limited,Sanima Securities Limited,1000,408.0,408000.0,2025-07-22 11:11:01.013590
2025-07-22,171236,2025072204001365,PMHPL,Himalayan Securities Limited,Sanima Securities Limited,556,407.6,226625.6,2025-07-22 11:11:01.013630
2025-07-22,170125,2025072204001623,PMHPL,Aakashbhairab Securities Ltd.,Vision Securities Pvt. Ltd,100,409.1,40910.0,2025-07-22 11:12:36.821829
2025-07-22,170124,2025072204001624,PMHPL,Aakashbhairab Securities Ltd.,Neev Securities Pvt. Ltd.,400,409.1,163640.0,2025-07-22 11:12:37.071888
2025-07-22,170123,2025072204001625,PMHPL,Aakashbhairab Securities Ltd.,Neev Securities Pvt. Ltd.,100,409.0,40900.0,2025-07-22 11:12:37.071982
2025-07-22,170056,2025072204001641,PMHPL,Aakashbhairab Securities Ltd.,Vision Securities Pvt. Ltd,150,409.0,61350.0,2025-07-22 11:12:44.904078
2025-07-22,169328,2025072204001810,PMHPL,Midas Stock Broking Company Private Limited,Sanima Securities Limited,1000,410.0,410000.0,2025-07-22 11:13:59.753380
2025-07-22,169035,2025072204001874,PMHPL,Naasa Securities Co. Ltd.,Sanima Securities Limited,50,410.1,20505.0,2025-07-22 11:14:23.802934
2025-07-22,169034,2025072204001875,PMHPL,Thrive Brokerage House Pvt. Ltd,Sanima Securities Limited,950,409.5,389025.0,2025-07-22 11:14:23.803097
2025-07-22,168632,2025072204001966,PMHPL,Property Wiard Limited,Linch Stock Market Ltd.,500,413.9,206950.0,2025-07-22 11:15:01.204524
2025-07-22,168631,2025072204001967,PMHPL,Property Wiard Limited,Online Securities Pvt. Ltd.,500,414.0,207000.0,2025-07-22 11:15:01.204698
2025-07-22,167995,2025072204002114,PMHPL,Trisul Securities & Invt. Ltd.,SHUBHAKAMANA SECURITIES PVT. LTD,1000,410.1,410100.0,2025-07-22 11:16:01.330499
2025-07-22,167318,2025072204002286,PMHPL,Blue Chip Securities Ltd,Online Securities Pvt. Ltd.,10,414.0,4140.0,2025-07-22 11:17:09.745903
2025-07-22,167189,2025072204002318,PMHPL,Beni Securities Pvt.Ltd.,Online Securities Pvt. Ltd.,490,414.0,202860.0,2025-07-22 11:17:25.267064
2025-07-22,167188,2025072204002319,PMHPL,Beni Securities Pvt.Ltd.,Blue Chip Securities Ltd,250,414.8,103700.0,2025-07-22 11:17:25.267219
2025-07-22,167052,2025072204002367,PMHPL,Magnet Securities and Investment Company Private Limited,Linch Stock Market Ltd.,500,416.0,208000.0,2025-07-22 11:17:37.827297
2025-07-22,167051,2025072204002368,PMHPL,Magnet Securities and Investment Company Private Limited,Blue Chip Securities Ltd,250,417.0,104250.0,2025-07-22 11:17:37.827377
2025-07-22,167050,2025072204002369,PMHPL,Magnet Securities and Investment Company Private Limited,J.F. Securites (PVT) Ltd.,2000,417.1,834200.0,2025-07-22 11:17:37.827408
2025-07-22,167049,2025072204002370,PMHPL,Magnet Securities and Investment Company Private Limited,ABC Securities Private Limited,250,417.2,104300.0,2025-07-22 11:17:37.827444
2025-07-22,166734,2025072204002441,PMHPL,Naasa Securities Co. Ltd.,Sanima Securities Limited,25,413.0,10325.0,2025-07-22 11:18:12.182280
2025-07-22,166733,2025072204002442,PMHPL,Beni Securities Pvt.Ltd.,Sanima Securities Limited,260,413.0,107380.0,2025-07-22 11:18:12.182390
2025-07-22,166732,2025072204002443,PMHPL,S.P.S.A. Securities Limited,Sanima Securities Limited,1315,412.0,541780.0,2025-07-22 11:18:12.182428
2025-07-22,166639,2025072204002468,PMHPL,Naasa Securities Co. Ltd.,ABC Securities Private Limited,160,417.2,66752.0,2025-07-22 11:18:21.884748
2025-07-22,166608,2025072204002477,PMHPL,S.P.S.A. Securities Limited,ABC Securities Private Limited,285,417.2,118902.0,2025-07-22 11:18:23.994882
2025-07-22,165854,2025072204002685,PMHPL,Thrive Brokerage House Pvt. Ltd,Sanima Securities Limited,1000,411.2,411200.0,2025-07-22 11:19:40.345562
2025-07-22,165198,2025072204002854,PMHPL,Sani Securities Company Ltd.,Neev Securities Pvt. Ltd.,10,411.1,4111.0,2025-07-22 11:20:46.149230
2025-07-22,165197,2025072204002855,PMHPL,Premier Securities Company Ltd.,Neev Securities Pvt. Ltd.,20,411.1,8222.0,2025-07-22 11:20:46.149308
2025-07-22,164883,2025072204002917,PMHPL,J.F. Securites (PVT) Ltd.,Neev Securities Pvt. Ltd.,470,411.0,193170.0,2025-07-22 11:21:13.447542
2025-07-22,164433,2025072204003014,PMHPL,J.F. Securites (PVT) Ltd.,Sumeru Securities Pvt. Ltd.,30,411.0,12330.0,2025-07-22 11:21:43.000292
2025-07-22,163421,2025072204003274,PMHPL,ABC Securities Private Limited,Aryatara Investment & Securities,200,415.9,83180.0,2025-07-22 11:23:11.578625
2025-07-22,163224,2025072204003337,PMHPL,Capital Max Securities Ltd,N.M.B. SECURITIES LIMITED,100,410.0,41000.0,2025-07-22 11:23:30.640621
2025-07-22,163223,2025072204003338,PMHPL,Online Securities Pvt. Ltd.,N.M.B. SECURITIES LIMITED,327,410.0,134070.0,2025-07-22 11:23:30.640655
2025-07-22,163222,2025072204003339,PMHPL,Thrive Brokerage House Pvt. Ltd,N.M.B. SECURITIES LIMITED,50,409.5,20475.0,2025-07-22 11:23:30.640683
2025-07-22,163221,2025072204003340,PMHPL,Aakashbhairab Securities Ltd.,N.M.B. SECURITIES LIMITED,250,409.0,102250.0,2025-07-22 11:23:30.640708
2025-07-22,163220,2025072204003341,PMHPL,Dipshikha Dhitopatra Karobar Co. Pvt Ltd.,N.M.B. SECURITIES LIMITED,273,408.5,111520.5,2025-07-22 11:23:30.640737
2025-07-22,161488,2025072204003751,PMHPL,Dipshikha Dhitopatra Karobar Co. Pvt Ltd.,N.M.B. SECURITIES LIMITED,27,408.5,11029.5,2025-07-22 11:26:08.893605
2025-07-22,161487,2025072204003752,PMHPL,Capital Max Securities Ltd,N.M.B. SECURITIES LIMITED,100,408.1,40810.0,2025-07-22 11:26:08.893673
2025-07-22,161486,2025072204003753,PMHPL,Himalayan Securities Limited,N.M.B. SECURITIES LIMITED,373,407.6,152034.8,2025-07-22 11:26:08.893706
2025-07-22,160072,2025072204004098,PMHPL,Kumari Securities Private Limited,Capital Max Securities Ltd,10,408.0,4080.0,2025-07-22 11:28:35.141218
2025-07-22,159090,2025072204004299,PMHPL,Imperial Securities Company Pvt. Ltd.,Capital Max Securities Ltd,80,408.0,32640.0,2025-07-22 11:30:09.023249
2025-07-22,157919,2025072204004579,PMHPL,Blue Chip Securities Ltd,Dipshikha Dhitopatra Karobar Co. Pvt Ltd.,10,413.7,4137.0,2025-07-22 11:31:55.038717
2025-07-22,155986,2025072204005027,PMHPL,Linch Stock Market Ltd.,Naasa Securities Co. Ltd.,10,410.0,4100.0,2025-07-22 11:34:38.842749
2025-07-22,155727,2025072204005101,PMHPL,Linch Stock Market Ltd.,Aryatara Investment & Securities,110,410.0,45100.0,2025-07-22 11:35:04.468360
2025-07-22,155621,2025072204005119,PMHPL,Linch Stock Market Ltd.,Sanima Securities Limited,80,410.0,32800.0,2025-07-22 11:35:15.928811
2025-07-22,154943,2025072204005265,PMHPL,ABC Securities Private Limited,Imperial Securities Company Pvt. Ltd.,10,408.3,4083.0,2025-07-22 11:36:11.946645
2025-07-22,152405,2025072204005818,PMHPL,Opal Securities Investment (PVT) Ltd.,Sweta Securities Private Limited,3,400.9,1202.7,2025-07-22 11:39:26.234946
2025-07-22,152374,2025072204005835,PMHPL,Imperial Securities Company Pvt. Ltd.,Naasa Securities Co. Ltd.,100,408.9,40890.0,2025-07-22 11:39:28.856866
2025-07-22,152373,2025072204005836,PMHPL,SHUBHAKAMANA SECURITIES PVT. LTD,Naasa Securities Co. Ltd.,200,408.8,81760.0,2025-07-22 11:39:28.857069
2025-07-22,152372,2025072204005837,PMHPL,ABC Securities Private Limited,Naasa Securities Co. Ltd.,35,408.5,14297.5,2025-07-22 11:39:28.857204
2025-07-22,150972,2025072204006276,PMHPL,Blue Chip Securities Ltd,Dipshikha Dhitopatra Karobar Co. Pvt Ltd.,10,409.0,4090.0,2025-07-22 11:41:36.012988
2025-07-22,150650,2025072204006336,PMHPL,ABC Securities Private Limited,Sri Hari Securities Pvt. Ltd.,10,408.3,4083.0,2025-07-22 11:42:02.011501
2025-07-22,150570,2025072204006352,PMHPL,ABC Securities Private Limited,Dipshikha Dhitopatra Karobar Co. Pvt Ltd.,226,408.3,92275.8,2025-07-22 11:42:07.541442
2025-07-22,150398,2025072204006398,PMHPL,Asian Securities Private Ltd.,Dipshikha Dhitopatra Karobar Co. Pvt Ltd.,100,409.0,40900.0,2025-07-22 11:42:23.537054
2025-07-22,149276,2025072204006705,PMHPL,Trishakti Securities Public Limited,Dipshikha Dhitopatra Karobar Co. Pvt Ltd.,50,408.5,20425.0,2025-07-22 11:43:28.784554
2025-07-22,148547,2025072204006869,PMHPL,Trishakti Securities Public Limited,Secured Securities Ltd.,50,408.5,20425.0,2025-07-22 11:44:18.733294
2025-07-22,148157,2025072204006949,PMHPL,Imperial Securities Company Pvt. Ltd.,Sani Securities Company Ltd.,100,408.6,40860.0,2025-07-22 11:44:44.238975
2025-07-22,148156,2025072204006950,PMHPL,Trishakti Securities Public Limited,Sani Securities Company Ltd.,250,408.5,102125.0,2025-07-22 11:44:44.239019
2025-07-22,144933,2025072204007680,PMHPL,Bhrikuti Stock Broking Co. Pvt. Ltd.,Imperial Securities Company Pvt. Ltd.,10,408.6,4086.0,2025-07-22 11:48:12.752360
2025-07-22,143820,2025072204007923,PMHPL,Nepal Investment And Securities Trading Private Limited,Sani Securities Company Ltd.,70,410.0,28700.0,2025-07-22 11:49:21.332899
2025-07-22,143819,2025072204007924,PMHPL,Nepal Investment And Securities Trading Private Limited,Sanima Securities Limited,110,413.0,45430.0,2025-07-22 11:49:21.333001
2025-07-22,143818,2025072204007925,PMHPL,Nepal Investment And Securities Trading Private Limited,Dipshikha Dhitopatra Karobar Co. Pvt Ltd.,90,413.7,37233.0,2025-07-22 11:49:21.333049
2025-07-22,143817,2025072204007926,PMHPL,Nepal Investment And Securities Trading Private Limited,Online Securities Pvt. Ltd.,230,414.0,95220.0,2025-07-22 11:49:21.333097
2025-07-22,140091,2025072204008799,PMHPL,ABC Securities Private Limited,Sanima Securities Limited,500,409.1,204550.0,2025-07-22 11:53:55.748707
2025-07-22,140090,2025072204008800,PMHPL,ABC Securities Private Limited,Sanima Securities Limited,250,409.0,102250.0,2025-07-22 11:53:55.748916
2025-07-22,140089,2025072204008801,PMHPL,Magnet Securities and Investment Company Private Limited,Sanima Securities Limited,750,409.0,306750.0,2025-07-22 11:53:55.749059
2025-07-22,139429,2025072204008969,PMHPL,Sumeru Securities Pvt. Ltd.,Online Securities Pvt. Ltd.,270,412.0,111240.0,2025-07-22 11:54:35.273015
2025-07-22,139428,2025072204008970,PMHPL,Sumeru Securities Pvt. Ltd.,Sani Securities Company Ltd.,465,412.8,191952.0,2025-07-22 11:54:35.273080
2025-07-22,137901,2025072204009383,PMHPL,Imperial Securities Company Pvt. Ltd.,Nagarik Stock Dealer ,140,409.2,57288.0,2025-07-22 11:56:19.742575
2025-07-22,137900,2025072204009384,PMHPL,Capital Max Securities Ltd,Nagarik Stock Dealer ,100,409.1,40910.0,2025-07-22 11:56:19.742696
2025-07-22,137899,2025072204009385,PMHPL,Capital Max Securities Ltd,Nagarik Stock Dealer ,150,409.1,61365.0,2025-07-22 11:56:19.742745
2025-07-22,137898,2025072204009386,PMHPL,Magnet Securities and Investment Company Private Limited,Nagarik Stock Dealer ,250,409.0,102250.0,2025-07-22 11:56:19.742790
2025-07-22,137897,2025072204009387,PMHPL,ABC Securities Private Limited,Nagarik Stock Dealer ,219,408.8,89527.2,2025-07-22 11:56:19.742838
2025-07-22,137896,2025072204009388,PMHPL,Bhrikuti Stock Broking Co. Pvt. Ltd.,Nagarik Stock Dealer ,90,408.6,36774.0,2025-07-22 11:56:19.742904
2025-07-22,137895,2025072204009389,PMHPL,Trishakti Securities Public Limited,Nagarik Stock Dealer ,151,408.5,61683.5,2025-07-22 11:56:19.742963
2025-07-22,134088,2025072204010410,PMHPL,Siprabi Securities Pvt. Ltd.,Sani Securities Company Ltd.,1000,410.1,410100.0,2025-07-22 12:01:13.742321
2025-07-22,133734,2025072204010494,PMHPL,Aryatara Investment & Securities,Sani Securities Company Ltd.,2000,410.0,820000.0,2025-07-22 12:01:40.271356
2025-07-22,133733,2025072204010495,PMHPL,ABC Securities Private Limited,Sani Securities Company Ltd.,100,410.0,41000.0,2025-07-22 12:01:40.271462
2025-07-22,132719,2025072204010731,PMHPL,Dipshikha Dhitopatra Karobar Co. Pvt Ltd.,Primo Securities (PVT) Ltd.,11,409.1,4500.1,2025-07-22 12:03:05.169624
2025-07-22,130509,2025072204011338,PMHPL,Dipshikha Dhitopatra Karobar Co. Pvt Ltd.,Prabhu Stock Market Limited,29,409.1,11863.9,2025-07-22 12:05:23.409045
2025-07-22,129559,2025072204011557,PMHPL,Linch Stock Market Ltd.,Trisul Securities & Invt. Ltd.,10,412.0,4120.0,2025-07-22 12:06:32.422400
2025-07-22,126280,2025072204012344,PMHPL,Oxford Securities Pvt. Ltd.,Trishakti Securities Public Limited,100,409.0,40900.0,2025-07-22 12:11:30.001880
2025-07-22,126279,2025072204012345,PMHPL,ABC Securities Private Limited,Trishakti Securities Public Limited,100,409.0,40900.0,2025-07-22 12:11:30.002110
2025-07-22,126110,2025072204012385,PMHPL,Trishakti Securities Public Limited,Trishakti Securities Public Limited,499,408.5,203841.5,2025-07-22 12:11:44.073218
2025-07-22,126109,2025072204012386,PMHPL,Dipshikha Dhitopatra Karobar Co. Pvt Ltd.,Trishakti Securities Public Limited,50,408.5,20425.0,2025-07-22 12:11:44.073336
2025-07-22,126108,2025072204012387,PMHPL,ABC Securities Private Limited,Trishakti Securities Public Limited,100,408.4,40840.0,2025-07-22 12:11:44.073387
2025-07-22,126107,2025072204012388,PMHPL,Capital Max Securities Ltd,Trishakti Securities Public Limited,30,408.2,12246.0,2025-07-22 12:11:44.073431
2025-07-22,126106,2025072204012389,PMHPL,Elite Stock House Limited,Trishakti Securities Public Limited,200,408.1,81620.0,2025-07-22 12:11:44.073478
2025-07-22,126105,2025072204012390,PMHPL,Vision Securities Pvt. Ltd,Trishakti Securities Public Limited,100,408.0,40800.0,2025-07-22 12:11:44.073523
2025-07-22,126104,2025072204012391,PMHPL,Vision Securities Pvt. Ltd,Trishakti Securities Public Limited,100,408.0,40800.0,2025-07-22 12:11:44.073567
2025-07-22,126103,2025072204012392,PMHPL,Vision Securities Pvt. Ltd,Trishakti Securities Public Limited,100,408.0,40800.0,2025-07-22 12:11:44.073610
2025-07-22,126102,2025072204012393,PMHPL,Elite Stock House Limited,Trishakti Securities Public Limited,200,408.0,81600.0,2025-07-22 12:11:44.073650
2025-07-22,126101,2025072204012394,PMHPL,Sani Securities Company Ltd.,Trishakti Securities Public Limited,1000,408.0,408000.0,2025-07-22 12:11:44.073693
2025-07-22,126100,2025072204012395,PMHPL,Dipshikha Dhitopatra Karobar Co. Pvt Ltd.,Trishakti Securities Public Limited,50,408.0,20400.0,2025-07-22 12:11:44.073734
2025-07-22,125617,2025072204012504,PMHPL,ABC Securities Private Limited,Sumeru Securities Pvt. Ltd.,200,407.8,81560.0,2025-07-22 12:12:34.223805
2025-07-22,125132,2025072204012602,PMHPL,Arun Securities (PVT) Ltd.,Trishakti Securities Public Limited,1362,408.0,555696.0,2025-07-22 12:13:24.272001
2025-07-22,124473,2025072204012764,PMHPL,Blue Chip Securities Ltd,Linch Stock Market Ltd.,10,409.0,4090.0,2025-07-22 12:14:35.455282
2025-07-22,124326,2025072204012796,PMHPL,Himalayan Securities Limited,Creative Securities Pvt Ltd,50,407.6,20380.0,2025-07-22 12:14:54.105667
2025-07-22,115462,2025072204014573,PMHPL,Linch Stock Market Ltd.,Sumeru Securities Pvt. Ltd.,300,408.5,122550.0,2025-07-22 12:27:07.715224
2025-07-22,115461,2025072204014574,PMHPL,Linch Stock Market Ltd.,Linch Stock Market Ltd.,90,409.0,36810.0,2025-07-22 12:27:07.715268
2025-07-22,115460,2025072204014575,PMHPL,Linch Stock Market Ltd.,Dakshinkali Investment & Securities Pvt. Ltd.,170,409.0,69530.0,2025-07-22 12:27:07.715335
2025-07-22,115459,2025072204014576,PMHPL,Linch Stock Market Ltd.,Shree Krishna Securities Ltd.,10,409.0,4090.0,2025-07-22 12:27:07.715357
2025-07-22,115458,2025072204014577,PMHPL,Linch Stock Market Ltd.,Naasa Securities Co. Ltd.,15,410.0,6150.0,2025-07-22 12:27:07.715382
2025-07-22,115457,2025072204014578,PMHPL,Linch Stock Market Ltd.,Imperial Securities Company Pvt. Ltd.,415,410.0,170150.0,2025-07-22 12:27:07.715408
2025-07-22,115293,2025072204014603,PMHPL,SHUBHAKAMANA SECURITIES PVT. LTD,Imperial Securities Company Pvt. Ltd.,85,410.0,34850.0,2025-07-22 12:27:18.636800
2025-07-22,115292,2025072204014604,PMHPL,SHUBHAKAMANA SECURITIES PVT. LTD,Online Securities Pvt. Ltd.,10,410.0,4100.0,2025-07-22 12:27:18.636861
2025-07-22,115291,2025072204014605,PMHPL,SHUBHAKAMANA SECURITIES PVT. LTD,Nagarik Stock Dealer ,205,411.0,84255.0,2025-07-22 12:27:18.636893
2025-07-22,113962,2025072204014849,PMHPL,Linch Stock Market Ltd.,KALASH STOCK MARKET PVT. LTD.,200,410.0,82000.0,2025-07-22 12:29:24.805769
2025-07-22,113961,2025072204014850,PMHPL,Linch Stock Market Ltd.,Nagarik Stock Dealer ,295,411.0,121245.0,2025-07-22 12:29:24.805827
2025-07-22,113960,2025072204014851,PMHPL,Linch Stock Market Ltd.,South Asian Bulls Pvt. Ltd.,400,411.4,164560.0,2025-07-22 12:29:24.805851
2025-07-22,113017,2025072204015056,PMHPL,Linch Stock Market Ltd.,Sundhara Securities Limited,10,411.9,4119.0,2025-07-22 12:30:49.287048
2025-07-22,112646,2025072204015116,PMHPL,Sani Securities Company Ltd.,Elite Stock House Limited,1000,408.0,408000.0,2025-07-22 12:31:27.979812
2025-07-22,112180,2025072204015212,PMHPL,Linch Stock Market Ltd.,Sumeru Securities Pvt. Ltd.,1000,408.0,408000.0,2025-07-22 12:32:17.851361
2025-07-22,112179,2025072204015213,PMHPL,Linch Stock Market Ltd.,Bhrikuti Stock Broking Co. Pvt. Ltd.,10,408.0,4080.0,2025-07-22 12:32:17.851402
2025-07-22,110229,2025072204015731,PMHPL,Himalayan Securities Limited,Imperial Securities Company Pvt. Ltd.,10,407.6,4076.0,2025-07-22 12:35:23.443731
2025-07-22,108550,2025072204016153,PMHPL,Siprabi Securities Pvt. Ltd.,Imperial Securities Company Pvt. Ltd.,150,407.8,61170.0,2025-07-22 12:37:56.143072
2025-07-22,108400,2025072204016189,PMHPL,Blue Chip Securities Ltd,Imperial Securities Company Pvt. Ltd.,10,410.0,4100.0,2025-07-22 12:38:11.786452
2025-07-22,108098,2025072204016240,PMHPL,Siprabi Securities Pvt. Ltd.,Sumeru Securities Pvt. Ltd.,350,407.8,142730.0,2025-07-22 12:38:31.342964
2025-07-22,108097,2025072204016241,PMHPL,Linch Stock Market Ltd.,Sumeru Securities Pvt. Ltd.,1000,407.7,407700.0,2025-07-22 12:38:31.343253
2025-07-22,106603,2025072204016564,PMHPL,Dipshikha Dhitopatra Karobar Co. Pvt Ltd.,Sumeru Securities Pvt. Ltd.,150,407.7,61155.0,2025-07-22 12:41:03.388887
2025-07-22,106404,2025072204016597,PMHPL,Himalayan Securities Limited,Himalayan Brokerage Company Limited,10,407.6,4076.0,2025-07-22 12:41:25.159065
2025-07-22,105621,2025072204016810,PMHPL,Capital Max Securities Ltd,Dipshikha Dhitopatra Karobar Co. Pvt Ltd.,10,406.1,4061.0,2025-07-22 12:42:44.072840
2025-07-22,105508,2025072204016829,PMHPL,Capital Max Securities Ltd,Imperial Securities Company Pvt. Ltd.,20,406.1,8122.0,2025-07-22 12:42:55.454556
2025-07-22,105507,2025072204016830,PMHPL,Capital Max Securities Ltd,Imperial Securities Company Pvt. Ltd.,30,406.1,12183.0,2025-07-22 12:42:55.454621
2025-07-22,105506,2025072204016831,PMHPL,Capital Max Securities Ltd,Imperial Securities Company Pvt. Ltd.,100,405.3,40530.0,2025-07-22 12:42:55.454655
2025-07-22,105505,2025072204016832,PMHPL,Linch Stock Market Ltd.,Imperial Securities Company Pvt. Ltd.,350,405.0,141750.0,2025-07-22 12:42:55.454685
2025-07-22,104853,2025072204016961,PMHPL,Linch Stock Market Ltd.,Online Securities Pvt. Ltd.,140,405.0,56700.0,2025-07-22 12:43:56.992009
2025-07-22,103223,2025072204017312,PMHPL,Siprabi Securities Pvt. Ltd.,Linch Stock Market Ltd.,10,405.1,4051.0,2025-07-22 12:47:08.539079
2025-07-22,101522,2025072204017661,PMHPL,Sweta Securities Private Limited,Kumari Securities Private Limited,10,405.3,4053.0,2025-07-22 12:49:58.037042
2025-07-22,101516,2025072204017662,PMHPL,Vision Securities Pvt. Ltd,Sundhara Securities Limited,10,410.9,4109.0,2025-07-22 12:49:59.378069
2025-07-22,98990,2025072204018316,PMHPL,Secured Securities Ltd.,Sumeru Securities Pvt. Ltd.,100,410.8,41080.0,2025-07-22 12:54:30.102516
2025-07-22,98807,2025072204018353,PMHPL,Trishakti Securities Public Limited,Sumeru Securities Pvt. Ltd.,100,410.8,41080.0,2025-07-22 12:54:47.287680
2025-07-22,98806,2025072204018354,PMHPL,Trishakti Securities Public Limited,Sundhara Securities Limited,40,410.9,16436.0,2025-07-22 12:54:47.287859
2025-07-22,98560,2025072204018427,PMHPL,Trishakti Securities Public Limited,Asian Securities Private Ltd.,60,410.9,24654.0,2025-07-22 12:55:20.634004
2025-07-22,96370,2025072204018881,PMHPL,Blue Chip Securities Ltd,Sumeru Securities Pvt. Ltd.,11,410.0,4510.0,2025-07-22 12:59:13.834148
2025-07-22,95877,2025072204019012,PMHPL,KALASH STOCK MARKET PVT. LTD.,Sumeru Securities Pvt. Ltd.,10,408.0,4080.0,2025-07-22 13:00:11.245715
2025-07-22,95876,2025072204019013,PMHPL,ABC Securities Private Limited,Sumeru Securities Pvt. Ltd.,100,407.0,40700.0,2025-07-22 13:00:11.245877
2025-07-22,95875,2025072204019014,PMHPL,Sani Securities Company Ltd.,Sumeru Securities Pvt. Ltd.,690,407.0,280830.0,2025-07-22 13:00:11.245935
2025-07-22,95760,2025072204019047,PMHPL,Hatemalo Financial Services Private Limited,Sumeru Securities Pvt. Ltd.,989,410.0,405490.0,2025-07-22 13:00:20.477096
2025-07-22,95759,2025072204019048,PMHPL,Hatemalo Financial Services Private Limited,Swarna Laxmi Securities Pvt. Ltd.,10,411.0,4110.0,2025-07-22 13:00:20.477218
2025-07-22,95758,2025072204019049,PMHPL,Hatemalo Financial Services Private Limited,Deevyaa Securities & Stock House Pvt. Ltd,158,411.0,64938.0,2025-07-22 13:00:20.477294
2025-07-22,95757,2025072204019050,PMHPL,Hatemalo Financial Services Private Limited,Blue Chip Securities Ltd,100,411.5,41150.0,2025-07-22 13:00:20.477397
2025-07-22,95756,2025072204019051,PMHPL,Hatemalo Financial Services Private Limited,Sundhara Securities Limited,10,411.9,4119.0,2025-07-22 13:00:20.477474
2025-07-22,95755,2025072204019052,PMHPL,Hatemalo Financial Services Private Limited,Sundhara Securities Limited,30,411.9,12357.0,2025-07-22 13:00:20.477551
2025-07-22,95754,2025072204019053,PMHPL,Hatemalo Financial Services Private Limited,Trisul Securities & Invt. Ltd.,90,412.0,37080.0,2025-07-22 13:00:20.477632
2025-07-22,95753,2025072204019054,PMHPL,Hatemalo Financial Services Private Limited,ABC Securities Private Limited,100,412.0,41200.0,2025-07-22 13:00:20.477707
2025-07-22,95752,2025072204019055,PMHPL,Hatemalo Financial Services Private Limited,Nepal Stock House (PVT) Ltd.,200,412.0,82400.0,2025-07-22 13:00:20.477782
2025-07-22,95751,2025072204019056,PMHPL,Hatemalo Financial Services Private Limited,Thrive Brokerage House Pvt. Ltd,10,412.0,4120.0,2025-07-22 13:00:20.477853
2025-07-22,95750,2025072204019057,PMHPL,Hatemalo Financial Services Private Limited,Thrive Brokerage House Pvt. Ltd,10,412.0,4120.0,2025-07-22 13:00:20.477927
2025-07-22,95749,2025072204019058,PMHPL,Hatemalo Financial Services Private Limited,Dipshikha Dhitopatra Karobar Co. Pvt Ltd.,100,412.0,41200.0,2025-07-22 13:00:20.478004
2025-07-22,95748,2025072204019059,PMHPL,Hatemalo Financial Services Private Limited,Dipshikha Dhitopatra Karobar Co. Pvt Ltd.,550,412.0,226600.0,2025-07-22 13:00:20.478095
2025-07-22,95747,2025072204019060,PMHPL,Hatemalo Financial Services Private Limited,Dakshinkali Investment & Securities Pvt. Ltd.,100,413.0,41300.0,2025-07-22 13:00:20.478172
2025-07-22,95746,2025072204019061,PMHPL,Hatemalo Financial Services Private Limited,Capital Hub P. Ltd,43,414.0,17802.0,2025-07-22 13:00:20.478249
2025-07-22,92768,2025072204019612,PMHPL,SHUBHAKAMANA SECURITIES PVT. LTD,Trisul Securities & Invt. Ltd.,10,408.0,4080.0,2025-07-22 13:05:22.133482
2025-07-22,89517,2025072204020288,PMHPL,Hatemalo Financial Services Private Limited,Naasa Securities Co. Ltd.,50,409.9,20495.0,2025-07-22 13:10:25.348208
2025-07-22,89516,2025072204020289,PMHPL,Hatemalo Financial Services Private Limited,Aryatara Investment & Securities,10,410.0,4100.0,2025-07-22 13:10:25.348288
2025-07-22,88996,2025072204020411,PMHPL,Hatemalo Financial Services Private Limited,Sumeru Securities Pvt. Ltd.,10,411.9,4119.0,2025-07-22 13:11:09.426990
2025-07-22,88843,2025072204020453,PMHPL,Naasa Securities Co. Ltd.,Sumeru Securities Pvt. Ltd.,20,411.9,8238.0,2025-07-22 13:11:25.428354
2025-07-22,88143,2025072204020556,PMHPL,Sweta Securities Private Limited,Infinity Securities Limited,500,411.0,205500.0,2025-07-22 13:12:06.223087
2025-07-22,88005,2025072204020584,PMHPL,Stoxkarts Securities Limited,Sumeru Securities Pvt. Ltd.,370,411.9,152403.0,2025-07-22 13:12:16.552084
2025-07-22,88004,2025072204020585,PMHPL,Stoxkarts Securities Limited,Infinity Securities Limited,500,411.9,205950.0,2025-07-22 13:12:16.552258
2025-07-22,88003,2025072204020586,PMHPL,Stoxkarts Securities Limited,Asian Securities Private Ltd.,130,412.0,53560.0,2025-07-22 13:12:16.552329
2025-07-22,85620,2025072204021149,PMHPL,Hatemalo Financial Services Private Limited,KALASH STOCK MARKET PVT. LTD.,50,411.0,20550.0,2025-07-22 13:15:33.834469
2025-07-22,85619,2025072204021150,PMHPL,Hatemalo Financial Services Private Limited,Oxford Securities Pvt. Ltd.,50,411.0,20550.0,2025-07-22 13:15:33.834565
2025-07-22,85618,2025072204021151,PMHPL,Hatemalo Financial Services Private Limited,Asian Securities Private Ltd.,370,412.0,152440.0,2025-07-22 13:15:33.834685
2025-07-22,85617,2025072204021152,PMHPL,Hatemalo Financial Services Private Limited,Nepal Investment And Securities Trading Private Limited,70,412.0,28840.0,2025-07-22 13:15:33.834759
2025-07-22,85616,2025072204021153,PMHPL,Hatemalo Financial Services Private Limited,Sani Securities Company Ltd.,20,412.0,8240.0,2025-07-22 13:15:33.834831
2025-07-22,85615,2025072204021154,PMHPL,Hatemalo Financial Services Private Limited,Infinity Securities Limited,440,412.0,181280.0,2025-07-22 13:15:33.834903
2025-07-22,84897,2025072204021382,PMHPL,Hatemalo Financial Services Private Limited,Infinity Securities Limited,560,412.0,230720.0,2025-07-22 13:16:45.932935
2025-07-22,84896,2025072204021383,PMHPL,Hatemalo Financial Services Private Limited,Nagarik Stock Dealer ,500,412.9,206450.0,2025-07-22 13:16:45.933100
2025-07-22,84880,2025072204021385,PMHPL,Hatemalo Financial Services Private Limited,Sumeru Securities Pvt. Ltd.,40,412.9,16516.0,2025-07-22 13:16:47.466885
2025-07-22,84749,2025072204021423,PMHPL,Midas Stock Broking Company Private Limited,Sumeru Securities Pvt. Ltd.,460,411.9,189474.0,2025-07-22 13:17:01.855584
2025-07-22,84643,2025072204021429,PMHPL,Midas Stock Broking Company Private Limited,Sumeru Securities Pvt. Ltd.,540,411.9,222426.0,2025-07-22 13:17:05.535271
2025-07-22,84642,2025072204021430,PMHPL,Online Securities Pvt. Ltd.,Sumeru Securities Pvt. Ltd.,50,409.0,20450.0,2025-07-22 13:17:05.535582
2025-07-22,84641,2025072204021431,PMHPL,Vision Securities Pvt. Ltd,Sumeru Securities Pvt. Ltd.,1410,409.0,576690.0,2025-07-22 13:17:05.535743
2025-07-22,84494,2025072204021465,PMHPL,Hatemalo Financial Services Private Limited,KALASH STOCK MARKET PVT. LTD.,10,413.0,4130.0,2025-07-22 13:17:17.989182
2025-07-22,84036,2025072204021547,PMHPL,Blue Chip Securities Ltd,Trishakti Securities Public Limited,9,407.0,3663.0,2025-07-22 13:18:04.326870
2025-07-22,83940,2025072204021562,PMHPL,Capital Max Securities Ltd,KALASH STOCK MARKET PVT. LTD.,190,413.0,78470.0,2025-07-22 13:18:15.541003
2025-07-22,83939,2025072204021563,PMHPL,Capital Max Securities Ltd,Sumeru Securities Pvt. Ltd.,300,413.0,123900.0,2025-07-22 13:18:15.541139
2025-07-22,83938,2025072204021564,PMHPL,Capital Max Securities Ltd,Blue Chip Securities Ltd,810,413.0,334530.0,2025-07-22 13:18:15.541192
2025-07-22,83788,2025072204021595,PMHPL,Blue Chip Securities Ltd,Online Securities Pvt. Ltd.,9,409.0,3681.0,2025-07-22 13:18:32.374750
2025-07-22,83744,2025072204021604,PMHPL,Neev Securities Pvt. Ltd.,Infinity Securities Limited,100,412.9,41290.0,2025-07-22 13:18:37.854680
2025-07-22,83743,2025072204021605,PMHPL,Capital Max Securities Ltd,Primo Securities (PVT) Ltd.,10,410.1,4101.0,2025-07-22 13:18:37.948526
2025-07-22,82927,2025072204021833,PMHPL,Capital Max Securities Ltd,Asian Securities Private Ltd.,190,410.1,77919.0,2025-07-22 13:19:44.911633
2025-07-22,82926,2025072204021834,PMHPL,Vision Securities Pvt. Ltd,Asian Securities Private Ltd.,650,410.0,266500.0,2025-07-22 13:19:44.911766
2025-07-22,80719,2025072204022510,PMHPL,Vision Securities Pvt. Ltd,Nepal Stock House (PVT) Ltd.,10,409.0,4090.0,2025-07-22 13:22:41.948237
2025-07-22,80625,2025072204022530,PMHPL,Vision Securities Pvt. Ltd,Shree Krishna Securities Ltd.,10,409.0,4090.0,2025-07-22 13:22:50.069269
2025-07-22,80000,2025072204022679,PMHPL,Vision Securities Pvt. Ltd,Asian Securities Private Ltd.,570,409.0,233130.0,2025-07-22 13:23:39.442721
2025-07-22,79852,2025072204022729,PMHPL,Aryatara Investment & Securities,Asian Securities Private Ltd.,335,408.1,136713.5,2025-07-22 13:23:51.502828
2025-07-22,79526,2025072204022842,PMHPL,Aryatara Investment & Securities,Sri Hari Securities Pvt. Ltd.,100,408.1,40810.0,2025-07-22 13:24:17.952756
2025-07-22,79448,2025072204022875,PMHPL,Hatemalo Financial Services Private Limited,Sumeru Securities Pvt. Ltd.,10,412.2,4122.0,2025-07-22 13:24:24.772480
2025-07-22,75165,2025072204024133,PMHPL,Online Securities Pvt. Ltd.,Elite Stock House Limited,70,409.0,28630.0,2025-07-22 13:30:18.568679
2025-07-22,75164,2025072204024134,PMHPL,Aryatara Investment & Securities,Elite Stock House Limited,930,409.0,380370.0,2025-07-22 13:30:18.568844
2025-07-22,73563,2025072204024596,PMHPL,Aryatara Investment & Securities,Blue Chip Securities Ltd,70,409.0,28630.0,2025-07-22 13:32:51.953494
2025-07-22,73562,2025072204024597,PMHPL,Linch Stock Market Ltd.,Blue Chip Securities Ltd,10,408.2,4082.0,2025-07-22 13:32:51.953595
2025-07-22,73561,2025072204024598,PMHPL,Aryatara Investment & Securities,Blue Chip Securities Ltd,65,408.1,26526.5,2025-07-22 13:32:51.953668
2025-07-22,73560,2025072204024599,PMHPL,SHUBHAKAMANA SECURITIES PVT. LTD,Blue Chip Securities Ltd,90,408.0,36720.0,2025-07-22 13:32:51.953743
2025-07-22,73559,2025072204024600,PMHPL,Imperial Securities Company Pvt. Ltd.,Blue Chip Securities Ltd,350,408.0,142800.0,2025-07-22 13:32:51.953809
2025-07-22,73558,2025072204024601,PMHPL,Trishakti Securities Public Limited,Blue Chip Securities Ltd,500,408.0,204000.0,2025-07-22 13:32:51.953872
2025-07-22,73557,2025072204024602,PMHPL,Kohinoor Investment & Securities Pvt. Ltd.,Blue Chip Securities Ltd,280,408.0,114240.0,2025-07-22 13:32:51.953972
2025-07-22,73556,2025072204024603,PMHPL,Sani Securities Company Ltd.,Blue Chip Securities Ltd,10,407.0,4070.0,2025-07-22 13:32:51.954059
2025-07-22,73555,2025072204024604,PMHPL,Bhrikuti Stock Broking Co. Pvt. Ltd.,Blue Chip Securities Ltd,500,407.0,203500.0,2025-07-22 13:32:51.954134
2025-07-22,73554,2025072204024605,PMHPL,Oxford Securities Pvt. Ltd.,Blue Chip Securities Ltd,570,407.0,231990.0,2025-07-22 13:32:51.954207
2025-07-22,73553,2025072204024606,PMHPL,Dipshikha Dhitopatra Karobar Co. Pvt Ltd.,Blue Chip Securities Ltd,855,407.0,347985.0,2025-07-22 13:32:51.954268
2025-07-22,73426,2025072204024648,PMHPL,Dipshikha Dhitopatra Karobar Co. Pvt Ltd.,Blue Chip Securities Ltd,15,407.0,6105.0,2025-07-22 13:33:05.984722
2025-07-22,73425,2025072204024649,PMHPL,Sweta Securities Private Limited,Blue Chip Securities Ltd,500,406.2,203100.0,2025-07-22 13:33:05.984774
2025-07-22,73424,2025072204024650,PMHPL,Vision Securities Pvt. Ltd,Blue Chip Securities Ltd,985,406.1,400008.5,2025-07-22 13:33:05.984799
2025-07-22,72519,2025072204024834,PMHPL,Vision Securities Pvt. Ltd,Vision Securities Pvt. Ltd,15,406.1,6091.5,2025-07-22 13:34:24.883633
2025-07-22,72475,2025072204024845,PMHPL,Himalayan Securities Limited,Sani Securities Company Ltd.,290,406.0,117740.0,2025-07-22 13:34:28.677671
2025-07-22,72395,2025072204024857,PMHPL,Hatemalo Financial Services Private Limited,Vision Securities Pvt. Ltd,85,406.1,34518.5,2025-07-22 13:34:35.997491
2025-07-22,72039,2025072204024951,PMHPL,Hatemalo Financial Services Private Limited,Malla & Malla Stock Broking Company Pvt. Limited,20,406.1,8122.0,2025-07-22 13:35:14.835360
2025-07-22,70370,2025072204025485,PMHPL,Hatemalo Financial Services Private Limited,Malla & Malla Stock Broking Company Pvt. Limited,50,406.1,20305.0,2025-07-22 13:38:01.842854
2025-07-22,70264,2025072204025525,PMHPL,Hatemalo Financial Services Private Limited,Dipshikha Dhitopatra Karobar Co. Pvt Ltd.,10,406.1,4061.0,2025-07-22 13:38:14.154712
2025-07-22,70153,2025072204025570,PMHPL,Hatemalo Financial Services Private Limited,Shree Krishna Securities Ltd.,10,406.1,4061.0,2025-07-22 13:38:28.122558
2025-07-22,70086,2025072204025593,PMHPL,Blue Chip Securities Ltd,Sani Securities Company Ltd.,10,409.8,4098.0,2025-07-22 13:38:36.603791
2025-07-22,67968,2025072204026201,PMHPL,ABC Securities Private Limited,Sri Hari Securities Pvt. Ltd.,50,408.0,20400.0,2025-07-22 13:42:17.963255
2025-07-22,67525,2025072204026284,PMHPL,Blue Chip Securities Ltd,S.P.S.A. Securities Limited,10,409.9,4099.0,2025-07-22 13:43:05.074148
2025-07-22,64282,2025072204027072,PMHPL,ABC Securities Private Limited,Property Wiard Limited,10,408.0,4080.0,2025-07-22 13:47:41.221729
2025-07-22,63782,2025072204027212,PMHPL,Trishakti Securities Public Limited,Trishakti Securities Public Limited,100,409.0,40900.0,2025-07-22 13:48:12.766018
2025-07-22,62399,2025072204027729,PMHPL,ABC Securities Private Limited,Swarna Laxmi Securities Pvt. Ltd.,10,408.0,4080.0,2025-07-22 13:50:26.128622
2025-07-22,61052,2025072204028261,PMHPL,Blue Chip Securities Ltd,S.P.S.A. Securities Limited,10,409.9,4099.0,2025-07-22 13:52:38.106806
2025-07-22,60727,2025072204028342,PMHPL,ABC Securities Private Limited,Blue Chip Securities Ltd,30,408.0,12240.0,2025-07-22 13:53:04.150046
2025-07-22,60726,2025072204028343,PMHPL,Thrive Brokerage House Pvt. Ltd,Blue Chip Securities Ltd,600,406.5,243900.0,2025-07-22 13:53:04.150107
2025-07-22,60725,2025072204028344,PMHPL,Vision Securities Pvt. Ltd,Blue Chip Securities Ltd,250,406.2,101550.0,2025-07-22 13:53:04.150137
2025-07-22,60724,2025072204028345,PMHPL,Hatemalo Financial Services Private Limited,Blue Chip Securities Ltd,825,406.1,335032.5,2025-07-22 13:53:04.150166
2025-07-22,60723,2025072204028346,PMHPL,Premier Securities Company Ltd.,Blue Chip Securities Ltd,395,406.0,160370.0,2025-07-22 13:53:04.150191
2025-07-22,60663,2025072204028354,PMHPL,Blue Chip Securities Ltd,S.P.S.A. Securities Limited,10,409.9,4099.0,2025-07-22 13:53:10.166121
2025-07-22,60308,2025072204028449,PMHPL,Premier Securities Company Ltd.,Kumari Securities Private Limited,100,406.0,40600.0,2025-07-22 13:53:46.282129
2025-07-22,59541,2025072204028748,PMHPL,Hatemalo Financial Services Private Limited,S.P.S.A. Securities Limited,10,409.9,4099.0,2025-07-22 13:54:52.177222
2025-07-22,57399,2025072204029142,PMHPL,S.P.S.A. Securities Limited,Property Wiard Limited,10,407.0,4070.0,2025-07-22 13:57:28.453334
2025-07-22,55788,2025072204029474,PMHPL,S.P.S.A. Securities Limited,Sundhara Securities Limited,10,407.0,4070.0,2025-07-22 13:59:27.957509
2025-07-22,54334,2025072204029812,PMHPL,Malla & Malla Stock Broking Company Pvt. Limited,S.P.S.A. Securities Limited,105,409.9,43039.5,2025-07-22 14:01:41.233706
2025-07-22,51581,2025072204030437,PMHPL,S.P.S.A. Securities Limited,Swarna Laxmi Securities Pvt. Ltd.,10,408.0,4080.0,2025-07-22 14:05:01.691335
2025-07-22,50484,2025072204030617,PMHPL,Blue Chip Securities Ltd,Imperial Securities Company Pvt. Ltd.,10,409.8,4098.0,2025-07-22 14:06:35.728914
2025-07-22,50219,2025072204030684,PMHPL,S.P.S.A. Securities Limited,Aryatara Investment & Securities,10,408.0,4080.0,2025-07-22 14:06:54.078601
2025-07-22,48816,2025072204031066,PMHPL,S.P.S.A. Securities Limited,Blue Chip Securities Ltd,30,407.0,12210.0,2025-07-22 14:08:56.017126
2025-07-22,48815,2025072204031067,PMHPL,Linch Stock Market Ltd.,Blue Chip Securities Ltd,170,407.0,69190.0,2025-07-22 14:08:56.017328
2025-07-22,47366,2025072204031357,PMHPL,Linch Stock Market Ltd.,Dipshikha Dhitopatra Karobar Co. Pvt Ltd.,10,407.0,4070.0,2025-07-22 14:10:45.303064
2025-07-22,47277,2025072204031373,PMHPL,Linch Stock Market Ltd.,Malla & Malla Stock Broking Company Pvt. Limited,20,407.0,8140.0,2025-07-22 14:10:54.070585
2025-07-22,47276,2025072204031374,PMHPL,S.P.S.A. Securities Limited,Malla & Malla Stock Broking Company Pvt. Limited,30,407.0,12210.0,2025-07-22 14:10:54.070842
2025-07-22,44046,2025072204032372,PMHPL,Sweta Securities Private Limited,Malla & Malla Stock Broking Company Pvt. Limited,50,407.1,20355.0,2025-07-22 14:14:59.440386
2025-07-22,43065,2025072204032614,PMHPL,Blue Chip Securities Ltd,Naasa Securities Co. Ltd.,10,408.0,4080.0,2025-07-22 14:16:20.864550
2025-07-22,42716,2025072204032698,PMHPL,BHOLE GANESH SECURITIES LTD,Naasa Securities Co. Ltd.,100,408.0,40800.0,2025-07-22 14:16:55.123557
2025-07-22,42555,2025072204032738,PMHPL,Sagarmatha Securities Private Limited,Naasa Securities Co. Ltd.,690,408.0,281520.0,2025-07-22 14:17:11.727592
2025-07-22,40403,2025072204033346,PMHPL,Sweta Securities Private Limited,J.F. Securites (PVT) Ltd.,450,407.1,183195.0,2025-07-22 14:19:55.122059
2025-07-22,40402,2025072204033347,PMHPL,S.P.S.A. Securities Limited,J.F. Securites (PVT) Ltd.,20,407.0,8140.0,2025-07-22 14:19:55.122224
2025-07-22,40401,2025072204033348,PMHPL,Naasa Securities Co. Ltd.,J.F. Securites (PVT) Ltd.,10,407.0,4070.0,2025-07-22 14:19:55.122286
2025-07-22,40400,2025072204033349,PMHPL,Imperial Securities Company Pvt. Ltd.,J.F. Securites (PVT) Ltd.,100,407.0,40700.0,2025-07-22 14:19:55.122358
2025-07-22,40399,2025072204033350,PMHPL,Primo Securities (PVT) Ltd.,J.F. Securites (PVT) Ltd.,1000,407.0,407000.0,2025-07-22 14:19:55.122415
2025-07-22,40398,2025072204033351,PMHPL,Vision Securities Pvt. Ltd,J.F. Securites (PVT) Ltd.,538,406.1,218481.8,2025-07-22 14:19:55.122475
2025-07-22,38973,2025072204033727,PMHPL,S.P.S.A. Securities Limited,Blue Chip Securities Ltd,20,407.0,8140.0,2025-07-22 14:21:45.436161
2025-07-22,38972,2025072204033728,PMHPL,Sagarmatha Securities Private Limited,Blue Chip Securities Ltd,2180,406.2,885516.0,2025-07-22 14:21:45.436241
2025-07-22,38927,2025072204033743,PMHPL,Blue Chip Securities Ltd,Imperial Securities Company Pvt. Ltd.,10,409.8,4098.0,2025-07-22 14:21:49.446064
2025-07-22,35409,2025072204034487,PMHPL,Siprabi Securities Pvt. Ltd.,South Asian Bulls Pvt. Ltd.,50,409.7,20485.0,2025-07-22 14:25:37.659085
2025-07-22,35388,2025072204034490,PMHPL,Naasa Securities Co. Ltd.,South Asian Bulls Pvt. Ltd.,50,409.7,20485.0,2025-07-22 14:25:38.806578
2025-07-22,35387,2025072204034491,PMHPL,Naasa Securities Co. Ltd.,Imperial Securities Company Pvt. Ltd.,80,409.8,32784.0,2025-07-22 14:25:38.806754
2025-07-22,35386,2025072204034492,PMHPL,Naasa Securities Co. Ltd.,South Asian Bulls Pvt. Ltd.,50,409.8,20490.0,2025-07-22 14:25:38.806816
2025-07-22,35385,2025072204034493,PMHPL,Naasa Securities Co. Ltd.,S.P.S.A. Securities Limited,55,409.9,22544.5,2025-07-22 14:25:38.806879
2025-07-22,35384,2025072204034494,PMHPL,Naasa Securities Co. Ltd.,J.F. Securites (PVT) Ltd.,100,410.0,41000.0,2025-07-22 14:25:38.806936
2025-07-22,35383,2025072204034495,PMHPL,Naasa Securities Co. Ltd.,Infinity Securities Limited,400,410.0,164000.0,2025-07-22 14:25:38.806992
2025-07-22,35382,2025072204034496,PMHPL,Naasa Securities Co. Ltd.,Arun Securities (PVT) Ltd.,100,410.0,41000.0,2025-07-22 14:25:38.807056
2025-07-22,35381,2025072204034497,PMHPL,Naasa Securities Co. Ltd.,Linch Stock Market Ltd.,10,410.0,4100.0,2025-07-22 14:25:38.807132
2025-07-22,35380,2025072204034498,PMHPL,Naasa Securities Co. Ltd.,Ashutosh Brokerage & Securities (PVT) Ltd.,132,410.0,54120.0,2025-07-22 14:25:38.807224
2025-07-22,33732,2025072204034943,PMHPL,Naasa Securities Co. Ltd.,Indira securities pvt. ltd,10,410.0,4100.0,2025-07-22 14:27:36.108625
2025-07-22,33440,2025072204035010,PMHPL,Sani Securities Company Ltd.,Miyo Securities Pvt Ltd,300,411.0,123300.0,2025-07-22 14:27:56.101515
2025-07-22,33439,2025072204035011,PMHPL,Sani Securities Company Ltd.,Trisul Securities & Invt. Ltd.,10,411.0,4110.0,2025-07-22 14:27:56.101837
2025-07-22,33307,2025072204035049,PMHPL,Sani Securities Company Ltd.,Imperial Securities Company Pvt. Ltd.,100,411.0,41100.0,2025-07-22 14:28:08.151879
2025-07-22,32396,2025072204035274,PMHPL,Sani Securities Company Ltd.,Bhrikuti Stock Broking Co. Pvt. Ltd.,90,411.0,36990.0,2025-07-22 14:29:18.142811
2025-07-22,31390,2025072204035529,PMHPL,Citizens Share Broker Limited,Midas Stock Broking Company Private Limited,30,411.0,12330.0,2025-07-22 14:30:29.276852
2025-07-22,31064,2025072204035612,PMHPL,Naasa Securities Co. Ltd.,Linch Stock Market Ltd.,13,410.0,5330.0,2025-07-22 14:30:52.751186
2025-07-22,31063,2025072204035613,PMHPL,Naasa Securities Co. Ltd.,Linch Stock Market Ltd.,2000,408.0,816000.0,2025-07-22 14:30:52.751228
2025-07-22,31062,2025072204035614,PMHPL,Sagarmatha Securities Private Limited,Linch Stock Market Ltd.,30,406.2,12186.0,2025-07-22 14:30:52.751425
2025-07-22,31061,2025072204035615,PMHPL,Vision Securities Pvt. Ltd,Linch Stock Market Ltd.,462,406.1,187618.2,2025-07-22 14:30:52.751473
2025-07-22,31060,2025072204035616,PMHPL,Sani Securities Company Ltd.,Linch Stock Market Ltd.,98,406.0,39788.0,2025-07-22 14:30:52.751563
2025-07-22,31059,2025072204035617,PMHPL,ABC Securities Private Limited,Linch Stock Market Ltd.,500,406.0,203000.0,2025-07-22 14:30:52.751676
2025-07-22,31058,2025072204035618,PMHPL,Thrive Brokerage House Pvt. Ltd,Linch Stock Market Ltd.,100,406.0,40600.0,2025-07-22 14:30:52.751707
2025-07-22,31057,2025072204035619,PMHPL,Dynamic Money Managers Securities Pvt. Ltd.,Linch Stock Market Ltd.,6797,406.0,2759582.0,2025-07-22 14:30:52.751727
2025-07-22,30621,2025072204035700,PMHPL,Linch Stock Market Ltd.,Capital Hub P. Ltd,10,411.0,4110.0,2025-07-22 14:31:29.167423
2025-07-22,30107,2025072204035826,PMHPL,Citizens Share Broker Limited,Sani Securities Company Ltd.,10,407.0,4070.0,2025-07-22 14:32:07.141804
2025-07-22,30056,2025072204035841,PMHPL,Opal Securities Investment (PVT) Ltd.,Vision Securities Pvt. Ltd,3,399.9,1199.7,2025-07-22 14:32:11.156150
2025-07-22,29453,2025072204035985,PMHPL,Citizens Share Broker Limited,Sri Hari Securities Pvt. Ltd.,31,407.0,12617.0,2025-07-22 14:32:59.793575
2025-07-22,26596,2025072204036612,PMHPL,Citizens Share Broker Limited,Sundhara Securities Limited,10,408.2,4082.0,2025-07-22 14:36:28.601265
2025-07-22,26595,2025072204036613,PMHPL,Dipshikha Dhitopatra Karobar Co. Pvt Ltd.,Sundhara Securities Limited,190,408.1,77539.0,2025-07-22 14:36:28.601463
2025-07-22,26180,2025072204036789,PMHPL,Vision Securities Pvt. Ltd,Ashutosh Brokerage & Securities (PVT) Ltd.,20,410.0,8200.0,2025-07-22 14:36:53.478459
2025-07-22,26122,2025072204036805,PMHPL,Dipshikha Dhitopatra Karobar Co. Pvt Ltd.,Imperial Securities Company Pvt. Ltd.,100,408.1,40810.0,2025-07-22 14:36:57.103936
2025-07-22,24947,2025072204037135,PMHPL,Dipshikha Dhitopatra Karobar Co. Pvt Ltd.,Malla & Malla Stock Broking Company Pvt. Limited,60,408.1,24486.0,2025-07-22 14:38:35.975235
2025-07-22,24248,2025072204037284,PMHPL,Thrive Brokerage House Pvt. Ltd,K.B.L. Securities Limited ,1000,408.2,408200.0,2025-07-22 14:39:37.681976
2025-07-22,24247,2025072204037285,PMHPL,Dipshikha Dhitopatra Karobar Co. Pvt Ltd.,K.B.L. Securities Limited ,650,408.1,265265.0,2025-07-22 14:39:37.682016
2025-07-22,24246,2025072204037286,PMHPL,Naasa Securities Co. Ltd.,K.B.L. Securities Limited ,1350,407.0,549450.0,2025-07-22 14:39:37.682043
2025-07-22,22778,2025072204037633,PMHPL,Naasa Securities Co. Ltd.,SHUBHAKAMANA SECURITIES PVT. LTD,200,407.0,81400.0,2025-07-22 14:41:22.717635
2025-07-22,21881,2025072204037853,PMHPL,Naasa Securities Co. Ltd.,SHUBHAKAMANA SECURITIES PVT. LTD,100,407.0,40700.0,2025-07-22 14:42:28.864270
2025-07-22,21540,2025072204037917,PMHPL,Naasa Securities Co. Ltd.,Sumeru Securities Pvt. Ltd.,75,407.0,30525.0,2025-07-22 14:42:58.645084
2025-07-22,20361,2025072204038207,PMHPL,Cristal Kanchanjanga Securites Pvt. Ltd.,Online Securities Pvt. Ltd.,400,409.0,163600.0,2025-07-22 14:44:14.748579
2025-07-22,17551,2025072204038919,PMHPL,Online Securities Pvt. Ltd.,INDEX SECURITIES LIMITED,50,407.2,20360.0,2025-07-22 14:47:04.458141
2025-07-22,16383,2025072204039203,PMHPL,Bhrikuti Stock Broking Co. Pvt. Ltd.,SHUBHAKAMANA SECURITIES PVT. LTD,100,408.0,40800.0,2025-07-22 14:48:18.791243
2025-07-22,16382,2025072204039204,PMHPL,Bhrikuti Stock Broking Co. Pvt. Ltd.,Online Securities Pvt. Ltd.,100,409.0,40900.0,2025-07-22 14:48:18.791461
2025-07-22,16381,2025072204039205,PMHPL,Bhrikuti Stock Broking Co. Pvt. Ltd.,J.F. Securites (PVT) Ltd.,300,409.0,122700.0,2025-07-22 14:48:18.791550
2025-07-22,14863,2025072204039614,PMHPL,Online Securities Pvt. Ltd.,Primo Securities (PVT) Ltd.,10,407.2,4072.0,2025-07-22 14:49:52.343564
2025-07-22,13515,2025072204040012,PMHPL,Dipshikha Dhitopatra Karobar Co. Pvt Ltd.,K.B.L. Securities Limited ,200,407.3,81460.0,2025-07-22 14:51:11.514658
2025-07-22,13514,2025072204040013,PMHPL,Online Securities Pvt. Ltd.,K.B.L. Securities Limited ,40,407.2,16288.0,2025-07-22 14:51:11.514828
2025-07-22,13513,2025072204040014,PMHPL,J.F. Securites (PVT) Ltd.,K.B.L. Securities Limited ,100,407.1,40710.0,2025-07-22 14:51:11.514894
2025-07-22,13512,2025072204040015,PMHPL,Elite Stock House Limited,K.B.L. Securities Limited ,100,407.1,40710.0,2025-07-22 14:51:11.514951
2025-07-22,13511,2025072204040016,PMHPL,Naasa Securities Co. Ltd.,K.B.L. Securities Limited ,60,407.0,24420.0,2025-07-22 14:51:11.515010
2025-07-22,13455,2025072204040033,PMHPL,Naasa Securities Co. Ltd.,K.B.L. Securities Limited ,215,407.0,87505.0,2025-07-22 14:51:17.531043
2025-07-22,13454,2025072204040034,PMHPL,Aryatara Investment & Securities,K.B.L. Securities Limited ,100,407.0,40700.0,2025-07-22 14:51:17.531377
2025-07-22,13453,2025072204040035,PMHPL,Asian Securities Private Ltd.,K.B.L. Securities Limited ,185,407.0,75295.0,2025-07-22 14:51:17.531549
2025-07-22,13359,2025072204040063,PMHPL,Asian Securities Private Ltd.,Secured Securities Ltd.,256,407.0,104192.0,2025-07-22 14:51:24.339281
2025-07-22,13261,2025072204040081,PMHPL,Asian Securities Private Ltd.,Imperial Securities Company Pvt. Ltd.,59,407.0,24013.0,2025-07-22 14:51:26.881774
2025-07-22,13260,2025072204040082,PMHPL,J.F. Securites (PVT) Ltd.,Imperial Securities Company Pvt. Ltd.,300,407.0,122100.0,2025-07-22 14:51:26.881853
2025-07-22,13259,2025072204040083,PMHPL,Primo Securities (PVT) Ltd.,Imperial Securities Company Pvt. Ltd.,75,407.0,30525.0,2025-07-22 14:51:26.881932
2025-07-22,13258,2025072204040084,PMHPL,K.B.L. Securities Limited ,Imperial Securities Company Pvt. Ltd.,266,406.2,108049.2,2025-07-22 14:51:26.882012
2025-07-22,12657,2025072204040252,PMHPL,Dipshikha Dhitopatra Karobar Co. Pvt Ltd.,Dakshinkali Investment & Securities Pvt. Ltd.,100,406.3,40630.0,2025-07-22 14:52:05.497628
2025-07-22,12614,2025072204040269,PMHPL,K.B.L. Securities Limited ,Magnet Securities and Investment Company Private Limited,234,406.2,95050.8,2025-07-22 14:52:07.477363
2025-07-22,12613,2025072204040270,PMHPL,Dynamic Money Managers Securities Pvt. Ltd.,Magnet Securities and Investment Company Private Limited,203,406.0,82418.0,2025-07-22 14:52:07.477510
2025-07-22,12612,2025072204040271,PMHPL,Primo Securities (PVT) Ltd.,Magnet Securities and Investment Company Private Limited,150,406.0,60900.0,2025-07-22 14:52:07.477570
2025-07-22,12611,2025072204040272,PMHPL,Dipshikha Dhitopatra Karobar Co. Pvt Ltd.,Magnet Securities and Investment Company Private Limited,313,406.0,127078.0,2025-07-22 14:52:07.477626
2025-07-22,12319,2025072204040357,PMHPL,Dipshikha Dhitopatra Karobar Co. Pvt Ltd.,K.B.L. Securities Limited ,187,406.0,75922.0,2025-07-22 14:52:23.694105
2025-07-22,12318,2025072204040358,PMHPL,Magnet Securities and Investment Company Private Limited,K.B.L. Securities Limited ,313,405.2,126827.6,2025-07-22 14:52:23.694170
2025-07-22,12297,2025072204040372,PMHPL,Magnet Securities and Investment Company Private Limited,SHUBHAKAMANA SECURITIES PVT. LTD,687,405.2,278372.4,2025-07-22 14:52:24.535171
2025-07-22,12296,2025072204040373,PMHPL,Vision Securities Pvt. Ltd,SHUBHAKAMANA SECURITIES PVT. LTD,100,405.1,40510.0,2025-07-22 14:52:24.535337
2025-07-22,12295,2025072204040374,PMHPL,Investment Management Nepal Pvt. Ltd.,SHUBHAKAMANA SECURITIES PVT. LTD,213,405.0,86265.0,2025-07-22 14:52:24.535402
2025-07-22,12123,2025072204040433,PMHPL,Investment Management Nepal Pvt. Ltd.,Linch Stock Market Ltd.,887,405.0,359235.0,2025-07-22 14:52:35.614521
2025-07-22,12122,2025072204040434,PMHPL,Sani Securities Company Ltd.,Linch Stock Market Ltd.,1000,405.0,405000.0,2025-07-22 14:52:35.614627
2025-07-22,12121,2025072204040435,PMHPL,Online Securities Pvt. Ltd.,Linch Stock Market Ltd.,100,405.0,40500.0,2025-07-22 14:52:35.614690
2025-07-22,12120,2025072204040436,PMHPL,Siprabi Securities Pvt. Ltd.,Linch Stock Market Ltd.,100,405.0,40500.0,2025-07-22 14:52:35.614755
2025-07-22,12119,2025072204040437,PMHPL,Opal Securities Investment (PVT) Ltd.,Linch Stock Market Ltd.,100,405.0,40500.0,2025-07-22 14:52:35.614818
2025-07-22,12118,2025072204040438,PMHPL,Capital Max Securities Ltd,Linch Stock Market Ltd.,100,404.2,40420.0,2025-07-22 14:52:35.614905
2025-07-22,12117,2025072204040439,PMHPL,Sani Securities Company Ltd.,Linch Stock Market Ltd.,20,404.0,8080.0,2025-07-22 14:52:35.614970
2025-07-22,12116,2025072204040440,PMHPL,Himalayan Securities Limited,Linch Stock Market Ltd.,110,404.0,44440.0,2025-07-22 14:52:35.615027
2025-07-22,12115,2025072204040441,PMHPL,Vision Securities Pvt. Ltd,Linch Stock Market Ltd.,250,404.0,101000.0,2025-07-22 14:52:35.615094
2025-07-22,12114,2025072204040442,PMHPL,Capital Max Securities Ltd,Linch Stock Market Ltd.,100,403.1,40310.0,2025-07-22 14:52:35.615173
2025-07-22,12113,2025072204040443,PMHPL,Agrawal Securities (PVT) Ltd.,Linch Stock Market Ltd.,300,403.1,120930.0,2025-07-22 14:52:35.615245
2025-07-22,12112,2025072204040444,PMHPL,Naasa Securities Co. Ltd.,Linch Stock Market Ltd.,100,402.0,40200.0,2025-07-22 14:52:35.615328
2025-07-22,12111,2025072204040445,PMHPL,Pragyan Securities (PVT) Ltd.,Linch Stock Market Ltd.,50,401.8,20090.0,2025-07-22 14:52:35.615396
2025-07-22,12110,2025072204040446,PMHPL,Midas Stock Broking Company Private Limited,Linch Stock Market Ltd.,100,401.0,40100.0,2025-07-22 14:52:35.615470
2025-07-22,12109,2025072204040447,PMHPL,Indira securities pvt. ltd,Linch Stock Market Ltd.,500,401.0,200500.0,2025-07-22 14:52:35.615546
2025-07-22,12108,2025072204040448,PMHPL,Nepal Stock House (PVT) Ltd.,Linch Stock Market Ltd.,200,401.0,80200.0,2025-07-22 14:52:35.615619
2025-07-22,12107,2025072204040449,PMHPL,Agrawal Securities (PVT) Ltd.,Linch Stock Market Ltd.,600,400.1,240060.0,2025-07-22 14:52:35.615709
2025-07-22,12106,2025072204040450,PMHPL,Premier Securities Company Ltd.,Linch Stock Market Ltd.,100,400.0,40000.0,2025-07-22 14:52:35.615784
2025-07-22,12105,2025072204040451,PMHPL,Sharepro Securities Private Limited,Linch Stock Market Ltd.,1000,400.0,400000.0,2025-07-22 14:52:35.615854
2025-07-22,12104,2025072204040452,PMHPL,INDEX SECURITIES LIMITED,Linch Stock Market Ltd.,10,400.0,4000.0,2025-07-22 14:52:35.615934
2025-07-22,12103,2025072204040453,PMHPL,Aryatara Investment & Securities,Linch Stock Market Ltd.,110,400.0,44000.0,2025-07-22 14:52:35.616005
2025-07-22,12102,2025072204040454,PMHPL,Investment Management Nepal Pvt. Ltd.,Linch Stock Market Ltd.,1000,399.6,399600.0,2025-07-22 14:52:35.616097
2025-07-22,12101,2025072204040455,PMHPL,Neev Securities Pvt. Ltd.,Linch Stock Market Ltd.,100,399.5,39950.0,2025-07-22 14:52:35.616167
2025-07-22,12100,2025072204040456,PMHPL,BHOLE GANESH SECURITIES LTD,Linch Stock Market Ltd.,3000,399.5,1198500.0,2025-07-22 14:52:35.616237
2025-07-22,12099,2025072204040457,PMHPL,Asian Securities Private Ltd.,Linch Stock Market Ltd.,1000,399.0,399000.0,2025-07-22 14:52:35.616305
2025-07-22,12098,2025072204040458,PMHPL,Blue Chip Securities Ltd,Linch Stock Market Ltd.,500,399.0,199500.0,2025-07-22 14:52:35.616411
2025-07-22,12097,2025072204040459,PMHPL,Sweta Securities Private Limited,Linch Stock Market Ltd.,300,397.9,119370.0,2025-07-22 14:52:35.616482
2025-07-22,12096,2025072204040460,PMHPL,Secured Securities Ltd.,Linch Stock Market Ltd.,100,397.0,39700.0,2025-07-22 14:52:35.616555
2025-07-22,12095,2025072204040461,PMHPL,Sri Hari Securities Pvt. Ltd.,Linch Stock Market Ltd.,200,396.0,79200.0,2025-07-22 14:52:35.616629
2025-07-22,12094,2025072204040462,PMHPL,Investment Management Nepal Pvt. Ltd.,Linch Stock Market Ltd.,200,395.2,79040.0,2025-07-22 14:52:35.616729
2025-07-22,12093,2025072204040463,PMHPL,Blue Chip Securities Ltd,Linch Stock Market Ltd.,500,395.1,197550.0,2025-07-22 14:52:35.616797
2025-07-22,12092,2025072204040464,PMHPL,Agrawal Securities (PVT) Ltd.,Linch Stock Market Ltd.,20,395.1,7902.0,2025-07-22 14:52:35.616865
2025-07-22,9008,2025072204041269,PMHPL,Capital Max Securities Ltd,SHUBHAKAMANA SECURITIES PVT. LTD,100,403.0,40300.0,2025-07-22 14:55:05.683485
2025-07-22,9007,2025072204041270,PMHPL,Capital Max Securities Ltd,Naasa Securities Co. Ltd.,100,403.0,40300.0,2025-07-22 14:55:05.683662
2025-07-22,9006,2025072204041271,PMHPL,Capital Max Securities Ltd,J.F. Securites (PVT) Ltd.,200,403.0,80600.0,2025-07-22 14:55:05.683728
2025-07-22,8671,2025072204041348,PMHPL,Sweta Securities Private Limited,J.F. Securites (PVT) Ltd.,10,406.0,4060.0,2025-07-22 14:55:16.659175
2025-07-22,6976,2025072204041829,PMHPL,Primo Securities (PVT) Ltd.,Dakshinkali Investment & Securities Pvt. Ltd.,60,401.0,24060.0,2025-07-22 14:56:38.600059
2025-07-22,6975,2025072204041830,PMHPL,Dipshikha Dhitopatra Karobar Co. Pvt Ltd.,Dakshinkali Investment & Securities Pvt. Ltd.,300,400.0,120000.0,2025-07-22 14:56:38.600211
2025-07-22,6598,2025072204041939,PMHPL,Capital Max Securities Ltd,Dakshinkali Investment & Securities Pvt. Ltd.,40,400.0,16000.0,2025-07-22 14:56:56.196673
2025-07-22,6110,2025072204042058,PMHPL,Capital Max Securities Ltd,Blue Chip Securities Ltd,10,399.2,3992.0,2025-07-22 14:57:15.544219
2025-07-22,5756,2025072204042120,PMHPL,Thrive Brokerage House Pvt. Ltd,Blue Chip Securities Ltd,10,400.0,4000.0,2025-07-22 14:57:27.577799
2025-07-22,5616,2025072204042216,PMHPL,Thrive Brokerage House Pvt. Ltd,Imperial Securities Company Pvt. Ltd.,90,400.0,36000.0,2025-07-22 14:57:30.484576
2025-07-22,5615,2025072204042217,PMHPL,Aryatara Investment & Securities,Imperial Securities Company Pvt. Ltd.,50,400.0,20000.0,2025-07-22 14:57:30.484643
2025-07-22,5614,2025072204042218,PMHPL,Capital Max Securities Ltd,Imperial Securities Company Pvt. Ltd.,90,399.2,35928.0,2025-07-22 14:57:30.484670
2025-07-22,5613,2025072204042219,PMHPL,Trishakti Securities Public Limited,Imperial Securities Company Pvt. Ltd.,470,399.1,187577.0,2025-07-22 14:57:30.484696
2025-07-22,5056,2025072204042357,PMHPL,Trishakti Securities Public Limited,Imperial Securities Company Pvt. Ltd.,10,399.1,3991.0,2025-07-22 14:57:53.421357
2025-07-22,4686,2025072204042464,PMHPL,Magnet Securities and Investment Company Private Limited,J.F. Securites (PVT) Ltd.,500,399.2,199600.0,2025-07-22 14:58:04.580221
2025-07-22,4685,2025072204042465,PMHPL,Trishakti Securities Public Limited,J.F. Securites (PVT) Ltd.,20,399.1,7982.0,2025-07-22 14:58:04.580372
2025-07-22,4684,2025072204042466,PMHPL,Thrive Brokerage House Pvt. Ltd,J.F. Securites (PVT) Ltd.,500,399.0,199500.0,2025-07-22 14:58:04.580434
2025-07-22,4683,2025072204042467,PMHPL,Siprabi Securities Pvt. Ltd.,J.F. Securites (PVT) Ltd.,200,399.0,79800.0,2025-07-22 14:58:04.580492
2025-07-22,4558,2025072204042515,PMHPL,Dakshinkali Investment & Securities Pvt. Ltd.,J.F. Securites (PVT) Ltd.,150,399.0,59850.0,2025-07-22 14:58:09.833882
2025-07-22,4309,2025072204042592,PMHPL,Aryatara Investment & Securities,J.F. Securites (PVT) Ltd.,20,399.0,7980.0,2025-07-22 14:58:18.528619
2025-07-22,3950,2025072204042700,PMHPL,Sumeru Securities Pvt. Ltd.,J.F. Securites (PVT) Ltd.,20,399.0,7980.0,2025-07-22 14:58:27.579180
2025-07-22,3934,2025072204042706,PMHPL,Capital Max Securities Ltd,Blue Chip Securities Ltd,10,398.1,3981.0,2025-07-22 14:58:27.694193
2025-07-22,2931,2025072204043003,PMHPL,Capital Max Securities Ltd,J.F. Securites (PVT) Ltd.,90,398.1,35829.0,2025-07-22 14:58:57.962097
2025-07-22,2930,2025072204043004,PMHPL,Bhrikuti Stock Broking Co. Pvt. Ltd.,J.F. Securites (PVT) Ltd.,300,398.1,119430.0,2025-07-22 14:58:57.962270
2025-07-22,2929,2025072204043005,PMHPL,Indira securities pvt. ltd,J.F. Securites (PVT) Ltd.,200,398.0,79600.0,2025-07-22 14:58:57.962345
2025-07-22,2928,2025072204043006,PMHPL,Nepal Stock House (PVT) Ltd.,J.F. Securites (PVT) Ltd.,100,398.0,39800.0,2025-07-22 14:58:57.962402
2025-07-22,2927,2025072204043007,PMHPL,J.F. Securites (PVT) Ltd.,J.F. Securites (PVT) Ltd.,100,398.0,39800.0,2025-07-22 14:58:57.962456
2025-07-22,2926,2025072204043008,PMHPL,Capital Max Securities Ltd,J.F. Securites (PVT) Ltd.,100,397.2,39720.0,2025-07-22 14:58:57.962513
2025-07-22,2925,2025072204043009,PMHPL,Capital Max Securities Ltd,J.F. Securites (PVT) Ltd.,100,397.2,39720.0,2025-07-22 14:58:57.962575
2025-07-22,2924,2025072204043010,PMHPL,Trishakti Securities Public Limited,J.F. Securites (PVT) Ltd.,1000,397.0,397000.0,2025-07-22 14:58:57.962627
2025-07-22,2923,2025072204043011,PMHPL,Primo Securities (PVT) Ltd.,J.F. Securites (PVT) Ltd.,2000,397.0,794000.0,2025-07-22 14:58:57.962681
2025-07-22,2697,2025072204043090,PMHPL,Blue Chip Securities Ltd,J.F. Securites (PVT) Ltd.,590,397.0,234230.0,2025-07-22 14:59:05.769878
2025-07-22,2537,2025072204043156,PMHPL,Blue Chip Securities Ltd,Cristal Kanchanjanga Securites Pvt. Ltd.,285,397.1,113173.5,2025-07-22 14:59:10.874931
2025-07-22,2277,2025072204043241,PMHPL,Blue Chip Securities Ltd,Nepal Stock House (PVT) Ltd.,70,397.2,27804.0,2025-07-22 14:59:16.147089
2025-07-22,1780,2025072204043400,PMHPL,Sani Securities Company Ltd.,Malla & Malla Stock Broking Company Pvt. Limited,780,399.0,311220.0,2025-07-22 14:59:26.131788
2025-07-22,1627,2025072204043427,PMHPL,South Asian Bulls Pvt. Ltd.,Naasa Securities Co. Ltd.,20,398.3,7966.0,2025-07-22 14:59:28.923179
2025-07-22,1428,2025072204043490,PMHPL,Ashutosh Brokerage & Securities (PVT) Ltd.,Malla & Malla Stock Broking Company Pvt. Limited,200,399.0,79800.0,2025-07-22 14:59:32.870287
2025-07-22,825,2025072204043679,PMHPL,Sani Securities Company Ltd.,Malla & Malla Stock Broking Company Pvt. Limited,20,399.0,7980.0,2025-07-22 14:59:44.896963
2025-07-22,734,2025072204043691,PMHPL,South Asian Bulls Pvt. Ltd.,Vision Securities Pvt. Ltd,200,398.3,79660.0,2025-07-22 14:59:46.021284
2025-07-22,189,2025072204043879,PMHPL,Trishakti Securities Public Limited,Malla & Malla Stock Broking Company Pvt. Limited,455,399.0,181545.0,2025-07-22 14:59:56.388248
