Date,S.N.,Contract ID,Symbol,Buyer Broker,Seller Broker,volume,rate,amount,transaction_time
2025-07-22,177066,2025072204000018,RADHI,Ashutosh Brokerage & Securities (PVT) Ltd.,Bhrikuti Stock Broking Co. Pvt. Ltd.,10,825.4,8254.0,2025-07-22 10:46:00.046521
2025-07-22,176875,2025072204000058,RADHI,Linch Stock Market Ltd.,SUN SECURITIES PVT LTD,100,820.0,82000.0,2025-07-22 11:00:42.745038
2025-07-22,176851,2025072204000061,RADHI,KALASH STOCK MARKET PVT. LTD.,SUN SECURITIES PVT LTD,100,820.0,82000.0,2025-07-22 11:00:51.853742
2025-07-22,176845,2025072204000062,RADHI,Vision Securities Pvt. Ltd,N.M.B. SECURITIES LIMITED,100,824.0,82400.0,2025-07-22 11:00:52.732901
2025-07-22,176779,2025072204000078,RADHI,Online Securities Pvt. Ltd.,Siprabi Securities Pvt. Ltd.,100,820.0,82000.0,2025-07-22 11:01:06.835020
2025-07-22,176778,2025072204000079,RADHI,Online Securities Pvt. Ltd.,N.M.B. SECURITIES LIMITED,400,824.0,329600.0,2025-07-22 11:01:06.835112
2025-07-22,176711,2025072204000091,RADHI,KALASH STOCK MARKET PVT. LTD.,Deevyaa Securities & Stock House Pvt. Ltd,100,819.5,81950.0,2025-07-22 11:01:21.321027
2025-07-22,176643,2025072204000102,RADHI,Neev Securities Pvt. Ltd.,SUN SECURITIES PVT LTD,500,820.0,410000.0,2025-07-22 11:01:30.801510
2025-07-22,176640,2025072204000105,RADHI,Dakshinkali Investment & Securities Pvt. Ltd.,SUN SECURITIES PVT LTD,200,820.0,164000.0,2025-07-22 11:01:31.046841
2025-07-22,176614,2025072204000115,RADHI,Sani Securities Company Ltd.,SUN SECURITIES PVT LTD,2000,820.0,1640000.0,2025-07-22 11:01:33.608519
2025-07-22,176611,2025072204000117,RADHI,Neev Securities Pvt. Ltd.,SUN SECURITIES PVT LTD,500,820.0,410000.0,2025-07-22 11:01:34.833962
2025-07-22,176606,2025072204000118,RADHI,Neev Securities Pvt. Ltd.,SUN SECURITIES PVT LTD,500,820.0,410000.0,2025-07-22 11:01:36.848581
2025-07-22,176589,2025072204000124,RADHI,Neev Securities Pvt. Ltd.,Sani Securities Company Ltd.,500,819.0,409500.0,2025-07-22 11:01:40.868635
2025-07-22,176576,2025072204000125,RADHI,Online Securities Pvt. Ltd.,SUN SECURITIES PVT LTD,190,820.0,155800.0,2025-07-22 11:01:41.235968
2025-07-22,176543,2025072204000128,RADHI,Neev Securities Pvt. Ltd.,SUN SECURITIES PVT LTD,500,820.0,410000.0,2025-07-22 11:01:44.894374
2025-07-22,176527,2025072204000133,RADHI,Neev Securities Pvt. Ltd.,SUN SECURITIES PVT LTD,500,820.0,410000.0,2025-07-22 11:01:46.901969
2025-07-22,176515,2025072204000136,RADHI,Himalayan Securities Limited,SUN SECURITIES PVT LTD,110,820.0,90200.0,2025-07-22 11:01:48.064201
2025-07-22,176514,2025072204000137,RADHI,Himalayan Securities Limited,Sani Securities Company Ltd.,210,820.0,172200.0,2025-07-22 11:01:48.064351
2025-07-22,176513,2025072204000138,RADHI,Himalayan Securities Limited,Deevyaa Securities & Stock House Pvt. Ltd,200,820.0,164000.0,2025-07-22 11:01:48.064396
2025-07-22,176512,2025072204000139,RADHI,Himalayan Securities Limited,Dakshinkali Investment & Securities Pvt. Ltd.,400,820.0,328000.0,2025-07-22 11:01:48.064433
2025-07-22,176503,2025072204000141,RADHI,Himalayan Securities Limited,Vision Securities Pvt. Ltd,80,820.0,65600.0,2025-07-22 11:01:49.542363
2025-07-22,176502,2025072204000142,RADHI,Dynamic Money Managers Securities Pvt. Ltd.,Vision Securities Pvt. Ltd,500,820.0,410000.0,2025-07-22 11:01:49.542537
2025-07-22,176492,2025072204000143,RADHI,KALASH STOCK MARKET PVT. LTD.,Vision Securities Pvt. Ltd,200,820.0,164000.0,2025-07-22 11:01:51.413818
2025-07-22,176454,2025072204000147,RADHI,Bhrikuti Stock Broking Co. Pvt. Ltd.,Vision Securities Pvt. Ltd,220,820.0,180400.0,2025-07-22 11:01:55.694751
2025-07-22,176327,2025072204000174,RADHI,Online Securities Pvt. Ltd.,Kohinoor Investment & Securities Pvt. Ltd.,175,822.9,144007.5,2025-07-22 11:02:11.694995
2025-07-22,176326,2025072204000175,RADHI,Online Securities Pvt. Ltd.,Siprabi Securities Pvt. Ltd.,325,823.0,267475.0,2025-07-22 11:02:11.695106
2025-07-22,176266,2025072204000192,RADHI,Neev Securities Pvt. Ltd.,Siprabi Securities Pvt. Ltd.,175,823.0,144025.0,2025-07-22 11:02:19.312723
2025-07-22,176265,2025072204000193,RADHI,Neev Securities Pvt. Ltd.,Ashutosh Brokerage & Securities (PVT) Ltd.,325,823.8,267735.0,2025-07-22 11:02:19.312808
2025-07-22,176230,2025072204000203,RADHI,Neev Securities Pvt. Ltd.,Opal Securities Investment (PVT) Ltd.,100,822.0,82200.0,2025-07-22 11:02:23.331622
2025-07-22,176229,2025072204000204,RADHI,Neev Securities Pvt. Ltd.,Ashutosh Brokerage & Securities (PVT) Ltd.,175,823.8,144165.0,2025-07-22 11:02:23.331719
2025-07-22,176228,2025072204000205,RADHI,Neev Securities Pvt. Ltd.,Investment Management Nepal Pvt. Ltd.,84,823.8,69199.2,2025-07-22 11:02:23.331744
2025-07-22,176227,2025072204000206,RADHI,Neev Securities Pvt. Ltd.,Neev Securities Pvt. Ltd.,141,823.9,116169.9,2025-07-22 11:02:23.331768
2025-07-22,176214,2025072204000208,RADHI,Sri Hari Securities Pvt. Ltd.,Neev Securities Pvt. Ltd.,200,823.9,164780.0,2025-07-22 11:02:24.878524
2025-07-22,176175,2025072204000217,RADHI,KALASH STOCK MARKET PVT. LTD.,Aryatara Investment & Securities,100,823.8,82380.0,2025-07-22 11:02:29.312098
2025-07-22,176098,2025072204000227,RADHI,KALASH STOCK MARKET PVT. LTD.,Himalayan Securities Limited,100,823.8,82380.0,2025-07-22 11:02:36.178370
2025-07-22,176053,2025072204000234,RADHI,Sri Hari Securities Pvt. Ltd.,SHUBHAKAMANA SECURITIES PVT. LTD,600,821.0,492600.0,2025-07-22 11:02:43.454598
2025-07-22,176052,2025072204000235,RADHI,Vision Securities Pvt. Ltd,SHUBHAKAMANA SECURITIES PVT. LTD,400,821.0,328400.0,2025-07-22 11:02:43.454781
2025-07-22,176016,2025072204000241,RADHI,Bhrikuti Stock Broking Co. Pvt. Ltd.,Sani Securities Company Ltd.,600,821.1,492660.0,2025-07-22 11:02:48.790431
2025-07-22,175935,2025072204000262,RADHI,Bhrikuti Stock Broking Co. Pvt. Ltd.,Asian Securities Private Ltd.,30,821.1,24633.0,2025-07-22 11:02:57.674320
2025-07-22,175934,2025072204000263,RADHI,Vision Securities Pvt. Ltd,Asian Securities Private Ltd.,17,821.0,13957.0,2025-07-22 11:02:57.674427
2025-07-22,175895,2025072204000271,RADHI,Infinity Securities Limited,Naasa Securities Co. Ltd.,200,822.0,164400.0,2025-07-22 11:03:02.812664
2025-07-22,175894,2025072204000272,RADHI,Vision Securities Pvt. Ltd,Naasa Securities Co. Ltd.,83,821.0,68143.0,2025-07-22 11:03:02.812860
2025-07-22,175883,2025072204000274,RADHI,Online Securities Pvt. Ltd.,Naasa Securities Co. Ltd.,59,821.0,48439.0,2025-07-22 11:03:04.389602
2025-07-22,175837,2025072204000278,RADHI,Sajilo Broker Limited,Naasa Securities Co. Ltd.,158,821.0,129718.0,2025-07-22 11:03:10.166864
2025-07-22,175836,2025072204000279,RADHI,Sajilo Broker Limited,Sri Hari Securities Pvt. Ltd.,250,821.0,205250.0,2025-07-22 11:03:10.166982
2025-07-22,175751,2025072204000315,RADHI,Sajilo Broker Limited,Sri Hari Securities Pvt. Ltd.,92,821.0,75532.0,2025-07-22 11:03:22.211047
2025-07-22,175674,2025072204000351,RADHI,Linch Stock Market Ltd.,Market Securities & Exchange (PVT) Ltd.,50,820.0,41000.0,2025-07-22 11:03:30.616833
2025-07-22,175670,2025072204000352,RADHI,Sani Securities Company Ltd.,Market Securities & Exchange (PVT) Ltd.,20,820.0,16400.0,2025-07-22 11:03:31.628828
2025-07-22,175566,2025072204000371,RADHI,Siprabi Securities Pvt. Ltd.,Sri Hari Securities Pvt. Ltd.,120,819.0,98280.0,2025-07-22 11:03:44.715143
2025-07-22,175565,2025072204000372,RADHI,Opal Securities Investment (PVT) Ltd.,Sri Hari Securities Pvt. Ltd.,100,819.0,81900.0,2025-07-22 11:03:44.715276
2025-07-22,175476,2025072204000385,RADHI,Infinity Securities Limited,Sri Hari Securities Pvt. Ltd.,50,819.0,40950.0,2025-07-22 11:03:58.129477
2025-07-22,175244,2025072204000428,RADHI,Infinity Securities Limited,Sri Hari Securities Pvt. Ltd.,50,819.0,40950.0,2025-07-22 11:04:26.211228
2025-07-22,175234,2025072204000430,RADHI,KALASH STOCK MARKET PVT. LTD.,Online Securities Pvt. Ltd.,100,817.0,81700.0,2025-07-22 11:04:27.649237
2025-07-22,175233,2025072204000431,RADHI,Vision Securities Pvt. Ltd,Online Securities Pvt. Ltd.,20,817.0,16340.0,2025-07-22 11:04:27.649372
2025-07-22,175128,2025072204000454,RADHI,Pragyan Securities (PVT) Ltd.,Online Securities Pvt. Ltd.,200,817.0,163400.0,2025-07-22 11:04:40.781761
2025-07-22,175038,2025072204000472,RADHI,Infinity Securities Limited,Online Securities Pvt. Ltd.,50,817.0,40850.0,2025-07-22 11:04:50.268653
2025-07-22,175003,2025072204000484,RADHI,Sajilo Broker Limited,Online Securities Pvt. Ltd.,300,817.0,245100.0,2025-07-22 11:04:56.402235
2025-07-22,174990,2025072204000486,RADHI,ABC Securities Private Limited,Linch Stock Market Ltd.,100,816.1,81610.0,2025-07-22 11:04:57.748583
2025-07-22,174908,2025072204000519,RADHI,Dipshikha Dhitopatra Karobar Co. Pvt Ltd.,Sumeru Securities Pvt. Ltd.,47,816.0,38352.0,2025-07-22 11:05:06.670806
2025-07-22,174735,2025072204000547,RADHI,Dynamic Money Managers Securities Pvt. Ltd.,Dipshikha Dhitopatra Karobar Co. Pvt Ltd.,25,816.1,20402.5,2025-07-22 11:05:23.350388
2025-07-22,174734,2025072204000548,RADHI,Dynamic Money Managers Securities Pvt. Ltd.,Online Securities Pvt. Ltd.,330,817.0,269610.0,2025-07-22 11:05:23.350646
2025-07-22,174733,2025072204000549,RADHI,Dynamic Money Managers Securities Pvt. Ltd.,Opal Securities Investment (PVT) Ltd.,45,817.0,36765.0,2025-07-22 11:05:23.350815
2025-07-22,174588,2025072204000589,RADHI,Vision Securities Pvt. Ltd,Opal Securities Investment (PVT) Ltd.,50,817.0,40850.0,2025-07-22 11:05:36.547964
2025-07-22,174535,2025072204000592,RADHI,Infinity Securities Limited,Opal Securities Investment (PVT) Ltd.,12,817.0,9804.0,2025-07-22 11:05:42.410457
2025-07-22,174534,2025072204000593,RADHI,Infinity Securities Limited,Dynamic Money Managers Securities Pvt. Ltd.,38,817.0,31046.0,2025-07-22 11:05:42.410588
2025-07-22,174457,2025072204000625,RADHI,ABC Securities Private Limited,Market Securities & Exchange (PVT) Ltd.,25,816.1,20402.5,2025-07-22 11:05:51.156008
2025-07-22,174456,2025072204000626,RADHI,Dipshikha Dhitopatra Karobar Co. Pvt Ltd.,Market Securities & Exchange (PVT) Ltd.,53,816.0,43248.0,2025-07-22 11:05:51.156150
2025-07-22,174455,2025072204000627,RADHI,Capital Max Securities Ltd,Market Securities & Exchange (PVT) Ltd.,352,816.0,287232.0,2025-07-22 11:05:51.156215
2025-07-22,174434,2025072204000632,RADHI,Capital Max Securities Ltd,Primo Securities (PVT) Ltd.,48,816.0,39168.0,2025-07-22 11:05:54.010173
2025-07-22,174433,2025072204000633,RADHI,Imperial Securities Company Pvt. Ltd.,Primo Securities (PVT) Ltd.,102,816.0,83232.0,2025-07-22 11:05:54.010541
2025-07-22,174236,2025072204000665,RADHI,Imperial Securities Company Pvt. Ltd.,Opal Securities Investment (PVT) Ltd.,98,816.0,79968.0,2025-07-22 11:06:07.282441
2025-07-22,174061,2025072204000690,RADHI,Sani Securities Company Ltd.,Kalika Securities Pvt. Ltd.,100,815.1,81510.0,2025-07-22 11:06:22.460238
2025-07-22,174052,2025072204000693,RADHI,Sani Securities Company Ltd.,Miyo Securities Pvt Ltd,30,815.1,24453.0,2025-07-22 11:06:23.790245
2025-07-22,173914,2025072204000727,RADHI,Sani Securities Company Ltd.,SUN SECURITIES PVT LTD,200,815.1,163020.0,2025-07-22 11:06:41.908249
2025-07-22,173772,2025072204000771,RADHI,Infinity Securities Limited,Opal Securities Investment (PVT) Ltd.,100,816.0,81600.0,2025-07-22 11:06:58.966222
2025-07-22,173713,2025072204000792,RADHI,Sani Securities Company Ltd.,Sharepro Securities Private Limited,100,815.1,81510.0,2025-07-22 11:07:06.205270
2025-07-22,173711,2025072204000794,RADHI,Sani Securities Company Ltd.,R.B.B. Securities Company Ltd,70,815.1,57057.0,2025-07-22 11:07:06.991086
2025-07-22,173710,2025072204000795,RADHI,Nepal Stock House (PVT) Ltd.,R.B.B. Securities Company Ltd,200,815.0,163000.0,2025-07-22 11:07:06.991378
2025-07-22,173709,2025072204000796,RADHI,Dipshikha Dhitopatra Karobar Co. Pvt Ltd.,R.B.B. Securities Company Ltd,200,815.0,163000.0,2025-07-22 11:07:06.991555
2025-07-22,173708,2025072204000797,RADHI,Naasa Securities Co. Ltd.,R.B.B. Securities Company Ltd,30,815.0,24450.0,2025-07-22 11:07:06.991723
2025-07-22,173566,2025072204000823,RADHI,Aryatara Investment & Securities,Opal Securities Investment (PVT) Ltd.,120,815.0,97800.0,2025-07-22 11:07:21.781801
2025-07-22,173503,2025072204000835,RADHI,Aryatara Investment & Securities,Opal Securities Investment (PVT) Ltd.,257,815.0,209455.0,2025-07-22 11:07:29.345051
2025-07-22,173502,2025072204000836,RADHI,Aryatara Investment & Securities,Sumeru Securities Pvt. Ltd.,100,815.0,81500.0,2025-07-22 11:07:29.345368
2025-07-22,173368,2025072204000868,RADHI,Aryatara Investment & Securities,SUN SECURITIES PVT LTD,143,815.0,116545.0,2025-07-22 11:07:44.043685
2025-07-22,173051,2025072204000947,RADHI,Naasa Securities Co. Ltd.,Dynamic Money Managers Securities Pvt. Ltd.,18,812.0,14616.0,2025-07-22 11:08:14.393564
2025-07-22,173050,2025072204000948,RADHI,Sajilo Broker Limited,Dynamic Money Managers Securities Pvt. Ltd.,100,812.0,81200.0,2025-07-22 11:08:14.393728
2025-07-22,173049,2025072204000949,RADHI,Magnet Securities and Investment Company Private Limited,Dynamic Money Managers Securities Pvt. Ltd.,100,812.0,81200.0,2025-07-22 11:08:14.393793
2025-07-22,173048,2025072204000950,RADHI,Trishakti Securities Public Limited,Dynamic Money Managers Securities Pvt. Ltd.,100,810.0,81000.0,2025-07-22 11:08:14.393858
2025-07-22,173047,2025072204000951,RADHI,Primo Securities (PVT) Ltd.,Dynamic Money Managers Securities Pvt. Ltd.,82,810.0,66420.0,2025-07-22 11:08:14.393922
2025-07-22,172818,2025072204001007,RADHI,Online Securities Pvt. Ltd.,N.M.B. SECURITIES LIMITED,50,810.2,40510.0,2025-07-22 11:08:37.097800
2025-07-22,172461,2025072204001101,RADHI,Infinity Securities Limited,SUN SECURITIES PVT LTD,57,815.0,46455.0,2025-07-22 11:09:09.250443
2025-07-22,172460,2025072204001102,RADHI,Infinity Securities Limited,Sweta Securities Private Limited,143,815.0,116545.0,2025-07-22 11:09:09.250681
2025-07-22,170453,2025072204001564,RADHI,Online Securities Pvt. Ltd.,Naasa Securities Co. Ltd.,10,814.0,8140.0,2025-07-22 11:12:11.880220
2025-07-22,170204,2025072204001611,RADHI,Nepal Investment And Securities Trading Private Limited,Aryatara Investment & Securities,25,814.0,20350.0,2025-07-22 11:12:29.353146
2025-07-22,170176,2025072204001615,RADHI,Infinity Securities Limited,Aryatara Investment & Securities,100,814.0,81400.0,2025-07-22 11:12:31.648295
2025-07-22,169922,2025072204001663,RADHI,Infinity Securities Limited,Aryatara Investment & Securities,100,814.0,81400.0,2025-07-22 11:12:59.717783
2025-07-22,169875,2025072204001667,RADHI,Sani Securities Company Ltd.,Aryatara Investment & Securities,300,814.0,244200.0,2025-07-22 11:13:04.985724
2025-07-22,169704,2025072204001709,RADHI,Online Securities Pvt. Ltd.,Aryatara Investment & Securities,99,814.0,80586.0,2025-07-22 11:13:21.637235
2025-07-22,169648,2025072204001722,RADHI,Dipshikha Dhitopatra Karobar Co. Pvt Ltd.,Deevyaa Securities & Stock House Pvt. Ltd,60,813.0,48780.0,2025-07-22 11:13:30.195646
2025-07-22,169637,2025072204001724,RADHI,Online Securities Pvt. Ltd.,Aryatara Investment & Securities,376,814.0,306064.0,2025-07-22 11:13:31.550617
2025-07-22,169506,2025072204001745,RADHI,Sajilo Broker Limited,Sumeru Securities Pvt. Ltd.,100,814.5,81450.0,2025-07-22 11:13:45.504983
2025-07-22,169319,2025072204001819,RADHI,Primo Securities (PVT) Ltd.,Aryatara Investment & Securities,1,800.0,800.0,2025-07-22 11:13:59.971503
2025-07-22,169283,2025072204001821,RADHI,Online Securities Pvt. Ltd.,J.F. Securites (PVT) Ltd.,11,814.0,8954.0,2025-07-22 11:14:01.177166
2025-07-22,169275,2025072204001825,RADHI,Prabhu Stock Market Limited,Aryatara Investment & Securities,100,814.9,81490.0,2025-07-22 11:14:02.020690
2025-07-22,169274,2025072204001826,RADHI,Prabhu Stock Market Limited,Miyo Securities Pvt Ltd,20,815.0,16300.0,2025-07-22 11:14:02.020881
2025-07-22,169273,2025072204001827,RADHI,Prabhu Stock Market Limited,Naasa Securities Co. Ltd.,500,815.0,407500.0,2025-07-22 11:14:02.020968
2025-07-22,169272,2025072204001828,RADHI,Prabhu Stock Market Limited,SUN SECURITIES PVT LTD,200,815.0,163000.0,2025-07-22 11:14:02.021055
2025-07-22,169271,2025072204001829,RADHI,Prabhu Stock Market Limited,Sweta Securities Private Limited,100,815.0,81500.0,2025-07-22 11:14:02.021140
2025-07-22,169270,2025072204001830,RADHI,Prabhu Stock Market Limited,Linch Stock Market Ltd.,77,815.0,62755.0,2025-07-22 11:14:02.021224
2025-07-22,169249,2025072204001831,RADHI,Trishakti Securities Public Limited,Dynamic Money Managers Securities Pvt. Ltd.,300,815.0,244500.0,2025-07-22 11:14:03.360540
2025-07-22,169019,2025072204001878,RADHI,Online Securities Pvt. Ltd.,Market Securities & Exchange (PVT) Ltd.,88,814.0,71632.0,2025-07-22 11:14:25.762927
2025-07-22,169018,2025072204001879,RADHI,Infinity Securities Limited,Market Securities & Exchange (PVT) Ltd.,100,814.0,81400.0,2025-07-22 11:14:25.763185
2025-07-22,169017,2025072204001880,RADHI,Online Securities Pvt. Ltd.,Market Securities & Exchange (PVT) Ltd.,101,814.0,82214.0,2025-07-22 11:14:25.763297
2025-07-22,169016,2025072204001881,RADHI,Vision Securities Pvt. Ltd,Market Securities & Exchange (PVT) Ltd.,150,814.0,122100.0,2025-07-22 11:14:25.763389
2025-07-22,169015,2025072204001882,RADHI,Kumari Securities Private Limited,Market Securities & Exchange (PVT) Ltd.,61,813.0,49593.0,2025-07-22 11:14:25.763476
2025-07-22,169013,2025072204001883,RADHI,Prabhu Stock Market Limited,Dynamic Money Managers Securities Pvt. Ltd.,100,814.8,81480.0,2025-07-22 11:14:26.088223
2025-07-22,169006,2025072204001885,RADHI,Sani Securities Company Ltd.,Capital Max Securities Ltd,100,815.0,81500.0,2025-07-22 11:14:26.803604
2025-07-22,168937,2025072204001899,RADHI,Naasa Securities Co. Ltd.,Bhrikuti Stock Broking Co. Pvt. Ltd.,2,815.0,1630.0,2025-07-22 11:14:32.163032
2025-07-22,168878,2025072204001918,RADHI,Prabhu Stock Market Limited,Capital Max Securities Ltd,280,815.0,228200.0,2025-07-22 11:14:40.119282
2025-07-22,168820,2025072204001931,RADHI,Trishakti Securities Public Limited,Capital Max Securities Ltd,40,815.0,32600.0,2025-07-22 11:14:44.381098
2025-07-22,168729,2025072204001947,RADHI,Trishakti Securities Public Limited,Primo Securities (PVT) Ltd.,360,815.0,293400.0,2025-07-22 11:14:50.351924
2025-07-22,168454,2025072204002019,RADHI,Sharepro Securities Private Limited,Primo Securities (PVT) Ltd.,50,815.0,40750.0,2025-07-22 11:15:18.890031
2025-07-22,168353,2025072204002033,RADHI,Premier Securities Company Ltd.,Primo Securities (PVT) Ltd.,200,815.0,163000.0,2025-07-22 11:15:25.519115
2025-07-22,168259,2025072204002059,RADHI,Imperial Securities Company Pvt. Ltd.,Primo Securities (PVT) Ltd.,170,815.0,138550.0,2025-07-22 11:15:34.470471
2025-07-22,168258,2025072204002060,RADHI,Imperial Securities Company Pvt. Ltd.,Sumeru Securities Pvt. Ltd.,500,815.0,407500.0,2025-07-22 11:15:34.470728
2025-07-22,168257,2025072204002061,RADHI,Imperial Securities Company Pvt. Ltd.,Dipshikha Dhitopatra Karobar Co. Pvt Ltd.,150,815.0,122250.0,2025-07-22 11:15:34.470815
2025-07-22,168219,2025072204002069,RADHI,Imperial Securities Company Pvt. Ltd.,Miyo Securities Pvt Ltd,55,815.0,44825.0,2025-07-22 11:15:39.081864
2025-07-22,168199,2025072204002073,RADHI,Imperial Securities Company Pvt. Ltd.,Sani Securities Company Ltd.,125,815.0,101875.0,2025-07-22 11:15:42.362635
2025-07-22,168049,2025072204002099,RADHI,ABC Securities Private Limited,Sani Securities Company Ltd.,275,815.0,224125.0,2025-07-22 11:15:54.084114
2025-07-22,168041,2025072204002100,RADHI,ABC Securities Private Limited,Sani Securities Company Ltd.,100,815.0,81500.0,2025-07-22 11:15:54.619288
2025-07-22,167949,2025072204002147,RADHI,Sani Securities Company Ltd.,Sumeru Securities Pvt. Ltd.,200,815.9,163180.0,2025-07-22 11:16:04.743603
2025-07-22,167791,2025072204002171,RADHI,Sani Securities Company Ltd.,Sumeru Securities Pvt. Ltd.,100,815.9,81590.0,2025-07-22 11:16:23.067309
2025-07-22,167531,2025072204002232,RADHI,ABC Securities Private Limited,Pragyan Securities (PVT) Ltd.,42,815.0,34230.0,2025-07-22 11:16:46.038249
2025-07-22,167503,2025072204002236,RADHI,ABC Securities Private Limited,Pragyan Securities (PVT) Ltd.,10,815.0,8150.0,2025-07-22 11:16:50.511525
2025-07-22,167488,2025072204002243,RADHI,Premier Securities Company Ltd.,Sumeru Securities Pvt. Ltd.,100,815.9,81590.0,2025-07-22 11:16:52.205894
2025-07-22,167448,2025072204002251,RADHI,Dipshikha Dhitopatra Karobar Co. Pvt Ltd.,Sumeru Securities Pvt. Ltd.,100,815.9,81590.0,2025-07-22 11:16:56.660926
2025-07-22,167447,2025072204002252,RADHI,Dipshikha Dhitopatra Karobar Co. Pvt Ltd.,Sumeru Securities Pvt. Ltd.,100,815.9,81590.0,2025-07-22 11:16:56.661129
2025-07-22,167420,2025072204002253,RADHI,ABC Securities Private Limited,Sumeru Securities Pvt. Ltd.,273,815.0,222495.0,2025-07-22 11:16:58.941051
2025-07-22,167419,2025072204002254,RADHI,Vision Securities Pvt. Ltd,Sumeru Securities Pvt. Ltd.,50,815.0,40750.0,2025-07-22 11:16:58.941267
2025-07-22,167418,2025072204002255,RADHI,Trishakti Securities Public Limited,Sumeru Securities Pvt. Ltd.,245,815.0,199675.0,2025-07-22 11:16:58.941365
2025-07-22,167370,2025072204002268,RADHI,Trishakti Securities Public Limited,Sumeru Securities Pvt. Ltd.,52,815.0,42380.0,2025-07-22 11:17:03.192873
2025-07-22,167218,2025072204002307,RADHI,Trishakti Securities Public Limited,Premier Securities Company Ltd.,448,815.0,365120.0,2025-07-22 11:17:22.466832
2025-07-22,167116,2025072204002346,RADHI,Midas Stock Broking Company Private Limited,Premier Securities Company Ltd.,52,815.0,42380.0,2025-07-22 11:17:33.327931
2025-07-22,167107,2025072204002352,RADHI,Online Securities Pvt. Ltd.,Sumeru Securities Pvt. Ltd.,90,815.0,73350.0,2025-07-22 11:17:34.552901
2025-07-22,167106,2025072204002353,RADHI,Online Securities Pvt. Ltd.,Sumeru Securities Pvt. Ltd.,20,815.9,16318.0,2025-07-22 11:17:34.553154
2025-07-22,167105,2025072204002354,RADHI,Online Securities Pvt. Ltd.,Opal Securities Investment (PVT) Ltd.,343,816.0,279888.0,2025-07-22 11:17:34.553264
2025-07-22,167104,2025072204002355,RADHI,Online Securities Pvt. Ltd.,Agrawal Securities (PVT) Ltd.,10,816.0,8160.0,2025-07-22 11:17:34.553362
2025-07-22,167103,2025072204002356,RADHI,Online Securities Pvt. Ltd.,Imperial Securities Company Pvt. Ltd.,37,816.0,30192.0,2025-07-22 11:17:34.553450
2025-07-22,166844,2025072204002406,RADHI,Online Securities Pvt. Ltd.,Dipshikha Dhitopatra Karobar Co. Pvt Ltd.,250,815.0,203750.0,2025-07-22 11:17:58.747686
2025-07-22,166843,2025072204002407,RADHI,Online Securities Pvt. Ltd.,Investment Management Nepal Pvt. Ltd.,34,815.0,27710.0,2025-07-22 11:17:59.069704
2025-07-22,166808,2025072204002416,RADHI,Online Securities Pvt. Ltd.,Sumeru Securities Pvt. Ltd.,76,815.0,61940.0,2025-07-22 11:18:04.331911
2025-07-22,166761,2025072204002427,RADHI,Kumari Securities Private Limited,Sumeru Securities Pvt. Ltd.,304,815.0,247760.0,2025-07-22 11:18:08.365742
2025-07-22,166651,2025072204002465,RADHI,Kumari Securities Private Limited,K.B.L. Securities Limited ,135,815.0,110025.0,2025-07-22 11:18:20.290600
2025-07-22,166411,2025072204002539,RADHI,Thrive Brokerage House Pvt. Ltd,K.B.L. Securities Limited ,365,815.0,297475.0,2025-07-22 11:18:42.180786
2025-07-22,166374,2025072204002552,RADHI,Trishakti Securities Public Limited,Sumeru Securities Pvt. Ltd.,420,815.9,342678.0,2025-07-22 11:18:47.865772
2025-07-22,166373,2025072204002553,RADHI,Trishakti Securities Public Limited,Imperial Securities Company Pvt. Ltd.,80,816.0,65280.0,2025-07-22 11:18:47.866008
2025-07-22,166355,2025072204002557,RADHI,Neev Securities Pvt. Ltd.,Imperial Securities Company Pvt. Ltd.,383,816.0,312528.0,2025-07-22 11:18:49.418141
2025-07-22,166354,2025072204002558,RADHI,Neev Securities Pvt. Ltd.,Property Wiard Limited,67,816.0,54672.0,2025-07-22 11:18:49.418430
2025-07-22,166082,2025072204002626,RADHI,Naasa Securities Co. Ltd.,Kohinoor Investment & Securities Pvt. Ltd.,15,814.5,12217.5,2025-07-22 11:19:21.197730
2025-07-22,166040,2025072204002628,RADHI,Thrive Brokerage House Pvt. Ltd,Kohinoor Investment & Securities Pvt. Ltd.,327,814.5,266341.5,2025-07-22 11:19:22.372461
2025-07-22,165885,2025072204002677,RADHI,INDEX SECURITIES LIMITED,Kohinoor Investment & Securities Pvt. Ltd.,250,814.5,203625.0,2025-07-22 11:19:37.644661
2025-07-22,165857,2025072204002682,RADHI,Naasa Securities Co. Ltd.,Kalika Securities Pvt. Ltd.,30,814.1,24423.0,2025-07-22 11:19:40.263352
2025-07-22,165808,2025072204002699,RADHI,Naasa Securities Co. Ltd.,K.B.L. Securities Limited ,470,814.1,382627.0,2025-07-22 11:19:44.477887
2025-07-22,165807,2025072204002700,RADHI,Opal Securities Investment (PVT) Ltd.,K.B.L. Securities Limited ,75,814.0,61050.0,2025-07-22 11:19:44.478123
2025-07-22,165806,2025072204002701,RADHI,Vision Securities Pvt. Ltd,K.B.L. Securities Limited ,200,814.0,162800.0,2025-07-22 11:19:44.478211
2025-07-22,165805,2025072204002702,RADHI,Naasa Securities Co. Ltd.,K.B.L. Securities Limited ,150,814.0,122100.0,2025-07-22 11:19:44.478297
2025-07-22,165804,2025072204002703,RADHI,Opal Securities Investment (PVT) Ltd.,K.B.L. Securities Limited ,500,814.0,407000.0,2025-07-22 11:19:44.478394
2025-07-22,165770,2025072204002706,RADHI,Market Securities & Exchange (PVT) Ltd.,K.B.L. Securities Limited ,105,814.0,85470.0,2025-07-22 11:19:47.228677
2025-07-22,165769,2025072204002707,RADHI,Market Securities & Exchange (PVT) Ltd.,Kohinoor Investment & Securities Pvt. Ltd.,395,814.5,321727.5,2025-07-22 11:19:47.228911
2025-07-22,164197,2025072204003074,RADHI,Naasa Securities Co. Ltd.,Primo Securities (PVT) Ltd.,300,814.0,244200.0,2025-07-22 11:22:04.748005
2025-07-22,164134,2025072204003086,RADHI,Naasa Securities Co. Ltd.,Sumeru Securities Pvt. Ltd.,200,814.0,162800.0,2025-07-22 11:22:13.017759
2025-07-22,164133,2025072204003087,RADHI,Sajilo Broker Limited,Sumeru Securities Pvt. Ltd.,300,813.0,243900.0,2025-07-22 11:22:13.018184
2025-07-22,164132,2025072204003088,RADHI,Shree Krishna Securities Ltd.,Sumeru Securities Pvt. Ltd.,1500,813.0,1219500.0,2025-07-22 11:22:13.018471
2025-07-22,163995,2025072204003124,RADHI,Shree Krishna Securities Ltd.,INDEX SECURITIES LIMITED,100,813.0,81300.0,2025-07-22 11:22:24.017503
2025-07-22,163541,2025072204003250,RADHI,Shree Krishna Securities Ltd.,Sri Hari Securities Pvt. Ltd.,400,813.0,325200.0,2025-07-22 11:23:03.204926
2025-07-22,163540,2025072204003251,RADHI,Pragyan Securities (PVT) Ltd.,Sri Hari Securities Pvt. Ltd.,300,812.7,243810.0,2025-07-22 11:23:03.205143
2025-07-22,163385,2025072204003285,RADHI,Neev Securities Pvt. Ltd.,Capital Hub P. Ltd,280,813.0,227640.0,2025-07-22 11:23:15.120206
2025-07-22,163368,2025072204003291,RADHI,Oxford Securities Pvt. Ltd.,Capital Hub P. Ltd,20,813.0,16260.0,2025-07-22 11:23:17.523819
2025-07-22,163277,2025072204003326,RADHI,Oxford Securities Pvt. Ltd.,Sumeru Securities Pvt. Ltd.,88,814.0,71632.0,2025-07-22 11:23:25.588483
2025-07-22,162944,2025072204003429,RADHI,Primo Securities (PVT) Ltd.,Trishakti Securities Public Limited,1,800.0,800.0,2025-07-22 11:23:55.031257
2025-07-22,162829,2025072204003439,RADHI,Primo Securities (PVT) Ltd.,Aryatara Investment & Securities,7,810.0,5670.0,2025-07-22 11:24:03.054298
2025-07-22,162714,2025072204003471,RADHI,Oxford Securities Pvt. Ltd.,Agrawal Securities (PVT) Ltd.,300,814.0,244200.0,2025-07-22 11:24:10.082207
2025-07-22,162600,2025072204003491,RADHI,Oxford Securities Pvt. Ltd.,Kumari Securities Private Limited,50,814.0,40700.0,2025-07-22 11:24:21.853215
2025-07-22,162467,2025072204003519,RADHI,Oxford Securities Pvt. Ltd.,Nepal Stock House (PVT) Ltd.,142,814.0,115588.0,2025-07-22 11:24:36.042649
2025-07-22,162444,2025072204003525,RADHI,ABC Securities Private Limited,K.B.L. Securities Limited ,25,812.1,20302.5,2025-07-22 11:24:39.152861
2025-07-22,162443,2025072204003526,RADHI,Siprabi Securities Pvt. Ltd.,K.B.L. Securities Limited ,150,812.0,121800.0,2025-07-22 11:24:39.153347
2025-07-22,162442,2025072204003527,RADHI,Vision Securities Pvt. Ltd,K.B.L. Securities Limited ,100,811.0,81100.0,2025-07-22 11:24:39.153677
2025-07-22,162441,2025072204003528,RADHI,Naasa Securities Co. Ltd.,K.B.L. Securities Limited ,1000,810.4,810400.0,2025-07-22 11:24:39.153980
2025-07-22,162440,2025072204003529,RADHI,Citizens Share Broker Limited,K.B.L. Securities Limited ,500,810.3,405150.0,2025-07-22 11:24:39.154274
2025-07-22,162439,2025072204003530,RADHI,J.F. Securites (PVT) Ltd.,K.B.L. Securities Limited ,100,810.2,81020.0,2025-07-22 11:24:39.154576
2025-07-22,162438,2025072204003531,RADHI,Sharepro Securities Private Limited,K.B.L. Securities Limited ,100,810.2,81020.0,2025-07-22 11:24:39.154865
2025-07-22,162437,2025072204003532,RADHI,Sani Securities Company Ltd.,K.B.L. Securities Limited ,200,810.2,162040.0,2025-07-22 11:24:39.155228
2025-07-22,162436,2025072204003533,RADHI,Agrawal Securities (PVT) Ltd.,K.B.L. Securities Limited ,43,810.2,34838.6,2025-07-22 11:24:39.155547
2025-07-22,162435,2025072204003534,RADHI,Imperial Securities Company Pvt. Ltd.,K.B.L. Securities Limited ,2000,810.1,1620200.0,2025-07-22 11:24:39.155857
2025-07-22,162434,2025072204003535,RADHI,Primo Securities (PVT) Ltd.,K.B.L. Securities Limited ,1918,810.0,1553580.0,2025-07-22 11:24:39.156162
2025-07-22,162433,2025072204003536,RADHI,Sajilo Broker Limited,K.B.L. Securities Limited ,500,810.0,405000.0,2025-07-22 11:24:39.156475
2025-07-22,162432,2025072204003537,RADHI,Magnet Securities and Investment Company Private Limited,K.B.L. Securities Limited ,500,810.0,405000.0,2025-07-22 11:24:39.156759
2025-07-22,162431,2025072204003538,RADHI,Aryatara Investment & Securities,K.B.L. Securities Limited ,500,810.0,405000.0,2025-07-22 11:24:39.157046
2025-07-22,162430,2025072204003539,RADHI,Nepal Investment And Securities Trading Private Limited,K.B.L. Securities Limited ,100,810.0,81000.0,2025-07-22 11:24:39.157347
2025-07-22,162429,2025072204003540,RADHI,Himalayan Securities Limited,K.B.L. Securities Limited ,463,810.0,375030.0,2025-07-22 11:24:39.157636
2025-07-22,161592,2025072204003727,RADHI,Siprabi Securities Pvt. Ltd.,Imperial Securities Company Pvt. Ltd.,18,810.3,14585.4,2025-07-22 11:26:01.436900
2025-07-22,161540,2025072204003750,RADHI,Siprabi Securities Pvt. Ltd.,Sani Securities Company Ltd.,146,810.3,118303.8,2025-07-22 11:26:07.261567
2025-07-22,161006,2025072204003866,RADHI,Neev Securities Pvt. Ltd.,Miyo Securities Pvt Ltd,200,813.0,162600.0,2025-07-22 11:26:54.686133
2025-07-22,160837,2025072204003888,RADHI,Oxford Securities Pvt. Ltd.,Miyo Securities Pvt Ltd,60,811.0,48660.0,2025-07-22 11:27:11.018488
2025-07-22,160740,2025072204003918,RADHI,Thrive Brokerage House Pvt. Ltd,Miyo Securities Pvt Ltd,95,810.5,76997.5,2025-07-22 11:27:22.755415
2025-07-22,160722,2025072204003926,RADHI,BHOLE GANESH SECURITIES LTD,Premier Securities Company Ltd.,1,795.0,795.0,2025-07-22 11:27:23.586763
2025-07-22,160703,2025072204003928,RADHI,Thrive Brokerage House Pvt. Ltd,K.B.L. Securities Limited ,885,810.5,717292.5,2025-07-22 11:27:25.467328
2025-07-22,160702,2025072204003929,RADHI,Naasa Securities Co. Ltd.,K.B.L. Securities Limited ,20,810.4,16208.0,2025-07-22 11:27:25.467581
2025-07-22,160701,2025072204003930,RADHI,Siprabi Securities Pvt. Ltd.,K.B.L. Securities Limited ,36,810.3,29170.8,2025-07-22 11:27:25.467684
2025-07-22,160700,2025072204003931,RADHI,Imperial Securities Company Pvt. Ltd.,K.B.L. Securities Limited ,300,810.3,243090.0,2025-07-22 11:27:25.467791
2025-07-22,160699,2025072204003932,RADHI,Himalayan Securities Limited,K.B.L. Securities Limited ,537,810.0,434970.0,2025-07-22 11:27:25.467896
2025-07-22,160698,2025072204003933,RADHI,Swarna Laxmi Securities Pvt. Ltd.,K.B.L. Securities Limited ,100,810.0,81000.0,2025-07-22 11:27:25.467999
2025-07-22,160697,2025072204003934,RADHI,KALASH STOCK MARKET PVT. LTD.,K.B.L. Securities Limited ,100,810.0,81000.0,2025-07-22 11:27:25.468104
2025-07-22,160696,2025072204003935,RADHI,Opal Securities Investment (PVT) Ltd.,K.B.L. Securities Limited ,75,810.0,60750.0,2025-07-22 11:27:25.468213
2025-07-22,160695,2025072204003936,RADHI,Capital Hub P. Ltd,K.B.L. Securities Limited ,200,810.0,162000.0,2025-07-22 11:27:25.468368
2025-07-22,160694,2025072204003937,RADHI,Vision Securities Pvt. Ltd,K.B.L. Securities Limited ,500,810.0,405000.0,2025-07-22 11:27:25.468490
2025-07-22,160693,2025072204003938,RADHI,SHUBHAKAMANA SECURITIES PVT. LTD,K.B.L. Securities Limited ,50,810.0,40500.0,2025-07-22 11:27:25.468608
2025-07-22,160692,2025072204003939,RADHI,Arun Securities (PVT) Ltd.,K.B.L. Securities Limited ,150,810.0,121500.0,2025-07-22 11:27:25.468754
2025-07-22,160691,2025072204003940,RADHI,Opal Securities Investment (PVT) Ltd.,K.B.L. Securities Limited ,500,810.0,405000.0,2025-07-22 11:27:25.468882
2025-07-22,160690,2025072204003941,RADHI,Vision Securities Pvt. Ltd,K.B.L. Securities Limited ,150,810.0,121500.0,2025-07-22 11:27:25.469000
2025-07-22,160689,2025072204003942,RADHI,Bhrikuti Stock Broking Co. Pvt. Ltd.,K.B.L. Securities Limited ,1000,810.0,810000.0,2025-07-22 11:27:25.469138
2025-07-22,160688,2025072204003943,RADHI,Infinity Securities Limited,K.B.L. Securities Limited ,397,810.0,321570.0,2025-07-22 11:27:25.469285
2025-07-22,159977,2025072204004120,RADHI,Shree Krishna Securities Ltd.,Miyo Securities Pvt Ltd,92,810.1,74529.2,2025-07-22 11:28:40.356725
2025-07-22,159941,2025072204004126,RADHI,Primo Securities (PVT) Ltd.,Pragyan Securities (PVT) Ltd.,1,800.0,800.0,2025-07-22 11:28:45.881145
2025-07-22,159913,2025072204004134,RADHI,Infinity Securities Limited,Midas Stock Broking Company Private Limited,10,810.0,8100.0,2025-07-22 11:28:50.154141
2025-07-22,159849,2025072204004153,RADHI,Primo Securities (PVT) Ltd.,Cristal Kanchanjanga Securites Pvt. Ltd.,5,805.0,4025.0,2025-07-22 11:28:57.912705
2025-07-22,159749,2025072204004182,RADHI,Primo Securities (PVT) Ltd.,Opal Securities Investment (PVT) Ltd.,2,810.0,1620.0,2025-07-22 11:29:05.932723
2025-07-22,159708,2025072204004186,RADHI,Premier Securities Company Ltd.,Miyo Securities Pvt Ltd,100,810.1,81010.0,2025-07-22 11:29:09.349445
2025-07-22,159689,2025072204004190,RADHI,J.F. Securites (PVT) Ltd.,Miyo Securities Pvt Ltd,97,810.1,78579.7,2025-07-22 11:29:10.908918
2025-07-22,159568,2025072204004212,RADHI,N.M.B. SECURITIES LIMITED,Miyo Securities Pvt Ltd,500,811.0,405500.0,2025-07-22 11:29:25.247796
2025-07-22,159426,2025072204004249,RADHI,Imperial Securities Company Pvt. Ltd.,Miyo Securities Pvt Ltd,62,811.0,50282.0,2025-07-22 11:29:40.440039
2025-07-22,159421,2025072204004250,RADHI,Capital Max Securities Ltd,Miyo Securities Pvt Ltd,1187,812.0,963844.0,2025-07-22 11:29:41.477574
2025-07-22,159420,2025072204004251,RADHI,Capital Max Securities Ltd,Investment Management Nepal Pvt. Ltd.,13,812.0,10556.0,2025-07-22 11:29:41.477843
2025-07-22,159145,2025072204004294,RADHI,Capital Max Securities Ltd,Miyo Securities Pvt Ltd,60,812.0,48720.0,2025-07-22 11:30:05.044405
2025-07-22,158980,2025072204004313,RADHI,Sharepro Securities Private Limited,Miyo Securities Pvt Ltd,500,813.0,406500.0,2025-07-22 11:30:16.957425
2025-07-22,158979,2025072204004314,RADHI,Sharepro Securities Private Limited,Market Securities & Exchange (PVT) Ltd.,50,813.9,40695.0,2025-07-22 11:30:16.957735
2025-07-22,158978,2025072204004315,RADHI,Sharepro Securities Private Limited,Miyo Securities Pvt Ltd,2264,813.9,1842669.6,2025-07-22 11:30:16.957883
2025-07-22,158977,2025072204004316,RADHI,Sharepro Securities Private Limited,Nepal Stock House (PVT) Ltd.,858,814.0,698412.0,2025-07-22 11:30:16.957993
2025-07-22,158976,2025072204004317,RADHI,Sharepro Securities Private Limited,Agrawal Securities (PVT) Ltd.,10,814.0,8140.0,2025-07-22 11:30:16.958100
2025-07-22,158975,2025072204004318,RADHI,Sharepro Securities Private Limited,Dynamic Money Managers Securities Pvt. Ltd.,318,814.0,258852.0,2025-07-22 11:30:16.958207
2025-07-22,158782,2025072204004368,RADHI,Sri Hari Securities Pvt. Ltd.,Dynamic Money Managers Securities Pvt. Ltd.,182,814.0,148148.0,2025-07-22 11:30:31.133050
2025-07-22,158781,2025072204004369,RADHI,Sri Hari Securities Pvt. Ltd.,Kohinoor Investment & Securities Pvt. Ltd.,13,814.5,10588.5,2025-07-22 11:30:31.133387
2025-07-22,158780,2025072204004370,RADHI,Sri Hari Securities Pvt. Ltd.,Agrawal Securities (PVT) Ltd.,110,814.5,89595.0,2025-07-22 11:30:31.133509
2025-07-22,158779,2025072204004371,RADHI,Sri Hari Securities Pvt. Ltd.,Siprabi Securities Pvt. Ltd.,100,814.5,81450.0,2025-07-22 11:30:31.133639
2025-07-22,158778,2025072204004372,RADHI,Sri Hari Securities Pvt. Ltd.,Dynamic Money Managers Securities Pvt. Ltd.,520,814.8,423696.0,2025-07-22 11:30:31.134020
2025-07-22,158777,2025072204004373,RADHI,Sri Hari Securities Pvt. Ltd.,Siprabi Securities Pvt. Ltd.,75,814.9,61117.5,2025-07-22 11:30:31.134190
2025-07-22,158737,2025072204004380,RADHI,INDEX SECURITIES LIMITED,Siprabi Securities Pvt. Ltd.,125,814.9,101862.5,2025-07-22 11:30:36.950953
2025-07-22,158736,2025072204004381,RADHI,INDEX SECURITIES LIMITED,Primo Securities (PVT) Ltd.,375,814.9,305587.5,2025-07-22 11:30:36.951036
2025-07-22,158660,2025072204004394,RADHI,Capital Max Securities Ltd,Naasa Securities Co. Ltd.,40,812.0,32480.0,2025-07-22 11:30:45.544210
2025-07-22,158402,2025072204004449,RADHI,Midas Stock Broking Company Private Limited,Malla & Malla Stock Broking Company Pvt. Limited,8,815.0,6520.0,2025-07-22 11:31:05.124625
2025-07-22,158326,2025072204004476,RADHI,Himalayan Brokerage Company Limited,Kumari Securities Private Limited,17,812.0,13804.0,2025-07-22 11:31:12.394843
2025-07-22,158325,2025072204004477,RADHI,INDEX SECURITIES LIMITED,Miyo Securities Pvt Ltd,100,814.0,81400.0,2025-07-22 11:31:13.035128
2025-07-22,157856,2025072204004589,RADHI,Market Securities & Exchange (PVT) Ltd.,Miyo Securities Pvt Ltd,250,814.0,203500.0,2025-07-22 11:32:02.535827
2025-07-22,157852,2025072204004590,RADHI,Imperial Securities Company Pvt. Ltd.,Miyo Securities Pvt Ltd,88,814.0,71632.0,2025-07-22 11:32:02.928205
2025-07-22,157746,2025072204004622,RADHI,Imperial Securities Company Pvt. Ltd.,Miyo Securities Pvt Ltd,50,814.0,40700.0,2025-07-22 11:32:13.266110
2025-07-22,157745,2025072204004623,RADHI,Himalayan Brokerage Company Limited,Miyo Securities Pvt Ltd,21,812.0,17052.0,2025-07-22 11:32:13.266365
2025-07-22,157744,2025072204004624,RADHI,Citizens Share Broker Limited,Miyo Securities Pvt Ltd,250,812.0,203000.0,2025-07-22 11:32:13.266478
2025-07-22,157743,2025072204004625,RADHI,Citizens Share Broker Limited,Miyo Securities Pvt Ltd,229,812.0,185948.0,2025-07-22 11:32:13.266587
2025-07-22,157363,2025072204004731,RADHI,Neev Securities Pvt. Ltd.,MILKY WAY SHARE BROKER COMPANY LTD ,450,814.0,366300.0,2025-07-22 11:32:46.626622
2025-07-22,157350,2025072204004735,RADHI,Capital Max Securities Ltd,MILKY WAY SHARE BROKER COMPANY LTD ,50,814.0,40700.0,2025-07-22 11:32:47.994721
2025-07-22,157349,2025072204004736,RADHI,Capital Max Securities Ltd,Secured Securities Ltd.,950,814.0,773300.0,2025-07-22 11:32:47.994996
2025-07-22,157262,2025072204004768,RADHI,Dynamic Money Managers Securities Pvt. Ltd.,Miyo Securities Pvt Ltd,92,813.0,74796.0,2025-07-22 11:32:55.357916
2025-07-22,157261,2025072204004769,RADHI,Aryatara Investment & Securities,Miyo Securities Pvt Ltd,50,813.0,40650.0,2025-07-22 11:32:55.358204
2025-07-22,157032,2025072204004806,RADHI,Kumari Securities Private Limited,Miyo Securities Pvt Ltd,30,813.0,24390.0,2025-07-22 11:33:15.560049
2025-07-22,156928,2025072204004823,RADHI,Imperial Securities Company Pvt. Ltd.,Miyo Securities Pvt Ltd,1328,813.0,1079664.0,2025-07-22 11:33:21.895688
2025-07-22,156927,2025072204004824,RADHI,Imperial Securities Company Pvt. Ltd.,Miyo Securities Pvt Ltd,672,813.0,546336.0,2025-07-22 11:33:21.896276
2025-07-22,156736,2025072204004848,RADHI,Online Securities Pvt. Ltd.,Miyo Securities Pvt Ltd,78,813.0,63414.0,2025-07-22 11:33:39.079672
2025-07-22,156735,2025072204004849,RADHI,Online Securities Pvt. Ltd.,Secured Securities Ltd.,50,814.0,40700.0,2025-07-22 11:33:39.080046
2025-07-22,156734,2025072204004850,RADHI,Online Securities Pvt. Ltd.,Primo Securities (PVT) Ltd.,25,814.9,20372.5,2025-07-22 11:33:39.080194
2025-07-22,156733,2025072204004851,RADHI,Online Securities Pvt. Ltd.,Siprabi Securities Pvt. Ltd.,22,814.9,17927.8,2025-07-22 11:33:39.080341
2025-07-22,156732,2025072204004852,RADHI,Online Securities Pvt. Ltd.,Miyo Securities Pvt Ltd,325,814.9,264842.5,2025-07-22 11:33:39.080465
2025-07-22,156457,2025072204004944,RADHI,Naasa Securities Co. Ltd.,Miyo Securities Pvt Ltd,20,812.1,16242.0,2025-07-22 11:33:59.478120
2025-07-22,156456,2025072204004945,RADHI,Citizens Share Broker Limited,Miyo Securities Pvt Ltd,21,812.0,17052.0,2025-07-22 11:33:59.478654
2025-07-22,156267,2025072204004974,RADHI,Trishakti Securities Public Limited,Miyo Securities Pvt Ltd,16,812.0,12992.0,2025-07-22 11:34:15.818481
2025-07-22,155629,2025072204005116,RADHI,Sumeru Securities Pvt. Ltd.,Miyo Securities Pvt Ltd,247,813.0,200811.0,2025-07-22 11:35:15.792305
2025-07-22,155628,2025072204005117,RADHI,Sumeru Securities Pvt. Ltd.,Sani Securities Company Ltd.,50,813.0,40650.0,2025-07-22 11:35:15.792385
2025-07-22,154938,2025072204005267,RADHI,Trishakti Securities Public Limited,Deevyaa Securities & Stock House Pvt. Ltd,106,814.0,86284.0,2025-07-22 11:36:12.419904
2025-07-22,154661,2025072204005337,RADHI,Asian Securities Private Ltd.,Deevyaa Securities & Stock House Pvt. Ltd,10,814.0,8140.0,2025-07-22 11:36:33.713433
2025-07-22,154322,2025072204005400,RADHI,Agrawal Securities (PVT) Ltd.,Deevyaa Securities & Stock House Pvt. Ltd,34,814.0,27676.0,2025-07-22 11:36:56.839267
2025-07-22,154321,2025072204005401,RADHI,Agrawal Securities (PVT) Ltd.,Nepal Investment And Securities Trading Private Limited,16,814.0,13024.0,2025-07-22 11:36:56.839601
2025-07-22,153865,2025072204005485,RADHI,Siprabi Securities Pvt. Ltd.,Nepal Investment And Securities Trading Private Limited,300,814.0,244200.0,2025-07-22 11:37:31.254815
2025-07-22,153768,2025072204005506,RADHI,Dipshikha Dhitopatra Karobar Co. Pvt Ltd.,Nepal Investment And Securities Trading Private Limited,184,814.0,149776.0,2025-07-22 11:37:39.874538
2025-07-22,153562,2025072204005582,RADHI,Imperial Securities Company Pvt. Ltd.,K.B.L. Securities Limited ,500,814.0,407000.0,2025-07-22 11:37:53.329067
2025-07-22,153495,2025072204005602,RADHI,Siprabi Securities Pvt. Ltd.,Prabhu Stock Market Limited,500,813.0,406500.0,2025-07-22 11:37:56.990565
2025-07-22,153478,2025072204005603,RADHI,Trishakti Securities Public Limited,Prabhu Stock Market Limited,530,813.0,430890.0,2025-07-22 11:37:57.131802
2025-07-22,153369,2025072204005617,RADHI,Imperial Securities Company Pvt. Ltd.,Prabhu Stock Market Limited,100,813.0,81300.0,2025-07-22 11:38:07.550702
2025-07-22,153259,2025072204005647,RADHI,Dynamic Money Managers Securities Pvt. Ltd.,Prabhu Stock Market Limited,100,813.0,81300.0,2025-07-22 11:38:17.822043
2025-07-22,153226,2025072204005657,RADHI,Sajilo Broker Limited,Prabhu Stock Market Limited,70,813.0,56910.0,2025-07-22 11:38:19.014586
2025-07-22,153001,2025072204005721,RADHI,Naasa Securities Co. Ltd.,K.B.L. Securities Limited ,200,814.0,162800.0,2025-07-22 11:38:37.127706
2025-07-22,152783,2025072204005754,RADHI,Siprabi Securities Pvt. Ltd.,K.B.L. Securities Limited ,300,814.0,244200.0,2025-07-22 11:38:54.285974
2025-07-22,152782,2025072204005755,RADHI,Siprabi Securities Pvt. Ltd.,Imperial Securities Company Pvt. Ltd.,16,814.0,13024.0,2025-07-22 11:38:54.286085
2025-07-22,152781,2025072204005756,RADHI,Siprabi Securities Pvt. Ltd.,K.B.L. Securities Limited ,184,814.8,149923.2,2025-07-22 11:38:54.286167
2025-07-22,152633,2025072204005776,RADHI,ABC Securities Private Limited,Sani Securities Company Ltd.,15,814.0,12210.0,2025-07-22 11:39:06.284166
2025-07-22,152492,2025072204005800,RADHI,Naasa Securities Co. Ltd.,K.B.L. Securities Limited ,816,814.8,664876.8,2025-07-22 11:39:19.904943
2025-07-22,152491,2025072204005801,RADHI,Naasa Securities Co. Ltd.,Miyo Securities Pvt Ltd,425,814.9,346332.5,2025-07-22 11:39:19.905034
2025-07-22,152490,2025072204005802,RADHI,Naasa Securities Co. Ltd.,Sumeru Securities Pvt. Ltd.,1000,814.9,814900.0,2025-07-22 11:39:19.905063
2025-07-22,152489,2025072204005803,RADHI,Naasa Securities Co. Ltd.,K.B.L. Securities Limited ,259,814.9,211059.1,2025-07-22 11:39:19.905088
2025-07-22,152413,2025072204005816,RADHI,Elite Stock House Limited,K.B.L. Securities Limited ,741,814.9,603840.9,2025-07-22 11:39:24.891747
2025-07-22,152412,2025072204005817,RADHI,Elite Stock House Limited,Sweta Securities Private Limited,59,815.0,48085.0,2025-07-22 11:39:24.892415
2025-07-22,152399,2025072204005822,RADHI,Asian Securities Private Ltd.,Sweta Securities Private Limited,241,815.0,196415.0,2025-07-22 11:39:27.224842
2025-07-22,152398,2025072204005823,RADHI,Asian Securities Private Ltd.,SUN SECURITIES PVT LTD,200,815.0,163000.0,2025-07-22 11:39:27.225174
2025-07-22,152397,2025072204005824,RADHI,Asian Securities Private Ltd.,Miyo Securities Pvt Ltd,200,815.0,163000.0,2025-07-22 11:39:27.225297
2025-07-22,152396,2025072204005825,RADHI,Asian Securities Private Ltd.,Sumeru Securities Pvt. Ltd.,379,815.0,308885.0,2025-07-22 11:39:27.225428
2025-07-22,152395,2025072204005826,RADHI,Asian Securities Private Ltd.,Sri Hari Securities Pvt. Ltd.,20,815.0,16300.0,2025-07-22 11:39:27.225543
2025-07-22,152394,2025072204005827,RADHI,Asian Securities Private Ltd.,Nabil Stock Dealer Ltd.,500,815.0,407500.0,2025-07-22 11:39:27.225659
2025-07-22,152393,2025072204005828,RADHI,Asian Securities Private Ltd.,Elite Stock House Limited,1000,815.0,815000.0,2025-07-22 11:39:27.225802
2025-07-22,152392,2025072204005829,RADHI,Asian Securities Private Ltd.,Sri Hari Securities Pvt. Ltd.,10,815.0,8150.0,2025-07-22 11:39:27.225941
2025-07-22,152391,2025072204005830,RADHI,Asian Securities Private Ltd.,South Asian Bulls Pvt. Ltd.,550,815.0,448250.0,2025-07-22 11:39:27.226058
2025-07-22,152390,2025072204005831,RADHI,Asian Securities Private Ltd.,Imperial Securities Company Pvt. Ltd.,17,815.0,13855.0,2025-07-22 11:39:27.226173
2025-07-22,152389,2025072204005832,RADHI,Asian Securities Private Ltd.,Miyo Securities Pvt Ltd,1450,815.0,1181750.0,2025-07-22 11:39:27.226287
2025-07-22,152388,2025072204005833,RADHI,Asian Securities Private Ltd.,Bhrikuti Stock Broking Co. Pvt. Ltd.,25,815.0,20375.0,2025-07-22 11:39:27.226405
2025-07-22,152387,2025072204005834,RADHI,Asian Securities Private Ltd.,Vision Securities Pvt. Ltd,30,815.0,24450.0,2025-07-22 11:39:27.226527
2025-07-22,152288,2025072204005874,RADHI,SHUBHAKAMANA SECURITIES PVT. LTD,Property Wiard Limited,133,816.0,108528.0,2025-07-22 11:39:38.721149
2025-07-22,152287,2025072204005875,RADHI,SHUBHAKAMANA SECURITIES PVT. LTD,Premier Securities Company Ltd.,500,816.0,408000.0,2025-07-22 11:39:38.721438
2025-07-22,152286,2025072204005876,RADHI,SHUBHAKAMANA SECURITIES PVT. LTD,Premier Securities Company Ltd.,500,816.0,408000.0,2025-07-22 11:39:38.721558
2025-07-22,152285,2025072204005877,RADHI,SHUBHAKAMANA SECURITIES PVT. LTD,Swarna Laxmi Securities Pvt. Ltd.,100,816.0,81600.0,2025-07-22 11:39:38.721672
2025-07-22,152284,2025072204005878,RADHI,SHUBHAKAMANA SECURITIES PVT. LTD,Creative Securities Pvt Ltd,104,817.0,84968.0,2025-07-22 11:39:38.721788
2025-07-22,152283,2025072204005879,RADHI,SHUBHAKAMANA SECURITIES PVT. LTD,Sweta Securities Private Limited,17,817.0,13889.0,2025-07-22 11:39:38.721901
2025-07-22,152282,2025072204005880,RADHI,SHUBHAKAMANA SECURITIES PVT. LTD,Property Wiard Limited,646,818.0,528428.0,2025-07-22 11:39:38.722014
2025-07-22,152221,2025072204005889,RADHI,Imperial Securities Company Pvt. Ltd.,Property Wiard Limited,354,818.0,289572.0,2025-07-22 11:39:46.999520
2025-07-22,152220,2025072204005890,RADHI,Imperial Securities Company Pvt. Ltd.,ABC Securities Private Limited,146,818.0,119428.0,2025-07-22 11:39:46.999842
2025-07-22,152085,2025072204005918,RADHI,Siprabi Securities Pvt. Ltd.,ABC Securities Private Limited,200,818.0,163600.0,2025-07-22 11:39:58.812238
2025-07-22,152012,2025072204005937,RADHI,Dipshikha Dhitopatra Karobar Co. Pvt Ltd.,ABC Securities Private Limited,50,818.0,40900.0,2025-07-22 11:40:05.839928
2025-07-22,151995,2025072204005940,RADHI,Capital Max Securities Ltd,ABC Securities Private Limited,204,818.0,166872.0,2025-07-22 11:40:09.780982
2025-07-22,151994,2025072204005941,RADHI,Capital Max Securities Ltd,Sri Hari Securities Pvt. Ltd.,180,819.0,147420.0,2025-07-22 11:40:09.781517
2025-07-22,151993,2025072204005942,RADHI,Capital Max Securities Ltd,Opal Securities Investment (PVT) Ltd.,16,819.0,13104.0,2025-07-22 11:40:09.781872
2025-07-22,151983,2025072204005948,RADHI,Siprabi Securities Pvt. Ltd.,Sumeru Securities Pvt. Ltd.,62,816.0,50592.0,2025-07-22 11:40:10.780370
2025-07-22,151895,2025072204005974,RADHI,Siprabi Securities Pvt. Ltd.,Opal Securities Investment (PVT) Ltd.,100,819.0,81900.0,2025-07-22 11:40:19.278042
2025-07-22,151530,2025072204006097,RADHI,Naasa Securities Co. Ltd.,Nepal Investment And Securities Trading Private Limited,80,817.1,65368.0,2025-07-22 11:40:49.102591
2025-07-22,151529,2025072204006098,RADHI,Cristal Kanchanjanga Securites Pvt. Ltd.,Nepal Investment And Securities Trading Private Limited,268,817.0,218956.0,2025-07-22 11:40:49.102914
2025-07-22,151420,2025072204006130,RADHI,Himalayan Securities Limited,Linch Stock Market Ltd.,100,818.9,81890.0,2025-07-22 11:40:59.561461
2025-07-22,151419,2025072204006131,RADHI,Himalayan Securities Limited,Opal Securities Investment (PVT) Ltd.,2564,819.0,2099916.0,2025-07-22 11:40:59.561590
2025-07-22,151418,2025072204006132,RADHI,Himalayan Securities Limited,Sumeru Securities Pvt. Ltd.,10,819.0,8190.0,2025-07-22 11:40:59.561672
2025-07-22,151417,2025072204006133,RADHI,Himalayan Securities Limited,Citizens Share Broker Limited,100,819.9,81990.0,2025-07-22 11:40:59.561751
2025-07-22,151416,2025072204006134,RADHI,Himalayan Securities Limited,SHUBHAKAMANA SECURITIES PVT. LTD,500,820.0,410000.0,2025-07-22 11:40:59.561838
2025-07-22,151415,2025072204006135,RADHI,Himalayan Securities Limited,Global IME Securities Limited,100,820.0,82000.0,2025-07-22 11:40:59.561915
2025-07-22,151414,2025072204006136,RADHI,Himalayan Securities Limited,South Asian Bulls Pvt. Ltd.,10,820.0,8200.0,2025-07-22 11:40:59.561987
2025-07-22,151413,2025072204006137,RADHI,Himalayan Securities Limited,Secured Securities Ltd.,100,820.0,82000.0,2025-07-22 11:40:59.562058
2025-07-22,151412,2025072204006138,RADHI,Himalayan Securities Limited,Sri Hari Securities Pvt. Ltd.,20,820.0,16400.0,2025-07-22 11:40:59.562146
2025-07-22,151411,2025072204006139,RADHI,Himalayan Securities Limited,Bhrikuti Stock Broking Co. Pvt. Ltd.,553,820.0,453460.0,2025-07-22 11:40:59.562224
2025-07-22,151410,2025072204006140,RADHI,Himalayan Securities Limited,Online Securities Pvt. Ltd.,30,820.0,24600.0,2025-07-22 11:40:59.562298
2025-07-22,151409,2025072204006141,RADHI,Himalayan Securities Limited,Imperial Securities Company Pvt. Ltd.,1000,820.0,820000.0,2025-07-22 11:40:59.562389
2025-07-22,151408,2025072204006142,RADHI,Himalayan Securities Limited,SUN SECURITIES PVT LTD,200,820.0,164000.0,2025-07-22 11:40:59.562447
2025-07-22,151407,2025072204006143,RADHI,Himalayan Securities Limited,Dipshikha Dhitopatra Karobar Co. Pvt Ltd.,65,820.0,53300.0,2025-07-22 11:40:59.562527
2025-07-22,151406,2025072204006144,RADHI,Himalayan Securities Limited,Thrive Brokerage House Pvt. Ltd,45,820.0,36900.0,2025-07-22 11:40:59.562649
2025-07-22,151405,2025072204006145,RADHI,Himalayan Securities Limited,Siprabi Securities Pvt. Ltd.,142,820.0,116440.0,2025-07-22 11:40:59.562728
2025-07-22,151404,2025072204006146,RADHI,Himalayan Securities Limited,Naasa Securities Co. Ltd.,13,820.0,10660.0,2025-07-22 11:40:59.562803
2025-07-22,151403,2025072204006147,RADHI,Himalayan Securities Limited,J.F. Securites (PVT) Ltd.,12,820.0,9840.0,2025-07-22 11:40:59.562878
2025-07-22,151402,2025072204006148,RADHI,Himalayan Securities Limited,J.F. Securites (PVT) Ltd.,10,820.0,8200.0,2025-07-22 11:40:59.562952
2025-07-22,151401,2025072204006149,RADHI,Himalayan Securities Limited,Agrawal Securities (PVT) Ltd.,100,820.0,82000.0,2025-07-22 11:40:59.563026
2025-07-22,151400,2025072204006150,RADHI,Himalayan Securities Limited,N.M.B. SECURITIES LIMITED,300,820.0,246000.0,2025-07-22 11:40:59.563103
2025-07-22,151399,2025072204006151,RADHI,Himalayan Securities Limited,Elite Stock House Limited,500,820.0,410000.0,2025-07-22 11:40:59.563180
2025-07-22,151398,2025072204006152,RADHI,Himalayan Securities Limited,Malla & Malla Stock Broking Company Pvt. Limited,47,820.0,38540.0,2025-07-22 11:40:59.563259
2025-07-22,151397,2025072204006153,RADHI,Himalayan Securities Limited,Ashutosh Brokerage & Securities (PVT) Ltd.,40,820.0,32800.0,2025-07-22 11:40:59.563347
2025-07-22,151396,2025072204006154,RADHI,Himalayan Securities Limited,ABC Securities Private Limited,600,820.0,492000.0,2025-07-22 11:40:59.563423
2025-07-22,151395,2025072204006155,RADHI,Himalayan Securities Limited,K.B.L. Securities Limited ,200,820.0,164000.0,2025-07-22 11:40:59.563499
2025-07-22,151394,2025072204006156,RADHI,Himalayan Securities Limited,Dipshikha Dhitopatra Karobar Co. Pvt Ltd.,400,820.0,328000.0,2025-07-22 11:40:59.563566
2025-07-22,151393,2025072204006157,RADHI,Himalayan Securities Limited,Naasa Securities Co. Ltd.,530,820.0,434600.0,2025-07-22 11:40:59.563635
2025-07-22,151392,2025072204006158,RADHI,Himalayan Securities Limited,INDEX SECURITIES LIMITED,209,820.0,171380.0,2025-07-22 11:40:59.563703
2025-07-22,151246,2025072204006193,RADHI,Trishakti Securities Public Limited,INDEX SECURITIES LIMITED,191,820.0,156620.0,2025-07-22 11:41:10.407685
2025-07-22,151245,2025072204006194,RADHI,Trishakti Securities Public Limited,Sri Hari Securities Pvt. Ltd.,158,821.0,129718.0,2025-07-22 11:41:10.407734
2025-07-22,151244,2025072204006195,RADHI,Trishakti Securities Public Limited,Property Wiard Limited,1651,821.0,1355471.0,2025-07-22 11:41:10.407762
2025-07-22,151189,2025072204006213,RADHI,Primo Securities (PVT) Ltd.,Aryatara Investment & Securities,2,810.0,1620.0,2025-07-22 11:41:14.563133
2025-07-22,151119,2025072204006226,RADHI,Primo Securities (PVT) Ltd.,Naasa Securities Co. Ltd.,5,810.1,4050.5,2025-07-22 11:41:22.585305
2025-07-22,151093,2025072204006235,RADHI,Prabhu Stock Market Limited,Property Wiard Limited,1381,821.0,1133801.0,2025-07-22 11:41:23.942463
2025-07-22,151092,2025072204006236,RADHI,Prabhu Stock Market Limited,ABC Securities Private Limited,600,821.0,492600.0,2025-07-22 11:41:23.942716
2025-07-22,151091,2025072204006237,RADHI,Prabhu Stock Market Limited,KALASH STOCK MARKET PVT. LTD.,19,822.0,15618.0,2025-07-22 11:41:23.942819
2025-07-22,151064,2025072204006239,RADHI,Primo Securities (PVT) Ltd.,Naasa Securities Co. Ltd.,2,812.0,1624.0,2025-07-22 11:41:26.646069
2025-07-22,151018,2025072204006249,RADHI,Primo Securities (PVT) Ltd.,Naasa Securities Co. Ltd.,1,812.0,812.0,2025-07-22 11:41:32.629265
2025-07-22,150873,2025072204006287,RADHI,Thrive Brokerage House Pvt. Ltd,KALASH STOCK MARKET PVT. LTD.,131,822.0,107682.0,2025-07-22 11:41:44.408091
2025-07-22,150872,2025072204006288,RADHI,Thrive Brokerage House Pvt. Ltd,Online Securities Pvt. Ltd.,469,822.0,385518.0,2025-07-22 11:41:44.408353
2025-07-22,150548,2025072204006360,RADHI,J.F. Securites (PVT) Ltd.,Naasa Securities Co. Ltd.,50,821.9,41095.0,2025-07-22 11:42:09.536592
2025-07-22,150547,2025072204006361,RADHI,J.F. Securites (PVT) Ltd.,Online Securities Pvt. Ltd.,450,822.0,369900.0,2025-07-22 11:42:09.536654
2025-07-22,150500,2025072204006368,RADHI,Aryatara Investment & Securities,Online Securities Pvt. Ltd.,81,822.0,66582.0,2025-07-22 11:42:12.981849
2025-07-22,150499,2025072204006369,RADHI,Aryatara Investment & Securities,Sanima Securities Limited,19,822.0,15618.0,2025-07-22 11:42:12.982160
2025-07-22,150395,2025072204006401,RADHI,J.F. Securites (PVT) Ltd.,Sanima Securities Limited,500,822.0,411000.0,2025-07-22 11:42:23.609398
2025-07-22,150262,2025072204006446,RADHI,Nepal Stock House (PVT) Ltd.,Sanima Securities Limited,481,822.0,395382.0,2025-07-22 11:42:32.265124
2025-07-22,150261,2025072204006447,RADHI,Nepal Stock House (PVT) Ltd.,Stoxkarts Securities Limited,100,823.0,82300.0,2025-07-22 11:42:32.265168
2025-07-22,150260,2025072204006448,RADHI,Nepal Stock House (PVT) Ltd.,Secured Securities Ltd.,1000,823.0,823000.0,2025-07-22 11:42:32.265222
2025-07-22,150259,2025072204006449,RADHI,Nepal Stock House (PVT) Ltd.,Nepal Stock House (PVT) Ltd.,200,823.0,164600.0,2025-07-22 11:42:32.265251
2025-07-22,150258,2025072204006450,RADHI,Nepal Stock House (PVT) Ltd.,N.M.B. SECURITIES LIMITED,500,824.0,412000.0,2025-07-22 11:42:32.265300
2025-07-22,150257,2025072204006451,RADHI,Nepal Stock House (PVT) Ltd.,Kumari Securities Private Limited,300,824.0,247200.0,2025-07-22 11:42:32.265335
2025-07-22,150256,2025072204006452,RADHI,Nepal Stock House (PVT) Ltd.,Sunrise Securities Limited,500,824.0,412000.0,2025-07-22 11:42:32.265358
2025-07-22,150255,2025072204006453,RADHI,Nepal Stock House (PVT) Ltd.,Bhrikuti Stock Broking Co. Pvt. Ltd.,155,825.0,127875.0,2025-07-22 11:42:32.265384
2025-07-22,150254,2025072204006454,RADHI,Nepal Stock House (PVT) Ltd.,Dakshinkali Investment & Securities Pvt. Ltd.,400,825.0,330000.0,2025-07-22 11:42:32.265414
2025-07-22,150253,2025072204006455,RADHI,Nepal Stock House (PVT) Ltd.,Kumari Securities Private Limited,1000,825.0,825000.0,2025-07-22 11:42:32.265439
2025-07-22,150252,2025072204006456,RADHI,Nepal Stock House (PVT) Ltd.,Opal Securities Investment (PVT) Ltd.,150,825.0,123750.0,2025-07-22 11:42:32.265464
2025-07-22,150251,2025072204006457,RADHI,Nepal Stock House (PVT) Ltd.,Sumeru Securities Pvt. Ltd.,100,825.0,82500.0,2025-07-22 11:42:32.265492
2025-07-22,150250,2025072204006458,RADHI,Nepal Stock House (PVT) Ltd.,Siprabi Securities Pvt. Ltd.,100,825.0,82500.0,2025-07-22 11:42:32.265516
2025-07-22,150249,2025072204006459,RADHI,Nepal Stock House (PVT) Ltd.,Aryatara Investment & Securities,14,825.0,11550.0,2025-07-22 11:42:32.265540
2025-07-22,150172,2025072204006474,RADHI,J.F. Securites (PVT) Ltd.,Imperial Securities Company Pvt. Ltd.,3,810.1,2430.3,2025-07-22 11:42:37.566700
2025-07-22,149897,2025072204006577,RADHI,Imperial Securities Company Pvt. Ltd.,Miyo Securities Pvt Ltd,50,818.0,40900.0,2025-07-22 11:42:54.539020
2025-07-22,149244,2025072204006718,RADHI,Naasa Securities Co. Ltd.,Trisul Securities & Invt. Ltd.,24,818.1,19634.4,2025-07-22 11:43:32.060136
2025-07-22,149203,2025072204006724,RADHI,Nagarik Stock Dealer ,Swarna Laxmi Securities Pvt. Ltd.,50,818.2,40910.0,2025-07-22 11:43:34.798017
2025-07-22,149202,2025072204006725,RADHI,Naasa Securities Co. Ltd.,Swarna Laxmi Securities Pvt. Ltd.,26,818.1,21270.6,2025-07-22 11:43:34.798335
2025-07-22,149137,2025072204006734,RADHI,Citizens Share Broker Limited,Swarna Laxmi Securities Pvt. Ltd.,24,818.1,19634.4,2025-07-22 11:43:39.395685
2025-07-22,149132,2025072204006735,RADHI,Citizens Share Broker Limited,Sumeru Securities Pvt. Ltd.,15,818.1,12271.5,2025-07-22 11:43:40.310583
2025-07-22,148914,2025072204006781,RADHI,Sipla Securities Private Limited,Trisul Securities & Invt. Ltd.,30,820.0,24600.0,2025-07-22 11:43:52.707721
2025-07-22,148913,2025072204006782,RADHI,Sipla Securities Private Limited,Opal Securities Investment (PVT) Ltd.,3470,820.0,2845400.0,2025-07-22 11:43:52.708031
2025-07-22,148740,2025072204006818,RADHI,Online Securities Pvt. Ltd.,Opal Securities Investment (PVT) Ltd.,30,820.0,24600.0,2025-07-22 11:44:04.894112
2025-07-22,148522,2025072204006872,RADHI,Online Securities Pvt. Ltd.,Miyo Securities Pvt Ltd,110,820.0,90200.0,2025-07-22 11:44:20.732375
2025-07-22,148463,2025072204006885,RADHI,Sundhara Securities Limited,Kalika Securities Pvt. Ltd.,500,824.0,412000.0,2025-07-22 11:44:23.858221
2025-07-22,148257,2025072204006921,RADHI,Sundhara Securities Limited,Sumeru Securities Pvt. Ltd.,500,823.0,411500.0,2025-07-22 11:44:35.898552
2025-07-22,148210,2025072204006932,RADHI,Sundhara Securities Limited,Kalika Securities Pvt. Ltd.,500,824.0,412000.0,2025-07-22 11:44:39.913503
2025-07-22,148082,2025072204006975,RADHI,Sundhara Securities Limited,Aryatara Investment & Securities,186,825.0,153450.0,2025-07-22 11:44:51.945201
2025-07-22,148081,2025072204006976,RADHI,Sundhara Securities Limited,Dipshikha Dhitopatra Karobar Co. Pvt Ltd.,27,825.0,22275.0,2025-07-22 11:44:51.945749
2025-07-22,148080,2025072204006977,RADHI,Sundhara Securities Limited,Siprabi Securities Pvt. Ltd.,200,825.0,165000.0,2025-07-22 11:44:51.946110
2025-07-22,148079,2025072204006978,RADHI,Sundhara Securities Limited,Imperial Securities Company Pvt. Ltd.,42,825.0,34650.0,2025-07-22 11:44:51.946464
2025-07-22,148078,2025072204006979,RADHI,Sundhara Securities Limited,Sani Securities Company Ltd.,30,825.0,24750.0,2025-07-22 11:44:51.946809
2025-07-22,148077,2025072204006980,RADHI,Sundhara Securities Limited,Prabhu Stock Market Limited,15,825.0,12375.0,2025-07-22 11:44:51.947146
2025-07-22,147914,2025072204007006,RADHI,Sundhara Securities Limited,Opal Securities Investment (PVT) Ltd.,100,824.0,82400.0,2025-07-22 11:45:01.995006
2025-07-22,147913,2025072204007007,RADHI,Sundhara Securities Limited,Sumeru Securities Pvt. Ltd.,35,824.9,28871.5,2025-07-22 11:45:01.995306
2025-07-22,147912,2025072204007008,RADHI,Sundhara Securities Limited,Prabhu Stock Market Limited,285,825.0,235125.0,2025-07-22 11:45:01.995440
2025-07-22,147911,2025072204007009,RADHI,Sundhara Securities Limited,Naasa Securities Co. Ltd.,80,825.0,66000.0,2025-07-22 11:45:01.995589
2025-07-22,147748,2025072204007033,RADHI,Online Securities Pvt. Ltd.,Naasa Securities Co. Ltd.,220,825.0,181500.0,2025-07-22 11:45:13.719441
2025-07-22,147747,2025072204007034,RADHI,Online Securities Pvt. Ltd.,Online Securities Pvt. Ltd.,140,825.0,115500.0,2025-07-22 11:45:13.719708
2025-07-22,147743,2025072204007038,RADHI,Sundhara Securities Limited,Online Securities Pvt. Ltd.,10,825.0,8250.0,2025-07-22 11:45:14.045686
2025-07-22,147742,2025072204007039,RADHI,Sundhara Securities Limited,Linch Stock Market Ltd.,100,825.0,82500.0,2025-07-22 11:45:14.045955
2025-07-22,147741,2025072204007040,RADHI,Sundhara Securities Limited,Sani Securities Company Ltd.,10,825.0,8250.0,2025-07-22 11:45:14.046067
2025-07-22,147740,2025072204007041,RADHI,Sundhara Securities Limited,Vision Securities Pvt. Ltd,348,825.0,287100.0,2025-07-22 11:45:14.046170
2025-07-22,147739,2025072204007042,RADHI,Sundhara Securities Limited,Sani Securities Company Ltd.,10,825.0,8250.0,2025-07-22 11:45:14.046275
2025-07-22,147738,2025072204007043,RADHI,Sundhara Securities Limited,Agrawal Securities (PVT) Ltd.,10,825.0,8250.0,2025-07-22 11:45:14.046423
2025-07-22,147737,2025072204007044,RADHI,Sundhara Securities Limited,Dipshikha Dhitopatra Karobar Co. Pvt Ltd.,12,825.0,9900.0,2025-07-22 11:45:14.046547
2025-07-22,147575,2025072204007063,RADHI,Sundhara Securities Limited,Dakshinkali Investment & Securities Pvt. Ltd.,300,824.0,247200.0,2025-07-22 11:45:24.110602
2025-07-22,147574,2025072204007064,RADHI,Sundhara Securities Limited,Dipshikha Dhitopatra Karobar Co. Pvt Ltd.,23,825.0,18975.0,2025-07-22 11:45:24.110883
2025-07-22,147573,2025072204007065,RADHI,Sundhara Securities Limited,J.F. Securites (PVT) Ltd.,100,825.0,82500.0,2025-07-22 11:45:24.110992
2025-07-22,147572,2025072204007066,RADHI,Sundhara Securities Limited,Asian Securities Private Ltd.,77,825.0,63525.0,2025-07-22 11:45:24.111102
2025-07-22,147207,2025072204007139,RADHI,Sundhara Securities Limited,Capital Max Securities Ltd,500,824.9,412450.0,2025-07-22 11:45:46.188993
2025-07-22,147075,2025072204007184,RADHI,Imperial Securities Company Pvt. Ltd.,Naasa Securities Co. Ltd.,10,821.1,8211.0,2025-07-22 11:45:56.343385
2025-07-22,146633,2025072204007280,RADHI,INDEX SECURITIES LIMITED,Asian Securities Private Ltd.,823,825.0,678975.0,2025-07-22 11:46:20.737614
2025-07-22,146632,2025072204007281,RADHI,INDEX SECURITIES LIMITED,Vision Securities Pvt. Ltd,10,825.0,8250.0,2025-07-22 11:46:20.738070
2025-07-22,146631,2025072204007282,RADHI,INDEX SECURITIES LIMITED,Secured Securities Ltd.,167,825.0,137775.0,2025-07-22 11:46:20.738398
2025-07-22,146515,2025072204007301,RADHI,BHOLE GANESH SECURITIES LTD,Sumeru Securities Pvt. Ltd.,30,824.9,24747.0,2025-07-22 11:46:29.748142
2025-07-22,146514,2025072204007302,RADHI,BHOLE GANESH SECURITIES LTD,Secured Securities Ltd.,226,825.0,186450.0,2025-07-22 11:46:29.748429
2025-07-22,146513,2025072204007303,RADHI,BHOLE GANESH SECURITIES LTD,Sumeru Securities Pvt. Ltd.,100,825.0,82500.0,2025-07-22 11:46:29.748541
2025-07-22,146512,2025072204007304,RADHI,BHOLE GANESH SECURITIES LTD,Aryatara Investment & Securities,10,825.0,8250.0,2025-07-22 11:46:29.748648
2025-07-22,146510,2025072204007305,RADHI,SHUBHAKAMANA SECURITIES PVT. LTD,SUN SECURITIES PVT LTD,500,825.4,412700.0,2025-07-22 11:46:29.936098
2025-07-22,146504,2025072204007307,RADHI,BHOLE GANESH SECURITIES LTD,Investment Management Nepal Pvt. Ltd.,34,825.0,28050.0,2025-07-22 11:46:30.306914
2025-07-22,146387,2025072204007332,RADHI,BHOLE GANESH SECURITIES LTD,Property Wiard Limited,100,825.0,82500.0,2025-07-22 11:46:37.138604
2025-07-22,146386,2025072204007333,RADHI,Sundhara Securities Limited,Property Wiard Limited,200,825.0,165000.0,2025-07-22 11:46:37.138879
2025-07-22,146274,2025072204007370,RADHI,SHUBHAKAMANA SECURITIES PVT. LTD,SUN SECURITIES PVT LTD,300,825.4,247620.0,2025-07-22 11:46:45.964516
2025-07-22,145631,2025072204007520,RADHI,Sumeru Securities Pvt. Ltd.,Premier Securities Company Ltd.,100,825.0,82500.0,2025-07-22 11:47:28.136258
2025-07-22,145307,2025072204007590,RADHI,Vision Securities Pvt. Ltd,Premier Securities Company Ltd.,45,825.0,37125.0,2025-07-22 11:47:43.429789
2025-07-22,145286,2025072204007592,RADHI,Siprabi Securities Pvt. Ltd.,Miyo Securities Pvt Ltd,40,822.5,32900.0,2025-07-22 11:47:45.129753
2025-07-22,145262,2025072204007613,RADHI,Magnet Securities and Investment Company Private Limited,Premier Securities Company Ltd.,1000,825.0,825000.0,2025-07-22 11:47:45.568223
2025-07-22,145245,2025072204007615,RADHI,Aakashbhairab Securities Ltd.,Premier Securities Company Ltd.,100,825.0,82500.0,2025-07-22 11:47:46.755287
2025-07-22,145215,2025072204007618,RADHI,Siprabi Securities Pvt. Ltd.,Sumeru Securities Pvt. Ltd.,98,822.5,80605.0,2025-07-22 11:47:50.116790
2025-07-22,144757,2025072204007720,RADHI,Dipshikha Dhitopatra Karobar Co. Pvt Ltd.,Dynamic Money Managers Securities Pvt. Ltd.,100,824.0,82400.0,2025-07-22 11:48:23.989375
2025-07-22,144740,2025072204007726,RADHI,Kumari Securities Private Limited,Dynamic Money Managers Securities Pvt. Ltd.,300,824.0,247200.0,2025-07-22 11:48:25.003597
2025-07-22,144523,2025072204007777,RADHI,Sundhara Securities Limited,Dynamic Money Managers Securities Pvt. Ltd.,100,824.0,82400.0,2025-07-22 11:48:34.986698
2025-07-22,144298,2025072204007800,RADHI,Sundhara Securities Limited,Miyo Securities Pvt Ltd,43,824.0,35432.0,2025-07-22 11:48:47.261334
2025-07-22,144100,2025072204007842,RADHI,Sundhara Securities Limited,Sumeru Securities Pvt. Ltd.,100,824.0,82400.0,2025-07-22 11:49:02.725906
2025-07-22,144075,2025072204007847,RADHI,Sundhara Securities Limited,Primo Securities (PVT) Ltd.,257,824.0,211768.0,2025-07-22 11:49:04.871173
2025-07-22,144074,2025072204007848,RADHI,Agrawal Securities (PVT) Ltd.,Primo Securities (PVT) Ltd.,1000,824.0,824000.0,2025-07-22 11:49:04.871727
2025-07-22,143288,2025072204008059,RADHI,Market Securities & Exchange (PVT) Ltd.,Primo Securities (PVT) Ltd.,26,824.0,21424.0,2025-07-22 11:50:01.421498
2025-07-22,143250,2025072204008061,RADHI,Agrawal Securities (PVT) Ltd.,Primo Securities (PVT) Ltd.,54,824.0,44496.0,2025-07-22 11:50:02.868302
2025-07-22,143249,2025072204008062,RADHI,Agrawal Securities (PVT) Ltd.,Sumeru Securities Pvt. Ltd.,40,824.0,32960.0,2025-07-22 11:50:02.868720
2025-07-22,143248,2025072204008063,RADHI,Agrawal Securities (PVT) Ltd.,Aryatara Investment & Securities,400,824.0,329600.0,2025-07-22 11:50:02.868862
2025-07-22,143247,2025072204008064,RADHI,Agrawal Securities (PVT) Ltd.,Sumeru Securities Pvt. Ltd.,200,824.0,164800.0,2025-07-22 11:50:02.868988
2025-07-22,143246,2025072204008065,RADHI,Agrawal Securities (PVT) Ltd.,Sumeru Securities Pvt. Ltd.,300,824.0,247200.0,2025-07-22 11:50:02.869133
2025-07-22,143201,2025072204008075,RADHI,Bhrikuti Stock Broking Co. Pvt. Ltd.,Aakashbhairab Securities Ltd.,400,823.0,329200.0,2025-07-22 11:50:07.039335
2025-07-22,142383,2025072204008309,RADHI,Bhrikuti Stock Broking Co. Pvt. Ltd.,Asian Securities Private Ltd.,60,823.0,49380.0,2025-07-22 11:50:58.881099
2025-07-22,142245,2025072204008357,RADHI,Bhrikuti Stock Broking Co. Pvt. Ltd.,Investment Management Nepal Pvt. Ltd.,540,823.0,444420.0,2025-07-22 11:51:10.213119
2025-07-22,141427,2025072204008525,RADHI,Sani Securities Company Ltd.,Arun Securities (PVT) Ltd.,45,822.3,37003.5,2025-07-22 11:52:10.109920
2025-07-22,140367,2025072204008752,RADHI,Bhrikuti Stock Broking Co. Pvt. Ltd.,Miyo Securities Pvt Ltd,120,824.0,98880.0,2025-07-22 11:53:32.828586
2025-07-22,139649,2025072204008896,RADHI,Sewa Securities Pvt. Ltd.,Neev Securities Pvt. Ltd.,50,822.5,41125.0,2025-07-22 11:54:24.682359
2025-07-22,139648,2025072204008897,RADHI,Sani Securities Company Ltd.,Neev Securities Pvt. Ltd.,55,822.3,45226.5,2025-07-22 11:54:24.682713
2025-07-22,139647,2025072204008898,RADHI,South Asian Bulls Pvt. Ltd.,Neev Securities Pvt. Ltd.,395,822.2,324769.0,2025-07-22 11:54:24.682848
2025-07-22,139137,2025072204009030,RADHI,Sagarmatha Securities Private Limited,Online Securities Pvt. Ltd.,10,824.0,8240.0,2025-07-22 11:54:58.184570
2025-07-22,139054,2025072204009049,RADHI,Oxford Securities Pvt. Ltd.,Property Wiard Limited,100,822.3,82230.0,2025-07-22 11:55:02.612279
2025-07-22,138798,2025072204009147,RADHI,NIMB Stock Markets Limited,Online Securities Pvt. Ltd.,500,824.0,412000.0,2025-07-22 11:55:16.567242
2025-07-22,138310,2025072204009267,RADHI,Deevyaa Securities & Stock House Pvt. Ltd,Online Securities Pvt. Ltd.,231,824.0,190344.0,2025-07-22 11:55:46.634466
2025-07-22,138309,2025072204009268,RADHI,Deevyaa Securities & Stock House Pvt. Ltd,Aryatara Investment & Securities,50,824.0,41200.0,2025-07-22 11:55:46.635099
2025-07-22,137960,2025072204009364,RADHI,Deevyaa Securities & Stock House Pvt. Ltd,Himalayan Brokerage Company Limited,50,824.0,41200.0,2025-07-22 11:56:13.180431
2025-07-22,137945,2025072204009371,RADHI,Nepal Investment And Securities Trading Private Limited,Sipla Securities Private Limited,100,824.5,82450.0,2025-07-22 11:56:14.150483
2025-07-22,137891,2025072204009390,RADHI,Deevyaa Securities & Stock House Pvt. Ltd,Miyo Securities Pvt Ltd,19,824.0,15656.0,2025-07-22 11:56:20.172428
2025-07-22,137890,2025072204009391,RADHI,Cristal Kanchanjanga Securites Pvt. Ltd.,Miyo Securities Pvt Ltd,231,824.0,190344.0,2025-07-22 11:56:20.172845
2025-07-22,137841,2025072204009410,RADHI,Kumari Securities Private Limited,Sipla Securities Private Limited,350,824.5,288575.0,2025-07-22 11:56:23.883719
2025-07-22,137840,2025072204009411,RADHI,Kumari Securities Private Limited,Himalayan Securities Limited,150,824.5,123675.0,2025-07-22 11:56:23.884008
2025-07-22,137509,2025072204009519,RADHI,NIMB Stock Markets Limited,Himalayan Securities Limited,750,824.5,618375.0,2025-07-22 11:56:46.541710
2025-07-22,137508,2025072204009520,RADHI,NIMB Stock Markets Limited,Infinity Securities Limited,500,824.9,412450.0,2025-07-22 11:56:46.542047
2025-07-22,137507,2025072204009521,RADHI,NIMB Stock Markets Limited,Siprabi Securities Pvt. Ltd.,200,824.9,164980.0,2025-07-22 11:56:46.542185
2025-07-22,137506,2025072204009522,RADHI,NIMB Stock Markets Limited,Neev Securities Pvt. Ltd.,500,824.9,412450.0,2025-07-22 11:56:46.542322
2025-07-22,137505,2025072204009523,RADHI,NIMB Stock Markets Limited,SUN SECURITIES PVT LTD,750,824.9,618675.0,2025-07-22 11:56:46.542470
2025-07-22,137167,2025072204009589,RADHI,Cristal Kanchanjanga Securites Pvt. Ltd.,Agrawal Securities (PVT) Ltd.,10,824.0,8240.0,2025-07-22 11:57:08.505524
2025-07-22,137143,2025072204009596,RADHI,Cristal Kanchanjanga Securites Pvt. Ltd.,Miyo Securities Pvt Ltd,60,824.0,49440.0,2025-07-22 11:57:10.278560
2025-07-22,137041,2025072204009639,RADHI,Vision Securities Pvt. Ltd,SUN SECURITIES PVT LTD,50,824.9,41245.0,2025-07-22 11:57:18.924736
2025-07-22,136892,2025072204009682,RADHI,Cristal Kanchanjanga Securites Pvt. Ltd.,Primo Securities (PVT) Ltd.,119,824.0,98056.0,2025-07-22 11:57:31.281929
2025-07-22,136891,2025072204009683,RADHI,Siprabi Securities Pvt. Ltd.,Primo Securities (PVT) Ltd.,500,824.0,412000.0,2025-07-22 11:57:31.282530
2025-07-22,136809,2025072204009706,RADHI,Sri Hari Securities Pvt. Ltd.,Primo Securities (PVT) Ltd.,25,824.0,20600.0,2025-07-22 11:57:36.391072
2025-07-22,136769,2025072204009728,RADHI,Trishakti Securities Public Limited,Primo Securities (PVT) Ltd.,200,824.0,164800.0,2025-07-22 11:57:41.440801
2025-07-22,136504,2025072204009812,RADHI,Vision Securities Pvt. Ltd,SHUBHAKAMANA SECURITIES PVT. LTD,400,822.9,329160.0,2025-07-22 11:58:05.208803
2025-07-22,136503,2025072204009813,RADHI,Ashutosh Brokerage & Securities (PVT) Ltd.,SHUBHAKAMANA SECURITIES PVT. LTD,100,822.8,82280.0,2025-07-22 11:58:05.209511
2025-07-22,136386,2025072204009837,RADHI,BHOLE GANESH SECURITIES LTD,Primo Securities (PVT) Ltd.,250,824.0,206000.0,2025-07-22 11:58:14.217280
2025-07-22,136230,2025072204009888,RADHI,Cristal Kanchanjanga Securites Pvt. Ltd.,Primo Securities (PVT) Ltd.,106,824.0,87344.0,2025-07-22 11:58:27.302138
2025-07-22,136229,2025072204009889,RADHI,Cristal Kanchanjanga Securites Pvt. Ltd.,Online Securities Pvt. Ltd.,394,824.0,324656.0,2025-07-22 11:58:27.302851
2025-07-22,136010,2025072204009944,RADHI,Siprabi Securities Pvt. Ltd.,Kohinoor Investment & Securities Pvt. Ltd.,500,823.0,411500.0,2025-07-22 11:58:41.652193
2025-07-22,136009,2025072204009945,RADHI,Oxford Securities Pvt. Ltd.,Kohinoor Investment & Securities Pvt. Ltd.,590,822.9,485511.0,2025-07-22 11:58:41.652250
2025-07-22,135841,2025072204009991,RADHI,Oxford Securities Pvt. Ltd.,Hatemalo Financial Services Private Limited,200,822.9,164580.0,2025-07-22 11:58:50.506559
2025-07-22,135526,2025072204010066,RADHI,Ashutosh Brokerage & Securities (PVT) Ltd.,Sumeru Securities Pvt. Ltd.,500,823.0,411500.0,2025-07-22 11:59:14.562280
2025-07-22,135525,2025072204010067,RADHI,Sri Hari Securities Pvt. Ltd.,Sumeru Securities Pvt. Ltd.,16,823.0,13168.0,2025-07-22 11:59:14.562628
2025-07-22,135524,2025072204010068,RADHI,Ashutosh Brokerage & Securities (PVT) Ltd.,Sumeru Securities Pvt. Ltd.,484,823.0,398332.0,2025-07-22 11:59:14.562772
2025-07-22,134998,2025072204010167,RADHI,Ashutosh Brokerage & Securities (PVT) Ltd.,Dipshikha Dhitopatra Karobar Co. Pvt Ltd.,16,823.0,13168.0,2025-07-22 11:59:55.437623
2025-07-22,134997,2025072204010168,RADHI,Neev Securities Pvt. Ltd.,Dipshikha Dhitopatra Karobar Co. Pvt Ltd.,484,823.0,398332.0,2025-07-22 11:59:55.438237
2025-07-22,134725,2025072204010232,RADHI,Neev Securities Pvt. Ltd.,ABC Securities Private Limited,350,823.7,288295.0,2025-07-22 12:00:15.552326
2025-07-22,134670,2025072204010253,RADHI,Neev Securities Pvt. Ltd.,ABC Securities Private Limited,150,823.7,123555.0,2025-07-22 12:00:19.593491
2025-07-22,134669,2025072204010254,RADHI,Neev Securities Pvt. Ltd.,Sumeru Securities Pvt. Ltd.,850,823.8,700230.0,2025-07-22 12:00:19.593837
2025-07-22,134620,2025072204010262,RADHI,Oxford Securities Pvt. Ltd.,Sumeru Securities Pvt. Ltd.,710,823.8,584898.0,2025-07-22 12:00:24.112505
2025-07-22,134553,2025072204010276,RADHI,NIMB Stock Markets Limited,SHUBHAKAMANA SECURITIES PVT. LTD,500,823.7,411850.0,2025-07-22 12:00:31.460703
2025-07-22,134552,2025072204010277,RADHI,Vision Securities Pvt. Ltd,SHUBHAKAMANA SECURITIES PVT. LTD,150,823.1,123465.0,2025-07-22 12:00:31.460786
2025-07-22,134454,2025072204010300,RADHI,Vision Securities Pvt. Ltd,Sumeru Securities Pvt. Ltd.,250,823.1,205775.0,2025-07-22 12:00:38.980854
2025-07-22,134381,2025072204010309,RADHI,Midas Stock Broking Company Private Limited,Sumeru Securities Pvt. Ltd.,440,823.8,362472.0,2025-07-22 12:00:44.916937
2025-07-22,134273,2025072204010343,RADHI,Oxford Securities Pvt. Ltd.,SHUBHAKAMANA SECURITIES PVT. LTD,350,823.2,288120.0,2025-07-22 12:00:53.531107
2025-07-22,134208,2025072204010365,RADHI,Midas Stock Broking Company Private Limited,Hatemalo Financial Services Private Limited,250,823.9,205975.0,2025-07-22 12:00:58.953825
2025-07-22,134170,2025072204010374,RADHI,Oxford Securities Pvt. Ltd.,Dakshinkali Investment & Securities Pvt. Ltd.,300,823.2,246960.0,2025-07-22 12:01:04.174627
2025-07-22,134149,2025072204010381,RADHI,Oxford Securities Pvt. Ltd.,Kohinoor Investment & Securities Pvt. Ltd.,750,823.2,617400.0,2025-07-22 12:01:06.348479
2025-07-22,134148,2025072204010382,RADHI,Vision Securities Pvt. Ltd,Kohinoor Investment & Securities Pvt. Ltd.,100,823.1,82310.0,2025-07-22 12:01:06.348550
2025-07-22,134147,2025072204010383,RADHI,Neev Securities Pvt. Ltd.,Kohinoor Investment & Securities Pvt. Ltd.,16,823.0,13168.0,2025-07-22 12:01:06.348577
2025-07-22,134146,2025072204010384,RADHI,Ashutosh Brokerage & Securities (PVT) Ltd.,Kohinoor Investment & Securities Pvt. Ltd.,184,823.0,151432.0,2025-07-22 12:01:06.348601
2025-07-22,134019,2025072204010430,RADHI,KALASH STOCK MARKET PVT. LTD.,Sumeru Securities Pvt. Ltd.,250,823.9,205975.0,2025-07-22 12:01:18.555752
2025-07-22,133968,2025072204010442,RADHI,Ashutosh Brokerage & Securities (PVT) Ltd.,Cristal Kanchanjanga Securites Pvt. Ltd.,316,823.0,260068.0,2025-07-22 12:01:22.113075
2025-07-22,133744,2025072204010492,RADHI,Sumeru Securities Pvt. Ltd.,Cristal Kanchanjanga Securites Pvt. Ltd.,184,823.0,151432.0,2025-07-22 12:01:39.294021
2025-07-22,133743,2025072204010493,RADHI,Sumeru Securities Pvt. Ltd.,Global IME Securities Limited,66,823.7,54364.2,2025-07-22 12:01:39.294354
2025-07-22,133556,2025072204010533,RADHI,Midas Stock Broking Company Private Limited,Global IME Securities Limited,320,823.7,263584.0,2025-07-22 12:01:55.220273
2025-07-22,133387,2025072204010559,RADHI,KALASH STOCK MARKET PVT. LTD.,Online Securities Pvt. Ltd.,184,823.0,151432.0,2025-07-22 12:02:10.844592
2025-07-22,133063,2025072204010633,RADHI,Primo Securities (PVT) Ltd.,Dakshinkali Investment & Securities Pvt. Ltd.,1,806.6,806.6,2025-07-22 12:02:36.974623
2025-07-22,132936,2025072204010668,RADHI,Primo Securities (PVT) Ltd.,Kohinoor Investment & Securities Pvt. Ltd.,8,812.3,6498.4,2025-07-22 12:02:47.079456
2025-07-22,132794,2025072204010708,RADHI,Imperial Securities Company Pvt. Ltd.,Primo Securities (PVT) Ltd.,100,822.9,82290.0,2025-07-22 12:02:59.136487
2025-07-22,132793,2025072204010709,RADHI,Ashutosh Brokerage & Securities (PVT) Ltd.,Primo Securities (PVT) Ltd.,400,822.8,329120.0,2025-07-22 12:02:59.136835
2025-07-22,132661,2025072204010739,RADHI,Trishakti Securities Public Limited,Kohinoor Investment & Securities Pvt. Ltd.,250,822.7,205675.0,2025-07-22 12:03:07.020943
2025-07-22,132652,2025072204010740,RADHI,Trishakti Securities Public Limited,SHUBHAKAMANA SECURITIES PVT. LTD,35,822.7,28794.5,2025-07-22 12:03:07.748563
2025-07-22,132520,2025072204010752,RADHI,ABC Securities Private Limited,Miyo Securities Pvt Ltd,50,822.5,41125.0,2025-07-22 12:03:15.067298
2025-07-22,132490,2025072204010756,RADHI,ABC Securities Private Limited,Magnet Securities and Investment Company Private Limited,10,822.5,8225.0,2025-07-22 12:03:17.262259
2025-07-22,132489,2025072204010757,RADHI,Ashutosh Brokerage & Securities (PVT) Ltd.,Magnet Securities and Investment Company Private Limited,490,822.4,402976.0,2025-07-22 12:03:17.262932
2025-07-22,132412,2025072204010775,RADHI,Neev Securities Pvt. Ltd.,Online Securities Pvt. Ltd.,316,823.0,260068.0,2025-07-22 12:03:22.468580
2025-07-22,131949,2025072204010905,RADHI,Ashutosh Brokerage & Securities (PVT) Ltd.,Capital Hub P. Ltd,10,822.4,8224.0,2025-07-22 12:03:51.813998
2025-07-22,131948,2025072204010906,RADHI,Vision Securities Pvt. Ltd,Capital Hub P. Ltd,100,822.4,82240.0,2025-07-22 12:03:51.814372
2025-07-22,131947,2025072204010907,RADHI,Ashutosh Brokerage & Securities (PVT) Ltd.,Capital Hub P. Ltd,500,822.1,411050.0,2025-07-22 12:03:51.814522
2025-07-22,131946,2025072204010908,RADHI,Agrawal Securities (PVT) Ltd.,Capital Hub P. Ltd,1000,822.0,822000.0,2025-07-22 12:03:51.814675
2025-07-22,131945,2025072204010909,RADHI,Sweta Securities Private Limited,Capital Hub P. Ltd,50,822.0,41100.0,2025-07-22 12:03:51.814877
2025-07-22,131944,2025072204010910,RADHI,Imperial Securities Company Pvt. Ltd.,Capital Hub P. Ltd,142,822.0,116724.0,2025-07-22 12:03:51.815060
2025-07-22,131783,2025072204010936,RADHI,Trishakti Securities Public Limited,Capital Hub P. Ltd,100,822.0,82200.0,2025-07-22 12:04:04.818618
2025-07-22,131661,2025072204010976,RADHI,Online Securities Pvt. Ltd.,Trademow Securities Private Limited,100,821.4,82140.0,2025-07-22 12:04:08.575745
2025-07-22,131608,2025072204010990,RADHI,Imperial Securities Company Pvt. Ltd.,Linch Stock Market Ltd.,100,821.3,82130.0,2025-07-22 12:04:11.150599
2025-07-22,131607,2025072204010991,RADHI,Miyo Securities Pvt Ltd,Linch Stock Market Ltd.,100,821.1,82110.0,2025-07-22 12:04:11.151005
2025-07-22,131589,2025072204010995,RADHI,Midas Stock Broking Company Private Limited,Linch Stock Market Ltd.,100,821.0,82100.0,2025-07-22 12:04:11.819292
2025-07-22,131588,2025072204010996,RADHI,Midas Stock Broking Company Private Limited,Aryatara Investment & Securities,50,821.4,41070.0,2025-07-22 12:04:11.819687
2025-07-22,131418,2025072204011035,RADHI,Midas Stock Broking Company Private Limited,Aakashbhairab Securities Ltd.,150,821.5,123225.0,2025-07-22 12:04:25.397221
2025-07-22,131417,2025072204011036,RADHI,SUN SECURITIES PVT LTD,Aakashbhairab Securities Ltd.,300,820.3,246090.0,2025-07-22 12:04:25.397568
2025-07-22,131416,2025072204011037,RADHI,Imperial Securities Company Pvt. Ltd.,Aakashbhairab Securities Ltd.,900,820.1,738090.0,2025-07-22 12:04:25.397707
2025-07-22,131415,2025072204011038,RADHI,Sipla Securities Private Limited,Aakashbhairab Securities Ltd.,10,820.0,8200.0,2025-07-22 12:04:25.397849
2025-07-22,131414,2025072204011039,RADHI,Linch Stock Market Ltd.,Aakashbhairab Securities Ltd.,50,820.0,41000.0,2025-07-22 12:04:25.397981
2025-07-22,131413,2025072204011040,RADHI,Sweta Securities Private Limited,Aakashbhairab Securities Ltd.,50,820.0,41000.0,2025-07-22 12:04:25.398114
2025-07-22,131412,2025072204011041,RADHI,Dakshinkali Investment & Securities Pvt. Ltd.,Aakashbhairab Securities Ltd.,1540,820.0,1262800.0,2025-07-22 12:04:25.398246
2025-07-22,131231,2025072204011107,RADHI,Dakshinkali Investment & Securities Pvt. Ltd.,Sumeru Securities Pvt. Ltd.,2000,820.0,1640000.0,2025-07-22 12:04:35.999087
2025-07-22,131190,2025072204011114,RADHI,Dakshinkali Investment & Securities Pvt. Ltd.,Dipshikha Dhitopatra Karobar Co. Pvt Ltd.,60,820.0,49200.0,2025-07-22 12:04:38.908079
2025-07-22,131189,2025072204011115,RADHI,Nepal Stock House (PVT) Ltd.,Dipshikha Dhitopatra Karobar Co. Pvt Ltd.,30,820.0,24600.0,2025-07-22 12:04:38.908417
2025-07-22,131188,2025072204011116,RADHI,Nepal Stock House (PVT) Ltd.,Dipshikha Dhitopatra Karobar Co. Pvt Ltd.,30,820.0,24600.0,2025-07-22 12:04:38.908581
2025-07-22,131187,2025072204011117,RADHI,Kumari Securities Private Limited,Dipshikha Dhitopatra Karobar Co. Pvt Ltd.,110,820.0,90200.0,2025-07-22 12:04:38.908828
2025-07-22,131137,2025072204011123,RADHI,Kumari Securities Private Limited,SHUBHAKAMANA SECURITIES PVT. LTD,90,820.0,73800.0,2025-07-22 12:04:41.951490
2025-07-22,131136,2025072204011124,RADHI,Naasa Securities Co. Ltd.,SHUBHAKAMANA SECURITIES PVT. LTD,100,820.0,82000.0,2025-07-22 12:04:41.951813
2025-07-22,131135,2025072204011125,RADHI,Imperial Securities Company Pvt. Ltd.,SHUBHAKAMANA SECURITIES PVT. LTD,200,820.0,164000.0,2025-07-22 12:04:41.951957
2025-07-22,131044,2025072204011161,RADHI,Agrawal Securities (PVT) Ltd.,Sumeru Securities Pvt. Ltd.,750,819.0,614250.0,2025-07-22 12:04:48.034328
2025-07-22,131013,2025072204011175,RADHI,Agrawal Securities (PVT) Ltd.,SHUBHAKAMANA SECURITIES PVT. LTD,410,819.0,335790.0,2025-07-22 12:04:49.972617
2025-07-22,131007,2025072204011177,RADHI,Agrawal Securities (PVT) Ltd.,Vision Securities Pvt. Ltd,440,819.0,360360.0,2025-07-22 12:04:50.883980
2025-07-22,131006,2025072204011178,RADHI,Naasa Securities Co. Ltd.,Vision Securities Pvt. Ltd,560,819.0,458640.0,2025-07-22 12:04:50.884080
2025-07-22,130954,2025072204011194,RADHI,Naasa Securities Co. Ltd.,Citizens Share Broker Limited,440,819.0,360360.0,2025-07-22 12:04:54.427487
2025-07-22,130887,2025072204011216,RADHI,Oxford Securities Pvt. Ltd.,Citizens Share Broker Limited,1000,819.0,819000.0,2025-07-22 12:04:58.085006
2025-07-22,130750,2025072204011254,RADHI,Citizens Share Broker Limited,Kohinoor Investment & Securities Pvt. Ltd.,61,818.1,49904.1,2025-07-22 12:05:05.804967
2025-07-22,130749,2025072204011255,RADHI,Premier Securities Company Ltd.,Kohinoor Investment & Securities Pvt. Ltd.,20,818.1,16362.0,2025-07-22 12:05:05.805011
2025-07-22,130748,2025072204011256,RADHI,Linch Stock Market Ltd.,Kohinoor Investment & Securities Pvt. Ltd.,50,818.0,40900.0,2025-07-22 12:05:05.805047
2025-07-22,130747,2025072204011257,RADHI,Siprabi Securities Pvt. Ltd.,Kohinoor Investment & Securities Pvt. Ltd.,200,817.5,163500.0,2025-07-22 12:05:05.805094
2025-07-22,130746,2025072204011258,RADHI,Linch Stock Market Ltd.,Kohinoor Investment & Securities Pvt. Ltd.,69,817.5,56407.5,2025-07-22 12:05:05.805119
2025-07-22,130592,2025072204011315,RADHI,Bhrikuti Stock Broking Co. Pvt. Ltd.,Citizens Share Broker Limited,60,819.0,49140.0,2025-07-22 12:05:18.176342
2025-07-22,130591,2025072204011316,RADHI,Bhrikuti Stock Broking Co. Pvt. Ltd.,Dipshikha Dhitopatra Karobar Co. Pvt Ltd.,20,819.0,16380.0,2025-07-22 12:05:18.176663
2025-07-22,130524,2025072204011335,RADHI,Sharepro Securities Private Limited,Sumeru Securities Pvt. Ltd.,100,818.1,81810.0,2025-07-22 12:05:22.150463
2025-07-22,130322,2025072204011383,RADHI,Linch Stock Market Ltd.,Prabhu Stock Market Limited,31,817.5,25342.5,2025-07-22 12:05:37.440710
2025-07-22,130321,2025072204011384,RADHI,Nagarik Stock Dealer ,Prabhu Stock Market Limited,20,817.4,16348.0,2025-07-22 12:05:37.440776
2025-07-22,130296,2025072204011388,RADHI,Nagarik Stock Dealer ,SHUBHAKAMANA SECURITIES PVT. LTD,30,817.4,24522.0,2025-07-22 12:05:40.088346
2025-07-22,130002,2025072204011469,RADHI,Deevyaa Securities & Stock House Pvt. Ltd,Linch Stock Market Ltd.,100,818.2,81820.0,2025-07-22 12:05:58.071011
2025-07-22,129860,2025072204011487,RADHI,Neev Securities Pvt. Ltd.,Sani Securities Company Ltd.,100,817.5,81750.0,2025-07-22 12:06:07.407655
2025-07-22,129859,2025072204011488,RADHI,Neev Securities Pvt. Ltd.,Dipshikha Dhitopatra Karobar Co. Pvt Ltd.,360,819.0,294840.0,2025-07-22 12:06:07.408288
2025-07-22,129768,2025072204011504,RADHI,Sharepro Securities Private Limited,SHUBHAKAMANA SECURITIES PVT. LTD,200,817.5,163500.0,2025-07-22 12:06:16.159774
2025-07-22,129767,2025072204011505,RADHI,Oxford Securities Pvt. Ltd.,SHUBHAKAMANA SECURITIES PVT. LTD,1000,817.4,817400.0,2025-07-22 12:06:16.159815
2025-07-22,129766,2025072204011506,RADHI,KALASH STOCK MARKET PVT. LTD.,SHUBHAKAMANA SECURITIES PVT. LTD,100,817.4,81740.0,2025-07-22 12:06:16.159842
2025-07-22,129765,2025072204011507,RADHI,Imperial Securities Company Pvt. Ltd.,SHUBHAKAMANA SECURITIES PVT. LTD,900,817.3,735570.0,2025-07-22 12:06:16.159883
2025-07-22,129764,2025072204011508,RADHI,Naasa Securities Co. Ltd.,SHUBHAKAMANA SECURITIES PVT. LTD,461,817.1,376683.1,2025-07-22 12:06:16.159916
2025-07-22,129544,2025072204011560,RADHI,Naasa Securities Co. Ltd.,Trisul Securities & Invt. Ltd.,539,817.1,440416.9,2025-07-22 12:06:34.682327
2025-07-22,129543,2025072204011561,RADHI,Bhrikuti Stock Broking Co. Pvt. Ltd.,Trisul Securities & Invt. Ltd.,80,817.0,65360.0,2025-07-22 12:06:34.682371
2025-07-22,129542,2025072204011562,RADHI,Neev Securities Pvt. Ltd.,Trisul Securities & Invt. Ltd.,160,816.0,130560.0,2025-07-22 12:06:34.682402
2025-07-22,129541,2025072204011563,RADHI,Vision Securities Pvt. Ltd,Trisul Securities & Invt. Ltd.,400,815.6,326240.0,2025-07-22 12:06:34.682436
2025-07-22,129540,2025072204011564,RADHI,Investment Management Nepal Pvt. Ltd.,Trisul Securities & Invt. Ltd.,200,815.5,163100.0,2025-07-22 12:06:34.682483
2025-07-22,129539,2025072204011565,RADHI,Ashutosh Brokerage & Securities (PVT) Ltd.,Trisul Securities & Invt. Ltd.,500,815.3,407650.0,2025-07-22 12:06:34.682512
2025-07-22,129538,2025072204011566,RADHI,Naasa Securities Co. Ltd.,Trisul Securities & Invt. Ltd.,471,815.2,383959.2,2025-07-22 12:06:34.682538
2025-07-22,129357,2025072204011606,RADHI,Naasa Securities Co. Ltd.,J.F. Securites (PVT) Ltd.,100,815.2,81520.0,2025-07-22 12:06:47.682798
2025-07-22,129276,2025072204011618,RADHI,Naasa Securities Co. Ltd.,Premier Securities Company Ltd.,429,815.2,349720.8,2025-07-22 12:06:54.487986
2025-07-22,129275,2025072204011619,RADHI,Asian Securities Private Ltd.,Premier Securities Company Ltd.,378,815.0,308070.0,2025-07-22 12:06:54.488077
2025-07-22,129274,2025072204011620,RADHI,INDEX SECURITIES LIMITED,Premier Securities Company Ltd.,100,815.0,81500.0,2025-07-22 12:06:54.488118
2025-07-22,129273,2025072204011621,RADHI,Arun Securities (PVT) Ltd.,Premier Securities Company Ltd.,500,815.0,407500.0,2025-07-22 12:06:54.488158
2025-07-22,129272,2025072204011622,RADHI,Sewa Securities Pvt. Ltd.,Premier Securities Company Ltd.,100,815.0,81500.0,2025-07-22 12:06:54.488196
2025-07-22,129271,2025072204011623,RADHI,Capital Max Securities Ltd,Premier Securities Company Ltd.,10,815.0,8150.0,2025-07-22 12:06:54.488236
2025-07-22,129270,2025072204011624,RADHI,Dipshikha Dhitopatra Karobar Co. Pvt Ltd.,Premier Securities Company Ltd.,50,814.0,40700.0,2025-07-22 12:06:54.488277
2025-07-22,129269,2025072204011625,RADHI,Sajilo Broker Limited,Premier Securities Company Ltd.,30,813.0,24390.0,2025-07-22 12:06:54.488323
2025-07-22,129268,2025072204011626,RADHI,Shree Krishna Securities Ltd.,Premier Securities Company Ltd.,153,813.0,124389.0,2025-07-22 12:06:54.488364
2025-07-22,129157,2025072204011644,RADHI,Shree Krishna Securities Ltd.,SHUBHAKAMANA SECURITIES PVT. LTD,300,813.0,243900.0,2025-07-22 12:07:04.279610
2025-07-22,128929,2025072204011689,RADHI,Shree Krishna Securities Ltd.,Capital Max Securities Ltd,47,813.0,38211.0,2025-07-22 12:07:19.759067
2025-07-22,128928,2025072204011690,RADHI,Shree Krishna Securities Ltd.,Capital Max Securities Ltd,300,813.0,243900.0,2025-07-22 12:07:19.759728
2025-07-22,128927,2025072204011691,RADHI,Sharepro Securities Private Limited,Capital Max Securities Ltd,200,813.0,162600.0,2025-07-22 12:07:19.760210
2025-07-22,128926,2025072204011692,RADHI,Ashutosh Brokerage & Securities (PVT) Ltd.,Capital Max Securities Ltd,500,812.6,406300.0,2025-07-22 12:07:19.760695
2025-07-22,128925,2025072204011693,RADHI,Naasa Securities Co. Ltd.,Capital Max Securities Ltd,653,812.5,530562.5,2025-07-22 12:07:19.761072
2025-07-22,128677,2025072204011780,RADHI,Trishakti Securities Public Limited,Investment Management Nepal Pvt. Ltd.,100,813.0,81300.0,2025-07-22 12:07:42.104830
2025-07-22,128676,2025072204011781,RADHI,Sharepro Securities Private Limited,Investment Management Nepal Pvt. Ltd.,200,813.0,162600.0,2025-07-22 12:07:42.104903
2025-07-22,128675,2025072204011782,RADHI,Trishakti Securities Public Limited,Investment Management Nepal Pvt. Ltd.,200,812.6,162520.0,2025-07-22 12:07:42.104932
2025-07-22,127797,2025072204012026,RADHI,Primo Securities (PVT) Ltd.,Midas Stock Broking Company Private Limited,2,797.0,1594.0,2025-07-22 12:09:05.372877
2025-07-22,127726,2025072204012034,RADHI,Primo Securities (PVT) Ltd.,Linch Stock Market Ltd.,1,804.0,804.0,2025-07-22 12:09:11.395277
2025-07-22,127583,2025072204012074,RADHI,Himalayan Brokerage Company Limited,Online Securities Pvt. Ltd.,43,813.3,34971.9,2025-07-22 12:09:23.415330
2025-07-22,127385,2025072204012131,RADHI,Himalayan Brokerage Company Limited,Sagarmatha Securities Private Limited,957,813.6,778615.2,2025-07-22 12:09:41.732844
2025-07-22,127384,2025072204012132,RADHI,Naasa Securities Co. Ltd.,Sagarmatha Securities Private Limited,10,813.4,8134.0,2025-07-22 12:09:41.732889
2025-07-22,127383,2025072204012133,RADHI,Sharepro Securities Private Limited,Sagarmatha Securities Private Limited,100,813.4,81340.0,2025-07-22 12:09:41.732918
2025-07-22,127382,2025072204012134,RADHI,Oxford Securities Pvt. Ltd.,Sagarmatha Securities Private Limited,1000,813.4,813400.0,2025-07-22 12:09:41.732944
2025-07-22,127381,2025072204012135,RADHI,Bhrikuti Stock Broking Co. Pvt. Ltd.,Sagarmatha Securities Private Limited,200,813.4,162680.0,2025-07-22 12:09:41.732985
2025-07-22,127380,2025072204012136,RADHI,Secured Securities Ltd.,Sagarmatha Securities Private Limited,500,813.4,406700.0,2025-07-22 12:09:41.733014
2025-07-22,127379,2025072204012137,RADHI,Premier Securities Company Ltd.,Sagarmatha Securities Private Limited,100,813.3,81330.0,2025-07-22 12:09:41.733040
2025-07-22,127378,2025072204012138,RADHI,Imperial Securities Company Pvt. Ltd.,Sagarmatha Securities Private Limited,200,813.2,162640.0,2025-07-22 12:09:41.733062
2025-07-22,127377,2025072204012139,RADHI,Ashutosh Brokerage & Securities (PVT) Ltd.,Sagarmatha Securities Private Limited,500,813.2,406600.0,2025-07-22 12:09:41.733091
2025-07-22,127376,2025072204012140,RADHI,Vision Securities Pvt. Ltd,Sagarmatha Securities Private Limited,30,813.2,24396.0,2025-07-22 12:09:41.733117
2025-07-22,127375,2025072204012141,RADHI,Online Securities Pvt. Ltd.,Sagarmatha Securities Private Limited,1403,813.0,1140639.0,2025-07-22 12:09:41.733145
2025-07-22,127192,2025072204012180,RADHI,Neev Securities Pvt. Ltd.,Vision Securities Pvt. Ltd,175,818.0,143150.0,2025-07-22 12:09:58.594544
2025-07-22,127191,2025072204012181,RADHI,Neev Securities Pvt. Ltd.,Secured Securities Ltd.,100,818.0,81800.0,2025-07-22 12:09:58.594612
2025-07-22,127190,2025072204012182,RADHI,Neev Securities Pvt. Ltd.,Dipshikha Dhitopatra Karobar Co. Pvt Ltd.,15,819.0,12285.0,2025-07-22 12:09:58.594643
2025-07-22,127021,2025072204012203,RADHI,Neev Securities Pvt. Ltd.,Sundhara Securities Limited,4,823.0,3292.0,2025-07-22 12:10:15.742601
2025-07-22,126437,2025072204012321,RADHI,Agrawal Securities (PVT) Ltd.,Opal Securities Investment (PVT) Ltd.,20,814.1,16282.0,2025-07-22 12:11:12.651492
2025-07-22,126436,2025072204012322,RADHI,Siprabi Securities Pvt. Ltd.,Opal Securities Investment (PVT) Ltd.,200,814.0,162800.0,2025-07-22 12:11:12.651856
2025-07-22,126435,2025072204012323,RADHI,Capital Max Securities Ltd,Opal Securities Investment (PVT) Ltd.,64,814.0,52096.0,2025-07-22 12:11:12.652077
2025-07-22,125419,2025072204012549,RADHI,Neev Securities Pvt. Ltd.,Naasa Securities Co. Ltd.,10,818.0,8180.0,2025-07-22 12:12:51.665510
2025-07-22,125418,2025072204012550,RADHI,Neev Securities Pvt. Ltd.,Naasa Securities Co. Ltd.,55,818.0,44990.0,2025-07-22 12:12:51.665556
2025-07-22,125417,2025072204012551,RADHI,Neev Securities Pvt. Ltd.,Opal Securities Investment (PVT) Ltd.,25,818.0,20450.0,2025-07-22 12:12:51.665583
2025-07-22,125416,2025072204012552,RADHI,Neev Securities Pvt. Ltd.,Dipshikha Dhitopatra Karobar Co. Pvt Ltd.,105,819.0,85995.0,2025-07-22 12:12:51.665619
2025-07-22,125415,2025072204012553,RADHI,Neev Securities Pvt. Ltd.,Aryatara Investment & Securities,12,819.0,9828.0,2025-07-22 12:12:51.665648
2025-07-22,125414,2025072204012554,RADHI,Neev Securities Pvt. Ltd.,Sweta Securities Private Limited,43,819.0,35217.0,2025-07-22 12:12:51.665675
2025-07-22,125069,2025072204012615,RADHI,Midas Stock Broking Company Private Limited,Sweta Securities Private Limited,250,819.0,204750.0,2025-07-22 12:13:30.299954
2025-07-22,124831,2025072204012687,RADHI,Agrawal Securities (PVT) Ltd.,Ashutosh Brokerage & Securities (PVT) Ltd.,10,819.5,8195.0,2025-07-22 12:13:58.003246
2025-07-22,124460,2025072204012771,RADHI,Aryatara Investment & Securities,Ashutosh Brokerage & Securities (PVT) Ltd.,10,819.6,8196.0,2025-07-22 12:14:37.335152
2025-07-22,124284,2025072204012799,RADHI,Capital Max Securities Ltd,Ashutosh Brokerage & Securities (PVT) Ltd.,10,819.7,8197.0,2025-07-22 12:14:55.151327
2025-07-22,124283,2025072204012800,RADHI,Capital Max Securities Ltd,Sumeru Securities Pvt. Ltd.,35,819.8,28693.0,2025-07-22 12:14:55.151706
2025-07-22,124282,2025072204012801,RADHI,Capital Max Securities Ltd,Miyo Securities Pvt Ltd,30,819.8,24594.0,2025-07-22 12:14:55.151862
2025-07-22,124281,2025072204012802,RADHI,Capital Max Securities Ltd,Kumari Securities Private Limited,150,819.9,122985.0,2025-07-22 12:14:55.152014
2025-07-22,124280,2025072204012803,RADHI,Capital Max Securities Ltd,Naasa Securities Co. Ltd.,711,820.0,583020.0,2025-07-22 12:14:55.152173
2025-07-22,124268,2025072204012811,RADHI,Imperial Securities Company Pvt. Ltd.,Naasa Securities Co. Ltd.,100,820.0,82000.0,2025-07-22 12:14:56.404286
2025-07-22,124138,2025072204012835,RADHI,Sipla Securities Private Limited,Naasa Securities Co. Ltd.,189,820.0,154980.0,2025-07-22 12:15:10.229867
2025-07-22,124137,2025072204012836,RADHI,Sipla Securities Private Limited,Nabil Stock Dealer Ltd.,500,820.0,410000.0,2025-07-22 12:15:10.230267
2025-07-22,124136,2025072204012837,RADHI,Sipla Securities Private Limited,Vision Securities Pvt. Ltd,100,820.0,82000.0,2025-07-22 12:15:10.230436
2025-07-22,124135,2025072204012838,RADHI,Sipla Securities Private Limited,Imperial Securities Company Pvt. Ltd.,47,820.0,38540.0,2025-07-22 12:15:10.230627
2025-07-22,124134,2025072204012839,RADHI,Sipla Securities Private Limited,Oxford Securities Pvt. Ltd.,100,820.0,82000.0,2025-07-22 12:15:10.230823
2025-07-22,124133,2025072204012840,RADHI,Sipla Securities Private Limited,Sweta Securities Private Limited,10,820.0,8200.0,2025-07-22 12:15:10.230991
2025-07-22,124076,2025072204012849,RADHI,Capital Max Securities Ltd,Creative Securities Pvt Ltd,335,821.0,275035.0,2025-07-22 12:15:15.215188
2025-07-22,123886,2025072204012896,RADHI,Midas Stock Broking Company Private Limited,S.P.S.A. Securities Limited,500,821.3,410650.0,2025-07-22 12:15:26.873971
2025-07-22,123564,2025072204012965,RADHI,Sipla Securities Private Limited,KALASH STOCK MARKET PVT. LTD.,54,820.0,44280.0,2025-07-22 12:16:00.683198
2025-07-22,123563,2025072204012966,RADHI,Opal Securities Investment (PVT) Ltd.,KALASH STOCK MARKET PVT. LTD.,1086,820.0,890520.0,2025-07-22 12:16:00.683577
2025-07-22,123548,2025072204012974,RADHI,Imperial Securities Company Pvt. Ltd.,Capital Hub P. Ltd,98,822.0,80556.0,2025-07-22 12:16:02.227619
2025-07-22,123547,2025072204012975,RADHI,Imperial Securities Company Pvt. Ltd.,Sundhara Securities Limited,22,822.0,18084.0,2025-07-22 12:16:02.228303
2025-07-22,123469,2025072204012994,RADHI,Opal Securities Investment (PVT) Ltd.,Agrawal Securities (PVT) Ltd.,300,820.0,246000.0,2025-07-22 12:16:09.078213
2025-07-22,123245,2025072204013061,RADHI,Bhrikuti Stock Broking Co. Pvt. Ltd.,Agrawal Securities (PVT) Ltd.,100,821.9,82190.0,2025-07-22 12:16:26.796999
2025-07-22,123244,2025072204013062,RADHI,Bhrikuti Stock Broking Co. Pvt. Ltd.,Sundhara Securities Limited,28,822.0,23016.0,2025-07-22 12:16:26.797056
2025-07-22,123243,2025072204013063,RADHI,Bhrikuti Stock Broking Co. Pvt. Ltd.,Kohinoor Investment & Securities Pvt. Ltd.,72,822.0,59184.0,2025-07-22 12:16:26.797082
2025-07-22,123093,2025072204013088,RADHI,Midas Stock Broking Company Private Limited,Kohinoor Investment & Securities Pvt. Ltd.,28,822.0,23016.0,2025-07-22 12:16:39.098034
2025-07-22,123092,2025072204013089,RADHI,Midas Stock Broking Company Private Limited,Asian Securities Private Ltd.,14,822.0,11508.0,2025-07-22 12:16:39.098818
2025-07-22,123091,2025072204013090,RADHI,Midas Stock Broking Company Private Limited,Sharepro Securities Private Limited,468,822.0,384696.0,2025-07-22 12:16:39.099290
2025-07-22,121904,2025072204013258,RADHI,Naasa Securities Co. Ltd.,Deevyaa Securities & Stock House Pvt. Ltd,50,820.1,41005.0,2025-07-22 12:18:04.162362
2025-07-22,121903,2025072204013259,RADHI,Opal Securities Investment (PVT) Ltd.,Deevyaa Securities & Stock House Pvt. Ltd,10,820.0,8200.0,2025-07-22 12:18:04.162720
2025-07-22,121879,2025072204013266,RADHI,BHOLE GANESH SECURITIES LTD,Thrive Brokerage House Pvt. Ltd,4,813.0,3252.0,2025-07-22 12:18:06.153642
2025-07-22,121564,2025072204013334,RADHI,Opal Securities Investment (PVT) Ltd.,ABC Securities Private Limited,470,820.0,385400.0,2025-07-22 12:18:36.520624
2025-07-22,121545,2025072204013337,RADHI,Midas Stock Broking Company Private Limited,Miyo Securities Pvt Ltd,60,820.1,49206.0,2025-07-22 12:18:38.006179
