Date,S.N.,contract_id,symbol,buyer_broker,seller_broker,volume,price,amount,transaction_time
2025-07-22,175058,2025072201000323,SCB,Online Securities Pvt. Ltd.,Investment Management Nepal Pvt. Ltd.,26,670.0,17420.0,2025-07-22 11:04:47.916522
2025-07-22,175057,2025072201000324,SCB,Online Securities Pvt. Ltd.,Sewa Securities Pvt. Ltd.,100,676.0,67600.0,2025-07-22 11:04:47.916569
2025-07-22,175056,2025072201000325,SCB,Online Securities Pvt. Ltd.,South Asian Bulls Pvt. Ltd.,210,677.0,142170.0,2025-07-22 11:04:47.916606
2025-07-22,175055,2025072201000326,SCB,Online Securities Pvt. Ltd.,Trisul Securities & Invt. Ltd.,2664,677.0,1803528.0,2025-07-22 11:04:47.916633
2025-07-22,167246,2025072201001922,SCB,Creative Securities Pvt Ltd,Kohinoor Investment & Securities Pvt. Ltd.,100,671.0,67100.0,2025-07-22 11:17:18.228132
2025-07-22,166861,2025072201002007,SCB,Imperial Securities Company Pvt. Ltd.,Kohinoor Investment & Securities Pvt. Ltd.,10,670.0,6700.0,2025-07-22 11:17:56.425779
2025-07-22,166800,2025072201002017,SCB,Imperial Securities Company Pvt. Ltd.,Vision Securities Pvt. Ltd,90,670.0,60300.0,2025-07-22 11:18:05.039257
2025-07-22,166799,2025072201002018,SCB,Linch Stock Market Ltd.,Vision Securities Pvt. Ltd,10,670.0,6700.0,2025-07-22 11:18:05.039354
2025-07-22,166004,2025072201002221,SCB,Linch Stock Market Ltd.,Online Securities Pvt. Ltd.,15,670.0,10050.0,2025-07-22 11:19:25.883413
2025-07-22,165249,2025072201002400,SCB,Kohinoor Investment & Securities Pvt. Ltd.,Online Securities Pvt. Ltd.,385,670.0,257950.0,2025-07-22 11:20:41.600248
2025-07-22,164558,2025072201002572,SCB,Linch Stock Market Ltd.,Sweta Securities Private Limited,55,670.0,36850.0,2025-07-22 11:21:35.459525
2025-07-22,163083,2025072201002958,SCB,Vision Securities Pvt. Ltd,Dipshikha Dhitopatra Karobar Co. Pvt Ltd.,580,667.0,386860.0,2025-07-22 11:23:44.486717
2025-07-22,162548,2025072201003105,SCB,Vision Securities Pvt. Ltd,Sweta Securities Private Limited,34,667.0,22678.0,2025-07-22 11:24:26.948783
2025-07-22,160567,2025072201003557,SCB,Vision Securities Pvt. Ltd,Vision Securities Pvt. Ltd,36,667.0,24012.0,2025-07-22 11:27:38.529034
2025-07-22,160382,2025072201003608,SCB,Roadshow securities limited,Vision Securities Pvt. Ltd,464,667.0,309488.0,2025-07-22 11:28:01.046486
2025-07-22,159971,2025072201003710,SCB,Kohinoor Investment & Securities Pvt. Ltd.,Sumeru Securities Pvt. Ltd.,115,669.0,76935.0,2025-07-22 11:28:42.188648
2025-07-22,159424,2025072201003860,SCB,Kohinoor Investment & Securities Pvt. Ltd.,Sumeru Securities Pvt. Ltd.,68,669.0,45492.0,2025-07-22 11:29:40.488842
2025-07-22,158670,2025072201004030,SCB,Dynamic Money Managers Securities Pvt. Ltd.,Deevyaa Securities & Stock House Pvt. Ltd,19,666.2,12657.8,2025-07-22 11:30:44.349745
2025-07-22,158669,2025072201004031,SCB,Kohinoor Investment & Securities Pvt. Ltd.,Deevyaa Securities & Stock House Pvt. Ltd,75,666.2,49965.0,2025-07-22 11:30:44.349852
2025-07-22,158668,2025072201004032,SCB,Kohinoor Investment & Securities Pvt. Ltd.,Deevyaa Securities & Stock House Pvt. Ltd,219,666.1,145875.9,2025-07-22 11:30:44.349905
2025-07-22,157933,2025072201004199,SCB,Kohinoor Investment & Securities Pvt. Ltd.,Pragyan Securities (PVT) Ltd.,25,666.1,16652.5,2025-07-22 11:31:53.398042
2025-07-22,157612,2025072201004299,SCB,Kohinoor Investment & Securities Pvt. Ltd.,Trishakti Securities Public Limited,438,669.0,293022.0,2025-07-22 11:32:25.504533
2025-07-22,154656,2025072201005013,SCB,Creative Securities Pvt Ltd,Cristal Kanchanjanga Securites Pvt. Ltd.,50,667.0,33350.0,2025-07-22 11:36:34.858656
2025-07-22,154655,2025072201005014,SCB,Himalayan Brokerage Company Limited,Cristal Kanchanjanga Securites Pvt. Ltd.,46,666.9,30677.4,2025-07-22 11:36:34.858931
2025-07-22,154654,2025072201005015,SCB,South Asian Bulls Pvt. Ltd.,Cristal Kanchanjanga Securites Pvt. Ltd.,100,666.5,66650.0,2025-07-22 11:36:34.859135
2025-07-22,154653,2025072201005016,SCB,Kohinoor Investment & Securities Pvt. Ltd.,Cristal Kanchanjanga Securites Pvt. Ltd.,450,666.4,299880.0,2025-07-22 11:36:34.859319
2025-07-22,154652,2025072201005017,SCB,Cristal Kanchanjanga Securites Pvt. Ltd.,Cristal Kanchanjanga Securites Pvt. Ltd.,54,666.2,35974.8,2025-07-22 11:36:34.859494
2025-07-22,154164,2025072201005125,SCB,Dakshinkali Investment & Securities Pvt. Ltd.,Neev Securities Pvt. Ltd.,78,666.3,51971.4,2025-07-22 11:37:10.435737
2025-07-22,153610,2025072201005250,SCB,Vision Securities Pvt. Ltd,ABC Securities Private Limited,200,666.4,133280.0,2025-07-22 11:37:49.902554
2025-07-22,153055,2025072201005376,SCB,Vision Securities Pvt. Ltd,Premier Securities Company Ltd.,1500,668.0,1002000.0,2025-07-22 11:38:31.475621
2025-07-22,152962,2025072201005388,SCB,Vision Securities Pvt. Ltd,Premier Securities Company Ltd.,300,668.0,200400.0,2025-07-22 11:38:39.571668
2025-07-22,152788,2025072201005428,SCB,Deevyaa Securities & Stock House Pvt. Ltd,Trishakti Securities Public Limited,500,669.0,334500.0,2025-07-22 11:38:53.416624
2025-07-22,152240,2025072201005558,SCB,Blue Chip Securities Ltd,Dynamic Money Managers Securities Pvt. Ltd.,100,668.9,66890.0,2025-07-22 11:39:45.802217
2025-07-22,152239,2025072201005559,SCB,Blue Chip Securities Ltd,Trishakti Securities Public Limited,100,669.0,66900.0,2025-07-22 11:39:45.802479
2025-07-22,151859,2025072201005647,SCB,Kohinoor Investment & Securities Pvt. Ltd.,Trishakti Securities Public Limited,400,669.0,267600.0,2025-07-22 11:40:22.074834
2025-07-22,151707,2025072201005687,SCB,Kohinoor Investment & Securities Pvt. Ltd.,Trishakti Securities Public Limited,50,669.0,33450.0,2025-07-22 11:40:36.169350
2025-07-22,151526,2025072201005718,SCB,Shree Krishna Securities Ltd.,Trishakti Securities Public Limited,350,669.0,234150.0,2025-07-22 11:40:49.422121
2025-07-22,151365,2025072201005764,SCB,Kohinoor Investment & Securities Pvt. Ltd.,Trishakti Securities Public Limited,162,669.0,108378.0,2025-07-22 11:41:00.421327
2025-07-22,151364,2025072201005765,SCB,Kohinoor Investment & Securities Pvt. Ltd.,Market Securities & Exchange (PVT) Ltd.,25,669.0,16725.0,2025-07-22 11:41:00.421477
2025-07-22,149069,2025072201006393,SCB,Kohinoor Investment & Securities Pvt. Ltd.,Premier Securities Company Ltd.,13,670.0,8710.0,2025-07-22 11:43:44.029812
2025-07-22,148452,2025072201006524,SCB,Dakshinkali Investment & Securities Pvt. Ltd.,Malla & Malla Stock Broking Company Pvt. Limited,25,670.0,16750.0,2025-07-22 11:44:24.980080
2025-07-22,148451,2025072201006525,SCB,Dakshinkali Investment & Securities Pvt. Ltd.,Vision Securities Pvt. Ltd,397,670.0,265990.0,2025-07-22 11:44:24.980226
2025-07-22,147159,2025072201006876,SCB,Kohinoor Investment & Securities Pvt. Ltd.,Cristal Kanchanjanga Securites Pvt. Ltd.,50,669.0,33450.0,2025-07-22 11:45:51.389992
2025-07-22,146984,2025072201006951,SCB,Cristal Kanchanjanga Securites Pvt. Ltd.,Vision Securities Pvt. Ltd,180,670.0,120600.0,2025-07-22 11:46:01.448947
2025-07-22,146983,2025072201006952,SCB,Cristal Kanchanjanga Securites Pvt. Ltd.,Nepal Stock House (PVT) Ltd.,16,670.0,10720.0,2025-07-22 11:46:01.449110
2025-07-22,146522,2025072201007081,SCB,Kohinoor Investment & Securities Pvt. Ltd.,Creative Securities Pvt Ltd,100,669.0,66900.0,2025-07-22 11:46:28.316957
2025-07-22,146337,2025072201007130,SCB,South Asian Bulls Pvt. Ltd.,Dynamic Money Managers Securities Pvt. Ltd.,100,667.1,66710.0,2025-07-22 11:46:41.711842
2025-07-22,144738,2025072201007502,SCB,South Asian Bulls Pvt. Ltd.,Creative Securities Pvt Ltd,100,669.0,66900.0,2025-07-22 11:48:25.630206
2025-07-22,144467,2025072201007549,SCB,Oxford Securities Pvt. Ltd.,Online Securities Pvt. Ltd.,25,670.0,16750.0,2025-07-22 11:48:38.850883
2025-07-22,144466,2025072201007550,SCB,Oxford Securities Pvt. Ltd.,Trishakti Securities Public Limited,75,670.0,50250.0,2025-07-22 11:48:38.851044
2025-07-22,144294,2025072201007638,SCB,Imperial Securities Company Pvt. Ltd.,Trishakti Securities Public Limited,1000,670.0,670000.0,2025-07-22 11:48:47.676039
2025-07-22,142744,2025072201007944,SCB,Vision Securities Pvt. Ltd,Trishakti Securities Public Limited,800,670.0,536000.0,2025-07-22 11:50:33.422300
2025-07-22,142572,2025072201007986,SCB,Vision Securities Pvt. Ltd,Trishakti Securities Public Limited,125,670.0,83750.0,2025-07-22 11:50:43.531105
2025-07-22,142571,2025072201007987,SCB,Vision Securities Pvt. Ltd,Naasa Securities Co. Ltd.,375,670.0,251250.0,2025-07-22 11:50:43.531275
2025-07-22,142275,2025072201008052,SCB,Shree Krishna Securities Ltd.,Dynamic Money Managers Securities Pvt. Ltd.,101,669.1,67579.1,2025-07-22 11:51:06.777521
2025-07-22,142274,2025072201008053,SCB,Sewa Securities Pvt. Ltd.,Dynamic Money Managers Securities Pvt. Ltd.,58,669.0,38802.0,2025-07-22 11:51:06.777694
2025-07-22,141949,2025072201008125,SCB,Sewa Securities Pvt. Ltd.,Imperial Securities Company Pvt. Ltd.,27,669.0,18063.0,2025-07-22 11:51:31.866536
2025-07-22,141586,2025072201008224,SCB,J.F. Securites (PVT) Ltd.,Dynamic Money Managers Securities Pvt. Ltd.,10,669.9,6699.0,2025-07-22 11:51:58.338395
2025-07-22,139426,2025072201008843,SCB,Asian Securities Private Ltd.,Dynamic Money Managers Securities Pvt. Ltd.,90,669.9,60291.0,2025-07-22 11:54:36.158873
2025-07-22,139425,2025072201008844,SCB,Asian Securities Private Ltd.,Naasa Securities Co. Ltd.,110,670.0,73700.0,2025-07-22 11:54:36.159051
2025-07-22,138982,2025072201008962,SCB,Asian Securities Private Ltd.,Naasa Securities Co. Ltd.,15,670.0,10050.0,2025-07-22 11:55:06.308143
2025-07-22,138981,2025072201008963,SCB,Asian Securities Private Ltd.,Sumeru Securities Pvt. Ltd.,285,670.9,191206.5,2025-07-22 11:55:06.308316
2025-07-22,138662,2025072201009018,SCB,J.F. Securites (PVT) Ltd.,Sumeru Securities Pvt. Ltd.,200,670.9,134180.0,2025-07-22 11:55:24.328071
2025-07-22,137577,2025072201009250,SCB,Asian Securities Private Ltd.,Creative Securities Pvt Ltd,50,668.4,33420.0,2025-07-22 11:56:42.165971
2025-07-22,135281,2025072201009882,SCB,Naasa Securities Co. Ltd.,Trishakti Securities Public Limited,20,670.0,13400.0,2025-07-22 11:59:31.204207
2025-07-22,135249,2025072201009891,SCB,Sani Securities Company Ltd.,Naasa Securities Co. Ltd.,25,668.5,16712.5,2025-07-22 11:59:35.884066
2025-07-22,132920,2025072201010563,SCB,Ashutosh Brokerage & Securities (PVT) Ltd.,J.F. Securites (PVT) Ltd.,25,669.0,16725.0,2025-07-22 12:02:48.806340
2025-07-22,132919,2025072201010564,SCB,Ashutosh Brokerage & Securities (PVT) Ltd.,Sagarmatha Securities Private Limited,425,669.8,284665.0,2025-07-22 12:02:48.806535
2025-07-22,132864,2025072201010569,SCB,Sharepro Securities Private Limited,Naasa Securities Co. Ltd.,4,666.0,2664.0,2025-07-22 12:02:52.115709
2025-07-22,131064,2025072201010942,SCB,Vision Securities Pvt. Ltd,Imperial Securities Company Pvt. Ltd.,11,668.7,7355.7,2025-07-22 12:04:47.144691
2025-07-22,130851,2025072201010993,SCB,Vision Securities Pvt. Ltd,Linch Stock Market Ltd.,189,668.7,126384.3,2025-07-22 12:04:59.620480
2025-07-22,130850,2025072201010994,SCB,South Asian Bulls Pvt. Ltd.,Linch Stock Market Ltd.,50,668.6,33430.0,2025-07-22 12:04:59.620664
2025-07-22,130849,2025072201010995,SCB,Vision Securities Pvt. Ltd,Linch Stock Market Ltd.,500,668.6,334300.0,2025-07-22 12:04:59.620739
2025-07-22,130848,2025072201010996,SCB,Sani Securities Company Ltd.,Linch Stock Market Ltd.,148,668.5,98938.0,2025-07-22 12:04:59.620815
2025-07-22,130847,2025072201010997,SCB,Sewa Securities Pvt. Ltd.,Linch Stock Market Ltd.,90,668.5,60165.0,2025-07-22 12:04:59.620919
2025-07-22,130846,2025072201010998,SCB,Asian Securities Private Ltd.,Linch Stock Market Ltd.,50,668.4,33420.0,2025-07-22 12:04:59.621003
2025-07-22,130845,2025072201010999,SCB,Naasa Securities Co. Ltd.,Linch Stock Market Ltd.,10,668.4,6684.0,2025-07-22 12:04:59.621108
2025-07-22,130844,2025072201011000,SCB,Secured Securities Ltd.,Linch Stock Market Ltd.,30,668.4,20052.0,2025-07-22 12:04:59.621204
2025-07-22,130843,2025072201011001,SCB,South Asian Bulls Pvt. Ltd.,Linch Stock Market Ltd.,50,668.4,33420.0,2025-07-22 12:04:59.621299
2025-07-22,130842,2025072201011002,SCB,Trishakti Securities Public Limited,Linch Stock Market Ltd.,883,668.2,590020.6,2025-07-22 12:04:59.621399
2025-07-22,130277,2025072201011149,SCB,Trishakti Securities Public Limited,Nagarik Stock Dealer ,117,668.2,78179.4,2025-07-22 12:05:41.027663
2025-07-22,130276,2025072201011150,SCB,Swarna Laxmi Securities Pvt. Ltd.,Nagarik Stock Dealer ,883,668.1,589932.3,2025-07-22 12:05:41.028000
2025-07-22,129604,2025072201011317,SCB,J.F. Securites (PVT) Ltd.,Naasa Securities Co. Ltd.,25,668.5,16712.5,2025-07-22 12:06:29.610396
2025-07-22,129161,2025072201011449,SCB,Swarna Laxmi Securities Pvt. Ltd.,Cristal Kanchanjanga Securites Pvt. Ltd.,20,668.1,13362.0,2025-07-22 12:07:03.822079
2025-07-22,128716,2025072201011569,SCB,Swarna Laxmi Securities Pvt. Ltd.,Sagarmatha Securities Private Limited,97,668.1,64805.7,2025-07-22 12:07:39.009303
2025-07-22,128715,2025072201011570,SCB,Asian Securities Private Ltd.,Sagarmatha Securities Private Limited,903,668.0,603204.0,2025-07-22 12:07:39.009519
2025-07-22,128340,2025072201011676,SCB,Malla & Malla Stock Broking Company Pvt. Limited,Kohinoor Investment & Securities Pvt. Ltd.,25,668.1,16702.5,2025-07-22 12:08:13.754147
2025-07-22,128339,2025072201011677,SCB,Malla & Malla Stock Broking Company Pvt. Limited,Market Securities & Exchange (PVT) Ltd.,25,668.6,16715.0,2025-07-22 12:08:13.754353
2025-07-22,128338,2025072201011678,SCB,Malla & Malla Stock Broking Company Pvt. Limited,Sagarmatha Securities Private Limited,150,669.8,100470.0,2025-07-22 12:08:13.754449
2025-07-22,128188,2025072201011723,SCB,Malla & Malla Stock Broking Company Pvt. Limited,Sagarmatha Securities Private Limited,200,669.8,133960.0,2025-07-22 12:08:27.832922
2025-07-22,127046,2025072201012006,SCB,Siprabi Securities Pvt. Ltd.,Naasa Securities Co. Ltd.,50,668.1,33405.0,2025-07-22 12:10:13.905692
2025-07-22,126078,2025072201012299,SCB,Siprabi Securities Pvt. Ltd.,Sagarmatha Securities Private Limited,50,669.0,33450.0,2025-07-22 12:11:46.525155
2025-07-22,125848,2025072201012363,SCB,Asian Securities Private Ltd.,Sagarmatha Securities Private Limited,97,668.0,64796.0,2025-07-22 12:12:08.830376
2025-07-22,125847,2025072201012364,SCB,Linch Stock Market Ltd.,Sagarmatha Securities Private Limited,423,668.0,282564.0,2025-07-22 12:12:08.830583
2025-07-22,125374,2025072201012506,SCB,Linch Stock Market Ltd.,Trishakti Securities Public Limited,10,668.0,6680.0,2025-07-22 12:12:56.502234
2025-07-22,123692,2025072201012955,SCB,Linch Stock Market Ltd.,Dipshikha Dhitopatra Karobar Co. Pvt Ltd.,30,668.0,20040.0,2025-07-22 12:15:48.022398
2025-07-22,123444,2025072201012998,SCB,Linch Stock Market Ltd.,Dipshikha Dhitopatra Karobar Co. Pvt Ltd.,17,668.0,11356.0,2025-07-22 12:16:10.211277
2025-07-22,122300,2025072201013291,SCB,Bhrikuti Stock Broking Co. Pvt. Ltd.,Market Securities & Exchange (PVT) Ltd.,20,668.1,13362.0,2025-07-22 12:17:33.668040
2025-07-22,122182,2025072201013324,SCB,Sweta Securities Private Limited,Neev Securities Pvt. Ltd.,447,669.5,299266.5,2025-07-22 12:17:43.983582
2025-07-22,122181,2025072201013325,SCB,Sweta Securities Private Limited,Sagarmatha Securities Private Limited,553,669.8,370399.4,2025-07-22 12:17:43.983620
2025-07-22,121499,2025072201013497,SCB,Dakshinkali Investment & Securities Pvt. Ltd.,Sagarmatha Securities Private Limited,50,669.8,33490.0,2025-07-22 12:18:42.322906
2025-07-22,120918,2025072201013647,SCB,Malla & Malla Stock Broking Company Pvt. Limited,Aryatara Investment & Securities,30,669.5,20085.0,2025-07-22 12:19:35.532421
2025-07-22,119491,2025072201013991,SCB,Vision Securities Pvt. Ltd,Bhrikuti Stock Broking Co. Pvt. Ltd.,100,669.0,66900.0,2025-07-22 12:21:26.792667
2025-07-22,119490,2025072201013992,SCB,Vision Securities Pvt. Ltd,Bhrikuti Stock Broking Co. Pvt. Ltd.,50,668.3,33415.0,2025-07-22 12:21:26.792715
2025-07-22,119489,2025072201013993,SCB,Sewa Securities Pvt. Ltd.,Bhrikuti Stock Broking Co. Pvt. Ltd.,50,668.2,33410.0,2025-07-22 12:21:26.792742
2025-07-22,119488,2025072201013994,SCB,Linch Stock Market Ltd.,Bhrikuti Stock Broking Co. Pvt. Ltd.,20,668.0,13360.0,2025-07-22 12:21:26.792770
2025-07-22,119487,2025072201013995,SCB,Sweta Securities Private Limited,Bhrikuti Stock Broking Co. Pvt. Ltd.,100,668.0,66800.0,2025-07-22 12:21:26.792811
2025-07-22,119486,2025072201013996,SCB,Bhrikuti Stock Broking Co. Pvt. Ltd.,Bhrikuti Stock Broking Co. Pvt. Ltd.,10,668.0,6680.0,2025-07-22 12:21:26.792835
2025-07-22,119485,2025072201013997,SCB,Malla & Malla Stock Broking Company Pvt. Limited,Bhrikuti Stock Broking Co. Pvt. Ltd.,30,667.0,20010.0,2025-07-22 12:21:26.792859
2025-07-22,119484,2025072201013998,SCB,South Asian Bulls Pvt. Ltd.,Bhrikuti Stock Broking Co. Pvt. Ltd.,100,666.6,66660.0,2025-07-22 12:21:26.792886
2025-07-22,119483,2025072201013999,SCB,Oxford Securities Pvt. Ltd.,Bhrikuti Stock Broking Co. Pvt. Ltd.,200,666.5,133300.0,2025-07-22 12:21:26.792912
2025-07-22,119482,2025072201014000,SCB,Kalika Securities Pvt. Ltd.,Bhrikuti Stock Broking Co. Pvt. Ltd.,20,666.5,13330.0,2025-07-22 12:21:26.792939
2025-07-22,119481,2025072201014001,SCB,Naasa Securities Co. Ltd.,Bhrikuti Stock Broking Co. Pvt. Ltd.,35,666.4,23324.0,2025-07-22 12:21:26.792968
2025-07-22,119480,2025072201014002,SCB,Asian Securities Private Ltd.,Bhrikuti Stock Broking Co. Pvt. Ltd.,150,666.3,99945.0,2025-07-22 12:21:26.792994
2025-07-22,119479,2025072201014003,SCB,Shree Krishna Securities Ltd.,Bhrikuti Stock Broking Co. Pvt. Ltd.,200,666.3,133260.0,2025-07-22 12:21:26.793033
2025-07-22,116797,2025072201014745,SCB,ABC Securities Private Limited,Sri Hari Securities Pvt. Ltd.,10,669.3,6693.0,2025-07-22 12:25:25.724453
2025-07-22,116169,2025072201014866,SCB,Linch Stock Market Ltd.,Sri Hari Securities Pvt. Ltd.,94,669.3,62914.2,2025-07-22 12:26:13.239255
2025-07-22,116168,2025072201014867,SCB,Linch Stock Market Ltd.,Sagarmatha Securities Private Limited,156,669.3,104410.8,2025-07-22 12:26:13.239450
2025-07-22,115732,2025072201014945,SCB,Aryatara Investment & Securities,Imperial Securities Company Pvt. Ltd.,5,657.0,3285.0,2025-07-22 12:26:56.563385
2025-07-22,115475,2025072201014981,SCB,Aryatara Investment & Securities,Sundhara Securities Limited,2,657.0,1314.0,2025-07-22 12:27:06.611239
2025-07-22,114343,2025072201015332,SCB,ABC Securities Private Limited,Naasa Securities Co. Ltd.,25,668.2,16705.0,2025-07-22 12:28:47.816891
2025-07-22,114289,2025072201015344,SCB,ABC Securities Private Limited,Dipshikha Dhitopatra Karobar Co. Pvt Ltd.,25,668.2,16705.0,2025-07-22 12:28:54.063040
2025-07-22,114148,2025072201015392,SCB,Aryatara Investment & Securities,Dakshinkali Investment & Securities Pvt. Ltd.,1,655.0,655.0,2025-07-22 12:29:04.459427
2025-07-22,112991,2025072201015706,SCB,Aryatara Investment & Securities,Market Securities & Exchange (PVT) Ltd.,5,656.0,3280.0,2025-07-22 12:30:51.639880
2025-07-22,112675,2025072201015793,SCB,Sumeru Securities Pvt. Ltd.,Aryatara Investment & Securities,220,669.0,147180.0,2025-07-22 12:31:24.721360
2025-07-22,112369,2025072201015879,SCB,Sumeru Securities Pvt. Ltd.,J.F. Securites (PVT) Ltd.,10,669.0,6690.0,2025-07-22 12:31:53.658713
2025-07-22,111733,2025072201016028,SCB,Sumeru Securities Pvt. Ltd.,Sagarmatha Securities Private Limited,24,669.0,16056.0,2025-07-22 12:32:59.831130
2025-07-22,111732,2025072201016029,SCB,ABC Securities Private Limited,Sagarmatha Securities Private Limited,50,668.2,33410.0,2025-07-22 12:32:59.831486
2025-07-22,111731,2025072201016030,SCB,Linch Stock Market Ltd.,Sagarmatha Securities Private Limited,392,668.0,261856.0,2025-07-22 12:32:59.831717
2025-07-22,111470,2025072201016079,SCB,Vision Securities Pvt. Ltd,Himalayan Brokerage Company Limited,200,669.2,133840.0,2025-07-22 12:33:23.296531
2025-07-22,110888,2025072201016239,SCB,Linch Stock Market Ltd.,Sani Securities Company Ltd.,106,668.0,70808.0,2025-07-22 12:34:14.800492
2025-07-22,110887,2025072201016240,SCB,Linch Stock Market Ltd.,Citizens Share Broker Limited,2,668.0,1336.0,2025-07-22 12:34:14.800596
2025-07-22,109971,2025072201016486,SCB,Aryatara Investment & Securities,Imperial Securities Company Pvt. Ltd.,6,660.0,3960.0,2025-07-22 12:35:47.693694
2025-07-22,109927,2025072201016492,SCB,South Asian Bulls Pvt. Ltd.,Malla & Malla Stock Broking Company Pvt. Limited,100,669.0,66900.0,2025-07-22 12:35:52.865933
2025-07-22,109926,2025072201016493,SCB,South Asian Bulls Pvt. Ltd.,Sagarmatha Securities Private Limited,19,669.1,12712.9,2025-07-22 12:35:52.866202
2025-07-22,109919,2025072201016495,SCB,Premier Securities Company Ltd.,J.F. Securites (PVT) Ltd.,10,668.0,6680.0,2025-07-22 12:35:53.603729
2025-07-22,109858,2025072201016512,SCB,Aryatara Investment & Securities,Nabil Stock Dealer Ltd.,4,661.0,2644.0,2025-07-22 12:36:01.990434
2025-07-22,109116,2025072201016665,SCB,Premier Securities Company Ltd.,Deevyaa Securities & Stock House Pvt. Ltd,490,668.0,327320.0,2025-07-22 12:36:56.537174
2025-07-22,109115,2025072201016666,SCB,Premier Securities Company Ltd.,Deevyaa Securities & Stock House Pvt. Ltd,500,668.0,334000.0,2025-07-22 12:36:56.537554
2025-07-22,109114,2025072201016667,SCB,Investment Management Nepal Pvt. Ltd.,Deevyaa Securities & Stock House Pvt. Ltd,1000,668.0,668000.0,2025-07-22 12:36:56.537785
2025-07-22,109050,2025072201016684,SCB,Secured Securities Ltd.,Deevyaa Securities & Stock House Pvt. Ltd,10,668.0,6680.0,2025-07-22 12:37:04.595630
2025-07-22,108536,2025072201016843,SCB,Opal Securities Investment (PVT) Ltd.,Malla & Malla Stock Broking Company Pvt. Limited,100,667.1,66710.0,2025-07-22 12:37:59.039373
2025-07-22,107790,2025072201017012,SCB,Neev Securities Pvt. Ltd.,Sagarmatha Securities Private Limited,50,667.2,33360.0,2025-07-22 12:38:57.512278
2025-07-22,107789,2025072201017013,SCB,Vision Securities Pvt. Ltd,Sagarmatha Securities Private Limited,500,667.1,333550.0,2025-07-22 12:38:57.512552
2025-07-22,107788,2025072201017014,SCB,Sweta Securities Private Limited,Sagarmatha Securities Private Limited,500,667.1,333550.0,2025-07-22 12:38:57.512678
2025-07-22,107787,2025072201017015,SCB,Secured Securities Ltd.,Sagarmatha Securities Private Limited,43,667.0,28681.0,2025-07-22 12:38:57.512849
2025-07-22,107786,2025072201017016,SCB,J.F. Securites (PVT) Ltd.,Sagarmatha Securities Private Limited,900,667.0,600300.0,2025-07-22 12:38:57.512977
2025-07-22,107785,2025072201017017,SCB,Shree Krishna Securities Ltd.,Sagarmatha Securities Private Limited,100,667.0,66700.0,2025-07-22 12:38:57.513098
2025-07-22,107784,2025072201017018,SCB,Bhrikuti Stock Broking Co. Pvt. Ltd.,Sagarmatha Securities Private Limited,23,667.0,15341.0,2025-07-22 12:38:57.513224
2025-07-22,107783,2025072201017019,SCB,NIMB Stock Markets Limited,Sagarmatha Securities Private Limited,365,667.0,243455.0,2025-07-22 12:38:57.513377
2025-07-22,107597,2025072201017068,SCB,Global IME Securities Limited,Primo Securities (PVT) Ltd.,12,668.0,8016.0,2025-07-22 12:39:19.663903
2025-07-22,105290,2025072201017638,SCB,NIMB Stock Markets Limited,Trishakti Securities Public Limited,635,667.0,423545.0,2025-07-22 12:43:16.677308
2025-07-22,105289,2025072201017639,SCB,Shree Krishna Securities Ltd.,Trishakti Securities Public Limited,82,666.3,54636.6,2025-07-22 12:43:16.677709
2025-07-22,105288,2025072201017640,SCB,Siprabi Securities Pvt. Ltd.,Trishakti Securities Public Limited,10,666.2,6662.0,2025-07-22 12:43:16.678019
2025-07-22,105287,2025072201017641,SCB,Aryatara Investment & Securities,Trishakti Securities Public Limited,200,666.1,133220.0,2025-07-22 12:43:16.678297
2025-07-22,105286,2025072201017642,SCB,Opal Securities Investment (PVT) Ltd.,Trishakti Securities Public Limited,100,666.1,66610.0,2025-07-22 12:43:16.678598
2025-07-22,105285,2025072201017643,SCB,Aryatara Investment & Securities,Trishakti Securities Public Limited,30,666.0,19980.0,2025-07-22 12:43:16.678686
2025-07-22,105284,2025072201017644,SCB,Online Securities Pvt. Ltd.,Trishakti Securities Public Limited,400,666.0,266400.0,2025-07-22 12:43:16.678764
2025-07-22,105283,2025072201017645,SCB,Bhrikuti Stock Broking Co. Pvt. Ltd.,Trishakti Securities Public Limited,10,666.0,6660.0,2025-07-22 12:43:16.678838
2025-07-22,105282,2025072201017646,SCB,Malla & Malla Stock Broking Company Pvt. Limited,Trishakti Securities Public Limited,300,666.0,199800.0,2025-07-22 12:43:16.678929
2025-07-22,104981,2025072201017731,SCB,Thrive Brokerage House Pvt. Ltd,Naasa Securities Co. Ltd.,17,665.1,11306.7,2025-07-22 12:43:40.758398
2025-07-22,104980,2025072201017732,SCB,Nabil Stock Dealer Ltd.,Naasa Securities Co. Ltd.,498,665.0,331170.0,2025-07-22 12:43:40.758607
2025-07-22,104899,2025072201017749,SCB,Nabil Stock Dealer Ltd.,Trishakti Securities Public Limited,228,665.0,151620.0,2025-07-22 12:43:51.070645
2025-07-22,103918,2025072201018006,SCB,Deevyaa Securities & Stock House Pvt. Ltd,Linch Stock Market Ltd.,25,666.0,16650.0,2025-07-22 12:45:47.978559
2025-07-22,103055,2025072201018237,SCB,Vision Securities Pvt. Ltd,Primo Securities (PVT) Ltd.,13,666.1,8659.3,2025-07-22 12:47:22.270732
2025-07-22,102318,2025072201018438,SCB,Investment Management Nepal Pvt. Ltd.,Imperial Securities Company Pvt. Ltd.,27,668.0,18036.0,2025-07-22 12:48:36.116085
2025-07-22,102317,2025072201018439,SCB,Investment Management Nepal Pvt. Ltd.,Sumeru Securities Pvt. Ltd.,900,668.0,601200.0,2025-07-22 12:48:36.116299
2025-07-22,101646,2025072201018631,SCB,Investment Management Nepal Pvt. Ltd.,Agrawal Securities (PVT) Ltd.,50,668.0,33400.0,2025-07-22 12:49:40.151742
2025-07-22,101342,2025072201018702,SCB,Investment Management Nepal Pvt. Ltd.,Online Securities Pvt. Ltd.,23,668.0,15364.0,2025-07-22 12:50:16.918172
2025-07-22,101080,2025072201018765,SCB,Deevyaa Securities & Stock House Pvt. Ltd,Sundhara Securities Limited,57,667.1,38024.7,2025-07-22 12:50:44.423234
2025-07-22,100790,2025072201018850,SCB,Investment Management Nepal Pvt. Ltd.,Shree Krishna Securities Ltd.,100,667.0,66700.0,2025-07-22 12:51:12.597671
2025-07-22,100355,2025072201018981,SCB,Miyo Securities Pvt Ltd,Online Securities Pvt. Ltd.,400,668.0,267200.0,2025-07-22 12:52:01.749088
2025-07-22,99122,2025072201019310,SCB,Sweta Securities Private Limited,Online Securities Pvt. Ltd.,21,668.0,14028.0,2025-07-22 12:54:13.908980
2025-07-22,98046,2025072201019598,SCB,Kohinoor Investment & Securities Pvt. Ltd.,ABC Securities Private Limited,1,654.7,654.7,2025-07-22 12:56:20.445418
2025-07-22,97934,2025072201019619,SCB,Kohinoor Investment & Securities Pvt. Ltd.,Sri Hari Securities Pvt. Ltd.,2,654.7,1309.4,2025-07-22 12:56:30.505730
2025-07-22,97893,2025072201019632,SCB,Kohinoor Investment & Securities Pvt. Ltd.,Sundhara Securities Limited,1,655.0,655.0,2025-07-22 12:56:36.552986
2025-07-22,97782,2025072201019659,SCB,Kohinoor Investment & Securities Pvt. Ltd.,Online Securities Pvt. Ltd.,1,660.0,660.0,2025-07-22 12:56:50.624883
2025-07-22,97684,2025072201019695,SCB,Aryatara Investment & Securities,Online Securities Pvt. Ltd.,56,668.0,37408.0,2025-07-22 12:57:00.969934
2025-07-22,96769,2025072201019973,SCB,Kohinoor Investment & Securities Pvt. Ltd.,Capital Max Securities Ltd,20,668.0,13360.0,2025-07-22 12:58:30.103112
2025-07-22,95997,2025072201020166,SCB,Agrawal Securities (PVT) Ltd.,Capital Max Securities Ltd,150,668.0,100200.0,2025-07-22 12:59:57.555485
2025-07-22,95996,2025072201020167,SCB,Agrawal Securities (PVT) Ltd.,Trademow Securities Private Limited,25,669.0,16725.0,2025-07-22 12:59:57.555519
2025-07-22,95995,2025072201020168,SCB,Agrawal Securities (PVT) Ltd.,Swarna Laxmi Securities Pvt. Ltd.,100,669.0,66900.0,2025-07-22 12:59:57.555539
2025-07-22,95994,2025072201020169,SCB,Agrawal Securities (PVT) Ltd.,Himalayan Brokerage Company Limited,225,669.2,150570.0,2025-07-22 12:59:57.555567
2025-07-22,95377,2025072201020321,SCB,Market Securities & Exchange (PVT) Ltd.,Himalayan Brokerage Company Limited,25,669.2,16730.0,2025-07-22 13:00:56.343052
2025-07-22,95099,2025072201020384,SCB,Kohinoor Investment & Securities Pvt. Ltd.,Imperial Securities Company Pvt. Ltd.,2,660.1,1320.2,2025-07-22 13:01:24.892492
2025-07-22,94943,2025072201020416,SCB,Kohinoor Investment & Securities Pvt. Ltd.,Online Securities Pvt. Ltd.,1,665.0,665.0,2025-07-22 13:01:36.958041
2025-07-22,94810,2025072201020439,SCB,Kohinoor Investment & Securities Pvt. Ltd.,Thrive Brokerage House Pvt. Ltd,1,666.0,666.0,2025-07-22 13:01:49.025625
2025-07-22,94774,2025072201020449,SCB,ABC Securities Private Limited,Himalayan Brokerage Company Limited,100,669.2,66920.0,2025-07-22 13:01:52.312251
2025-07-22,94554,2025072201020499,SCB,Aryatara Investment & Securities,Himalayan Brokerage Company Limited,450,669.2,301140.0,2025-07-22 13:02:13.838237
2025-07-22,93898,2025072201020732,SCB,Kohinoor Investment & Securities Pvt. Ltd.,Sani Securities Company Ltd.,1,655.9,655.9,2025-07-22 13:03:15.525773
2025-07-22,93271,2025072201020895,SCB,Aryatara Investment & Securities,ABC Securities Private Limited,25,668.0,16700.0,2025-07-22 13:04:23.541968
2025-07-22,92153,2025072201021198,SCB,Investment Management Nepal Pvt. Ltd.,Online Securities Pvt. Ltd.,70,668.0,46760.0,2025-07-22 13:06:23.846121
2025-07-22,91882,2025072201021264,SCB,Aryatara Investment & Securities,Online Securities Pvt. Ltd.,25,669.0,16725.0,2025-07-22 13:06:49.450950
2025-07-22,91424,2025072201021369,SCB,Aryatara Investment & Securities,Investment Management Nepal Pvt. Ltd.,75,669.3,50197.5,2025-07-22 13:07:25.824704
2025-07-22,89878,2025072201021786,SCB,Vision Securities Pvt. Ltd,Imperial Securities Company Pvt. Ltd.,500,668.0,334000.0,2025-07-22 13:09:53.033301
2025-07-22,89558,2025072201021851,SCB,Premier Securities Company Ltd.,Imperial Securities Company Pvt. Ltd.,30,668.0,20040.0,2025-07-22 13:10:23.649158
2025-07-22,89370,2025072201021915,SCB,South Asian Bulls Pvt. Ltd.,Imperial Securities Company Pvt. Ltd.,134,668.0,89512.0,2025-07-22 13:10:34.468618
2025-07-22,86765,2025072201022711,SCB,Bhrikuti Stock Broking Co. Pvt. Ltd.,Midas Stock Broking Company Private Limited,75,669.2,50190.0,2025-07-22 13:13:55.764689
2025-07-22,86764,2025072201022712,SCB,Bhrikuti Stock Broking Co. Pvt. Ltd.,Nepal Stock House (PVT) Ltd.,697,669.4,466571.8,2025-07-22 13:13:55.764893
2025-07-22,86763,2025072201022713,SCB,Bhrikuti Stock Broking Co. Pvt. Ltd.,Nepal Stock House (PVT) Ltd.,228,669.4,152623.2,2025-07-22 13:13:55.764980
2025-07-22,86574,2025072201022774,SCB,Bhrikuti Stock Broking Co. Pvt. Ltd.,Nepal Stock House (PVT) Ltd.,372,669.4,249016.8,2025-07-22 13:14:09.849909
2025-07-22,86573,2025072201022775,SCB,Bhrikuti Stock Broking Co. Pvt. Ltd.,Nepal Stock House (PVT) Ltd.,600,669.4,401640.0,2025-07-22 13:14:09.850122
2025-07-22,86572,2025072201022776,SCB,Bhrikuti Stock Broking Co. Pvt. Ltd.,Kohinoor Investment & Securities Pvt. Ltd.,16,670.0,10720.0,2025-07-22 13:14:09.850205
2025-07-22,86571,2025072201022777,SCB,Bhrikuti Stock Broking Co. Pvt. Ltd.,ABC Securities Private Limited,12,670.0,8040.0,2025-07-22 13:14:09.850288
2025-07-22,84815,2025072201023217,SCB,Oxford Securities Pvt. Ltd.,ABC Securities Private Limited,25,670.0,16750.0,2025-07-22 13:16:53.423580
2025-07-22,84814,2025072201023218,SCB,Oxford Securities Pvt. Ltd.,Premier Securities Company Ltd.,25,670.0,16750.0,2025-07-22 13:16:53.424191
2025-07-22,84813,2025072201023219,SCB,Oxford Securities Pvt. Ltd.,Investment Management Nepal Pvt. Ltd.,25,670.0,16750.0,2025-07-22 13:16:53.424544
2025-07-22,84812,2025072201023220,SCB,Oxford Securities Pvt. Ltd.,Neev Securities Pvt. Ltd.,425,670.0,284750.0,2025-07-22 13:16:53.424884
2025-07-22,84466,2025072201023305,SCB,Bhrikuti Stock Broking Co. Pvt. Ltd.,Neev Securities Pvt. Ltd.,75,670.0,50250.0,2025-07-22 13:17:21.177083
2025-07-22,84465,2025072201023306,SCB,Bhrikuti Stock Broking Co. Pvt. Ltd.,Trisul Securities & Invt. Ltd.,12,670.0,8040.0,2025-07-22 13:17:21.177327
2025-07-22,84464,2025072201023307,SCB,Bhrikuti Stock Broking Co. Pvt. Ltd.,Indira securities pvt. ltd,12,670.0,8040.0,2025-07-22 13:17:21.177413
2025-07-22,84463,2025072201023308,SCB,Bhrikuti Stock Broking Co. Pvt. Ltd.,Imperial Securities Company Pvt. Ltd.,25,670.0,16750.0,2025-07-22 13:17:21.177493
2025-07-22,84462,2025072201023309,SCB,Bhrikuti Stock Broking Co. Pvt. Ltd.,Linch Stock Market Ltd.,25,670.0,16750.0,2025-07-22 13:17:21.177570
2025-07-22,84461,2025072201023310,SCB,Bhrikuti Stock Broking Co. Pvt. Ltd.,Dipshikha Dhitopatra Karobar Co. Pvt Ltd.,121,670.0,81070.0,2025-07-22 13:17:21.177648
2025-07-22,84460,2025072201023311,SCB,Bhrikuti Stock Broking Co. Pvt. Ltd.,Sumeru Securities Pvt. Ltd.,15,670.9,10063.5,2025-07-22 13:17:21.177746
2025-07-22,84459,2025072201023312,SCB,Bhrikuti Stock Broking Co. Pvt. Ltd.,Nepal Investment And Securities Trading Private Limited,99,670.9,66419.1,2025-07-22 13:17:21.177825
2025-07-22,84458,2025072201023313,SCB,Bhrikuti Stock Broking Co. Pvt. Ltd.,Stoxkarts Securities Limited,75,671.0,50325.0,2025-07-22 13:17:21.177924
2025-07-22,84457,2025072201023314,SCB,Bhrikuti Stock Broking Co. Pvt. Ltd.,Nagarik Stock Dealer ,541,671.0,363011.0,2025-07-22 13:17:21.177999
2025-07-22,83748,2025072201023533,SCB,Secured Securities Ltd.,Nagarik Stock Dealer ,200,671.0,134200.0,2025-07-22 13:18:37.609088
2025-07-22,79775,2025072201024583,SCB,Nepal Stock House (PVT) Ltd.,Nagarik Stock Dealer ,259,671.0,173789.0,2025-07-22 13:23:58.157068
2025-07-22,79774,2025072201024584,SCB,Nepal Stock House (PVT) Ltd.,Linch Stock Market Ltd.,341,671.0,228811.0,2025-07-22 13:23:58.157271
2025-07-22,79709,2025072201024594,SCB,Premier Securities Company Ltd.,Linch Stock Market Ltd.,40,671.0,26840.0,2025-07-22 13:24:05.434692
2025-07-22,78433,2025072201024908,SCB,Kohinoor Investment & Securities Pvt. Ltd.,Linch Stock Market Ltd.,19,671.0,12749.0,2025-07-22 13:25:56.147863
2025-07-22,78432,2025072201024909,SCB,Kohinoor Investment & Securities Pvt. Ltd.,Opal Securities Investment (PVT) Ltd.,30,671.0,20130.0,2025-07-22 13:25:56.148066
2025-07-22,78431,2025072201024910,SCB,Kohinoor Investment & Securities Pvt. Ltd.,Thrive Brokerage House Pvt. Ltd,51,671.0,34221.0,2025-07-22 13:25:56.148151
2025-07-22,77574,2025072201025116,SCB,Dipshikha Dhitopatra Karobar Co. Pvt Ltd.,Naasa Securities Co. Ltd.,1,660.0,660.0,2025-07-22 13:27:06.548326
2025-07-22,77460,2025072201025171,SCB,Bhrikuti Stock Broking Co. Pvt. Ltd.,Thrive Brokerage House Pvt. Ltd,49,671.0,32879.0,2025-07-22 13:27:15.068323
2025-07-22,77459,2025072201025172,SCB,Bhrikuti Stock Broking Co. Pvt. Ltd.,N.M.B. SECURITIES LIMITED,30,671.0,20130.0,2025-07-22 13:27:15.068537
2025-07-22,77458,2025072201025173,SCB,Bhrikuti Stock Broking Co. Pvt. Ltd.,Creative Securities Pvt Ltd,25,672.0,16800.0,2025-07-22 13:27:15.068627
2025-07-22,77457,2025072201025174,SCB,Bhrikuti Stock Broking Co. Pvt. Ltd.,ABC Securities Private Limited,17,672.0,11424.0,2025-07-22 13:27:15.068717
2025-07-22,77456,2025072201025175,SCB,Bhrikuti Stock Broking Co. Pvt. Ltd.,Sweta Securities Private Limited,50,672.0,33600.0,2025-07-22 13:27:15.068808
2025-07-22,77455,2025072201025176,SCB,Bhrikuti Stock Broking Co. Pvt. Ltd.,J.F. Securites (PVT) Ltd.,10,672.0,6720.0,2025-07-22 13:27:15.068898
2025-07-22,77454,2025072201025177,SCB,Bhrikuti Stock Broking Co. Pvt. Ltd.,Imperial Securities Company Pvt. Ltd.,19,673.0,12787.0,2025-07-22 13:27:15.069003
2025-07-22,75341,2025072201025720,SCB,J.F. Securites (PVT) Ltd.,Creative Securities Pvt Ltd,20,668.2,13364.0,2025-07-22 13:30:03.743387
2025-07-22,73192,2025072201026293,SCB,Linch Stock Market Ltd.,Online Securities Pvt. Ltd.,10,668.2,6682.0,2025-07-22 13:33:29.623460
2025-07-22,73191,2025072201026294,SCB,Kumari Securities Private Limited,Online Securities Pvt. Ltd.,30,668.2,20046.0,2025-07-22 13:33:29.623881
2025-07-22,73190,2025072201026295,SCB,Bhrikuti Stock Broking Co. Pvt. Ltd.,Online Securities Pvt. Ltd.,85,668.1,56788.5,2025-07-22 13:33:29.624325
2025-07-22,71809,2025072201026766,SCB,Miyo Securities Pvt Ltd,Kohinoor Investment & Securities Pvt. Ltd.,18,671.0,12078.0,2025-07-22 13:35:34.829434
2025-07-22,71808,2025072201026767,SCB,Miyo Securities Pvt Ltd,Online Securities Pvt. Ltd.,58,671.0,38918.0,2025-07-22 13:35:34.829820
2025-07-22,71807,2025072201026768,SCB,Miyo Securities Pvt Ltd,Aakashbhairab Securities Ltd.,89,671.0,59719.0,2025-07-22 13:35:34.830136
2025-07-22,70115,2025072201027155,SCB,Kumari Securities Private Limited,Sri Hari Securities Pvt. Ltd.,20,668.2,13364.0,2025-07-22 13:38:33.213254
2025-07-22,70114,2025072201027156,SCB,Bhrikuti Stock Broking Co. Pvt. Ltd.,Sri Hari Securities Pvt. Ltd.,80,668.1,53448.0,2025-07-22 13:38:33.213480
2025-07-22,69228,2025072201027391,SCB,Blue Chip Securities Ltd,Online Securities Pvt. Ltd.,10,670.0,6700.0,2025-07-22 13:40:16.788720
2025-07-22,68932,2025072201027448,SCB,Blue Chip Securities Ltd,Online Securities Pvt. Ltd.,11,670.0,7370.0,2025-07-22 13:40:40.825878
2025-07-22,68271,2025072201027684,SCB,Aakashbhairab Securities Ltd.,Thrive Brokerage House Pvt. Ltd,14,672.0,9408.0,2025-07-22 13:41:46.451502
2025-07-22,68270,2025072201027685,SCB,Aakashbhairab Securities Ltd.,Trishakti Securities Public Limited,50,672.0,33600.0,2025-07-22 13:41:46.451593
2025-07-22,68269,2025072201027686,SCB,Aakashbhairab Securities Ltd.,Naasa Securities Co. Ltd.,250,672.9,168225.0,2025-07-22 13:41:46.451671
2025-07-22,68268,2025072201027687,SCB,Aakashbhairab Securities Ltd.,J.F. Securites (PVT) Ltd.,10,673.0,6730.0,2025-07-22 13:41:46.451748
2025-07-22,68267,2025072201027688,SCB,Aakashbhairab Securities Ltd.,Vision Securities Pvt. Ltd,176,673.0,118448.0,2025-07-22 13:41:46.451821
2025-07-22,67723,2025072201027808,SCB,Aakashbhairab Securities Ltd.,Vision Securities Pvt. Ltd,324,673.0,218052.0,2025-07-22 13:42:44.559795
2025-07-22,67722,2025072201027809,SCB,Aakashbhairab Securities Ltd.,Vision Securities Pvt. Ltd,100,673.0,67300.0,2025-07-22 13:42:44.559875
2025-07-22,67721,2025072201027810,SCB,Aakashbhairab Securities Ltd.,Imperial Securities Company Pvt. Ltd.,76,673.0,51148.0,2025-07-22 13:42:44.559907
2025-07-22,64726,2025072201028481,SCB,Shree Krishna Securities Ltd.,Naasa Securities Co. Ltd.,11,672.5,7397.5,2025-07-22 13:47:00.126461
2025-07-22,64158,2025072201028607,SCB,Aakashbhairab Securities Ltd.,Naasa Securities Co. Ltd.,19,672.5,12777.5,2025-07-22 13:47:51.128313
2025-07-22,64157,2025072201028608,SCB,Aakashbhairab Securities Ltd.,Imperial Securities Company Pvt. Ltd.,205,673.0,137965.0,2025-07-22 13:47:51.128348
2025-07-22,64156,2025072201028609,SCB,Aakashbhairab Securities Ltd.,Dynamic Money Managers Securities Pvt. Ltd.,56,673.8,37732.8,2025-07-22 13:47:51.128379
2025-07-22,63768,2025072201028649,SCB,Roadshow securities limited,Dynamic Money Managers Securities Pvt. Ltd.,144,673.8,97027.2,2025-07-22 13:48:14.487392
2025-07-22,63767,2025072201028650,SCB,Roadshow securities limited,Deevyaa Securities & Stock House Pvt. Ltd,61,673.8,41101.8,2025-07-22 13:48:14.487430
2025-07-22,63739,2025072201028658,SCB,Sani Securities Company Ltd.,Nepal Investment And Securities Trading Private Limited,10,672.0,6720.0,2025-07-22 13:48:18.799232
2025-07-22,63598,2025072201028690,SCB,Roadshow securities limited,Deevyaa Securities & Stock House Pvt. Ltd,239,673.8,161038.2,2025-07-22 13:48:36.521175
2025-07-22,63343,2025072201028762,SCB,Roadshow securities limited,ABC Securities Private Limited,200,673.9,134780.0,2025-07-22 13:48:52.544540
2025-07-22,63342,2025072201028763,SCB,Roadshow securities limited,ABC Securities Private Limited,800,673.9,539120.0,2025-07-22 13:48:52.544684
2025-07-22,61821,2025072201029019,SCB,Dipshikha Dhitopatra Karobar Co. Pvt Ltd.,Kohinoor Investment & Securities Pvt. Ltd.,11,673.0,7403.0,2025-07-22 13:51:15.460313
2025-07-22,61820,2025072201029020,SCB,Dipshikha Dhitopatra Karobar Co. Pvt Ltd.,ABC Securities Private Limited,402,673.0,270546.0,2025-07-22 13:51:15.460535
2025-07-22,61819,2025072201029021,SCB,Dipshikha Dhitopatra Karobar Co. Pvt Ltd.,Siprabi Securities Pvt. Ltd.,87,674.0,58638.0,2025-07-22 13:51:15.460634
2025-07-22,57431,2025072201029836,SCB,Roadshow securities limited,J.F. Securites (PVT) Ltd.,10,673.9,6739.0,2025-07-22 13:57:25.325134
2025-07-22,57430,2025072201029837,SCB,Roadshow securities limited,Siprabi Securities Pvt. Ltd.,13,674.0,8762.0,2025-07-22 13:57:25.325233
2025-07-22,57429,2025072201029838,SCB,Roadshow securities limited,Dipshikha Dhitopatra Karobar Co. Pvt Ltd.,25,674.0,16850.0,2025-07-22 13:57:25.325310
2025-07-22,57428,2025072201029839,SCB,Roadshow securities limited,Dipshikha Dhitopatra Karobar Co. Pvt Ltd.,25,674.0,16850.0,2025-07-22 13:57:25.325387
2025-07-22,57427,2025072201029840,SCB,Roadshow securities limited,Naasa Securities Co. Ltd.,100,674.0,67400.0,2025-07-22 13:57:25.325459
2025-07-22,57426,2025072201029841,SCB,Roadshow securities limited,ABC Securities Private Limited,990,674.0,667260.0,2025-07-22 13:57:25.325531
2025-07-22,54966,2025072201030402,SCB,Vision Securities Pvt. Ltd,ABC Securities Private Limited,10,671.0,6710.0,2025-07-22 14:00:45.135668
2025-07-22,53822,2025072201030665,SCB,Vision Securities Pvt. Ltd,Nagarik Stock Dealer ,22,671.0,14762.0,2025-07-22 14:02:20.562938
2025-07-22,53821,2025072201030666,SCB,Roadshow securities limited,Nagarik Stock Dealer ,1978,670.0,1325260.0,2025-07-22 14:02:20.563177
2025-07-22,51588,2025072201031242,SCB,Bhrikuti Stock Broking Co. Pvt. Ltd.,Neev Securities Pvt. Ltd.,25,673.0,16825.0,2025-07-22 14:05:00.447957
2025-07-22,51587,2025072201031243,SCB,Bhrikuti Stock Broking Co. Pvt. Ltd.,Neev Securities Pvt. Ltd.,10,673.0,6730.0,2025-07-22 14:05:00.448202
2025-07-22,49648,2025072201031746,SCB,Kohinoor Investment & Securities Pvt. Ltd.,Sani Securities Company Ltd.,9,665.0,5985.0,2025-07-22 14:07:41.809124
2025-07-22,49399,2025072201031798,SCB,Kohinoor Investment & Securities Pvt. Ltd.,Linch Stock Market Ltd.,1,660.0,660.0,2025-07-22 14:08:03.927360
2025-07-22,49096,2025072201031887,SCB,Cristal Kanchanjanga Securites Pvt. Ltd.,Deevyaa Securities & Stock House Pvt. Ltd,23,671.0,15433.0,2025-07-22 14:08:30.231269
2025-07-22,43865,2025072201033226,SCB,Aryatara Investment & Securities,Creative Securities Pvt Ltd,4,666.0,2664.0,2025-07-22 14:15:11.889751
2025-07-22,43374,2025072201033375,SCB,Dipshikha Dhitopatra Karobar Co. Pvt Ltd.,Neev Securities Pvt. Ltd.,1,670.0,670.0,2025-07-22 14:15:51.161928
2025-07-22,41469,2025072201033989,SCB,Sani Securities Company Ltd.,Premier Securities Company Ltd.,25,672.0,16800.0,2025-07-22 14:18:42.334347
2025-07-22,41468,2025072201033990,SCB,Sani Securities Company Ltd.,Himalayan Brokerage Company Limited,10,672.0,6720.0,2025-07-22 14:18:42.334611
2025-07-22,41467,2025072201033991,SCB,Sani Securities Company Ltd.,Sri Hari Securities Pvt. Ltd.,10,672.9,6729.0,2025-07-22 14:18:42.334707
2025-07-22,41466,2025072201033992,SCB,Sani Securities Company Ltd.,Neev Securities Pvt. Ltd.,15,673.0,10095.0,2025-07-22 14:18:42.334817
2025-07-22,41465,2025072201033993,SCB,Sani Securities Company Ltd.,Hatemalo Financial Services Private Limited,25,673.0,16825.0,2025-07-22 14:18:42.334926
2025-07-22,41464,2025072201033994,SCB,Sani Securities Company Ltd.,Kalika Securities Pvt. Ltd.,115,673.0,77395.0,2025-07-22 14:18:42.335034
2025-07-22,40691,2025072201034181,SCB,Sumeru Securities Pvt. Ltd.,Kalika Securities Pvt. Ltd.,10,673.0,6730.0,2025-07-22 14:19:35.734550
2025-07-22,39180,2025072201034570,SCB,Oxford Securities Pvt. Ltd.,Creative Securities Pvt Ltd,25,671.3,16782.5,2025-07-22 14:21:29.655623
2025-07-22,38964,2025072201034626,SCB,Oxford Securities Pvt. Ltd.,Elite Stock House Limited,50,671.3,33565.0,2025-07-22 14:21:46.314704
2025-07-22,37566,2025072201035062,SCB,Oxford Securities Pvt. Ltd.,Ashutosh Brokerage & Securities (PVT) Ltd.,25,672.0,16800.0,2025-07-22 14:23:30.565756
2025-07-22,36185,2025072201035851,SCB,Oxford Securities Pvt. Ltd.,Vision Securities Pvt. Ltd,65,672.0,43680.0,2025-07-22 14:24:34.316192
2025-07-22,35273,2025072201036172,SCB,Secured Securities Ltd.,Premier Securities Company Ltd.,65,672.8,43732.0,2025-07-22 14:25:47.731643
2025-07-22,35245,2025072201036179,SCB,Oxford Securities Pvt. Ltd.,Midas Stock Broking Company Private Limited,35,672.0,23520.0,2025-07-22 14:25:50.746338
2025-07-22,35244,2025072201036180,SCB,Nepal Stock House (PVT) Ltd.,Midas Stock Broking Company Private Limited,300,672.0,201600.0,2025-07-22 14:25:50.746799
2025-07-22,35243,2025072201036181,SCB,Cristal Kanchanjanga Securites Pvt. Ltd.,Midas Stock Broking Company Private Limited,165,671.5,110797.5,2025-07-22 14:25:50.747110
2025-07-22,34812,2025072201036347,SCB,Cristal Kanchanjanga Securites Pvt. Ltd.,Imperial Securities Company Pvt. Ltd.,112,671.5,75208.0,2025-07-22 14:26:23.890620
2025-07-22,34811,2025072201036348,SCB,ABC Securities Private Limited,Imperial Securities Company Pvt. Ltd.,10,671.2,6712.0,2025-07-22 14:26:23.890852
2025-07-22,34810,2025072201036349,SCB,Dakshinkali Investment & Securities Pvt. Ltd.,Imperial Securities Company Pvt. Ltd.,70,671.2,46984.0,2025-07-22 14:26:23.890955
2025-07-22,34809,2025072201036350,SCB,ABC Securities Private Limited,Imperial Securities Company Pvt. Ltd.,100,671.1,67110.0,2025-07-22 14:26:23.891059
2025-07-22,34808,2025072201036351,SCB,Blue Chip Securities Ltd,Imperial Securities Company Pvt. Ltd.,100,671.0,67100.0,2025-07-22 14:26:23.891163
2025-07-22,34558,2025072201036528,SCB,Sani Securities Company Ltd.,Vision Securities Pvt. Ltd,35,672.0,23520.0,2025-07-22 14:26:33.885637
2025-07-22,34404,2025072201036572,SCB,Sani Securities Company Ltd.,Midas Stock Broking Company Private Limited,500,672.0,336000.0,2025-07-22 14:26:47.033194
2025-07-22,33169,2025072201036939,SCB,Online Securities Pvt. Ltd.,Premier Securities Company Ltd.,18,672.8,12110.4,2025-07-22 14:28:19.484559
2025-07-22,33168,2025072201036940,SCB,Online Securities Pvt. Ltd.,Linch Stock Market Ltd.,200,672.9,134580.0,2025-07-22 14:28:19.484796
2025-07-22,32806,2025072201037028,SCB,Naasa Securities Co. Ltd.,Naasa Securities Co. Ltd.,38,672.5,25555.0,2025-07-22 14:28:48.264633
2025-07-22,31970,2025072201037370,SCB,Nepal Investment And Securities Trading Private Limited,Kalika Securities Pvt. Ltd.,250,673.0,168250.0,2025-07-22 14:29:46.947232
2025-07-22,31154,2025072201037625,SCB,Online Securities Pvt. Ltd.,Kalika Securities Pvt. Ltd.,130,673.0,87490.0,2025-07-22 14:30:43.551705
2025-07-22,31037,2025072201037680,SCB,Naasa Securities Co. Ltd.,Dynamic Money Managers Securities Pvt. Ltd.,11,672.5,7397.5,2025-07-22 14:30:54.827414
2025-07-22,30830,2025072201037742,SCB,Shree Krishna Securities Ltd.,Kalika Securities Pvt. Ltd.,20,673.0,13460.0,2025-07-22 14:31:09.780291
2025-07-22,30576,2025072201037812,SCB,Naasa Securities Co. Ltd.,Market Securities & Exchange (PVT) Ltd.,97,672.5,65232.5,2025-07-22 14:31:31.173584
2025-07-22,30215,2025072201037913,SCB,Dakshinkali Investment & Securities Pvt. Ltd.,Kalika Securities Pvt. Ltd.,1000,673.0,673000.0,2025-07-22 14:31:57.064431
2025-07-22,30079,2025072201037956,SCB,Asian Securities Private Ltd.,Kalika Securities Pvt. Ltd.,242,673.0,162866.0,2025-07-22 14:32:08.713793
2025-07-22,28654,2025072201038465,SCB,Sani Securities Company Ltd.,Online Securities Pvt. Ltd.,11,672.0,7392.0,2025-07-22 14:33:57.194999
2025-07-22,27507,2025072201038763,SCB,Miyo Securities Pvt Ltd,Imperial Securities Company Pvt. Ltd.,25,673.0,16825.0,2025-07-22 14:35:16.858830
2025-07-22,27506,2025072201038764,SCB,Miyo Securities Pvt Ltd,Vision Securities Pvt. Ltd,375,673.0,252375.0,2025-07-22 14:35:16.859310
2025-07-22,26743,2025072201038983,SCB,ABC Securities Private Limited,Vision Securities Pvt. Ltd,100,673.0,67300.0,2025-07-22 14:36:18.470235
2025-07-22,26394,2025072201039113,SCB,Sani Securities Company Ltd.,Dakshinkali Investment & Securities Pvt. Ltd.,454,672.0,305088.0,2025-07-22 14:36:42.185171
2025-07-22,26393,2025072201039114,SCB,Market Securities & Exchange (PVT) Ltd.,Dakshinkali Investment & Securities Pvt. Ltd.,146,672.0,98112.0,2025-07-22 14:36:42.185422
2025-07-22,26281,2025072201039120,SCB,Dynamic Money Managers Securities Pvt. Ltd.,Vision Securities Pvt. Ltd,1025,673.0,689825.0,2025-07-22 14:36:45.369467
2025-07-22,26280,2025072201039121,SCB,Dynamic Money Managers Securities Pvt. Ltd.,South Asian Bulls Pvt. Ltd.,25,673.0,16825.0,2025-07-22 14:36:45.369506
2025-07-22,25886,2025072201039227,SCB,Malla & Malla Stock Broking Company Pvt. Limited,Malla & Malla Stock Broking Company Pvt. Limited,50,673.0,33650.0,2025-07-22 14:37:17.591784
2025-07-22,25885,2025072201039228,SCB,Vision Securities Pvt. Ltd,Malla & Malla Stock Broking Company Pvt. Limited,50,673.0,33650.0,2025-07-22 14:37:17.747484
2025-07-22,25249,2025072201039464,SCB,Vision Securities Pvt. Ltd,Dynamic Money Managers Securities Pvt. Ltd.,175,673.0,117775.0,2025-07-22 14:38:10.368382
2025-07-22,24570,2025072201039669,SCB,BHOLE GANESH SECURITIES LTD,Dakshinkali Investment & Securities Pvt. Ltd.,72,673.5,48492.0,2025-07-22 14:39:11.611922
2025-07-22,24569,2025072201039670,SCB,BHOLE GANESH SECURITIES LTD,Oxford Securities Pvt. Ltd.,100,673.8,67380.0,2025-07-22 14:39:11.611964
2025-07-22,24568,2025072201039671,SCB,BHOLE GANESH SECURITIES LTD,ABC Securities Private Limited,500,673.9,336950.0,2025-07-22 14:39:11.611996
2025-07-22,24567,2025072201039672,SCB,BHOLE GANESH SECURITIES LTD,ABC Securities Private Limited,500,673.9,336950.0,2025-07-22 14:39:11.612051
2025-07-22,24566,2025072201039673,SCB,BHOLE GANESH SECURITIES LTD,ABC Securities Private Limited,828,673.9,557989.2,2025-07-22 14:39:11.612080
2025-07-22,22114,2025072201040419,SCB,Premier Securities Company Ltd.,ABC Securities Private Limited,50,673.9,33695.0,2025-07-22 14:42:09.896533
2025-07-22,19943,2025072201041221,SCB,J.F. Securites (PVT) Ltd.,ABC Securities Private Limited,122,673.9,82215.8,2025-07-22 14:44:41.265926
2025-07-22,19942,2025072201041222,SCB,J.F. Securites (PVT) Ltd.,Dipshikha Dhitopatra Karobar Co. Pvt Ltd.,266,673.9,179257.4,2025-07-22 14:44:41.266162
2025-07-22,19751,2025072201041262,SCB,J.F. Securites (PVT) Ltd.,Opal Securities Investment (PVT) Ltd.,112,673.9,75476.8,2025-07-22 14:44:50.316303
2025-07-22,19750,2025072201041263,SCB,Siprabi Securities Pvt. Ltd.,Opal Securities Investment (PVT) Ltd.,18,673.0,12114.0,2025-07-22 14:44:50.316342
2025-07-22,19749,2025072201041264,SCB,Online Securities Pvt. Ltd.,Opal Securities Investment (PVT) Ltd.,20,671.5,13430.0,2025-07-22 14:44:50.316373
2025-07-22,19748,2025072201041265,SCB,Nepal Stock House (PVT) Ltd.,Opal Securities Investment (PVT) Ltd.,500,671.5,335750.0,2025-07-22 14:44:50.316417
2025-07-22,19747,2025072201041266,SCB,Sundhara Securities Limited,Opal Securities Investment (PVT) Ltd.,100,671.3,67130.0,2025-07-22 14:44:50.316489
2025-07-22,19746,2025072201041267,SCB,MILKY WAY SHARE BROKER COMPANY LTD ,Opal Securities Investment (PVT) Ltd.,100,671.3,67130.0,2025-07-22 14:44:50.316514
2025-07-22,19745,2025072201041268,SCB,Bhrikuti Stock Broking Co. Pvt. Ltd.,Opal Securities Investment (PVT) Ltd.,200,671.2,134240.0,2025-07-22 14:44:50.316537
2025-07-22,19744,2025072201041269,SCB,Kohinoor Investment & Securities Pvt. Ltd.,Opal Securities Investment (PVT) Ltd.,3950,671.2,2651240.0,2025-07-22 14:44:50.316562
2025-07-22,17179,2025072201042291,SCB,Market Securities & Exchange (PVT) Ltd.,Linch Stock Market Ltd.,4,672.0,2688.0,2025-07-22 14:47:29.811776
2025-07-22,16769,2025072201042491,SCB,Aryatara Investment & Securities,Trishakti Securities Public Limited,25,671.5,16787.5,2025-07-22 14:47:52.358880
2025-07-22,16000,2025072201042763,SCB,ABC Securities Private Limited,Malla & Malla Stock Broking Company Pvt. Limited,100,672.0,67200.0,2025-07-22 14:48:43.577480
2025-07-22,15999,2025072201042764,SCB,Aryatara Investment & Securities,Malla & Malla Stock Broking Company Pvt. Limited,25,671.5,16787.5,2025-07-22 14:48:43.577709
2025-07-22,15998,2025072201042765,SCB,Primo Securities (PVT) Ltd.,Malla & Malla Stock Broking Company Pvt. Limited,75,671.5,50362.5,2025-07-22 14:48:43.577809
2025-07-22,15741,2025072201042864,SCB,Primo Securities (PVT) Ltd.,ABC Securities Private Limited,25,671.5,16787.5,2025-07-22 14:48:59.278217
2025-07-22,15629,2025072201042885,SCB,Primo Securities (PVT) Ltd.,Imperial Securities Company Pvt. Ltd.,10,671.5,6715.0,2025-07-22 14:49:03.576712
2025-07-22,11540,2025072201044195,SCB,Blue Chip Securities Ltd,Naasa Securities Co. Ltd.,14,672.0,9408.0,2025-07-22 14:53:06.026124
2025-07-22,11080,2025072201044337,SCB,SHUBHAKAMANA SECURITIES PVT. LTD,Siprabi Securities Pvt. Ltd.,50,674.0,33700.0,2025-07-22 14:53:26.714859
2025-07-22,11079,2025072201044338,SCB,SHUBHAKAMANA SECURITIES PVT. LTD,J.F. Securites (PVT) Ltd.,500,674.0,337000.0,2025-07-22 14:53:26.715089
2025-07-22,11078,2025072201044339,SCB,SHUBHAKAMANA SECURITIES PVT. LTD,Capital Max Securities Ltd,30,674.0,20220.0,2025-07-22 14:53:26.715193
2025-07-22,11077,2025072201044340,SCB,SHUBHAKAMANA SECURITIES PVT. LTD,Ashutosh Brokerage & Securities (PVT) Ltd.,100,674.0,67400.0,2025-07-22 14:53:26.715318
2025-07-22,11076,2025072201044341,SCB,SHUBHAKAMANA SECURITIES PVT. LTD,Dynamic Money Managers Securities Pvt. Ltd.,200,674.8,134960.0,2025-07-22 14:53:26.715440
2025-07-22,11075,2025072201044342,SCB,SHUBHAKAMANA SECURITIES PVT. LTD,Secured Securities Ltd.,12,674.8,8097.6,2025-07-22 14:53:26.715544
2025-07-22,11074,2025072201044343,SCB,SHUBHAKAMANA SECURITIES PVT. LTD,KALASH STOCK MARKET PVT. LTD.,1108,674.8,747678.4,2025-07-22 14:53:26.715661
2025-07-22,10229,2025072201044635,SCB,Cristal Kanchanjanga Securites Pvt. Ltd.,Market Securities & Exchange (PVT) Ltd.,25,672.1,16802.5,2025-07-22 14:54:12.708075
2025-07-22,8613,2025072201045165,SCB,Primo Securities (PVT) Ltd.,Ashutosh Brokerage & Securities (PVT) Ltd.,100,674.7,67470.0,2025-07-22 14:55:18.537263
2025-07-22,8612,2025072201045166,SCB,Primo Securities (PVT) Ltd.,KALASH STOCK MARKET PVT. LTD.,190,674.8,128212.0,2025-07-22 14:55:18.537502
2025-07-22,7792,2025072201045373,SCB,Cristal Kanchanjanga Securites Pvt. Ltd.,Naasa Securities Co. Ltd.,140,674.1,94374.0,2025-07-22 14:55:58.502757
2025-07-22,7669,2025072201045404,SCB,Cristal Kanchanjanga Securites Pvt. Ltd.,Siprabi Securities Pvt. Ltd.,100,674.1,67410.0,2025-07-22 14:56:06.785035
2025-07-22,7558,2025072201045455,SCB,Cristal Kanchanjanga Securites Pvt. Ltd.,Sumeru Securities Pvt. Ltd.,53,674.1,35727.3,2025-07-22 14:56:14.632925
2025-07-22,7224,2025072201045587,SCB,KALASH STOCK MARKET PVT. LTD.,KALASH STOCK MARKET PVT. LTD.,200,674.8,134960.0,2025-07-22 14:56:26.462160
2025-07-22,7219,2025072201045588,SCB,Cristal Kanchanjanga Securites Pvt. Ltd.,Malla & Malla Stock Broking Company Pvt. Limited,182,674.1,122686.2,2025-07-22 14:56:26.989995
2025-07-22,7130,2025072201045610,SCB,Nepal Stock House (PVT) Ltd.,Malla & Malla Stock Broking Company Pvt. Limited,153,674.1,103137.3,2025-07-22 14:56:30.405323
2025-07-22,7129,2025072201045611,SCB,Nepal Stock House (PVT) Ltd.,KALASH STOCK MARKET PVT. LTD.,318,674.8,214586.4,2025-07-22 14:56:30.405582
2025-07-22,7128,2025072201045612,SCB,Nepal Stock House (PVT) Ltd.,Naasa Securities Co. Ltd.,25,674.8,16870.0,2025-07-22 14:56:30.405685
2025-07-22,7127,2025072201045613,SCB,Nepal Stock House (PVT) Ltd.,Neev Securities Pvt. Ltd.,204,674.9,137679.6,2025-07-22 14:56:30.405784
2025-07-22,6073,2025072201045943,SCB,Asian Securities Private Ltd.,J.F. Securites (PVT) Ltd.,17,674.1,11459.7,2025-07-22 14:57:16.925916
2025-07-22,6072,2025072201045944,SCB,Asian Securities Private Ltd.,Neev Securities Pvt. Ltd.,83,674.9,56016.7,2025-07-22 14:57:16.926159
2025-07-22,5581,2025072201046046,SCB,Vision Securities Pvt. Ltd,Neev Securities Pvt. Ltd.,72,674.0,48528.0,2025-07-22 14:57:32.220400
2025-07-22,4463,2025072201046407,SCB,Primo Securities (PVT) Ltd.,Neev Securities Pvt. Ltd.,13,674.9,8773.7,2025-07-22 14:58:12.188388
2025-07-22,4148,2025072201046517,SCB,Kumari Securities Private Limited,Neev Securities Pvt. Ltd.,400,674.9,269960.0,2025-07-22 14:58:22.946633
2025-07-22,4146,2025072201046518,SCB,Kumari Securities Private Limited,J.F. Securites (PVT) Ltd.,10,674.9,6749.0,2025-07-22 14:58:22.946963
2025-07-22,4145,2025072201046519,SCB,Kumari Securities Private Limited,Ashutosh Brokerage & Securities (PVT) Ltd.,145,675.0,97875.0,2025-07-22 14:58:22.947236
2025-07-22,4144,2025072201046520,SCB,Kumari Securities Private Limited,Dipshikha Dhitopatra Karobar Co. Pvt Ltd.,25,675.0,16875.0,2025-07-22 14:58:22.947455
2025-07-22,4143,2025072201046521,SCB,Kumari Securities Private Limited,Kohinoor Investment & Securities Pvt. Ltd.,10,675.0,6750.0,2025-07-22 14:58:22.947680
2025-07-22,4142,2025072201046522,SCB,Kumari Securities Private Limited,Dipshikha Dhitopatra Karobar Co. Pvt Ltd.,25,675.0,16875.0,2025-07-22 14:58:22.947892
2025-07-22,4141,2025072201046523,SCB,Kumari Securities Private Limited,Nepal Investment And Securities Trading Private Limited,200,675.0,135000.0,2025-07-22 14:58:22.948072
2025-07-22,4140,2025072201046524,SCB,Kumari Securities Private Limited,ABC Securities Private Limited,1000,675.0,675000.0,2025-07-22 14:58:22.948251
2025-07-22,4139,2025072201046525,SCB,Kumari Securities Private Limited,Naasa Securities Co. Ltd.,25,675.0,16875.0,2025-07-22 14:58:22.948422
2025-07-22,4138,2025072201046526,SCB,Kumari Securities Private Limited,Bhrikuti Stock Broking Co. Pvt. Ltd.,160,675.0,108000.0,2025-07-22 14:58:22.948678
2025-07-22,3844,2025072201046624,SCB,Naasa Securities Co. Ltd.,Sri Hari Securities Pvt. Ltd.,3,672.5,2017.5,2025-07-22 14:58:31.497770
2025-07-22,3816,2025072201046642,SCB,Vision Securities Pvt. Ltd,Bhrikuti Stock Broking Co. Pvt. Ltd.,204,675.0,137700.0,2025-07-22 14:58:32.301678
2025-07-22,2704,2025072201046922,SCB,Aryatara Investment & Securities,Bhrikuti Stock Broking Co. Pvt. Ltd.,121,675.0,81675.0,2025-07-22 14:59:05.611983
2025-07-22,2703,2025072201046923,SCB,Aryatara Investment & Securities,Naasa Securities Co. Ltd.,20,675.0,13500.0,2025-07-22 14:59:05.612244
2025-07-22,2702,2025072201046924,SCB,Aryatara Investment & Securities,Siprabi Securities Pvt. Ltd.,112,675.0,75600.0,2025-07-22 14:59:05.612430
2025-07-22,2701,2025072201046925,SCB,Aryatara Investment & Securities,Sewa Securities Pvt. Ltd.,35,675.0,23625.0,2025-07-22 14:59:05.612559
2025-07-22,2700,2025072201046926,SCB,Aryatara Investment & Securities,Trisul Securities & Invt. Ltd.,212,675.0,143100.0,2025-07-22 14:59:05.612688
2025-07-22,2317,2025072201047000,SCB,Siprabi Securities Pvt. Ltd.,Trisul Securities & Invt. Ltd.,288,675.0,194400.0,2025-07-22 14:59:15.299132
2025-07-22,2316,2025072201047001,SCB,Siprabi Securities Pvt. Ltd.,Aakashbhairab Securities Ltd.,25,675.0,16875.0,2025-07-22 14:59:15.299365
2025-07-22,2315,2025072201047002,SCB,Siprabi Securities Pvt. Ltd.,Aakashbhairab Securities Ltd.,25,675.0,16875.0,2025-07-22 14:59:15.299463
2025-07-22,2314,2025072201047003,SCB,Siprabi Securities Pvt. Ltd.,Trisul Securities & Invt. Ltd.,39,675.0,26325.0,2025-07-22 14:59:15.299555
2025-07-22,2056,2025072201047079,SCB,Asian Securities Private Ltd.,Malla & Malla Stock Broking Company Pvt. Limited,300,674.5,202350.0,2025-07-22 14:59:20.614205
2025-07-22,1574,2025072201047208,SCB,Thrive Brokerage House Pvt. Ltd,Trisul Securities & Invt. Ltd.,250,675.0,168750.0,2025-07-22 14:59:29.722225
2025-07-22,1537,2025072201047219,SCB,Malla & Malla Stock Broking Company Pvt. Limited,Creative Securities Pvt Ltd,17,674.1,11459.7,2025-07-22 14:59:30.873374
