Date,S.N.,contract_id,symbol,buyer_broker,seller_broker,volume,price,amount,transaction_time
2025-07-22,175469,2025072203000789,SFCL,ABC Securities Private Limited,Sumeru Securities Pvt. Ltd.,55,491.9,27054.5,2025-07-22 11:03:59.638329
2025-07-22,175329,2025072203000855,SFCL,Agrawal Securities (PVT) Ltd.,Trisul Securities & Invt. Ltd.,150,490.0,73500.0,2025-07-22 11:04:17.068447
2025-07-22,175231,2025072203000904,SFCL,Agrawal Securities (PVT) Ltd.,Sundhara Securities Limited,150,490.0,73500.0,2025-07-22 11:04:27.817857
2025-07-22,175066,2025072203000962,SFCL,Agrawal Securities (PVT) Ltd.,Aryatara Investment & Securities,15,490.0,7350.0,2025-07-22 11:04:47.727565
2025-07-22,174362,2025072203001290,SFCL,Agrawal Securities (PVT) Ltd.,Kohinoor Investment & Securities Pvt. Ltd.,285,490.0,139650.0,2025-07-22 11:05:59.360614
2025-07-22,174361,2025072203001291,SFCL,Sani Securities Company Ltd.,Kohinoor Investment & Securities Pvt. Ltd.,215,490.0,105350.0,2025-07-22 11:05:59.360685
2025-07-22,174256,2025072203001358,SFCL,Sani Securities Company Ltd.,Deevyaa Securities & Stock House Pvt. Ltd,193,490.0,94570.0,2025-07-22 11:06:05.407063
2025-07-22,173570,2025072203001673,SFCL,Sumeru Securities Pvt. Ltd.,Kumari Securities Private Limited,50,490.0,24500.0,2025-07-22 11:07:21.464001
2025-07-22,173529,2025072203001695,SFCL,Investment Management Nepal Pvt. Ltd.,Kumari Securities Private Limited,10,490.0,4900.0,2025-07-22 11:07:26.359611
2025-07-22,172865,2025072203001969,SFCL,Vision Securities Pvt. Ltd,Asian Securities Private Ltd.,50,491.0,24550.0,2025-07-22 11:08:31.962194
2025-07-22,172722,2025072203002033,SFCL,Investment Management Nepal Pvt. Ltd.,Linch Stock Market Ltd.,190,490.0,93100.0,2025-07-22 11:08:45.598227
2025-07-22,172721,2025072203002034,SFCL,Trishakti Securities Public Limited,Linch Stock Market Ltd.,50,490.0,24500.0,2025-07-22 11:08:45.598292
2025-07-22,172628,2025072203002090,SFCL,Vision Securities Pvt. Ltd,Sundhara Securities Limited,30,489.1,14673.0,2025-07-22 11:08:55.244572
2025-07-22,172627,2025072203002091,SFCL,Nabil Stock Dealer Ltd.,Sundhara Securities Limited,30,489.0,14670.0,2025-07-22 11:08:55.244639
2025-07-22,171742,2025072203002528,SFCL,Nabil Stock Dealer Ltd.,Naasa Securities Co. Ltd.,480,486.0,233280.0,2025-07-22 11:10:15.502844
2025-07-22,171741,2025072203002529,SFCL,Property Wiard Limited,Naasa Securities Co. Ltd.,70,485.1,33957.0,2025-07-22 11:10:15.502909
2025-07-22,171740,2025072203002530,SFCL,Naasa Securities Co. Ltd.,Naasa Securities Co. Ltd.,25,485.0,12125.0,2025-07-22 11:10:15.502950
2025-07-22,171739,2025072203002531,SFCL,Naasa Securities Co. Ltd.,Naasa Securities Co. Ltd.,29,485.0,14065.0,2025-07-22 11:10:15.502983
2025-07-22,171738,2025072203002532,SFCL,Aryatara Investment & Securities,Naasa Securities Co. Ltd.,17,485.0,8245.0,2025-07-22 11:10:15.503016
2025-07-22,171737,2025072203002533,SFCL,Trishakti Securities Public Limited,Naasa Securities Co. Ltd.,300,485.0,145500.0,2025-07-22 11:10:15.503052
2025-07-22,171736,2025072203002534,SFCL,Creative Securities Pvt Ltd,Naasa Securities Co. Ltd.,20,485.0,9700.0,2025-07-22 11:10:15.503081
2025-07-22,171618,2025072203002568,SFCL,Indira securities pvt. ltd,Naasa Securities Co. Ltd.,100,485.0,48500.0,2025-07-22 11:10:26.731198
2025-07-22,171479,2025072203002599,SFCL,Shree Krishna Securities Ltd.,Naasa Securities Co. Ltd.,1659,485.0,804615.0,2025-07-22 11:10:40.300514
2025-07-22,171303,2025072203002654,SFCL,Shree Krishna Securities Ltd.,Agrawal Securities (PVT) Ltd.,300,485.0,145500.0,2025-07-22 11:10:53.401977
2025-07-22,170942,2025072203002781,SFCL,Shree Krishna Securities Ltd.,Creative Securities Pvt Ltd,41,485.0,19885.0,2025-07-22 11:11:25.421737
2025-07-22,170941,2025072203002782,SFCL,J.F. Securites (PVT) Ltd.,Creative Securities Pvt Ltd,50,485.0,24250.0,2025-07-22 11:11:25.421922
2025-07-22,170940,2025072203002783,SFCL,Indira securities pvt. ltd,Creative Securities Pvt Ltd,1000,485.0,485000.0,2025-07-22 11:11:25.422057
2025-07-22,170850,2025072203002843,SFCL,Thrive Brokerage House Pvt. Ltd,Creative Securities Pvt Ltd,50,485.0,24250.0,2025-07-22 11:11:34.625115
2025-07-22,170572,2025072203002930,SFCL,Agrawal Securities (PVT) Ltd.,Creative Securities Pvt Ltd,10,483.3,4833.0,2025-07-22 11:11:57.788621
2025-07-22,170571,2025072203002931,SFCL,Thrive Brokerage House Pvt. Ltd,Creative Securities Pvt Ltd,50,483.3,24165.0,2025-07-22 11:11:57.788817
2025-07-22,170570,2025072203002932,SFCL,Naasa Securities Co. Ltd.,Creative Securities Pvt Ltd,200,483.2,96640.0,2025-07-22 11:11:57.788935
2025-07-22,170569,2025072203002933,SFCL,Primo Securities (PVT) Ltd.,Creative Securities Pvt Ltd,20,483.1,9662.0,2025-07-22 11:11:57.789100
2025-07-22,170568,2025072203002934,SFCL,Premier Securities Company Ltd.,Creative Securities Pvt Ltd,979,483.1,472954.9,2025-07-22 11:11:57.789253
2025-07-22,169215,2025072203003421,SFCL,Trishakti Securities Public Limited,Imperial Securities Company Pvt. Ltd.,100,485.1,48510.0,2025-07-22 11:14:07.178178
2025-07-22,169214,2025072203003422,SFCL,Naasa Securities Co. Ltd.,Imperial Securities Company Pvt. Ltd.,100,485.1,48510.0,2025-07-22 11:14:07.178339
2025-07-22,168906,2025072203003542,SFCL,Naasa Securities Co. Ltd.,Imperial Securities Company Pvt. Ltd.,50,485.1,24255.0,2025-07-22 11:14:36.601675
2025-07-22,168712,2025072203003623,SFCL,Aryatara Investment & Securities,Imperial Securities Company Pvt. Ltd.,10,485.1,4851.0,2025-07-22 11:14:52.174884
2025-07-22,168682,2025072203003637,SFCL,Vision Securities Pvt. Ltd,Imperial Securities Company Pvt. Ltd.,240,485.1,116424.0,2025-07-22 11:14:54.642014
2025-07-22,168647,2025072203003642,SFCL,Bhrikuti Stock Broking Co. Pvt. Ltd.,Trisul Securities & Invt. Ltd.,266,485.2,129063.2,2025-07-22 11:14:59.175019
2025-07-22,168512,2025072203003683,SFCL,Vision Securities Pvt. Ltd,Linch Stock Market Ltd.,20,490.0,9800.0,2025-07-22 11:15:14.795095
2025-07-22,168511,2025072203003684,SFCL,Vision Securities Pvt. Ltd,Imperial Securities Company Pvt. Ltd.,40,490.0,19600.0,2025-07-22 11:15:14.795257
2025-07-22,168176,2025072203003835,SFCL,Deevyaa Securities & Stock House Pvt. Ltd,Imperial Securities Company Pvt. Ltd.,130,486.0,63180.0,2025-07-22 11:15:44.957810
2025-07-22,167863,2025072203003988,SFCL,Capital Max Securities Ltd,Imperial Securities Company Pvt. Ltd.,100,490.0,49000.0,2025-07-22 11:16:14.197360
2025-07-22,166735,2025072203004429,SFCL,Trishakti Securities Public Limited,Online Securities Pvt. Ltd.,200,489.9,97980.0,2025-07-22 11:18:11.676790
2025-07-22,166686,2025072203004447,SFCL,Naasa Securities Co. Ltd.,Sundhara Securities Limited,10,489.0,4890.0,2025-07-22 11:18:17.111816
2025-07-22,166685,2025072203004448,SFCL,Deevyaa Securities & Stock House Pvt. Ltd,Sundhara Securities Limited,470,488.0,229360.0,2025-07-22 11:18:17.111936
2025-07-22,166684,2025072203004449,SFCL,Bhrikuti Stock Broking Co. Pvt. Ltd.,Sundhara Securities Limited,144,487.3,70171.2,2025-07-22 11:18:17.111982
2025-07-22,166683,2025072203004450,SFCL,Neev Securities Pvt. Ltd.,Sundhara Securities Limited,176,487.2,85747.2,2025-07-22 11:18:17.112038
2025-07-22,166199,2025072203004620,SFCL,Kalika Securities Pvt. Ltd.,Dynamic Money Managers Securities Pvt. Ltd.,500,488.0,244000.0,2025-07-22 11:19:04.354257
2025-07-22,165677,2025072203004785,SFCL,Dipshikha Dhitopatra Karobar Co. Pvt Ltd.,Imperial Securities Company Pvt. Ltd.,10,488.0,4880.0,2025-07-22 11:19:56.857098
2025-07-22,165676,2025072203004786,SFCL,Trishakti Securities Public Limited,Imperial Securities Company Pvt. Ltd.,46,488.0,22448.0,2025-07-22 11:19:56.857240
2025-07-22,165397,2025072203004896,SFCL,Naasa Securities Co. Ltd.,Aryatara Investment & Securities,50,489.0,24450.0,2025-07-22 11:20:27.482732
2025-07-22,165396,2025072203004897,SFCL,Naasa Securities Co. Ltd.,J.F. Securites (PVT) Ltd.,70,489.0,34230.0,2025-07-22 11:20:27.482886
2025-07-22,165395,2025072203004898,SFCL,Naasa Securities Co. Ltd.,Vision Securities Pvt. Ltd,35,489.0,17115.0,2025-07-22 11:20:27.482945
2025-07-22,165360,2025072203004909,SFCL,NIMB Stock Markets Limited,Dipshikha Dhitopatra Karobar Co. Pvt Ltd.,150,488.1,73215.0,2025-07-22 11:20:30.828750
2025-07-22,165359,2025072203004910,SFCL,Trishakti Securities Public Limited,Dipshikha Dhitopatra Karobar Co. Pvt Ltd.,154,488.0,75152.0,2025-07-22 11:20:30.828814
2025-07-22,165358,2025072203004911,SFCL,Sri Hari Securities Pvt. Ltd.,Dipshikha Dhitopatra Karobar Co. Pvt Ltd.,50,488.0,24400.0,2025-07-22 11:20:30.828845
2025-07-22,165357,2025072203004912,SFCL,Himalayan Brokerage Company Limited,Dipshikha Dhitopatra Karobar Co. Pvt Ltd.,100,487.3,48730.0,2025-07-22 11:20:30.828874
2025-07-22,165356,2025072203004913,SFCL,Neev Securities Pvt. Ltd.,Dipshikha Dhitopatra Karobar Co. Pvt Ltd.,46,487.2,22411.2,2025-07-22 11:20:30.828904
2025-07-22,164467,2025072203005227,SFCL,Neev Securities Pvt. Ltd.,Dipshikha Dhitopatra Karobar Co. Pvt Ltd.,200,487.2,97440.0,2025-07-22 11:21:41.440256
2025-07-22,164024,2025072203005361,SFCL,Neev Securities Pvt. Ltd.,Sani Securities Company Ltd.,75,487.2,36540.0,2025-07-22 11:22:21.697560
2025-07-22,163875,2025072203005401,SFCL,Neev Securities Pvt. Ltd.,Naasa Securities Co. Ltd.,3,487.2,1461.6,2025-07-22 11:22:33.212916
2025-07-22,163435,2025072203005545,SFCL,Primo Securities (PVT) Ltd.,Sani Securities Company Ltd.,20,488.0,9760.0,2025-07-22 11:23:10.876153
2025-07-22,163042,2025072203005675,SFCL,Aryatara Investment & Securities,Imperial Securities Company Pvt. Ltd.,10,487.2,4872.0,2025-07-22 11:23:47.047470
2025-07-22,163041,2025072203005676,SFCL,Sani Securities Company Ltd.,Imperial Securities Company Pvt. Ltd.,100,487.2,48720.0,2025-07-22 11:23:47.047595
2025-07-22,163003,2025072203005687,SFCL,Primo Securities (PVT) Ltd.,Imperial Securities Company Pvt. Ltd.,20,487.2,9744.0,2025-07-22 11:23:49.009761
2025-07-22,162750,2025072203005773,SFCL,Investment Management Nepal Pvt. Ltd.,Kohinoor Investment & Securities Pvt. Ltd.,100,487.0,48700.0,2025-07-22 11:24:09.554867
2025-07-22,162749,2025072203005774,SFCL,Neev Securities Pvt. Ltd.,Kohinoor Investment & Securities Pvt. Ltd.,50,487.0,24350.0,2025-07-22 11:24:09.554910
2025-07-22,162748,2025072203005775,SFCL,Primo Securities (PVT) Ltd.,Kohinoor Investment & Securities Pvt. Ltd.,35,486.0,17010.0,2025-07-22 11:24:09.554941
2025-07-22,162747,2025072203005776,SFCL,Kohinoor Investment & Securities Pvt. Ltd.,Kohinoor Investment & Securities Pvt. Ltd.,93,486.0,45198.0,2025-07-22 11:24:09.554966
2025-07-22,162746,2025072203005777,SFCL,Online Securities Pvt. Ltd.,Kohinoor Investment & Securities Pvt. Ltd.,10,485.2,4852.0,2025-07-22 11:24:09.554989
2025-07-22,162745,2025072203005778,SFCL,Aryatara Investment & Securities,Kohinoor Investment & Securities Pvt. Ltd.,10,485.1,4851.0,2025-07-22 11:24:09.555013
2025-07-22,162744,2025072203005779,SFCL,Dipshikha Dhitopatra Karobar Co. Pvt Ltd.,Kohinoor Investment & Securities Pvt. Ltd.,15,485.1,7276.5,2025-07-22 11:24:09.555045
2025-07-22,162743,2025072203005780,SFCL,Vision Securities Pvt. Ltd,Kohinoor Investment & Securities Pvt. Ltd.,20,485.0,9700.0,2025-07-22 11:24:09.555085
2025-07-22,162742,2025072203005781,SFCL,Vision Securities Pvt. Ltd,Kohinoor Investment & Securities Pvt. Ltd.,50,485.0,24250.0,2025-07-22 11:24:09.555111
2025-07-22,162741,2025072203005782,SFCL,Aryatara Investment & Securities,Kohinoor Investment & Securities Pvt. Ltd.,30,485.0,14550.0,2025-07-22 11:24:09.555132
2025-07-22,162740,2025072203005783,SFCL,Siprabi Securities Pvt. Ltd.,Kohinoor Investment & Securities Pvt. Ltd.,15,485.0,7275.0,2025-07-22 11:24:09.555153
2025-07-22,162739,2025072203005784,SFCL,Naasa Securities Co. Ltd.,Kohinoor Investment & Securities Pvt. Ltd.,20,485.0,9700.0,2025-07-22 11:24:09.555175
2025-07-22,162738,2025072203005785,SFCL,Imperial Securities Company Pvt. Ltd.,Kohinoor Investment & Securities Pvt. Ltd.,50,485.0,24250.0,2025-07-22 11:24:09.555199
2025-07-22,162737,2025072203005786,SFCL,Malla & Malla Stock Broking Company Pvt. Limited,Kohinoor Investment & Securities Pvt. Ltd.,50,485.0,24250.0,2025-07-22 11:24:09.555222
2025-07-22,162736,2025072203005787,SFCL,Dakshinkali Investment & Securities Pvt. Ltd.,Kohinoor Investment & Securities Pvt. Ltd.,20,485.0,9700.0,2025-07-22 11:24:09.555246
2025-07-22,162735,2025072203005788,SFCL,Imperial Securities Company Pvt. Ltd.,Kohinoor Investment & Securities Pvt. Ltd.,100,485.0,48500.0,2025-07-22 11:24:09.555269
2025-07-22,162734,2025072203005789,SFCL,Linch Stock Market Ltd.,Kohinoor Investment & Securities Pvt. Ltd.,10,485.0,4850.0,2025-07-22 11:24:09.555291
2025-07-22,162733,2025072203005790,SFCL,Dakshinkali Investment & Securities Pvt. Ltd.,Kohinoor Investment & Securities Pvt. Ltd.,10,484.0,4840.0,2025-07-22 11:24:09.555316
2025-07-22,162732,2025072203005791,SFCL,Himalayan Brokerage Company Limited,Kohinoor Investment & Securities Pvt. Ltd.,100,484.0,48400.0,2025-07-22 11:24:09.555336
2025-07-22,162731,2025072203005792,SFCL,Vision Securities Pvt. Ltd,Kohinoor Investment & Securities Pvt. Ltd.,90,483.5,43515.0,2025-07-22 11:24:09.555360
2025-07-22,162730,2025072203005793,SFCL,Sani Securities Company Ltd.,Kohinoor Investment & Securities Pvt. Ltd.,50,483.3,24165.0,2025-07-22 11:24:09.555384
2025-07-22,162729,2025072203005794,SFCL,ABC Securities Private Limited,Kohinoor Investment & Securities Pvt. Ltd.,10,483.3,4833.0,2025-07-22 11:24:09.555408
2025-07-22,162728,2025072203005795,SFCL,Premier Securities Company Ltd.,Kohinoor Investment & Securities Pvt. Ltd.,21,483.1,10145.1,2025-07-22 11:24:09.555432
2025-07-22,162727,2025072203005796,SFCL,Vision Securities Pvt. Ltd,Kohinoor Investment & Securities Pvt. Ltd.,41,483.1,19807.1,2025-07-22 11:24:09.555458
2025-07-22,162534,2025072203005857,SFCL,Sewa Securities Pvt. Ltd.,Imperial Securities Company Pvt. Ltd.,50,483.1,24155.0,2025-07-22 11:24:28.036216
2025-07-22,162533,2025072203005858,SFCL,Online Securities Pvt. Ltd.,Imperial Securities Company Pvt. Ltd.,70,483.1,33817.0,2025-07-22 11:24:28.036335
2025-07-22,162459,2025072203005887,SFCL,Malla & Malla Stock Broking Company Pvt. Limited,Sani Securities Company Ltd.,50,483.0,24150.0,2025-07-22 11:24:37.647806
2025-07-22,162458,2025072203005888,SFCL,Kumari Securities Private Limited,Sani Securities Company Ltd.,100,483.0,48300.0,2025-07-22 11:24:37.647941
2025-07-22,162377,2025072203005907,SFCL,Primo Securities (PVT) Ltd.,Sani Securities Company Ltd.,20,483.0,9660.0,2025-07-22 11:24:43.157348
2025-07-22,162316,2025072203005926,SFCL,Arun Securities (PVT) Ltd.,Imperial Securities Company Pvt. Ltd.,50,482.5,24125.0,2025-07-22 11:24:50.439107
2025-07-22,162241,2025072203005959,SFCL,Arun Securities (PVT) Ltd.,Naasa Securities Co. Ltd.,285,482.5,137512.5,2025-07-22 11:24:58.196468
2025-07-22,162061,2025072203006007,SFCL,Arun Securities (PVT) Ltd.,Malla & Malla Stock Broking Company Pvt. Limited,165,482.5,79612.5,2025-07-22 11:25:12.760894
2025-07-22,162060,2025072203006008,SFCL,Online Securities Pvt. Ltd.,Malla & Malla Stock Broking Company Pvt. Limited,10,482.3,4823.0,2025-07-22 11:25:12.761058
2025-07-22,162059,2025072203006009,SFCL,Naasa Securities Co. Ltd.,Malla & Malla Stock Broking Company Pvt. Limited,51,482.0,24582.0,2025-07-22 11:25:12.761115
2025-07-22,162058,2025072203006010,SFCL,Nepal Stock House (PVT) Ltd.,Malla & Malla Stock Broking Company Pvt. Limited,100,482.0,48200.0,2025-07-22 11:25:12.761188
2025-07-22,162057,2025072203006011,SFCL,Aryatara Investment & Securities,Malla & Malla Stock Broking Company Pvt. Limited,400,481.0,192400.0,2025-07-22 11:25:12.761239
2025-07-22,162056,2025072203006012,SFCL,Naasa Securities Co. Ltd.,Malla & Malla Stock Broking Company Pvt. Limited,80,481.0,38480.0,2025-07-22 11:25:12.761285
2025-07-22,162055,2025072203006013,SFCL,Investment Management Nepal Pvt. Ltd.,Malla & Malla Stock Broking Company Pvt. Limited,300,481.0,144300.0,2025-07-22 11:25:12.761331
2025-07-22,162054,2025072203006014,SFCL,J.F. Securites (PVT) Ltd.,Malla & Malla Stock Broking Company Pvt. Limited,100,480.3,48030.0,2025-07-22 11:25:12.761378
2025-07-22,162053,2025072203006015,SFCL,Sani Securities Company Ltd.,Malla & Malla Stock Broking Company Pvt. Limited,744,480.2,357268.8,2025-07-22 11:25:12.761421
2025-07-22,161783,2025072203006125,SFCL,Dynamic Money Managers Securities Pvt. Ltd.,Naasa Securities Co. Ltd.,25,482.5,12062.5,2025-07-22 11:25:44.522710
2025-07-22,161730,2025072203006150,SFCL,Dynamic Money Managers Securities Pvt. Ltd.,Dakshinkali Investment & Securities Pvt. Ltd.,80,482.5,38600.0,2025-07-22 11:25:48.080719
2025-07-22,161706,2025072203006160,SFCL,Naasa Securities Co. Ltd.,Kalika Securities Pvt. Ltd.,100,482.0,48200.0,2025-07-22 11:25:49.721412
2025-07-22,161684,2025072203006176,SFCL,Naasa Securities Co. Ltd.,Online Securities Pvt. Ltd.,25,482.0,12050.0,2025-07-22 11:25:51.706212
2025-07-22,161683,2025072203006177,SFCL,Sani Securities Company Ltd.,Online Securities Pvt. Ltd.,33,482.0,15906.0,2025-07-22 11:25:51.706338
2025-07-22,161650,2025072203006188,SFCL,Sani Securities Company Ltd.,Online Securities Pvt. Ltd.,42,482.0,20244.0,2025-07-22 11:25:53.065906
2025-07-22,161649,2025072203006189,SFCL,Sani Securities Company Ltd.,Dakshinkali Investment & Securities Pvt. Ltd.,63,482.5,30397.5,2025-07-22 11:25:53.066012
2025-07-22,161604,2025072203006211,SFCL,Naasa Securities Co. Ltd.,Dynamic Money Managers Securities Pvt. Ltd.,100,480.3,48030.0,2025-07-22 11:26:00.000612
2025-07-22,161603,2025072203006212,SFCL,Sani Securities Company Ltd.,Dynamic Money Managers Securities Pvt. Ltd.,50,480.2,24010.0,2025-07-22 11:26:00.000774
2025-07-22,161340,2025072203006339,SFCL,Sani Securities Company Ltd.,Dakshinkali Investment & Securities Pvt. Ltd.,57,480.2,27371.4,2025-07-22 11:26:20.481260
2025-07-22,161270,2025072203006381,SFCL,Sumeru Securities Pvt. Ltd.,Dynamic Money Managers Securities Pvt. Ltd.,100,480.3,48030.0,2025-07-22 11:26:26.638839
2025-07-22,161152,2025072203006412,SFCL,Sumeru Securities Pvt. Ltd.,Dynamic Money Managers Securities Pvt. Ltd.,50,480.3,24015.0,2025-07-22 11:26:40.837461
2025-07-22,161124,2025072203006421,SFCL,Online Securities Pvt. Ltd.,Sani Securities Company Ltd.,200,481.0,96200.0,2025-07-22 11:26:42.562378
2025-07-22,161010,2025072203006452,SFCL,Shree Krishna Securities Ltd.,Sani Securities Company Ltd.,55,481.0,26455.0,2025-07-22 11:26:53.998785
2025-07-22,160720,2025072203006556,SFCL,Sumeru Securities Pvt. Ltd.,Imperial Securities Company Pvt. Ltd.,50,485.0,24250.0,2025-07-22 11:27:24.227738
2025-07-22,160579,2025072203006589,SFCL,Sumeru Securities Pvt. Ltd.,Imperial Securities Company Pvt. Ltd.,10,485.0,4850.0,2025-07-22 11:27:37.973344
2025-07-22,160442,2025072203006645,SFCL,Aryatara Investment & Securities,Investment Management Nepal Pvt. Ltd.,10,482.1,4821.0,2025-07-22 11:27:53.186922
2025-07-22,160441,2025072203006646,SFCL,Shree Krishna Securities Ltd.,Investment Management Nepal Pvt. Ltd.,90,482.0,43380.0,2025-07-22 11:27:53.187074
2025-07-22,160378,2025072203006658,SFCL,Shree Krishna Securities Ltd.,Sundhara Securities Limited,355,482.0,171110.0,2025-07-22 11:28:01.825452
2025-07-22,160314,2025072203006692,SFCL,Neev Securities Pvt. Ltd.,Sundhara Securities Limited,25,482.0,12050.0,2025-07-22 11:28:07.223376
2025-07-22,160207,2025072203006718,SFCL,Aryatara Investment & Securities,Sundhara Securities Limited,65,482.0,31330.0,2025-07-22 11:28:19.881451
2025-07-22,160199,2025072203006722,SFCL,Aryatara Investment & Securities,SUN SECURITIES PVT LTD,35,482.0,16870.0,2025-07-22 11:28:20.757250
2025-07-22,160171,2025072203006730,SFCL,Nepal Investment And Securities Trading Private Limited,SUN SECURITIES PVT LTD,20,482.0,9640.0,2025-07-22 11:28:24.968048
2025-07-22,160127,2025072203006742,SFCL,Dipshikha Dhitopatra Karobar Co. Pvt Ltd.,Asian Securities Private Ltd.,100,481.5,48150.0,2025-07-22 11:28:30.294453
2025-07-22,160126,2025072203006743,SFCL,J.F. Securites (PVT) Ltd.,Asian Securities Private Ltd.,150,481.2,72180.0,2025-07-22 11:28:30.294720
2025-07-22,160009,2025072203006764,SFCL,ABC Securities Private Limited,SUN SECURITIES PVT LTD,15,482.0,7230.0,2025-07-22 11:28:37.915756
2025-07-22,159867,2025072203006813,SFCL,Primo Securities (PVT) Ltd.,SUN SECURITIES PVT LTD,30,482.0,14460.0,2025-07-22 11:28:55.902764
2025-07-22,159495,2025072203006905,SFCL,Neev Securities Pvt. Ltd.,Secured Securities Ltd.,60,482.1,28926.0,2025-07-22 11:29:34.132824
2025-07-22,159134,2025072203007073,SFCL,Premier Securities Company Ltd.,Sundhara Securities Limited,50,485.0,24250.0,2025-07-22 11:30:05.711698
2025-07-22,158907,2025072203007143,SFCL,Himalayan Brokerage Company Limited,Sundhara Securities Limited,50,485.0,24250.0,2025-07-22 11:30:22.000886
2025-07-22,158644,2025072203007238,SFCL,Nepal Investment And Securities Trading Private Limited,Sundhara Securities Limited,25,483.0,12075.0,2025-07-22 11:30:46.396819
2025-07-22,158546,2025072203007266,SFCL,Dipshikha Dhitopatra Karobar Co. Pvt Ltd.,Premier Securities Company Ltd.,50,485.0,24250.0,2025-07-22 11:30:55.694086
2025-07-22,156504,2025072203007995,SFCL,Nabil Stock Dealer Ltd.,Premier Securities Company Ltd.,50,484.0,24200.0,2025-07-22 11:33:55.164738
2025-07-22,156106,2025072203008164,SFCL,Dynamic Money Managers Securities Pvt. Ltd.,Nepal Stock House (PVT) Ltd.,20,485.0,9700.0,2025-07-22 11:34:29.284246
2025-07-22,156105,2025072203008165,SFCL,Dynamic Money Managers Securities Pvt. Ltd.,J.F. Securites (PVT) Ltd.,180,485.0,87300.0,2025-07-22 11:34:29.284537
2025-07-22,156042,2025072203008190,SFCL,Dipshikha Dhitopatra Karobar Co. Pvt Ltd.,Imperial Securities Company Pvt. Ltd.,100,484.0,48400.0,2025-07-22 11:34:34.828506
2025-07-22,156041,2025072203008191,SFCL,Kohinoor Investment & Securities Pvt. Ltd.,Imperial Securities Company Pvt. Ltd.,45,484.0,21780.0,2025-07-22 11:34:34.828656
2025-07-22,156040,2025072203008192,SFCL,Kohinoor Investment & Securities Pvt. Ltd.,Imperial Securities Company Pvt. Ltd.,50,483.1,24155.0,2025-07-22 11:34:34.828738
2025-07-22,156039,2025072203008193,SFCL,Nepal Investment And Securities Trading Private Limited,Imperial Securities Company Pvt. Ltd.,19,483.0,9177.0,2025-07-22 11:34:34.828838
2025-07-22,155804,2025072203008278,SFCL,Dynamic Money Managers Securities Pvt. Ltd.,J.F. Securites (PVT) Ltd.,28,485.0,13580.0,2025-07-22 11:34:56.606333
2025-07-22,155803,2025072203008279,SFCL,Dynamic Money Managers Securities Pvt. Ltd.,Thrive Brokerage House Pvt. Ltd,572,486.0,277992.0,2025-07-22 11:34:56.606501
2025-07-22,154543,2025072203008737,SFCL,Kohinoor Investment & Securities Pvt. Ltd.,Secured Securities Ltd.,19,485.0,9215.0,2025-07-22 11:36:40.011743
2025-07-22,154279,2025072203008866,SFCL,Kohinoor Investment & Securities Pvt. Ltd.,Dynamic Money Managers Securities Pvt. Ltd.,31,485.0,15035.0,2025-07-22 11:37:01.765075
2025-07-22,153939,2025072203009005,SFCL,Kohinoor Investment & Securities Pvt. Ltd.,Trisul Securities & Invt. Ltd.,10,484.0,4840.0,2025-07-22 11:37:24.486524
2025-07-22,152652,2025072203009537,SFCL,NIMB Stock Markets Limited,Dynamic Money Managers Securities Pvt. Ltd.,50,485.0,24250.0,2025-07-22 11:39:05.113630
2025-07-22,152148,2025072203009721,SFCL,Dynamic Money Managers Securities Pvt. Ltd.,Dynamic Money Managers Securities Pvt. Ltd.,34,485.0,16490.0,2025-07-22 11:39:52.133071
2025-07-22,152147,2025072203009722,SFCL,Dynamic Money Managers Securities Pvt. Ltd.,Vision Securities Pvt. Ltd,30,485.0,14550.0,2025-07-22 11:39:52.133400
2025-07-22,152146,2025072203009723,SFCL,Dynamic Money Managers Securities Pvt. Ltd.,Naasa Securities Co. Ltd.,136,485.0,65960.0,2025-07-22 11:39:52.133607
2025-07-22,151963,2025072203009792,SFCL,Vision Securities Pvt. Ltd,Naasa Securities Co. Ltd.,64,485.0,31040.0,2025-07-22 11:40:13.365005
2025-07-22,151876,2025072203009843,SFCL,Vision Securities Pvt. Ltd,Naasa Securities Co. Ltd.,10,485.0,4850.0,2025-07-22 11:40:19.873276
2025-07-22,151250,2025072203010037,SFCL,Capital Max Securities Ltd,Thrive Brokerage House Pvt. Ltd,28,486.0,13608.0,2025-07-22 11:41:09.931312
2025-07-22,151249,2025072203010038,SFCL,Capital Max Securities Ltd,Naasa Securities Co. Ltd.,172,486.0,83592.0,2025-07-22 11:41:09.931501
2025-07-22,151062,2025072203010106,SFCL,Vision Securities Pvt. Ltd,Naasa Securities Co. Ltd.,128,486.0,62208.0,2025-07-22 11:41:26.751401
2025-07-22,150929,2025072203010145,SFCL,Vision Securities Pvt. Ltd,Naasa Securities Co. Ltd.,13,486.0,6318.0,2025-07-22 11:41:40.249294
2025-07-22,149713,2025072203010522,SFCL,Aryatara Investment & Securities,Naasa Securities Co. Ltd.,100,487.0,48700.0,2025-07-22 11:43:03.658100
2025-07-22,149538,2025072203010571,SFCL,Aryatara Investment & Securities,Naasa Securities Co. Ltd.,100,487.0,48700.0,2025-07-22 11:43:11.794162
2025-07-22,149457,2025072203010602,SFCL,Dipshikha Dhitopatra Karobar Co. Pvt Ltd.,Naasa Securities Co. Ltd.,20,486.5,9730.0,2025-07-22 11:43:15.198084
2025-07-22,149456,2025072203010603,SFCL,Vision Securities Pvt. Ltd,Naasa Securities Co. Ltd.,159,486.0,77274.0,2025-07-22 11:43:15.198343
2025-07-22,149455,2025072203010604,SFCL,Kohinoor Investment & Securities Pvt. Ltd.,Naasa Securities Co. Ltd.,321,486.0,156006.0,2025-07-22 11:43:15.198426
2025-07-22,148606,2025072203010930,SFCL,Kohinoor Investment & Securities Pvt. Ltd.,Naasa Securities Co. Ltd.,39,486.0,18954.0,2025-07-22 11:44:14.532803
2025-07-22,148605,2025072203010931,SFCL,Imperial Securities Company Pvt. Ltd.,Naasa Securities Co. Ltd.,161,486.0,78246.0,2025-07-22 11:44:14.533385
2025-07-22,147672,2025072203011295,SFCL,Aryatara Investment & Securities,Malla & Malla Stock Broking Company Pvt. Limited,100,486.0,48600.0,2025-07-22 11:45:19.997832
2025-07-22,147671,2025072203011296,SFCL,Siprabi Securities Pvt. Ltd.,Malla & Malla Stock Broking Company Pvt. Limited,100,486.0,48600.0,2025-07-22 11:45:19.998007
2025-07-22,147670,2025072203011297,SFCL,Opal Securities Investment (PVT) Ltd.,Malla & Malla Stock Broking Company Pvt. Limited,100,485.1,48510.0,2025-07-22 11:45:19.998103
2025-07-22,147669,2025072203011298,SFCL,Vision Securities Pvt. Ltd,Malla & Malla Stock Broking Company Pvt. Limited,26,485.0,12610.0,2025-07-22 11:45:19.998182
2025-07-22,147668,2025072203011299,SFCL,Secured Securities Ltd.,Malla & Malla Stock Broking Company Pvt. Limited,83,485.0,40255.0,2025-07-22 11:45:19.998260
2025-07-22,147667,2025072203011300,SFCL,Online Securities Pvt. Ltd.,Malla & Malla Stock Broking Company Pvt. Limited,33,485.0,16005.0,2025-07-22 11:45:19.998351
2025-07-22,147666,2025072203011301,SFCL,Dynamic Money Managers Securities Pvt. Ltd.,Malla & Malla Stock Broking Company Pvt. Limited,30,485.0,14550.0,2025-07-22 11:45:19.998474
2025-07-22,147665,2025072203011302,SFCL,Capital Max Securities Ltd,Malla & Malla Stock Broking Company Pvt. Limited,100,485.0,48500.0,2025-07-22 11:45:19.998551
2025-07-22,147664,2025072203011303,SFCL,SHUBHAKAMANA SECURITIES PVT. LTD,Malla & Malla Stock Broking Company Pvt. Limited,30,484.2,14526.0,2025-07-22 11:45:19.998629
2025-07-22,147663,2025072203011304,SFCL,Imperial Securities Company Pvt. Ltd.,Malla & Malla Stock Broking Company Pvt. Limited,222,484.1,107470.2,2025-07-22 11:45:19.998708
2025-07-22,147662,2025072203011305,SFCL,Kohinoor Investment & Securities Pvt. Ltd.,Malla & Malla Stock Broking Company Pvt. Limited,15,484.0,7260.0,2025-07-22 11:45:19.998797
2025-07-22,147661,2025072203011306,SFCL,Dipshikha Dhitopatra Karobar Co. Pvt Ltd.,Malla & Malla Stock Broking Company Pvt. Limited,200,484.0,96800.0,2025-07-22 11:45:19.998887
2025-07-22,147660,2025072203011307,SFCL,Online Securities Pvt. Ltd.,Malla & Malla Stock Broking Company Pvt. Limited,72,484.0,34848.0,2025-07-22 11:45:19.998964
2025-07-22,147659,2025072203011308,SFCL,Indira securities pvt. ltd,Malla & Malla Stock Broking Company Pvt. Limited,300,484.0,145200.0,2025-07-22 11:45:19.999050
2025-07-22,147569,2025072203011364,SFCL,Naasa Securities Co. Ltd.,Malla & Malla Stock Broking Company Pvt. Limited,100,484.0,48400.0,2025-07-22 11:45:24.990816
2025-07-22,147307,2025072203011452,SFCL,Vision Securities Pvt. Ltd,Malla & Malla Stock Broking Company Pvt. Limited,989,484.0,478676.0,2025-07-22 11:45:41.732325
2025-07-22,147039,2025072203011520,SFCL,Vision Securities Pvt. Ltd,Indira securities pvt. ltd,95,484.0,45980.0,2025-07-22 11:45:58.754201
2025-07-22,146951,2025072203011547,SFCL,Imperial Securities Company Pvt. Ltd.,Indira securities pvt. ltd,1300,484.0,629200.0,2025-07-22 11:46:03.201766
2025-07-22,146473,2025072203011695,SFCL,Vision Securities Pvt. Ltd,Indira securities pvt. ltd,535,484.0,258940.0,2025-07-22 11:46:32.422243
2025-07-22,144742,2025072203012312,SFCL,Sajilo Broker Limited,Sundhara Securities Limited,41,484.5,19864.5,2025-07-22 11:48:24.928071
2025-07-22,144741,2025072203012313,SFCL,Nagarik Stock Dealer ,Sundhara Securities Limited,259,484.0,125356.0,2025-07-22 11:48:24.928502
2025-07-22,144161,2025072203012516,SFCL,J.F. Securites (PVT) Ltd.,Capital Max Securities Ltd,1,475.0,475.0,2025-07-22 11:48:58.127214
2025-07-22,143823,2025072203012654,SFCL,Nagarik Stock Dealer ,Linch Stock Market Ltd.,58,484.0,28072.0,2025-07-22 11:49:21.313851
2025-07-22,143822,2025072203012655,SFCL,Cristal Kanchanjanga Securites Pvt. Ltd.,Linch Stock Market Ltd.,162,484.0,78408.0,2025-07-22 11:49:21.314076
2025-07-22,143749,2025072203012686,SFCL,Sumeru Securities Pvt. Ltd.,Naasa Securities Co. Ltd.,11,486.0,5346.0,2025-07-22 11:49:28.880668
2025-07-22,142972,2025072203012897,SFCL,ABC Securities Private Limited,Naasa Securities Co. Ltd.,50,485.0,24250.0,2025-07-22 11:50:19.392690
2025-07-22,142584,2025072203012990,SFCL,ABC Securities Private Limited,Midas Stock Broking Company Private Limited,39,485.0,18915.0,2025-07-22 11:50:41.906945
2025-07-22,142566,2025072203012997,SFCL,ABC Securities Private Limited,Kalika Securities Pvt. Ltd.,102,485.0,49470.0,2025-07-22 11:50:44.615537
2025-07-22,141954,2025072203013138,SFCL,Dynamic Money Managers Securities Pvt. Ltd.,Vision Securities Pvt. Ltd,100,485.9,48590.0,2025-07-22 11:51:31.082492
2025-07-22,141259,2025072203013322,SFCL,Online Securities Pvt. Ltd.,Vision Securities Pvt. Ltd,50,485.9,24295.0,2025-07-22 11:52:21.828063
2025-07-22,140427,2025072203013525,SFCL,Deevyaa Securities & Stock House Pvt. Ltd,Naasa Securities Co. Ltd.,100,485.1,48510.0,2025-07-22 11:53:29.971339
2025-07-22,140426,2025072203013526,SFCL,ABC Securities Private Limited,Naasa Securities Co. Ltd.,209,485.0,101365.0,2025-07-22 11:53:29.971563
2025-07-22,140425,2025072203013527,SFCL,Sumeru Securities Pvt. Ltd.,Naasa Securities Co. Ltd.,30,485.0,14550.0,2025-07-22 11:53:29.971680
2025-07-22,140424,2025072203013528,SFCL,Capital Max Securities Ltd,Naasa Securities Co. Ltd.,11,485.0,5335.0,2025-07-22 11:53:29.971775
2025-07-22,140025,2025072203013666,SFCL,Vision Securities Pvt. Ltd,Naasa Securities Co. Ltd.,100,486.0,48600.0,2025-07-22 11:54:02.363019
2025-07-22,139754,2025072203013753,SFCL,Capital Max Securities Ltd,KALASH STOCK MARKET PVT. LTD.,89,485.0,43165.0,2025-07-22 11:54:19.441061
2025-07-22,139753,2025072203013754,SFCL,Primo Securities (PVT) Ltd.,KALASH STOCK MARKET PVT. LTD.,100,485.0,48500.0,2025-07-22 11:54:19.441282
2025-07-22,139752,2025072203013755,SFCL,Dynamic Money Managers Securities Pvt. Ltd.,KALASH STOCK MARKET PVT. LTD.,111,485.0,53835.0,2025-07-22 11:54:19.441377
2025-07-22,139278,2025072203013887,SFCL,Dynamic Money Managers Securities Pvt. Ltd.,Naasa Securities Co. Ltd.,89,486.0,43254.0,2025-07-22 11:54:47.265194
2025-07-22,139277,2025072203013888,SFCL,Dynamic Money Managers Securities Pvt. Ltd.,J.F. Securites (PVT) Ltd.,411,486.9,200115.9,2025-07-22 11:54:47.265383
2025-07-22,139076,2025072203013955,SFCL,Siprabi Securities Pvt. Ltd.,J.F. Securites (PVT) Ltd.,50,486.9,24345.0,2025-07-22 11:55:01.545998
2025-07-22,138637,2025072203014039,SFCL,Nepal Stock House (PVT) Ltd.,J.F. Securites (PVT) Ltd.,39,486.9,18989.1,2025-07-22 11:55:26.460828
2025-07-22,138636,2025072203014040,SFCL,Nepal Stock House (PVT) Ltd.,Roadshow securities limited,20,487.0,9740.0,2025-07-22 11:55:26.461041
2025-07-22,138635,2025072203014041,SFCL,Nepal Stock House (PVT) Ltd.,Arun Securities (PVT) Ltd.,500,488.0,244000.0,2025-07-22 11:55:26.461141
2025-07-22,138064,2025072203014260,SFCL,Arun Securities (PVT) Ltd.,Naasa Securities Co. Ltd.,10,489.8,4898.0,2025-07-22 11:56:06.327391
2025-07-22,138020,2025072203014274,SFCL,Nepal Stock House (PVT) Ltd.,Agrawal Securities (PVT) Ltd.,441,489.0,215649.0,2025-07-22 11:56:09.287287
2025-07-22,138019,2025072203014275,SFCL,Sewa Securities Pvt. Ltd.,Agrawal Securities (PVT) Ltd.,12,489.0,5868.0,2025-07-22 11:56:09.414640
2025-07-22,137911,2025072203014308,SFCL,Online Securities Pvt. Ltd.,Agrawal Securities (PVT) Ltd.,30,489.0,14670.0,2025-07-22 11:56:18.356124
2025-07-22,137411,2025072203014468,SFCL,Kumari Securities Private Limited,Agrawal Securities (PVT) Ltd.,17,486.0,8262.0,2025-07-22 11:56:52.246808
2025-07-22,136958,2025072203014614,SFCL,Sri Hari Securities Pvt. Ltd.,Naasa Securities Co. Ltd.,10,489.5,4895.0,2025-07-22 11:57:24.861184
2025-07-22,136957,2025072203014615,SFCL,Sani Securities Company Ltd.,Naasa Securities Co. Ltd.,40,489.0,19560.0,2025-07-22 11:57:24.861611
2025-07-22,136924,2025072203014629,SFCL,Sani Securities Company Ltd.,ABC Securities Private Limited,460,489.0,224940.0,2025-07-22 11:57:28.407322
2025-07-22,136710,2025072203014658,SFCL,Sani Securities Company Ltd.,ABC Securities Private Limited,10,489.0,4890.0,2025-07-22 11:57:49.147207
2025-07-22,136585,2025072203014683,SFCL,ABC Securities Private Limited,ABC Securities Private Limited,271,489.0,132519.0,2025-07-22 11:57:58.629039
2025-07-22,136584,2025072203014684,SFCL,ABC Securities Private Limited,Primo Securities (PVT) Ltd.,50,489.0,24450.0,2025-07-22 11:57:58.629073
2025-07-22,136583,2025072203014685,SFCL,ABC Securities Private Limited,Naasa Securities Co. Ltd.,179,489.8,87674.2,2025-07-22 11:57:58.629094
2025-07-22,135884,2025072203014887,SFCL,Sundhara Securities Limited,Sani Securities Company Ltd.,100,487.0,48700.0,2025-07-22 11:58:46.487532
2025-07-22,135116,2025072203015080,SFCL,SHUBHAKAMANA SECURITIES PVT. LTD,Primo Securities (PVT) Ltd.,100,489.0,48900.0,2025-07-22 11:59:47.396974
2025-07-22,134721,2025072203015202,SFCL,Opal Securities Investment (PVT) Ltd.,Aryatara Investment & Securities,1000,488.0,488000.0,2025-07-22 12:00:15.668536
2025-07-22,134638,2025072203015243,SFCL,Vision Securities Pvt. Ltd,Naasa Securities Co. Ltd.,100,489.8,48980.0,2025-07-22 12:00:21.573703
2025-07-22,134062,2025072203015381,SFCL,Vision Securities Pvt. Ltd,Naasa Securities Co. Ltd.,11,489.8,5387.8,2025-07-22 12:01:16.045571
2025-07-22,134018,2025072203015385,SFCL,Vision Securities Pvt. Ltd,Dakshinkali Investment & Securities Pvt. Ltd.,89,489.9,43601.1,2025-07-22 12:01:18.575840
2025-07-22,133912,2025072203015417,SFCL,Vision Securities Pvt. Ltd,Dakshinkali Investment & Securities Pvt. Ltd.,11,489.8,5387.8,2025-07-22 12:01:28.193078
2025-07-22,133911,2025072203015418,SFCL,Vision Securities Pvt. Ltd,Oxford Securities Pvt. Ltd.,90,490.0,44100.0,2025-07-22 12:01:28.193282
2025-07-22,133910,2025072203015419,SFCL,Vision Securities Pvt. Ltd,Naasa Securities Co. Ltd.,40,490.0,19600.0,2025-07-22 12:01:28.193387
2025-07-22,133909,2025072203015420,SFCL,Vision Securities Pvt. Ltd,Thrive Brokerage House Pvt. Ltd,550,490.0,269500.0,2025-07-22 12:01:28.193495
2025-07-22,133908,2025072203015421,SFCL,Vision Securities Pvt. Ltd,Online Securities Pvt. Ltd.,746,490.0,365540.0,2025-07-22 12:01:28.193589
2025-07-22,133907,2025072203015422,SFCL,Vision Securities Pvt. Ltd,Dipshikha Dhitopatra Karobar Co. Pvt Ltd.,1000,490.0,490000.0,2025-07-22 12:01:28.193689
2025-07-22,133906,2025072203015423,SFCL,Vision Securities Pvt. Ltd,Premier Securities Company Ltd.,500,490.0,245000.0,2025-07-22 12:01:28.193810
2025-07-22,133905,2025072203015424,SFCL,Vision Securities Pvt. Ltd,KALASH STOCK MARKET PVT. LTD.,100,490.0,49000.0,2025-07-22 12:01:28.193905
2025-07-22,133904,2025072203015425,SFCL,Vision Securities Pvt. Ltd,Naasa Securities Co. Ltd.,17,490.0,8330.0,2025-07-22 12:01:28.194013
2025-07-22,133903,2025072203015426,SFCL,Vision Securities Pvt. Ltd,Shree Krishna Securities Ltd.,1146,490.0,561540.0,2025-07-22 12:01:28.194110
2025-07-22,133738,2025072203015451,SFCL,Malla & Malla Stock Broking Company Pvt. Limited,Shree Krishna Securities Ltd.,54,490.0,26460.0,2025-07-22 12:01:39.304678
2025-07-22,133737,2025072203015452,SFCL,Malla & Malla Stock Broking Company Pvt. Limited,Vision Securities Pvt. Ltd,46,491.0,22586.0,2025-07-22 12:01:39.305278
2025-07-22,133648,2025072203015485,SFCL,ABC Securities Private Limited,Vision Securities Pvt. Ltd,54,491.0,26514.0,2025-07-22 12:01:47.100199
2025-07-22,133647,2025072203015486,SFCL,ABC Securities Private Limited,Sewa Securities Pvt. Ltd.,100,491.0,49100.0,2025-07-22 12:01:47.100237
2025-07-22,133646,2025072203015487,SFCL,ABC Securities Private Limited,Thrive Brokerage House Pvt. Ltd,100,492.0,49200.0,2025-07-22 12:01:47.100266
2025-07-22,133645,2025072203015488,SFCL,ABC Securities Private Limited,Midas Stock Broking Company Private Limited,50,492.0,24600.0,2025-07-22 12:01:47.100286
2025-07-22,133644,2025072203015489,SFCL,ABC Securities Private Limited,Sundhara Securities Limited,50,493.6,24680.0,2025-07-22 12:01:47.100326
2025-07-22,133643,2025072203015490,SFCL,ABC Securities Private Limited,Imperial Securities Company Pvt. Ltd.,146,493.6,72065.6,2025-07-22 12:01:47.100349
2025-07-22,133335,2025072203015565,SFCL,Vision Securities Pvt. Ltd,Imperial Securities Company Pvt. Ltd.,54,493.6,26654.4,2025-07-22 12:02:14.669832
2025-07-22,133334,2025072203015566,SFCL,Vision Securities Pvt. Ltd,Vision Securities Pvt. Ltd,10,494.0,4940.0,2025-07-22 12:02:14.670107
2025-07-22,133286,2025072203015572,SFCL,Sri Hari Securities Pvt. Ltd.,Vision Securities Pvt. Ltd,40,494.0,19760.0,2025-07-22 12:02:18.010527
2025-07-22,133285,2025072203015573,SFCL,Sri Hari Securities Pvt. Ltd.,Sweta Securities Private Limited,56,494.0,27664.0,2025-07-22 12:02:18.010790
2025-07-22,133284,2025072203015574,SFCL,Sri Hari Securities Pvt. Ltd.,Sagarmatha Securities Private Limited,904,494.0,446576.0,2025-07-22 12:02:18.010905
2025-07-22,133257,2025072203015588,SFCL,Thrive Brokerage House Pvt. Ltd,Sagarmatha Securities Private Limited,96,494.0,47424.0,2025-07-22 12:02:21.021269
2025-07-22,133256,2025072203015589,SFCL,Thrive Brokerage House Pvt. Ltd,Kumari Securities Private Limited,51,494.0,25194.0,2025-07-22 12:02:21.021658
2025-07-22,132994,2025072203015670,SFCL,Vision Securities Pvt. Ltd,Kohinoor Investment & Securities Pvt. Ltd.,10,494.7,4947.0,2025-07-22 12:02:42.939818
2025-07-22,132993,2025072203015671,SFCL,Vision Securities Pvt. Ltd,Dynamic Money Managers Securities Pvt. Ltd.,10,495.0,4950.0,2025-07-22 12:02:42.940035
2025-07-22,132797,2025072203015741,SFCL,Cristal Kanchanjanga Securites Pvt. Ltd.,Dynamic Money Managers Securities Pvt. Ltd.,100,495.0,49500.0,2025-07-22 12:02:58.503280
2025-07-22,132757,2025072203015752,SFCL,Imperial Securities Company Pvt. Ltd.,Dynamic Money Managers Securities Pvt. Ltd.,90,495.0,44550.0,2025-07-22 12:03:02.786227
2025-07-22,132756,2025072203015753,SFCL,Imperial Securities Company Pvt. Ltd.,pahiinvestment,110,495.0,54450.0,2025-07-22 12:03:02.786634
2025-07-22,131804,2025072203016089,SFCL,Vision Securities Pvt. Ltd,Nepal Stock House (PVT) Ltd.,80,493.0,39440.0,2025-07-22 12:04:04.347507
2025-07-22,131803,2025072203016090,SFCL,Kohinoor Investment & Securities Pvt. Ltd.,Nepal Stock House (PVT) Ltd.,25,492.0,12300.0,2025-07-22 12:04:04.347738
2025-07-22,131802,2025072203016091,SFCL,Linch Stock Market Ltd.,Nepal Stock House (PVT) Ltd.,100,492.0,49200.0,2025-07-22 12:04:04.347829
2025-07-22,131801,2025072203016092,SFCL,Secured Securities Ltd.,Nepal Stock House (PVT) Ltd.,295,490.0,144550.0,2025-07-22 12:04:04.347916
2025-07-22,131424,2025072203016196,SFCL,Sani Securities Company Ltd.,South Asian Bulls Pvt. Ltd.,80,493.0,39440.0,2025-07-22 12:04:25.046638
2025-07-22,131423,2025072203016197,SFCL,Sani Securities Company Ltd.,South Asian Bulls Pvt. Ltd.,50,494.8,24740.0,2025-07-22 12:04:25.046868
2025-07-22,131422,2025072203016198,SFCL,Sani Securities Company Ltd.,J.F. Securites (PVT) Ltd.,200,494.9,98980.0,2025-07-22 12:04:25.046957
2025-07-22,131421,2025072203016199,SFCL,Sani Securities Company Ltd.,pahiinvestment,160,495.0,79200.0,2025-07-22 12:04:25.047082
2025-07-22,129689,2025072203016705,SFCL,Vision Securities Pvt. Ltd,Nepal Stock House (PVT) Ltd.,100,493.0,49300.0,2025-07-22 12:06:21.416060
2025-07-22,129682,2025072203016707,SFCL,Online Securities Pvt. Ltd.,South Asian Bulls Pvt. Ltd.,50,493.0,24650.0,2025-07-22 12:06:21.866364
2025-07-22,129638,2025072203016721,SFCL,Sundhara Securities Limited,South Asian Bulls Pvt. Ltd.,40,493.0,19720.0,2025-07-22 12:06:26.605860
2025-07-22,129496,2025072203016763,SFCL,Sani Securities Company Ltd.,South Asian Bulls Pvt. Ltd.,10,493.0,4930.0,2025-07-22 12:06:39.036971
2025-07-22,129495,2025072203016764,SFCL,Sani Securities Company Ltd.,Sanima Securities Limited,70,494.0,34580.0,2025-07-22 12:06:39.037176
2025-07-22,129155,2025072203016827,SFCL,Kohinoor Investment & Securities Pvt. Ltd.,Sanima Securities Limited,105,494.0,51870.0,2025-07-22 12:07:04.689081
2025-07-22,129070,2025072203016848,SFCL,Cristal Kanchanjanga Securites Pvt. Ltd.,Sanima Securities Limited,100,494.0,49400.0,2025-07-22 12:07:11.840334
2025-07-22,128211,2025072203017069,SFCL,Dipshikha Dhitopatra Karobar Co. Pvt Ltd.,Sanima Securities Limited,725,494.0,358150.0,2025-07-22 12:08:26.087401
2025-07-22,128210,2025072203017070,SFCL,Dipshikha Dhitopatra Karobar Co. Pvt Ltd.,Aryatara Investment & Securities,352,494.0,173888.0,2025-07-22 12:08:26.087671
2025-07-22,128156,2025072203017084,SFCL,Imperial Securities Company Pvt. Ltd.,Dipshikha Dhitopatra Karobar Co. Pvt Ltd.,200,492.5,98500.0,2025-07-22 12:08:30.128669
2025-07-22,128035,2025072203017105,SFCL,Nabil Stock Dealer Ltd.,Thrive Brokerage House Pvt. Ltd,50,493.9,24695.0,2025-07-22 12:08:38.979726
2025-07-22,127846,2025072203017153,SFCL,SHUBHAKAMANA SECURITIES PVT. LTD,Kohinoor Investment & Securities Pvt. Ltd.,100,492.0,49200.0,2025-07-22 12:08:57.484281
2025-07-22,127845,2025072203017154,SFCL,pahiinvestment,Kohinoor Investment & Securities Pvt. Ltd.,210,492.0,103320.0,2025-07-22 12:08:57.484530
2025-07-22,127844,2025072203017155,SFCL,Aryatara Investment & Securities,Kohinoor Investment & Securities Pvt. Ltd.,250,492.0,123000.0,2025-07-22 12:08:57.484623
2025-07-22,127717,2025072203017195,SFCL,Kumari Securities Private Limited,Kohinoor Investment & Securities Pvt. Ltd.,440,492.0,216480.0,2025-07-22 12:09:12.409639
2025-07-22,126098,2025072203017677,SFCL,Cristal Kanchanjanga Securites Pvt. Ltd.,Pragyan Securities (PVT) Ltd.,100,492.6,49260.0,2025-07-22 12:11:44.684626
2025-07-22,125914,2025072203017735,SFCL,Imperial Securities Company Pvt. Ltd.,Online Securities Pvt. Ltd.,15,493.7,7405.5,2025-07-22 12:12:02.490684
2025-07-22,125618,2025072203017807,SFCL,Imperial Securities Company Pvt. Ltd.,Nepal Stock House (PVT) Ltd.,50,493.0,24650.0,2025-07-22 12:12:34.145312
2025-07-22,125399,2025072203017882,SFCL,Sweta Securities Private Limited,Pragyan Securities (PVT) Ltd.,405,493.0,199665.0,2025-07-22 12:12:54.392402
2025-07-22,125004,2025072203017996,SFCL,Aryatara Investment & Securities,Dakshinkali Investment & Securities Pvt. Ltd.,10,493.6,4936.0,2025-07-22 12:13:36.772157
2025-07-22,124862,2025072203018037,SFCL,Deevyaa Securities & Stock House Pvt. Ltd,Trishakti Securities Public Limited,200,493.0,98600.0,2025-07-22 12:13:54.298643
2025-07-22,124619,2025072203018119,SFCL,Sundhara Securities Limited,Trishakti Securities Public Limited,50,493.0,24650.0,2025-07-22 12:14:18.861188
2025-07-22,123865,2025072203018341,SFCL,Kumari Securities Private Limited,Pragyan Securities (PVT) Ltd.,100,493.0,49300.0,2025-07-22 12:15:29.718283
2025-07-22,123798,2025072203018352,SFCL,Sri Hari Securities Pvt. Ltd.,Pragyan Securities (PVT) Ltd.,55,493.0,27115.0,2025-07-22 12:15:38.287948
2025-07-22,123480,2025072203018433,SFCL,Sumeru Securities Pvt. Ltd.,Pragyan Securities (PVT) Ltd.,500,493.0,246500.0,2025-07-22 12:16:07.716430
2025-07-22,123105,2025072203018517,SFCL,Kohinoor Investment & Securities Pvt. Ltd.,Pragyan Securities (PVT) Ltd.,40,493.0,19720.0,2025-07-22 12:16:38.158093
2025-07-22,123104,2025072203018518,SFCL,Kohinoor Investment & Securities Pvt. Ltd.,Trishakti Securities Public Limited,350,493.0,172550.0,2025-07-22 12:16:38.158373
2025-07-22,122651,2025072203018594,SFCL,Naasa Securities Co. Ltd.,Dakshinkali Investment & Securities Pvt. Ltd.,50,493.6,24680.0,2025-07-22 12:17:05.414667
2025-07-22,122602,2025072203018607,SFCL,Kumari Securities Private Limited,Dakshinkali Investment & Securities Pvt. Ltd.,100,493.6,49360.0,2025-07-22 12:17:08.642243
2025-07-22,121527,2025072203018930,SFCL,Dynamic Money Managers Securities Pvt. Ltd.,Dakshinkali Investment & Securities Pvt. Ltd.,340,493.6,167824.0,2025-07-22 12:18:40.594256
2025-07-22,121526,2025072203018931,SFCL,Dynamic Money Managers Securities Pvt. Ltd.,South Asian Bulls Pvt. Ltd.,22,493.7,10861.4,2025-07-22 12:18:40.594520
2025-07-22,121525,2025072203018932,SFCL,Dynamic Money Managers Securities Pvt. Ltd.,Thrive Brokerage House Pvt. Ltd,693,493.9,342272.7,2025-07-22 12:18:40.594647
2025-07-22,120717,2025072203019062,SFCL,Property Wiard Limited,Thrive Brokerage House Pvt. Ltd,257,493.9,126932.3,2025-07-22 12:19:41.937648
2025-07-22,120270,2025072203019150,SFCL,Linch Stock Market Ltd.,Thrive Brokerage House Pvt. Ltd,1000,494.5,494500.0,2025-07-22 12:20:18.802859
2025-07-22,119893,2025072203019204,SFCL,Property Wiard Limited,Thrive Brokerage House Pvt. Ltd,43,494.5,21263.5,2025-07-22 12:20:46.060731
2025-07-22,119273,2025072203019341,SFCL,SHUBHAKAMANA SECURITIES PVT. LTD,Thrive Brokerage House Pvt. Ltd,154,494.5,76153.0,2025-07-22 12:21:39.978993
2025-07-22,119161,2025072203019362,SFCL,Thrive Brokerage House Pvt. Ltd,Vision Securities Pvt. Ltd,5,485.9,2429.5,2025-07-22 12:21:51.747677
2025-07-22,118932,2025072203019445,SFCL,Sani Securities Company Ltd.,Imperial Securities Company Pvt. Ltd.,100,493.6,49360.0,2025-07-22 12:22:12.670463
2025-07-22,118543,2025072203019561,SFCL,Naasa Securities Co. Ltd.,Sumeru Securities Pvt. Ltd.,100,494.8,49480.0,2025-07-22 12:22:51.500146
2025-07-22,118258,2025072203019636,SFCL,Thrive Brokerage House Pvt. Ltd,Deevyaa Securities & Stock House Pvt. Ltd,7,490.0,3430.0,2025-07-22 12:23:24.018356
2025-07-22,117621,2025072203019818,SFCL,Primo Securities (PVT) Ltd.,South Asian Bulls Pvt. Ltd.,16,494.8,7916.8,2025-07-22 12:24:17.677871
2025-07-22,117620,2025072203019819,SFCL,Primo Securities (PVT) Ltd.,ABC Securities Private Limited,484,494.9,239531.6,2025-07-22 12:24:17.678130
2025-07-22,117518,2025072203019856,SFCL,Sewa Securities Pvt. Ltd.,ABC Securities Private Limited,16,494.9,7918.4,2025-07-22 12:24:25.512512
2025-07-22,117498,2025072203019861,SFCL,Sewa Securities Pvt. Ltd.,Dipshikha Dhitopatra Karobar Co. Pvt Ltd.,19,494.9,9403.1,2025-07-22 12:24:28.605042
2025-07-22,117094,2025072203019954,SFCL,Primo Securities (PVT) Ltd.,Shree Krishna Securities Ltd.,20,495.0,9900.0,2025-07-22 12:24:57.838325
2025-07-22,117093,2025072203019955,SFCL,Primo Securities (PVT) Ltd.,ABC Securities Private Limited,480,495.0,237600.0,2025-07-22 12:24:57.838563
2025-07-22,117067,2025072203019964,SFCL,Sumeru Securities Pvt. Ltd.,ABC Securities Private Limited,20,495.0,9900.0,2025-07-22 12:25:00.823867
2025-07-22,117066,2025072203019965,SFCL,Sumeru Securities Pvt. Ltd.,Premier Securities Company Ltd.,200,495.0,99000.0,2025-07-22 12:25:00.824394
2025-07-22,117065,2025072203019966,SFCL,Sumeru Securities Pvt. Ltd.,Shree Krishna Securities Ltd.,280,495.0,138600.0,2025-07-22 12:25:00.824678
2025-07-22,116938,2025072203019993,SFCL,Imperial Securities Company Pvt. Ltd.,Shree Krishna Securities Ltd.,200,495.0,99000.0,2025-07-22 12:25:13.437308
2025-07-22,116910,2025072203020002,SFCL,Sewa Securities Pvt. Ltd.,Pragyan Securities (PVT) Ltd.,465,494.9,230128.5,2025-07-22 12:25:16.376789
2025-07-22,116405,2025072203020139,SFCL,Primo Securities (PVT) Ltd.,Shree Krishna Securities Ltd.,400,495.0,198000.0,2025-07-22 12:25:56.107224
2025-07-22,115616,2025072203020293,SFCL,SHUBHAKAMANA SECURITIES PVT. LTD,Shree Krishna Securities Ltd.,40,495.0,19800.0,2025-07-22 12:27:04.613704
2025-07-22,114181,2025072203020664,SFCL,Aryatara Investment & Securities,Cristal Kanchanjanga Securites Pvt. Ltd.,160,495.7,79312.0,2025-07-22 12:29:02.421471
2025-07-22,112482,2025072203021050,SFCL,Trisul Securities & Invt. Ltd.,South Asian Bulls Pvt. Ltd.,50,497.9,24895.0,2025-07-22 12:31:41.902199
2025-07-22,112481,2025072203021051,SFCL,Trisul Securities & Invt. Ltd.,pahiinvestment,130,498.0,64740.0,2025-07-22 12:31:41.902443
2025-07-22,112286,2025072203021110,SFCL,Trisul Securities & Invt. Ltd.,Online Securities Pvt. Ltd.,200,498.0,99600.0,2025-07-22 12:32:04.608008
2025-07-22,112064,2025072203021156,SFCL,Vision Securities Pvt. Ltd,Naasa Securities Co. Ltd.,53,498.8,26436.4,2025-07-22 12:32:24.672793
2025-07-22,112063,2025072203021157,SFCL,Vision Securities Pvt. Ltd,Online Securities Pvt. Ltd.,28,499.0,13972.0,2025-07-22 12:32:24.673043
2025-07-22,112062,2025072203021158,SFCL,Vision Securities Pvt. Ltd,Asian Securities Private Ltd.,50,500.0,25000.0,2025-07-22 12:32:24.673143
2025-07-22,112061,2025072203021159,SFCL,Vision Securities Pvt. Ltd,Bhrikuti Stock Broking Co. Pvt. Ltd.,60,500.0,30000.0,2025-07-22 12:32:24.673242
2025-07-22,111965,2025072203021183,SFCL,Naasa Securities Co. Ltd.,Bhrikuti Stock Broking Co. Pvt. Ltd.,40,500.0,20000.0,2025-07-22 12:32:33.561538
2025-07-22,111964,2025072203021184,SFCL,Naasa Securities Co. Ltd.,Bhrikuti Stock Broking Co. Pvt. Ltd.,100,500.0,50000.0,2025-07-22 12:32:33.562015
2025-07-22,111963,2025072203021185,SFCL,Naasa Securities Co. Ltd.,Dakshinkali Investment & Securities Pvt. Ltd.,360,500.0,180000.0,2025-07-22 12:32:33.562325
2025-07-22,111935,2025072203021197,SFCL,Trisul Securities & Invt. Ltd.,Dakshinkali Investment & Securities Pvt. Ltd.,640,500.0,320000.0,2025-07-22 12:32:38.220967
2025-07-22,111934,2025072203021198,SFCL,Trisul Securities & Invt. Ltd.,Nepal Stock House (PVT) Ltd.,50,500.0,25000.0,2025-07-22 12:32:38.221212
2025-07-22,111847,2025072203021210,SFCL,South Asian Bulls Pvt. Ltd.,Vision Securities Pvt. Ltd,400,501.0,200400.0,2025-07-22 12:32:45.025315
2025-07-22,111816,2025072203021220,SFCL,Naasa Securities Co. Ltd.,Vision Securities Pvt. Ltd,200,501.0,100200.0,2025-07-22 12:32:49.789247
2025-07-22,111785,2025072203021226,SFCL,Trisul Securities & Invt. Ltd.,South Asian Bulls Pvt. Ltd.,50,500.0,25000.0,2025-07-22 12:32:53.074035
2025-07-22,111650,2025072203021255,SFCL,Vision Securities Pvt. Ltd,Vision Securities Pvt. Ltd,10,502.8,5028.0,2025-07-22 12:33:07.156621
2025-07-22,111649,2025072203021256,SFCL,Vision Securities Pvt. Ltd,Asian Securities Private Ltd.,10,503.0,5030.0,2025-07-22 12:33:07.156864
2025-07-22,111610,2025072203021266,SFCL,Trisul Securities & Invt. Ltd.,Asian Securities Private Ltd.,240,503.0,120720.0,2025-07-22 12:33:10.463927
2025-07-22,111609,2025072203021267,SFCL,Trisul Securities & Invt. Ltd.,Sani Securities Company Ltd.,220,503.0,110660.0,2025-07-22 12:33:10.464173
2025-07-22,111608,2025072203021268,SFCL,Trisul Securities & Invt. Ltd.,Sundhara Securities Limited,100,503.0,50300.0,2025-07-22 12:33:10.464274
2025-07-22,111607,2025072203021269,SFCL,Trisul Securities & Invt. Ltd.,Dipshikha Dhitopatra Karobar Co. Pvt Ltd.,150,503.0,75450.0,2025-07-22 12:33:10.464384
2025-07-22,111606,2025072203021270,SFCL,Trisul Securities & Invt. Ltd.,Sri Hari Securities Pvt. Ltd.,40,503.0,20120.0,2025-07-22 12:33:10.464497
2025-07-22,111367,2025072203021333,SFCL,Naasa Securities Co. Ltd.,Siprabi Securities Pvt. Ltd.,20,503.4,10068.0,2025-07-22 12:33:33.521663
2025-07-22,111366,2025072203021334,SFCL,Naasa Securities Co. Ltd.,Sumeru Securities Pvt. Ltd.,10,503.9,5039.0,2025-07-22 12:33:33.521913
2025-07-22,111195,2025072203021355,SFCL,Vision Securities Pvt. Ltd,Sumeru Securities Pvt. Ltd.,50,503.9,25195.0,2025-07-22 12:33:45.533271
2025-07-22,111188,2025072203021356,SFCL,Trisul Securities & Invt. Ltd.,Sumeru Securities Pvt. Ltd.,40,503.9,20156.0,2025-07-22 12:33:46.629017
2025-07-22,111187,2025072203021357,SFCL,Trisul Securities & Invt. Ltd.,Oxford Securities Pvt. Ltd.,90,504.0,45360.0,2025-07-22 12:33:46.629258
2025-07-22,110986,2025072203021398,SFCL,Naasa Securities Co. Ltd.,Oxford Securities Pvt. Ltd.,10,504.0,5040.0,2025-07-22 12:34:06.397199
2025-07-22,110985,2025072203021399,SFCL,Naasa Securities Co. Ltd.,J.F. Securites (PVT) Ltd.,190,504.0,95760.0,2025-07-22 12:34:06.397420
2025-07-22,110910,2025072203021414,SFCL,Nepal Investment And Securities Trading Private Limited,J.F. Securites (PVT) Ltd.,20,504.0,10080.0,2025-07-22 12:34:12.596677
2025-07-22,110909,2025072203021415,SFCL,Nabil Stock Dealer Ltd.,J.F. Securites (PVT) Ltd.,340,504.0,171360.0,2025-07-22 12:34:12.648485
2025-07-22,110618,2025072203021470,SFCL,Naasa Securities Co. Ltd.,Nepal Stock House (PVT) Ltd.,20,503.9,10078.0,2025-07-22 12:34:37.417849
2025-07-22,110617,2025072203021471,SFCL,Aryatara Investment & Securities,Nepal Stock House (PVT) Ltd.,50,503.1,25155.0,2025-07-22 12:34:37.750801
2025-07-22,110591,2025072203021480,SFCL,Market Securities & Exchange (PVT) Ltd.,Nepal Stock House (PVT) Ltd.,65,503.9,32753.5,2025-07-22 12:34:42.072517
2025-07-22,110349,2025072203021525,SFCL,Vision Securities Pvt. Ltd,Nepal Stock House (PVT) Ltd.,15,503.9,7558.5,2025-07-22 12:35:06.516798
2025-07-22,110231,2025072203021561,SFCL,Dipshikha Dhitopatra Karobar Co. Pvt Ltd.,J.F. Securites (PVT) Ltd.,30,504.0,15120.0,2025-07-22 12:35:23.349179
2025-07-22,110135,2025072203021584,SFCL,Vision Securities Pvt. Ltd,Imperial Securities Company Pvt. Ltd.,45,503.9,22675.5,2025-07-22 12:35:31.514259
2025-07-22,109827,2025072203021671,SFCL,Aryatara Investment & Securities,Imperial Securities Company Pvt. Ltd.,155,503.1,77980.5,2025-07-22 12:36:05.968911
2025-07-22,109564,2025072203021699,SFCL,Aryatara Investment & Securities,Nepal Stock House (PVT) Ltd.,50,503.1,25155.0,2025-07-22 12:36:24.208142
2025-07-22,108823,2025072203021793,SFCL,Naasa Securities Co. Ltd.,Nepal Stock House (PVT) Ltd.,50,503.2,25160.0,2025-07-22 12:37:28.816789
2025-07-22,108544,2025072203021833,SFCL,Naasa Securities Co. Ltd.,Nepal Stock House (PVT) Ltd.,110,503.2,55352.0,2025-07-22 12:37:57.158556
2025-07-22,108459,2025072203021854,SFCL,Elite Stock House Limited,Bhrikuti Stock Broking Co. Pvt. Ltd.,10,503.7,5037.0,2025-07-22 12:38:08.874410
2025-07-22,108444,2025072203021855,SFCL,Naasa Securities Co. Ltd.,Secured Securities Ltd.,40,503.2,20128.0,2025-07-22 12:38:10.298878
2025-07-22,108220,2025072203021920,SFCL,Stoxkarts Securities Limited,Bhrikuti Stock Broking Co. Pvt. Ltd.,162,503.7,81599.4,2025-07-22 12:38:23.836484
2025-07-22,108219,2025072203021921,SFCL,Stoxkarts Securities Limited,Nepal Stock House (PVT) Ltd.,100,503.8,50380.0,2025-07-22 12:38:23.836583
2025-07-22,108218,2025072203021922,SFCL,Stoxkarts Securities Limited,Kohinoor Investment & Securities Pvt. Ltd.,100,504.3,50430.0,2025-07-22 12:38:23.836657
2025-07-22,108217,2025072203021923,SFCL,Stoxkarts Securities Limited,Kohinoor Investment & Securities Pvt. Ltd.,100,504.7,50470.0,2025-07-22 12:38:23.836730
2025-07-22,108216,2025072203021924,SFCL,Stoxkarts Securities Limited,Imperial Securities Company Pvt. Ltd.,50,504.9,25245.0,2025-07-22 12:38:23.836797
2025-07-22,108215,2025072203021925,SFCL,Stoxkarts Securities Limited,Cristal Kanchanjanga Securites Pvt. Ltd.,900,504.9,454410.0,2025-07-22 12:38:23.836873
2025-07-22,108214,2025072203021926,SFCL,Stoxkarts Securities Limited,Thrive Brokerage House Pvt. Ltd,288,505.0,145440.0,2025-07-22 12:38:23.836944
2025-07-22,107884,2025072203022021,SFCL,Naasa Securities Co. Ltd.,Sweta Securities Private Limited,210,503.2,105672.0,2025-07-22 12:38:47.437682
2025-07-22,107879,2025072203022023,SFCL,Primo Securities (PVT) Ltd.,Thrive Brokerage House Pvt. Ltd,700,505.0,353500.0,2025-07-22 12:38:48.021270
2025-07-22,107796,2025072203022062,SFCL,Naasa Securities Co. Ltd.,Sweta Securities Private Limited,70,503.2,35224.0,2025-07-22 12:38:55.475070
2025-07-22,107640,2025072203022103,SFCL,SHUBHAKAMANA SECURITIES PVT. LTD,Thrive Brokerage House Pvt. Ltd,10,505.0,5050.0,2025-07-22 12:39:12.249760
2025-07-22,107418,2025072203022148,SFCL,Sri Hari Securities Pvt. Ltd.,Online Securities Pvt. Ltd.,50,504.9,25245.0,2025-07-22 12:39:30.823823
2025-07-22,107297,2025072203022182,SFCL,Online Securities Pvt. Ltd.,Online Securities Pvt. Ltd.,50,504.9,25245.0,2025-07-22 12:39:44.015080
2025-07-22,107296,2025072203022183,SFCL,Online Securities Pvt. Ltd.,Kohinoor Investment & Securities Pvt. Ltd.,500,505.0,252500.0,2025-07-22 12:39:44.015319
2025-07-22,106945,2025072203022265,SFCL,Primo Securities (PVT) Ltd.,Capital Max Securities Ltd,10,505.6,5056.0,2025-07-22 12:40:22.464903
2025-07-22,106944,2025072203022266,SFCL,Primo Securities (PVT) Ltd.,Kohinoor Investment & Securities Pvt. Ltd.,440,506.0,222640.0,2025-07-22 12:40:22.465156
2025-07-22,106792,2025072203022310,SFCL,Midas Stock Broking Company Private Limited,Kohinoor Investment & Securities Pvt. Ltd.,10,506.0,5060.0,2025-07-22 12:40:39.867904
2025-07-22,106748,2025072203022331,SFCL,Midas Stock Broking Company Private Limited,Sweta Securities Private Limited,90,506.0,45540.0,2025-07-22 12:40:46.420517
2025-07-22,106747,2025072203022332,SFCL,Sumeru Securities Pvt. Ltd.,Sweta Securities Private Limited,100,505.6,50560.0,2025-07-22 12:40:46.421042
2025-07-22,106746,2025072203022333,SFCL,Naasa Securities Co. Ltd.,Sweta Securities Private Limited,50,505.5,25275.0,2025-07-22 12:40:46.421439
2025-07-22,106745,2025072203022334,SFCL,Online Securities Pvt. Ltd.,Sweta Securities Private Limited,50,505.0,25250.0,2025-07-22 12:40:46.421892
2025-07-22,106744,2025072203022335,SFCL,Agrawal Securities (PVT) Ltd.,Sweta Securities Private Limited,10,505.0,5050.0,2025-07-22 12:40:46.422307
2025-07-22,106525,2025072203022387,SFCL,Kohinoor Investment & Securities Pvt. Ltd.,Capital Max Securities Ltd,50,503.8,25190.0,2025-07-22 12:41:12.778466
2025-07-22,106486,2025072203022393,SFCL,Naasa Securities Co. Ltd.,Sweta Securities Private Limited,200,505.0,101000.0,2025-07-22 12:41:17.951329
2025-07-22,106299,2025072203022448,SFCL,Oxford Securities Pvt. Ltd.,Online Securities Pvt. Ltd.,100,509.8,50980.0,2025-07-22 12:41:37.614921
2025-07-22,106062,2025072203022495,SFCL,Naasa Securities Co. Ltd.,Nepal Stock House (PVT) Ltd.,100,509.9,50990.0,2025-07-22 12:41:59.023175
2025-07-22,106061,2025072203022496,SFCL,Naasa Securities Co. Ltd.,Agrawal Securities (PVT) Ltd.,200,510.0,102000.0,2025-07-22 12:41:59.023403
2025-07-22,105976,2025072203022518,SFCL,Online Securities Pvt. Ltd.,Agrawal Securities (PVT) Ltd.,50,510.0,25500.0,2025-07-22 12:42:08.487572
2025-07-22,105975,2025072203022519,SFCL,Online Securities Pvt. Ltd.,J.F. Securites (PVT) Ltd.,50,510.0,25500.0,2025-07-22 12:42:08.487798
2025-07-22,105792,2025072203022567,SFCL,Primo Securities (PVT) Ltd.,J.F. Securites (PVT) Ltd.,70,510.0,35700.0,2025-07-22 12:42:25.147821
2025-07-22,105791,2025072203022568,SFCL,Primo Securities (PVT) Ltd.,Imperial Securities Company Pvt. Ltd.,100,513.0,51300.0,2025-07-22 12:42:25.148082
2025-07-22,105790,2025072203022569,SFCL,Primo Securities (PVT) Ltd.,Aryatara Investment & Securities,200,513.0,102600.0,2025-07-22 12:42:25.148185
2025-07-22,105789,2025072203022570,SFCL,Primo Securities (PVT) Ltd.,Sani Securities Company Ltd.,30,513.0,15390.0,2025-07-22 12:42:25.148278
2025-07-22,105463,2025072203022689,SFCL,Kohinoor Investment & Securities Pvt. Ltd.,Nepal Stock House (PVT) Ltd.,70,512.9,35903.0,2025-07-22 12:43:00.847873
2025-07-22,105106,2025072203022767,SFCL,Primo Securities (PVT) Ltd.,Nepal Stock House (PVT) Ltd.,30,512.9,15387.0,2025-07-22 12:43:31.410227
2025-07-22,105105,2025072203022768,SFCL,Primo Securities (PVT) Ltd.,Sani Securities Company Ltd.,70,513.0,35910.0,2025-07-22 12:43:31.410478
2025-07-22,105104,2025072203022769,SFCL,Primo Securities (PVT) Ltd.,Sweta Securities Private Limited,150,513.0,76950.0,2025-07-22 12:43:31.410678
2025-07-22,104794,2025072203022847,SFCL,Trishakti Securities Public Limited,Sweta Securities Private Limited,150,513.0,76950.0,2025-07-22 12:44:03.138723
2025-07-22,104660,2025072203022870,SFCL,J.F. Securites (PVT) Ltd.,Sweta Securities Private Limited,200,513.0,102600.0,2025-07-22 12:44:18.717100
2025-07-22,104639,2025072203022883,SFCL,Oxford Securities Pvt. Ltd.,Naasa Securities Co. Ltd.,50,513.0,25650.0,2025-07-22 12:44:20.568257
2025-07-22,104543,2025072203022903,SFCL,Siprabi Securities Pvt. Ltd.,Naasa Securities Co. Ltd.,50,513.0,25650.0,2025-07-22 12:44:34.444989
2025-07-22,104316,2025072203022957,SFCL,Sipla Securities Private Limited,Naasa Securities Co. Ltd.,10,514.0,5140.0,2025-07-22 12:45:02.405479
2025-07-22,104165,2025072203022993,SFCL,Trisul Securities & Invt. Ltd.,Nepal Stock House (PVT) Ltd.,50,514.9,25745.0,2025-07-22 12:45:19.634096
2025-07-22,104164,2025072203022994,SFCL,Trisul Securities & Invt. Ltd.,Kohinoor Investment & Securities Pvt. Ltd.,49,515.0,25235.0,2025-07-22 12:45:19.634361
2025-07-22,104163,2025072203022995,SFCL,Trisul Securities & Invt. Ltd.,Aryatara Investment & Securities,100,515.0,51500.0,2025-07-22 12:45:19.634461
2025-07-22,104162,2025072203022996,SFCL,Trisul Securities & Invt. Ltd.,Sweta Securities Private Limited,201,515.0,103515.0,2025-07-22 12:45:19.634557
2025-07-22,104070,2025072203023014,SFCL,Sipla Securities Private Limited,Sweta Securities Private Limited,90,514.0,46260.0,2025-07-22 12:45:32.193874
2025-07-22,104069,2025072203023015,SFCL,Primo Securities (PVT) Ltd.,Sweta Securities Private Limited,20,514.0,10280.0,2025-07-22 12:45:32.194356
2025-07-22,104027,2025072203023024,SFCL,Nepal Investment And Securities Trading Private Limited,Sweta Securities Private Limited,16,514.0,8224.0,2025-07-22 12:45:36.140674
2025-07-22,103819,2025072203023070,SFCL,Trishakti Securities Public Limited,Sweta Securities Private Limited,100,514.0,51400.0,2025-07-22 12:45:57.902402
2025-07-22,103731,2025072203023087,SFCL,Vision Securities Pvt. Ltd,Sweta Securities Private Limited,274,514.0,140836.0,2025-07-22 12:46:11.153459
2025-07-22,103730,2025072203023088,SFCL,Vision Securities Pvt. Ltd,Imperial Securities Company Pvt. Ltd.,105,514.0,53970.0,2025-07-22 12:46:11.153762
2025-07-22,103539,2025072203023145,SFCL,Vision Securities Pvt. Ltd,Sweta Securities Private Limited,121,514.0,62194.0,2025-07-22 12:46:32.613264
2025-07-22,103123,2025072203023247,SFCL,Online Securities Pvt. Ltd.,Sweta Securities Private Limited,280,514.0,143920.0,2025-07-22 12:47:17.782365
2025-07-22,102668,2025072203023374,SFCL,Sewa Securities Pvt. Ltd.,Nepal Stock House (PVT) Ltd.,50,513.5,25675.0,2025-07-22 12:48:00.477094
2025-07-22,102631,2025072203023386,SFCL,Kumari Securities Private Limited,Sweta Securities Private Limited,70,514.0,35980.0,2025-07-22 12:48:02.557611
2025-07-22,101891,2025072203023507,SFCL,Aryatara Investment & Securities,J.F. Securites (PVT) Ltd.,10,513.9,5139.0,2025-07-22 12:49:20.175247
2025-07-22,101890,2025072203023508,SFCL,Aryatara Investment & Securities,Sweta Securities Private Limited,12,514.0,6168.0,2025-07-22 12:49:20.175521
2025-07-22,101627,2025072203023553,SFCL,Siprabi Securities Pvt. Ltd.,Naasa Securities Co. Ltd.,10,513.0,5130.0,2025-07-22 12:49:43.123549
2025-07-22,101626,2025072203023554,SFCL,Sweta Securities Private Limited,Naasa Securities Co. Ltd.,10,513.0,5130.0,2025-07-22 12:49:43.123846
2025-07-22,101560,2025072203023568,SFCL,Sweta Securities Private Limited,Naasa Securities Co. Ltd.,15,513.0,7695.0,2025-07-22 12:49:51.528061
2025-07-22,101559,2025072203023569,SFCL,Aryatara Investment & Securities,Naasa Securities Co. Ltd.,22,513.0,11286.0,2025-07-22 12:49:51.528306
2025-07-22,101558,2025072203023570,SFCL,J.F. Securites (PVT) Ltd.,Naasa Securities Co. Ltd.,1,513.0,513.0,2025-07-22 12:49:51.528462
2025-07-22,100822,2025072203023720,SFCL,Bhrikuti Stock Broking Co. Pvt. Ltd.,Dipshikha Dhitopatra Karobar Co. Pvt Ltd.,200,510.1,102020.0,2025-07-22 12:51:07.199110
2025-07-22,100821,2025072203023721,SFCL,Naasa Securities Co. Ltd.,Dipshikha Dhitopatra Karobar Co. Pvt Ltd.,200,510.0,102000.0,2025-07-22 12:51:07.199158
2025-07-22,100478,2025072203023768,SFCL,Kalika Securities Pvt. Ltd.,J.F. Securites (PVT) Ltd.,10,513.0,5130.0,2025-07-22 12:51:44.628450
2025-07-22,100477,2025072203023769,SFCL,Kalika Securities Pvt. Ltd.,Trishakti Securities Public Limited,40,513.0,20520.0,2025-07-22 12:51:44.629160
2025-07-22,100157,2025072203023831,SFCL,Naasa Securities Co. Ltd.,Naasa Securities Co. Ltd.,200,510.0,102000.0,2025-07-22 12:52:25.403744
2025-07-22,99073,2025072203024047,SFCL,Vision Securities Pvt. Ltd,Ashutosh Brokerage & Securities (PVT) Ltd.,50,512.8,25640.0,2025-07-22 12:54:19.895664
2025-07-22,98570,2025072203024177,SFCL,Opal Securities Investment (PVT) Ltd.,Kohinoor Investment & Securities Pvt. Ltd.,100,511.0,51100.0,2025-07-22 12:55:19.735917
2025-07-22,98569,2025072203024178,SFCL,Naasa Securities Co. Ltd.,Kohinoor Investment & Securities Pvt. Ltd.,100,510.0,51000.0,2025-07-22 12:55:19.736190
2025-07-22,98568,2025072203024179,SFCL,Capital Hub P. Ltd,Kohinoor Investment & Securities Pvt. Ltd.,100,510.0,51000.0,2025-07-22 12:55:19.736293
2025-07-22,98567,2025072203024180,SFCL,Vision Securities Pvt. Ltd,Kohinoor Investment & Securities Pvt. Ltd.,100,510.0,51000.0,2025-07-22 12:55:19.736393
2025-07-22,98566,2025072203024181,SFCL,Naasa Securities Co. Ltd.,Kohinoor Investment & Securities Pvt. Ltd.,20,510.0,10200.0,2025-07-22 12:55:19.736503
2025-07-22,98565,2025072203024182,SFCL,Kumari Securities Private Limited,Kohinoor Investment & Securities Pvt. Ltd.,40,510.0,20400.0,2025-07-22 12:55:19.736612
2025-07-22,98225,2025072203024230,SFCL,Imperial Securities Company Pvt. Ltd.,Kohinoor Investment & Securities Pvt. Ltd.,50,509.0,25450.0,2025-07-22 12:56:00.191691
2025-07-22,98224,2025072203024231,SFCL,Sweta Securities Private Limited,Kohinoor Investment & Securities Pvt. Ltd.,50,506.0,25300.0,2025-07-22 12:56:00.191943
2025-07-22,98223,2025072203024232,SFCL,Agrawal Securities (PVT) Ltd.,Kohinoor Investment & Securities Pvt. Ltd.,20,505.1,10102.0,2025-07-22 12:56:00.192055
2025-07-22,98222,2025072203024233,SFCL,Stoxkarts Securities Limited,Kohinoor Investment & Securities Pvt. Ltd.,420,505.1,212142.0,2025-07-22 12:56:00.192153
2025-07-22,97844,2025072203024348,SFCL,Stoxkarts Securities Limited,Trishakti Securities Public Limited,80,505.1,40408.0,2025-07-22 12:56:42.025836
2025-07-22,97843,2025072203024349,SFCL,Aryatara Investment & Securities,Trishakti Securities Public Limited,150,505.0,75750.0,2025-07-22 12:56:42.025884
2025-07-22,97717,2025072203024368,SFCL,Oxford Securities Pvt. Ltd.,Nepal Stock House (PVT) Ltd.,10,512.7,5127.0,2025-07-22 12:56:57.325926
2025-07-22,96138,2025072203024748,SFCL,Nepal Investment And Securities Trading Private Limited,Dipshikha Dhitopatra Karobar Co. Pvt Ltd.,50,511.0,25550.0,2025-07-22 12:59:40.768680
2025-07-22,95927,2025072203024800,SFCL,Sri Hari Securities Pvt. Ltd.,Aryatara Investment & Securities,12,510.0,6120.0,2025-07-22 13:00:06.459935
2025-07-22,95566,2025072203024873,SFCL,Sri Hari Securities Pvt. Ltd.,Oxford Securities Pvt. Ltd.,50,510.0,25500.0,2025-07-22 13:00:41.120702
2025-07-22,94955,2025072203025002,SFCL,Sri Hari Securities Pvt. Ltd.,Dipshikha Dhitopatra Karobar Co. Pvt Ltd.,138,510.0,70380.0,2025-07-22 13:01:35.118816
2025-07-22,94954,2025072203025003,SFCL,Cristal Kanchanjanga Securites Pvt. Ltd.,Dipshikha Dhitopatra Karobar Co. Pvt Ltd.,162,510.0,82620.0,2025-07-22 13:01:35.119104
2025-07-22,94940,2025072203025004,SFCL,Cristal Kanchanjanga Securites Pvt. Ltd.,Magnet Securities and Investment Company Private Limited,38,510.0,19380.0,2025-07-22 13:01:37.516852
2025-07-22,94137,2025072203025149,SFCL,Siprabi Securities Pvt. Ltd.,Sagarmatha Securities Private Limited,10,509.0,5090.0,2025-07-22 13:02:56.833738
2025-07-22,94136,2025072203025150,SFCL,Siprabi Securities Pvt. Ltd.,Magnet Securities and Investment Company Private Limited,19,510.0,9690.0,2025-07-22 13:02:56.834243
2025-07-22,94135,2025072203025151,SFCL,Shree Krishna Securities Ltd.,Magnet Securities and Investment Company Private Limited,400,510.0,204000.0,2025-07-22 13:02:57.066007
2025-07-22,91374,2025072203025745,SFCL,Sweta Securities Private Limited,Dipshikha Dhitopatra Karobar Co. Pvt Ltd.,50,508.0,25400.0,2025-07-22 13:07:31.077965
2025-07-22,91263,2025072203025781,SFCL,Nepal Investment And Securities Trading Private Limited,Magnet Securities and Investment Company Private Limited,43,510.0,21930.0,2025-07-22 13:07:46.586595
2025-07-22,90558,2025072203025926,SFCL,Naasa Securities Co. Ltd.,Dakshinkali Investment & Securities Pvt. Ltd.,200,510.0,102000.0,2025-07-22 13:08:58.346337
2025-07-22,90041,2025072203026081,SFCL,Naasa Securities Co. Ltd.,Dakshinkali Investment & Securities Pvt. Ltd.,200,510.0,102000.0,2025-07-22 13:09:36.828711
2025-07-22,89041,2025072203026366,SFCL,Online Securities Pvt. Ltd.,Dakshinkali Investment & Securities Pvt. Ltd.,50,510.0,25500.0,2025-07-22 13:11:06.300607
2025-07-22,89040,2025072203026367,SFCL,Online Securities Pvt. Ltd.,Market Securities & Exchange (PVT) Ltd.,10,510.0,5100.0,2025-07-22 13:11:06.300889
2025-07-22,88618,2025072203026445,SFCL,Imperial Securities Company Pvt. Ltd.,Market Securities & Exchange (PVT) Ltd.,25,510.0,12750.0,2025-07-22 13:11:36.673011
2025-07-22,87178,2025072203026783,SFCL,Sewa Securities Pvt. Ltd.,Market Securities & Exchange (PVT) Ltd.,100,510.0,51000.0,2025-07-22 13:13:20.553809
2025-07-22,86633,2025072203026895,SFCL,Imperial Securities Company Pvt. Ltd.,Market Securities & Exchange (PVT) Ltd.,10,510.0,5100.0,2025-07-22 13:14:06.394276
2025-07-22,86618,2025072203026898,SFCL,Dakshinkali Investment & Securities Pvt. Ltd.,Market Securities & Exchange (PVT) Ltd.,10,510.0,5100.0,2025-07-22 13:14:07.079721
2025-07-22,85324,2025072203027176,SFCL,Midas Stock Broking Company Private Limited,Creative Securities Pvt Ltd,65,509.6,33124.0,2025-07-22 13:16:08.572955
2025-07-22,85230,2025072203027195,SFCL,Naasa Securities Co. Ltd.,Creative Securities Pvt Ltd,229,509.6,116698.4,2025-07-22 13:16:17.329833
2025-07-22,85198,2025072203027197,SFCL,Sani Securities Company Ltd.,Primo Securities (PVT) Ltd.,20,509.5,10190.0,2025-07-22 13:16:21.236777
2025-07-22,84522,2025072203027414,SFCL,Sani Securities Company Ltd.,Vision Securities Pvt. Ltd,180,509.5,91710.0,2025-07-22 13:17:17.163672
2025-07-22,84521,2025072203027415,SFCL,Dipshikha Dhitopatra Karobar Co. Pvt Ltd.,Vision Securities Pvt. Ltd,20,509.5,10190.0,2025-07-22 13:17:17.163963
2025-07-22,84520,2025072203027416,SFCL,Dakshinkali Investment & Securities Pvt. Ltd.,Vision Securities Pvt. Ltd,30,509.0,15270.0,2025-07-22 13:17:17.164079
2025-07-22,84519,2025072203027417,SFCL,Naasa Securities Co. Ltd.,Vision Securities Pvt. Ltd,70,509.0,35630.0,2025-07-22 13:17:17.164187
2025-07-22,84518,2025072203027418,SFCL,Vision Securities Pvt. Ltd,Vision Securities Pvt. Ltd,165,508.0,83820.0,2025-07-22 13:17:17.164312
2025-07-22,83809,2025072203027583,SFCL,Vision Securities Pvt. Ltd,Shree Krishna Securities Ltd.,35,508.0,17780.0,2025-07-22 13:18:31.016957
2025-07-22,82541,2025072203027834,SFCL,Linch Stock Market Ltd.,Dipshikha Dhitopatra Karobar Co. Pvt Ltd.,35,507.0,17745.0,2025-07-22 13:20:15.852488
2025-07-22,82494,2025072203027843,SFCL,Dipshikha Dhitopatra Karobar Co. Pvt Ltd.,Kumari Securities Private Limited,60,506.0,30360.0,2025-07-22 13:20:20.200296
2025-07-22,82493,2025072203027844,SFCL,Kohinoor Investment & Securities Pvt. Ltd.,Kumari Securities Private Limited,80,506.0,40480.0,2025-07-22 13:20:20.200780
2025-07-22,82200,2025072203027881,SFCL,Sani Securities Company Ltd.,Kumari Securities Private Limited,10,505.0,5050.0,2025-07-22 13:20:46.624920
2025-07-22,82199,2025072203027882,SFCL,Shree Krishna Securities Ltd.,Kumari Securities Private Limited,50,505.0,25250.0,2025-07-22 13:20:46.625516
2025-07-22,81384,2025072203028057,SFCL,Nepal Investment And Securities Trading Private Limited,Naasa Securities Co. Ltd.,509,506.2,257655.8,2025-07-22 13:21:43.234207
2025-07-22,81383,2025072203028058,SFCL,Dipshikha Dhitopatra Karobar Co. Pvt Ltd.,Naasa Securities Co. Ltd.,61,505.5,30835.5,2025-07-22 13:21:43.234694
2025-07-22,80960,2025072203028132,SFCL,Online Securities Pvt. Ltd.,Dipshikha Dhitopatra Karobar Co. Pvt Ltd.,45,507.0,22815.0,2025-07-22 13:22:17.271886
2025-07-22,80959,2025072203028133,SFCL,Online Securities Pvt. Ltd.,J.F. Securites (PVT) Ltd.,55,507.0,27885.0,2025-07-22 13:22:17.272158
2025-07-22,80867,2025072203028162,SFCL,Sewa Securities Pvt. Ltd.,J.F. Securites (PVT) Ltd.,90,507.0,45630.0,2025-07-22 13:22:27.268122
2025-07-22,80812,2025072203028168,SFCL,Vision Securities Pvt. Ltd,J.F. Securites (PVT) Ltd.,100,507.0,50700.0,2025-07-22 13:22:30.386682
2025-07-22,80024,2025072203028377,SFCL,Dipshikha Dhitopatra Karobar Co. Pvt Ltd.,Cristal Kanchanjanga Securites Pvt. Ltd.,20,505.5,10110.0,2025-07-22 13:23:39.205365
2025-07-22,78543,2025072203028664,SFCL,Linch Stock Market Ltd.,Trishakti Securities Public Limited,150,505.6,75840.0,2025-07-22 13:25:42.317703
2025-07-22,76773,2025072203029016,SFCL,Kohinoor Investment & Securities Pvt. Ltd.,Trishakti Securities Public Limited,85,505.8,42993.0,2025-07-22 13:28:05.573454
2025-07-22,76772,2025072203029017,SFCL,Shree Krishna Securities Ltd.,Trishakti Securities Public Limited,50,505.8,25290.0,2025-07-22 13:28:05.573733
2025-07-22,73365,2025072203029743,SFCL,Dipshikha Dhitopatra Karobar Co. Pvt Ltd.,Trishakti Securities Public Limited,19,505.5,9604.5,2025-07-22 13:33:11.629118
2025-07-22,73364,2025072203029744,SFCL,Trisul Securities & Invt. Ltd.,Trishakti Securities Public Limited,56,504.0,28224.0,2025-07-22 13:33:11.629647
2025-07-22,72105,2025072203030031,SFCL,Oxford Securities Pvt. Ltd.,Naasa Securities Co. Ltd.,60,506.0,30360.0,2025-07-22 13:35:08.159648
2025-07-22,68273,2025072203030739,SFCL,Secured Securities Ltd.,Aryatara Investment & Securities,40,505.8,20232.0,2025-07-22 13:41:46.098860
2025-07-22,68142,2025072203030765,SFCL,Thrive Brokerage House Pvt. Ltd,Sundhara Securities Limited,500,505.0,252500.0,2025-07-22 13:41:58.492791
2025-07-22,66552,2025072203031155,SFCL,Thrive Brokerage House Pvt. Ltd,Vision Securities Pvt. Ltd,15,505.0,7575.0,2025-07-22 13:44:39.496112
2025-07-22,66551,2025072203031156,SFCL,Thrive Brokerage House Pvt. Ltd,Kohinoor Investment & Securities Pvt. Ltd.,100,505.0,50500.0,2025-07-22 13:44:39.496393
2025-07-22,66550,2025072203031157,SFCL,Thrive Brokerage House Pvt. Ltd,Sundhara Securities Limited,385,505.0,194425.0,2025-07-22 13:44:39.496509
2025-07-22,64634,2025072203031538,SFCL,Linch Stock Market Ltd.,Neev Securities Pvt. Ltd.,100,504.8,50480.0,2025-07-22 13:47:08.398261
2025-07-22,64633,2025072203031539,SFCL,Linch Stock Market Ltd.,Sundhara Securities Limited,20,505.0,10100.0,2025-07-22 13:47:08.398540
2025-07-22,62970,2025072203031778,SFCL,Dipshikha Dhitopatra Karobar Co. Pvt Ltd.,Investment Management Nepal Pvt. Ltd.,100,504.1,50410.0,2025-07-22 13:49:30.995284
2025-07-22,62482,2025072203031901,SFCL,Sharepro Securities Private Limited,Online Securities Pvt. Ltd.,200,504.1,100820.0,2025-07-22 13:50:17.454608
2025-07-22,62481,2025072203031902,SFCL,Shree Krishna Securities Ltd.,Online Securities Pvt. Ltd.,250,504.0,126000.0,2025-07-22 13:50:17.454923
2025-07-22,61813,2025072203031996,SFCL,Shree Krishna Securities Ltd.,Vision Securities Pvt. Ltd,740,504.0,372960.0,2025-07-22 13:51:16.075799
2025-07-22,61812,2025072203031997,SFCL,Naasa Securities Co. Ltd.,Vision Securities Pvt. Ltd,260,504.0,131040.0,2025-07-22 13:51:16.076342
2025-07-22,61230,2025072203032096,SFCL,Naasa Securities Co. Ltd.,Sundhara Securities Limited,95,504.0,47880.0,2025-07-22 13:52:15.436198
2025-07-22,60519,2025072203032244,SFCL,Naasa Securities Co. Ltd.,Sani Securities Company Ltd.,10,504.0,5040.0,2025-07-22 13:53:26.067033
2025-07-22,60397,2025072203032270,SFCL,Opal Securities Investment (PVT) Ltd.,Imperial Securities Company Pvt. Ltd.,15,505.0,7575.0,2025-07-22 13:53:39.735761
2025-07-22,60396,2025072203032271,SFCL,Opal Securities Investment (PVT) Ltd.,Trishakti Securities Public Limited,70,505.0,35350.0,2025-07-22 13:53:39.736018
2025-07-22,60395,2025072203032272,SFCL,Opal Securities Investment (PVT) Ltd.,Aryatara Investment & Securities,100,505.7,50570.0,2025-07-22 13:53:39.736141
2025-07-22,60394,2025072203032273,SFCL,Opal Securities Investment (PVT) Ltd.,Aryatara Investment & Securities,466,505.8,235702.8,2025-07-22 13:53:39.736286
2025-07-22,60393,2025072203032274,SFCL,Opal Securities Investment (PVT) Ltd.,Siprabi Securities Pvt. Ltd.,849,505.8,429424.2,2025-07-22 13:53:39.736435
2025-07-22,57991,2025072203032671,SFCL,Secured Securities Ltd.,Siprabi Securities Pvt. Ltd.,51,505.8,25795.8,2025-07-22 13:56:38.675703
2025-07-22,55520,2025072203033035,SFCL,Bhrikuti Stock Broking Co. Pvt. Ltd.,Aakashbhairab Securities Ltd.,98,505.9,49578.2,2025-07-22 13:59:54.215895
2025-07-22,55092,2025072203033106,SFCL,Bhrikuti Stock Broking Co. Pvt. Ltd.,Deevyaa Securities & Stock House Pvt. Ltd,17,505.0,8585.0,2025-07-22 14:00:38.588811
2025-07-22,55091,2025072203033107,SFCL,Roadshow securities limited,Deevyaa Securities & Stock House Pvt. Ltd,383,505.0,193415.0,2025-07-22 14:00:38.589087
2025-07-22,53567,2025072203033380,SFCL,Roadshow securities limited,Vision Securities Pvt. Ltd,100,505.0,50500.0,2025-07-22 14:02:33.667562
2025-07-22,52889,2025072203033491,SFCL,Roadshow securities limited,Naasa Securities Co. Ltd.,250,505.0,126250.0,2025-07-22 14:03:43.010141
2025-07-22,52762,2025072203033510,SFCL,Roadshow securities limited,Naasa Securities Co. Ltd.,17,505.0,8585.0,2025-07-22 14:03:55.262298
2025-07-22,52761,2025072203033511,SFCL,Capital Max Securities Ltd,Naasa Securities Co. Ltd.,33,505.0,16665.0,2025-07-22 14:03:55.262556
2025-07-22,50407,2025072203033833,SFCL,Sweta Securities Private Limited,Sani Securities Company Ltd.,50,505.3,25265.0,2025-07-22 14:06:41.271827
2025-07-22,50153,2025072203033863,SFCL,Elite Stock House Limited,Naasa Securities Co. Ltd.,100,505.0,50500.0,2025-07-22 14:07:04.561906
2025-07-22,50152,2025072203033864,SFCL,Elite Stock House Limited,Vision Securities Pvt. Ltd,7,505.0,3535.0,2025-07-22 14:07:04.562004
2025-07-22,49568,2025072203033927,SFCL,Linch Stock Market Ltd.,Sani Securities Company Ltd.,50,504.1,25205.0,2025-07-22 14:07:50.389010
2025-07-22,49567,2025072203033928,SFCL,Capital Max Securities Ltd,Sani Securities Company Ltd.,17,504.1,8569.7,2025-07-22 14:07:50.389659
2025-07-22,49566,2025072203033929,SFCL,Naasa Securities Co. Ltd.,Sani Securities Company Ltd.,35,504.0,17640.0,2025-07-22 14:07:50.390146
2025-07-22,49565,2025072203033930,SFCL,Siprabi Securities Pvt. Ltd.,Sani Securities Company Ltd.,100,504.0,50400.0,2025-07-22 14:07:50.390613
2025-07-22,49564,2025072203033931,SFCL,Nagarik Stock Dealer ,Sani Securities Company Ltd.,438,504.0,220752.0,2025-07-22 14:07:50.391134
2025-07-22,49563,2025072203033932,SFCL,Siprabi Securities Pvt. Ltd.,Sani Securities Company Ltd.,200,504.0,100800.0,2025-07-22 14:07:50.391651
2025-07-22,49562,2025072203033933,SFCL,Dakshinkali Investment & Securities Pvt. Ltd.,Sani Securities Company Ltd.,20,504.0,10080.0,2025-07-22 14:07:50.392218
2025-07-22,49561,2025072203033934,SFCL,Online Securities Pvt. Ltd.,Sani Securities Company Ltd.,40,504.0,20160.0,2025-07-22 14:07:50.392718
2025-07-22,49347,2025072203033965,SFCL,Online Securities Pvt. Ltd.,Market Securities & Exchange (PVT) Ltd.,10,504.0,5040.0,2025-07-22 14:08:10.804142
2025-07-22,49346,2025072203033966,SFCL,Property Wiard Limited,Market Securities & Exchange (PVT) Ltd.,100,504.0,50400.0,2025-07-22 14:08:10.804638
2025-07-22,49173,2025072203033986,SFCL,Trisul Securities & Invt. Ltd.,Market Securities & Exchange (PVT) Ltd.,35,504.0,17640.0,2025-07-22 14:08:23.097965
2025-07-22,48574,2025072203034129,SFCL,Trisul Securities & Invt. Ltd.,Sani Securities Company Ltd.,24,505.0,12120.0,2025-07-22 14:09:11.724039
2025-07-22,46986,2025072203034343,SFCL,Trisul Securities & Invt. Ltd.,Naasa Securities Co. Ltd.,90,505.0,45450.0,2025-07-22 14:11:14.694564
2025-07-22,46937,2025072203034355,SFCL,Siprabi Securities Pvt. Ltd.,Bhrikuti Stock Broking Co. Pvt. Ltd.,60,505.8,30348.0,2025-07-22 14:11:17.471017
2025-07-22,46741,2025072203034393,SFCL,Deevyaa Securities & Stock House Pvt. Ltd,Naasa Securities Co. Ltd.,10,503.1,5031.0,2025-07-22 14:11:34.963883
2025-07-22,43887,2025072203034823,SFCL,Trishakti Securities Public Limited,Aryatara Investment & Securities,100,504.0,50400.0,2025-07-22 14:15:10.345421
2025-07-22,43554,2025072203034911,SFCL,Sweta Securities Private Limited,Aryatara Investment & Securities,50,504.0,25200.0,2025-07-22 14:15:38.494166
2025-07-22,41776,2025072203035185,SFCL,Opal Securities Investment (PVT) Ltd.,Kohinoor Investment & Securities Pvt. Ltd.,20,504.0,10080.0,2025-07-22 14:18:16.027782
2025-07-22,41394,2025072203035238,SFCL,Trishakti Securities Public Limited,Secured Securities Ltd.,100,503.2,50320.0,2025-07-22 14:18:46.797649
2025-07-22,41393,2025072203035239,SFCL,Naasa Securities Co. Ltd.,Secured Securities Ltd.,10,503.2,5032.0,2025-07-22 14:18:46.797937
2025-07-22,41074,2025072203035291,SFCL,Naasa Securities Co. Ltd.,Citizens Share Broker Limited,310,503.2,155992.0,2025-07-22 14:19:11.651002
2025-07-22,41073,2025072203035292,SFCL,Deevyaa Securities & Stock House Pvt. Ltd,Citizens Share Broker Limited,185,503.1,93073.5,2025-07-22 14:19:11.651071
2025-07-22,41072,2025072203035293,SFCL,Premier Securities Company Ltd.,Citizens Share Broker Limited,100,503.0,50300.0,2025-07-22 14:19:11.651103
2025-07-22,41071,2025072203035294,SFCL,Nepal Stock House (PVT) Ltd.,Citizens Share Broker Limited,50,503.0,25150.0,2025-07-22 14:19:11.651130
2025-07-22,41070,2025072203035295,SFCL,Oxford Securities Pvt. Ltd.,Citizens Share Broker Limited,95,503.0,47785.0,2025-07-22 14:19:11.651177
2025-07-22,41069,2025072203035296,SFCL,Dakshinkali Investment & Securities Pvt. Ltd.,Citizens Share Broker Limited,20,503.0,10060.0,2025-07-22 14:19:11.651202
2025-07-22,41068,2025072203035297,SFCL,Naasa Securities Co. Ltd.,Citizens Share Broker Limited,24,503.0,12072.0,2025-07-22 14:19:11.651230
2025-07-22,41067,2025072203035298,SFCL,Aryatara Investment & Securities,Citizens Share Broker Limited,400,503.0,201200.0,2025-07-22 14:19:11.651257
2025-07-22,41066,2025072203035299,SFCL,Premier Securities Company Ltd.,Citizens Share Broker Limited,50,503.0,25150.0,2025-07-22 14:19:11.651284
2025-07-22,41065,2025072203035300,SFCL,Online Securities Pvt. Ltd.,Citizens Share Broker Limited,110,503.0,55330.0,2025-07-22 14:19:11.651308
2025-07-22,41064,2025072203035301,SFCL,Trishakti Securities Public Limited,Citizens Share Broker Limited,100,502.8,50280.0,2025-07-22 14:19:11.651331
2025-07-22,41063,2025072203035302,SFCL,South Asian Bulls Pvt. Ltd.,Citizens Share Broker Limited,100,502.8,50280.0,2025-07-22 14:19:11.651356
2025-07-22,41062,2025072203035303,SFCL,Naasa Securities Co. Ltd.,Citizens Share Broker Limited,100,502.0,50200.0,2025-07-22 14:19:11.651382
2025-07-22,41061,2025072203035304,SFCL,Sani Securities Company Ltd.,Citizens Share Broker Limited,20,502.0,10040.0,2025-07-22 14:19:11.651405
2025-07-22,41060,2025072203035305,SFCL,Nepal Stock House (PVT) Ltd.,Citizens Share Broker Limited,40,502.0,20080.0,2025-07-22 14:19:11.651434
2025-07-22,41059,2025072203035306,SFCL,Property Wiard Limited,Citizens Share Broker Limited,100,502.0,50200.0,2025-07-22 14:19:11.651461
2025-07-22,41058,2025072203035307,SFCL,Trisul Securities & Invt. Ltd.,Citizens Share Broker Limited,44,501.0,22044.0,2025-07-22 14:19:11.651488
2025-07-22,41057,2025072203035308,SFCL,Midas Stock Broking Company Private Limited,Citizens Share Broker Limited,19,500.0,9500.0,2025-07-22 14:19:11.651515
2025-07-22,41056,2025072203035309,SFCL,Nepal Stock House (PVT) Ltd.,Citizens Share Broker Limited,100,500.0,50000.0,2025-07-22 14:19:11.651542
2025-07-22,41055,2025072203035310,SFCL,Nepal Stock House (PVT) Ltd.,Citizens Share Broker Limited,33,500.0,16500.0,2025-07-22 14:19:11.651569
2025-07-22,39698,2025072203035492,SFCL,Sweta Securities Private Limited,Naasa Securities Co. Ltd.,50,501.0,25050.0,2025-07-22 14:20:47.195927
2025-07-22,39697,2025072203035493,SFCL,Nepal Stock House (PVT) Ltd.,Naasa Securities Co. Ltd.,17,500.0,8500.0,2025-07-22 14:20:47.196464
2025-07-22,39696,2025072203035494,SFCL,SUN SECURITIES PVT LTD,Naasa Securities Co. Ltd.,40,500.0,20000.0,2025-07-22 14:20:47.196786
2025-07-22,39695,2025072203035495,SFCL,Imperial Securities Company Pvt. Ltd.,Naasa Securities Co. Ltd.,100,500.0,50000.0,2025-07-22 14:20:47.197124
2025-07-22,39694,2025072203035496,SFCL,Linch Stock Market Ltd.,Naasa Securities Co. Ltd.,133,500.0,66500.0,2025-07-22 14:20:47.197439
2025-07-22,37900,2025072203035807,SFCL,Linch Stock Market Ltd.,Kohinoor Investment & Securities Pvt. Ltd.,17,500.0,8500.0,2025-07-22 14:23:01.841167
2025-07-22,37899,2025072203035808,SFCL,Naasa Securities Co. Ltd.,Kohinoor Investment & Securities Pvt. Ltd.,200,500.0,100000.0,2025-07-22 14:23:01.841440
2025-07-22,37898,2025072203035809,SFCL,Aryatara Investment & Securities,Kohinoor Investment & Securities Pvt. Ltd.,100,500.0,50000.0,2025-07-22 14:23:01.841571
2025-07-22,37897,2025072203035810,SFCL,Nepal Stock House (PVT) Ltd.,Kohinoor Investment & Securities Pvt. Ltd.,200,500.0,100000.0,2025-07-22 14:23:01.841695
2025-07-22,37896,2025072203035811,SFCL,Vision Securities Pvt. Ltd,Kohinoor Investment & Securities Pvt. Ltd.,100,500.0,50000.0,2025-07-22 14:23:01.841827
2025-07-22,37895,2025072203035812,SFCL,Property Wiard Limited,Kohinoor Investment & Securities Pvt. Ltd.,200,500.0,100000.0,2025-07-22 14:23:01.841957
2025-07-22,37894,2025072203035813,SFCL,Vision Securities Pvt. Ltd,Kohinoor Investment & Securities Pvt. Ltd.,1000,500.0,500000.0,2025-07-22 14:23:01.842082
2025-07-22,37893,2025072203035814,SFCL,Vision Securities Pvt. Ltd,Kohinoor Investment & Securities Pvt. Ltd.,260,500.0,130000.0,2025-07-22 14:23:01.842201
2025-07-22,37892,2025072203035815,SFCL,Nepal Stock House (PVT) Ltd.,Kohinoor Investment & Securities Pvt. Ltd.,100,500.0,50000.0,2025-07-22 14:23:01.842321
2025-07-22,37891,2025072203035816,SFCL,Imperial Securities Company Pvt. Ltd.,Kohinoor Investment & Securities Pvt. Ltd.,50,500.0,25000.0,2025-07-22 14:23:01.842442
2025-07-22,37890,2025072203035817,SFCL,Naasa Securities Co. Ltd.,Kohinoor Investment & Securities Pvt. Ltd.,10,500.0,5000.0,2025-07-22 14:23:01.842565
2025-07-22,37889,2025072203035818,SFCL,Naasa Securities Co. Ltd.,Kohinoor Investment & Securities Pvt. Ltd.,763,500.0,381500.0,2025-07-22 14:23:01.842677
2025-07-22,35587,2025072203036172,SFCL,Dakshinkali Investment & Securities Pvt. Ltd.,Agrawal Securities (PVT) Ltd.,70,503.8,35266.0,2025-07-22 14:25:22.250643
2025-07-22,34761,2025072203036345,SFCL,Premier Securities Company Ltd.,Kohinoor Investment & Securities Pvt. Ltd.,50,504.0,25200.0,2025-07-22 14:26:28.422652
2025-07-22,34760,2025072203036346,SFCL,Premier Securities Company Ltd.,Siprabi Securities Pvt. Ltd.,100,504.0,50400.0,2025-07-22 14:26:28.423067
2025-07-22,34495,2025072203036387,SFCL,Naasa Securities Co. Ltd.,Siprabi Securities Pvt. Ltd.,115,504.0,57960.0,2025-07-22 14:26:38.861007
2025-07-22,33197,2025072203036662,SFCL,Naasa Securities Co. Ltd.,Siprabi Securities Pvt. Ltd.,10,504.0,5040.0,2025-07-22 14:28:16.030223
2025-07-22,31915,2025072203036860,SFCL,Nabil Stock Dealer Ltd.,Sani Securities Company Ltd.,26,503.0,13078.0,2025-07-22 14:29:50.858967
2025-07-22,29860,2025072203037352,SFCL,Naasa Securities Co. Ltd.,Sagarmatha Securities Private Limited,200,501.0,100200.0,2025-07-22 14:32:27.016691
2025-07-22,29859,2025072203037353,SFCL,Naasa Securities Co. Ltd.,Sagarmatha Securities Private Limited,237,500.0,118500.0,2025-07-22 14:32:27.016968
2025-07-22,29858,2025072203037354,SFCL,Sewa Securities Pvt. Ltd.,Sagarmatha Securities Private Limited,60,500.0,30000.0,2025-07-22 14:32:27.017092
2025-07-22,29857,2025072203037355,SFCL,Vision Securities Pvt. Ltd,Sagarmatha Securities Private Limited,500,500.0,250000.0,2025-07-22 14:32:27.017197
2025-07-22,29710,2025072203037394,SFCL,Vision Securities Pvt. Ltd,Sagarmatha Securities Private Limited,400,501.0,200400.0,2025-07-22 14:32:41.110705
2025-07-22,29709,2025072203037395,SFCL,K.B.L. Securities Limited ,Sagarmatha Securities Private Limited,12,500.0,6000.0,2025-07-22 14:32:41.110961
2025-07-22,29708,2025072203037396,SFCL,Dakshinkali Investment & Securities Pvt. Ltd.,Sagarmatha Securities Private Limited,130,500.0,65000.0,2025-07-22 14:32:41.111078
2025-07-22,29707,2025072203037397,SFCL,Malla & Malla Stock Broking Company Pvt. Limited,Sagarmatha Securities Private Limited,40,500.0,20000.0,2025-07-22 14:32:41.111184
2025-07-22,29706,2025072203037398,SFCL,Sani Securities Company Ltd.,Sagarmatha Securities Private Limited,50,500.0,25000.0,2025-07-22 14:32:41.111291
2025-07-22,29705,2025072203037399,SFCL,Online Securities Pvt. Ltd.,Sagarmatha Securities Private Limited,100,500.0,50000.0,2025-07-22 14:32:41.111397
2025-07-22,29704,2025072203037400,SFCL,Naasa Securities Co. Ltd.,Sagarmatha Securities Private Limited,200,500.0,100000.0,2025-07-22 14:32:41.111503
2025-07-22,29703,2025072203037401,SFCL,Miyo Securities Pvt Ltd,Sagarmatha Securities Private Limited,68,499.8,33986.4,2025-07-22 14:32:41.111612
2025-07-22,29560,2025072203037438,SFCL,Miyo Securities Pvt Ltd,Sagarmatha Securities Private Limited,932,499.8,465813.6,2025-07-22 14:32:53.154513
2025-07-22,29012,2025072203037587,SFCL,Premier Securities Company Ltd.,Sagarmatha Securities Private Limited,45,499.8,22491.0,2025-07-22 14:33:31.701657
2025-07-22,28826,2025072203037646,SFCL,Aryatara Investment & Securities,Midas Stock Broking Company Private Limited,50,499.0,24950.0,2025-07-22 14:33:45.232316
2025-07-22,28825,2025072203037647,SFCL,Blue Chip Securities Ltd,Midas Stock Broking Company Private Limited,100,498.0,49800.0,2025-07-22 14:33:45.232658
2025-07-22,28824,2025072203037648,SFCL,ABC Securities Private Limited,Midas Stock Broking Company Private Limited,1777,498.0,884946.0,2025-07-22 14:33:45.232835
2025-07-22,27623,2025072203037974,SFCL,ABC Securities Private Limited,Sani Securities Company Ltd.,989,498.0,492522.0,2025-07-22 14:35:06.566620
2025-07-22,27517,2025072203037992,SFCL,Vision Securities Pvt. Ltd,Thrive Brokerage House Pvt. Ltd,1,495.0,495.0,2025-07-22 14:35:16.274847
2025-07-22,27274,2025072203038029,SFCL,Dipshikha Dhitopatra Karobar Co. Pvt Ltd.,Sagarmatha Securities Private Limited,26,499.0,12974.0,2025-07-22 14:35:36.139693
2025-07-22,26653,2025072203038186,SFCL,Naasa Securities Co. Ltd.,Dipshikha Dhitopatra Karobar Co. Pvt Ltd.,10,500.0,5000.0,2025-07-22 14:36:25.057920
2025-07-22,26273,2025072203038232,SFCL,Dipshikha Dhitopatra Karobar Co. Pvt Ltd.,Nepal Stock House (PVT) Ltd.,24,499.0,11976.0,2025-07-22 14:36:46.255081
2025-07-22,26272,2025072203038233,SFCL,Sani Securities Company Ltd.,Nepal Stock House (PVT) Ltd.,276,498.1,137475.6,2025-07-22 14:36:46.255590
2025-07-22,23608,2025072203038724,SFCL,Miyo Securities Pvt Ltd,Dipshikha Dhitopatra Karobar Co. Pvt Ltd.,40,500.0,20000.0,2025-07-22 14:40:22.346003
2025-07-22,23607,2025072203038725,SFCL,Miyo Securities Pvt Ltd,Neev Securities Pvt. Ltd.,100,500.0,50000.0,2025-07-22 14:40:22.346276
2025-07-22,22188,2025072203039020,SFCL,Himalayan Brokerage Company Limited,Naasa Securities Co. Ltd.,300,500.2,150060.0,2025-07-22 14:42:03.892539
2025-07-22,21535,2025072203039108,SFCL,Naasa Securities Co. Ltd.,Siprabi Securities Pvt. Ltd.,175,504.0,88200.0,2025-07-22 14:42:58.946500
2025-07-22,21534,2025072203039109,SFCL,Naasa Securities Co. Ltd.,Asian Securities Private Ltd.,25,504.0,12600.0,2025-07-22 14:42:58.946799
2025-07-22,21191,2025072203039154,SFCL,Vision Securities Pvt. Ltd,Asian Securities Private Ltd.,25,504.0,12600.0,2025-07-22 14:43:21.477877
2025-07-22,21190,2025072203039155,SFCL,Vision Securities Pvt. Ltd,South Asian Bulls Pvt. Ltd.,50,504.0,25200.0,2025-07-22 14:43:21.478175
2025-07-22,21189,2025072203039156,SFCL,Vision Securities Pvt. Ltd,Malla & Malla Stock Broking Company Pvt. Limited,24,504.0,12096.0,2025-07-22 14:43:21.478383
2025-07-22,21030,2025072203039188,SFCL,Shree Krishna Securities Ltd.,Malla & Malla Stock Broking Company Pvt. Limited,150,504.0,75600.0,2025-07-22 14:43:33.325328
2025-07-22,18146,2025072203039705,SFCL,Premier Securities Company Ltd.,Malla & Malla Stock Broking Company Pvt. Limited,11,504.0,5544.0,2025-07-22 14:46:21.874166
2025-07-22,17258,2025072203039873,SFCL,Agrawal Securities (PVT) Ltd.,Malla & Malla Stock Broking Company Pvt. Limited,10,504.0,5040.0,2025-07-22 14:47:25.688338
2025-07-22,17200,2025072203039878,SFCL,Malla & Malla Stock Broking Company Pvt. Limited,Malla & Malla Stock Broking Company Pvt. Limited,40,504.0,20160.0,2025-07-22 14:47:29.180517
2025-07-22,17198,2025072203039879,SFCL,Vision Securities Pvt. Ltd,Malla & Malla Stock Broking Company Pvt. Limited,200,504.0,100800.0,2025-07-22 14:47:29.320345
2025-07-22,16620,2025072203039957,SFCL,Kohinoor Investment & Securities Pvt. Ltd.,Neev Securities Pvt. Ltd.,78,503.0,39234.0,2025-07-22 14:48:01.999043
2025-07-22,16619,2025072203039958,SFCL,Himalayan Brokerage Company Limited,Neev Securities Pvt. Ltd.,22,502.1,11046.2,2025-07-22 14:48:01.999087
2025-07-22,15038,2025072203040318,SFCL,Naasa Securities Co. Ltd.,Kumari Securities Private Limited,10,503.0,5030.0,2025-07-22 14:49:42.473657
2025-07-22,14886,2025072203040350,SFCL,Secured Securities Ltd.,Kumari Securities Private Limited,50,503.0,25150.0,2025-07-22 14:49:50.894872
2025-07-22,14686,2025072203040407,SFCL,J.F. Securites (PVT) Ltd.,Sri Hari Securities Pvt. Ltd.,50,502.2,25110.0,2025-07-22 14:50:06.582114
2025-07-22,14685,2025072203040408,SFCL,Himalayan Brokerage Company Limited,Sri Hari Securities Pvt. Ltd.,78,502.1,39163.8,2025-07-22 14:50:06.582406
2025-07-22,14684,2025072203040409,SFCL,Kumari Securities Private Limited,Sri Hari Securities Pvt. Ltd.,50,502.0,25100.0,2025-07-22 14:50:06.582536
2025-07-22,14683,2025072203040410,SFCL,Premier Securities Company Ltd.,Sri Hari Securities Pvt. Ltd.,222,502.0,111444.0,2025-07-22 14:50:06.582670
2025-07-22,14606,2025072203040425,SFCL,Asian Securities Private Ltd.,Kumari Securities Private Limited,100,503.0,50300.0,2025-07-22 14:50:09.895242
2025-07-22,13789,2025072203040536,SFCL,Miyo Securities Pvt Ltd,Kumari Securities Private Limited,846,503.0,425538.0,2025-07-22 14:50:53.973663
2025-07-22,13451,2025072203040599,SFCL,Miyo Securities Pvt Ltd,Sani Securities Company Ltd.,500,503.0,251500.0,2025-07-22 14:51:17.594229
2025-07-22,13037,2025072203040682,SFCL,Miyo Securities Pvt Ltd,Premier Securities Company Ltd.,200,503.0,100600.0,2025-07-22 14:51:42.514543
2025-07-22,12789,2025072203040719,SFCL,Miyo Securities Pvt Ltd,Malla & Malla Stock Broking Company Pvt. Limited,65,503.0,32695.0,2025-07-22 14:51:58.825525
2025-07-22,11492,2025072203040991,SFCL,Miyo Securities Pvt Ltd,Sundhara Securities Limited,249,503.0,125247.0,2025-07-22 14:53:07.531686
2025-07-22,11491,2025072203040992,SFCL,Vision Securities Pvt. Ltd,Sundhara Securities Limited,200,503.0,100600.0,2025-07-22 14:53:07.531963
2025-07-22,11490,2025072203040993,SFCL,Premier Securities Company Ltd.,Sundhara Securities Limited,216,502.0,108432.0,2025-07-22 14:53:07.532173
2025-07-22,11116,2025072203041052,SFCL,Premier Securities Company Ltd.,Naasa Securities Co. Ltd.,500,502.0,251000.0,2025-07-22 14:53:25.414316
2025-07-22,10943,2025072203041088,SFCL,Premier Securities Company Ltd.,Naasa Securities Co. Ltd.,62,502.0,31124.0,2025-07-22 14:53:35.648008
2025-07-22,10942,2025072203041089,SFCL,Online Securities Pvt. Ltd.,Naasa Securities Co. Ltd.,438,502.0,219876.0,2025-07-22 14:53:35.648283
2025-07-22,10920,2025072203041091,SFCL,Online Securities Pvt. Ltd.,Trademow Securities Private Limited,62,502.0,31124.0,2025-07-22 14:53:36.319189
2025-07-22,10919,2025072203041092,SFCL,Nepal Investment And Securities Trading Private Limited,Trademow Securities Private Limited,72,502.0,36144.0,2025-07-22 14:53:36.319715
2025-07-22,10693,2025072203041120,SFCL,Imperial Securities Company Pvt. Ltd.,Trademow Securities Private Limited,75,502.0,37650.0,2025-07-22 14:53:48.009431
2025-07-22,10664,2025072203041123,SFCL,Vision Securities Pvt. Ltd,Trademow Securities Private Limited,100,502.0,50200.0,2025-07-22 14:53:50.255252
2025-07-22,10105,2025072203041230,SFCL,Naasa Securities Co. Ltd.,Trademow Securities Private Limited,191,502.0,95882.0,2025-07-22 14:54:16.641340
2025-07-22,8586,2025072203041475,SFCL,Malla & Malla Stock Broking Company Pvt. Limited,Trademow Securities Private Limited,60,503.0,30180.0,2025-07-22 14:55:20.301410
2025-07-22,7937,2025072203041599,SFCL,Deevyaa Securities & Stock House Pvt. Ltd,Trademow Securities Private Limited,100,503.0,50300.0,2025-07-22 14:55:51.011378
2025-07-22,7105,2025072203041754,SFCL,South Asian Bulls Pvt. Ltd.,Trademow Securities Private Limited,100,503.0,50300.0,2025-07-22 14:56:31.946003
2025-07-22,5918,2025072203041985,SFCL,Imperial Securities Company Pvt. Ltd.,Trademow Securities Private Limited,240,503.0,120720.0,2025-07-22 14:57:21.817535
2025-07-22,5917,2025072203041986,SFCL,Imperial Securities Company Pvt. Ltd.,Asian Securities Private Ltd.,120,503.0,60360.0,2025-07-22 14:57:21.817788
2025-07-22,5916,2025072203041987,SFCL,Imperial Securities Company Pvt. Ltd.,Thrive Brokerage House Pvt. Ltd,40,503.0,20120.0,2025-07-22 14:57:21.817906
2025-07-22,5626,2025072203042053,SFCL,Naasa Securities Co. Ltd.,Linch Stock Market Ltd.,50,502.0,25100.0,2025-07-22 14:57:30.194233
2025-07-22,5320,2025072203042099,SFCL,Shree Krishna Securities Ltd.,Thrive Brokerage House Pvt. Ltd,60,503.0,30180.0,2025-07-22 14:57:41.791808
2025-07-22,3427,2025072203042411,SFCL,Primo Securities (PVT) Ltd.,Dipshikha Dhitopatra Karobar Co. Pvt Ltd.,10,503.0,5030.0,2025-07-22 14:58:42.920240
2025-07-22,3305,2025072203042442,SFCL,Midas Stock Broking Company Private Limited,Deevyaa Securities & Stock House Pvt. Ltd,10,503.8,5038.0,2025-07-22 14:58:46.848886
2025-07-22,3261,2025072203042448,SFCL,Primo Securities (PVT) Ltd.,Imperial Securities Company Pvt. Ltd.,10,503.0,5030.0,2025-07-22 14:58:48.512409
2025-07-22,2917,2025072203042521,SFCL,Primo Securities (PVT) Ltd.,Agrawal Securities (PVT) Ltd.,50,503.0,25150.0,2025-07-22 14:58:58.311829
2025-07-22,2297,2025072203042657,SFCL,Naasa Securities Co. Ltd.,Deevyaa Securities & Stock House Pvt. Ltd,90,503.8,45342.0,2025-07-22 14:59:15.685787
2025-07-22,2181,2025072203042671,SFCL,Naasa Securities Co. Ltd.,Shree Krishna Securities Ltd.,10,503.8,5038.0,2025-07-22 14:59:18.359462
2025-07-22,2180,2025072203042672,SFCL,Primo Securities (PVT) Ltd.,Shree Krishna Securities Ltd.,100,503.0,50300.0,2025-07-22 14:59:18.359723
2025-07-22,1400,2025072203042821,SFCL,Capital Max Securities Ltd,Bhrikuti Stock Broking Co. Pvt. Ltd.,50,503.9,25195.0,2025-07-22 14:59:32.980526
2025-07-22,1399,2025072203042822,SFCL,Capital Max Securities Ltd,Vision Securities Pvt. Ltd,150,503.9,75585.0,2025-07-22 14:59:32.980778
2025-07-22,206,2025072203043099,SFCL,Dipshikha Dhitopatra Karobar Co. Pvt Ltd.,Dipshikha Dhitopatra Karobar Co. Pvt Ltd.,100,503.8,50380.0,2025-07-22 14:59:56.259758
2025-07-22,205,2025072203043100,SFCL,Primo Securities (PVT) Ltd.,Dipshikha Dhitopatra Karobar Co. Pvt Ltd.,30,503.0,15090.0,2025-07-22 14:59:56.260042
2025-07-22,204,2025072203043101,SFCL,Dipshikha Dhitopatra Karobar Co. Pvt Ltd.,Dipshikha Dhitopatra Karobar Co. Pvt Ltd.,170,503.0,85510.0,2025-07-22 14:59:56.260160
