Date,S.N.,contract_id,symbol,buyer_broker,seller_broker,volume,price,amount,transaction_time
2025-07-22,168904,2025072201001592,TPC,Sani Securities Company Ltd.,Ashutosh Brokerage & Securities (PVT) Ltd.,30,390.0,11700.0,2025-07-22 11:14:37.003378
2025-07-22,168903,2025072201001593,TPC,Nepal Investment And Securities Trading Private Limited,Ashutosh Brokerage & Securities (PVT) Ltd.,70,390.0,27300.0,2025-07-22 11:14:37.003441
2025-07-22,168097,2025072201001774,TPC,Aryatara Investment & Securities,Imperial Securities Company Pvt. Ltd.,10,390.1,3901.0,2025-07-22 11:15:47.003310
2025-07-22,166475,2025072201002089,TPC,Trishakti Securities Public Limited,Naasa Securities Co. Ltd.,800,391.0,312800.0,2025-07-22 11:18:37.645490
2025-07-22,166147,2025072201002167,TPC,Trishakti Securities Public Limited,Trisul Securities & Invt. Ltd.,200,391.0,78200.0,2025-07-22 11:19:11.073210
2025-07-22,166146,2025072201002168,TPC,Online Securities Pvt. Ltd.,Trisul Securities & Invt. Ltd.,200,391.0,78200.0,2025-07-22 11:19:11.073360
2025-07-22,165946,2025072201002232,TPC,Online Securities Pvt. Ltd.,Siprabi Securities Pvt. Ltd.,20,391.0,7820.0,2025-07-22 11:19:32.183141
2025-07-22,165777,2025072201002278,TPC,Online Securities Pvt. Ltd.,Linch Stock Market Ltd.,400,391.0,156400.0,2025-07-22 11:19:46.888605
2025-07-22,165501,2025072201002339,TPC,Dynamic Money Managers Securities Pvt. Ltd.,ABC Securities Private Limited,100,395.0,39500.0,2025-07-22 11:20:15.819526
2025-07-22,165370,2025072201002374,TPC,Dynamic Money Managers Securities Pvt. Ltd.,Oxford Securities Pvt. Ltd.,10,397.0,3970.0,2025-07-22 11:20:28.674448
2025-07-22,165369,2025072201002375,TPC,Dynamic Money Managers Securities Pvt. Ltd.,Market Securities & Exchange (PVT) Ltd.,156,398.0,62088.0,2025-07-22 11:20:28.674504
2025-07-22,165368,2025072201002376,TPC,Dynamic Money Managers Securities Pvt. Ltd.,Himalayan Brokerage Company Limited,1334,398.0,530932.0,2025-07-22 11:20:28.674538
2025-07-22,164178,2025072201002672,TPC,Online Securities Pvt. Ltd.,Sri Hari Securities Pvt. Ltd.,500,397.9,198950.0,2025-07-22 11:22:08.063559
2025-07-22,164177,2025072201002673,TPC,Online Securities Pvt. Ltd.,Himalayan Brokerage Company Limited,130,398.0,51740.0,2025-07-22 11:22:08.063624
2025-07-22,161738,2025072201003282,TPC,J.F. Securites (PVT) Ltd.,Online Securities Pvt. Ltd.,100,395.0,39500.0,2025-07-22 11:25:47.552477
2025-07-22,161157,2025072201003399,TPC,Online Securities Pvt. Ltd.,Online Securities Pvt. Ltd.,10,391.9,3919.0,2025-07-22 11:26:40.478187
2025-07-22,160553,2025072201003561,TPC,Online Securities Pvt. Ltd.,Online Securities Pvt. Ltd.,300,391.0,117300.0,2025-07-22 11:27:39.873672
2025-07-22,160387,2025072201003607,TPC,Online Securities Pvt. Ltd.,Naasa Securities Co. Ltd.,20,391.0,7820.0,2025-07-22 11:27:59.518943
2025-07-22,160113,2025072201003669,TPC,Online Securities Pvt. Ltd.,Premier Securities Company Ltd.,15,391.0,5865.0,2025-07-22 11:28:31.058003
2025-07-22,159872,2025072201003732,TPC,Online Securities Pvt. Ltd.,Imperial Securities Company Pvt. Ltd.,45,391.0,17595.0,2025-07-22 11:28:55.661957
2025-07-22,159871,2025072201003733,TPC,South Asian Bulls Pvt. Ltd.,Imperial Securities Company Pvt. Ltd.,20,391.0,7820.0,2025-07-22 11:28:55.662043
2025-07-22,159870,2025072201003734,TPC,Imperial Securities Company Pvt. Ltd.,Imperial Securities Company Pvt. Ltd.,100,391.0,39100.0,2025-07-22 11:28:55.662080
2025-07-22,159869,2025072201003735,TPC,J.F. Securites (PVT) Ltd.,Imperial Securities Company Pvt. Ltd.,100,391.0,39100.0,2025-07-22 11:28:55.662123
2025-07-22,159868,2025072201003736,TPC,Trishakti Securities Public Limited,Imperial Securities Company Pvt. Ltd.,100,391.0,39100.0,2025-07-22 11:28:55.662159
2025-07-22,158133,2025072201004159,TPC,Trishakti Securities Public Limited,Imperial Securities Company Pvt. Ltd.,20,391.0,7820.0,2025-07-22 11:31:33.949851
2025-07-22,157995,2025072201004185,TPC,Trisul Securities & Invt. Ltd.,Trisul Securities & Invt. Ltd.,300,390.5,117150.0,2025-07-22 11:31:45.522588
2025-07-22,157805,2025072201004234,TPC,Imperial Securities Company Pvt. Ltd.,Imperial Securities Company Pvt. Ltd.,15,391.0,5865.0,2025-07-22 11:32:08.992874
2025-07-22,151917,2025072201005635,TPC,Imperial Securities Company Pvt. Ltd.,Imperial Securities Company Pvt. Ltd.,95,392.0,37240.0,2025-07-22 11:40:15.416564
2025-07-22,151211,2025072201005800,TPC,Trisul Securities & Invt. Ltd.,Imperial Securities Company Pvt. Ltd.,45,390.5,17572.5,2025-07-22 11:41:12.476793
2025-07-22,144967,2025072201007448,TPC,Sani Securities Company Ltd.,Naasa Securities Co. Ltd.,25,391.0,9775.0,2025-07-22 11:48:10.253007
2025-07-22,144426,2025072201007566,TPC,Market Securities & Exchange (PVT) Ltd.,Sweta Securities Private Limited,130,392.0,50960.0,2025-07-22 11:48:41.176041
2025-07-22,142815,2025072201007927,TPC,Sani Securities Company Ltd.,Siprabi Securities Pvt. Ltd.,50,393.0,19650.0,2025-07-22 11:50:29.171768
2025-07-22,142243,2025072201008061,TPC,Nagarik Stock Dealer ,Sumeru Securities Pvt. Ltd.,500,392.0,196000.0,2025-07-22 11:51:10.313568
2025-07-22,137059,2025072201009386,TPC,Online Securities Pvt. Ltd.,Siprabi Securities Pvt. Ltd.,43,395.0,16985.0,2025-07-22 11:57:17.590624
2025-07-22,137058,2025072201009387,TPC,Online Securities Pvt. Ltd.,Vision Securities Pvt. Ltd,150,395.9,59385.0,2025-07-22 11:57:17.590809
2025-07-22,137057,2025072201009388,TPC,Online Securities Pvt. Ltd.,Kumari Securities Private Limited,220,396.0,87120.0,2025-07-22 11:57:17.590940
2025-07-22,137056,2025072201009389,TPC,Online Securities Pvt. Ltd.,Dakshinkali Investment & Securities Pvt. Ltd.,10,396.0,3960.0,2025-07-22 11:57:17.591067
2025-07-22,137055,2025072201009390,TPC,Online Securities Pvt. Ltd.,Hatemalo Financial Services Private Limited,100,397.0,39700.0,2025-07-22 11:57:17.591199
2025-07-22,137054,2025072201009391,TPC,Online Securities Pvt. Ltd.,Aryatara Investment & Securities,277,397.8,110190.6,2025-07-22 11:57:17.591315
2025-07-22,136255,2025072201009617,TPC,Online Securities Pvt. Ltd.,Aryatara Investment & Securities,103,397.8,40973.4,2025-07-22 11:58:25.509805
2025-07-22,136254,2025072201009618,TPC,Online Securities Pvt. Ltd.,Market Securities & Exchange (PVT) Ltd.,97,397.8,38586.6,2025-07-22 11:58:25.509910
2025-07-22,134992,2025072201009970,TPC,Kohinoor Investment & Securities Pvt. Ltd.,Market Securities & Exchange (PVT) Ltd.,50,397.8,19890.0,2025-07-22 11:59:56.009498
2025-07-22,134168,2025072201010189,TPC,SUN SECURITIES PVT LTD,Siprabi Securities Pvt. Ltd.,25,397.0,9925.0,2025-07-22 12:01:04.719842
2025-07-22,133397,2025072201010426,TPC,Imperial Securities Company Pvt. Ltd.,Siprabi Securities Pvt. Ltd.,10,397.0,3970.0,2025-07-22 12:02:09.841222
2025-07-22,131428,2025072201010879,TPC,Sani Securities Company Ltd.,Siprabi Securities Pvt. Ltd.,15,395.1,5926.5,2025-07-22 12:04:24.829688
2025-07-22,130986,2025072201010958,TPC,Sani Securities Company Ltd.,Naasa Securities Co. Ltd.,20,395.1,7902.0,2025-07-22 12:04:51.991146
2025-07-22,129179,2025072201011444,TPC,Sani Securities Company Ltd.,INDEX SECURITIES LIMITED,50,395.1,19755.0,2025-07-22 12:07:02.280063
2025-07-22,129178,2025072201011445,TPC,Online Securities Pvt. Ltd.,INDEX SECURITIES LIMITED,1450,395.0,572750.0,2025-07-22 12:07:02.280183
2025-07-22,128295,2025072201011686,TPC,Online Securities Pvt. Ltd.,Hatemalo Financial Services Private Limited,100,395.0,39500.0,2025-07-22 12:08:17.485151
2025-07-22,126427,2025072201012196,TPC,Online Securities Pvt. Ltd.,Aryatara Investment & Securities,450,395.0,177750.0,2025-07-22 12:11:12.775322
2025-07-22,126426,2025072201012197,TPC,Online Securities Pvt. Ltd.,Aryatara Investment & Securities,20,395.0,7900.0,2025-07-22 12:11:12.775432
2025-07-22,123757,2025072201012929,TPC,Dakshinkali Investment & Securities Pvt. Ltd.,Trishakti Securities Public Limited,200,394.1,78820.0,2025-07-22 12:15:41.499009
2025-07-22,122591,2025072201013235,TPC,Dakshinkali Investment & Securities Pvt. Ltd.,ABC Securities Private Limited,200,394.1,78820.0,2025-07-22 12:17:09.675935
2025-07-22,120673,2025072201013681,TPC,Premier Securities Company Ltd.,Bhrikuti Stock Broking Co. Pvt. Ltd.,10,394.2,3942.0,2025-07-22 12:19:48.040929
2025-07-22,118991,2025072201014118,TPC,Nepal Stock House (PVT) Ltd.,Naasa Securities Co. Ltd.,500,395.0,197500.0,2025-07-22 12:22:06.169172
2025-07-22,118990,2025072201014119,TPC,Premier Securities Company Ltd.,Naasa Securities Co. Ltd.,20,394.2,7884.0,2025-07-22 12:22:06.169428
2025-07-22,118989,2025072201014120,TPC,Nepal Stock House (PVT) Ltd.,Naasa Securities Co. Ltd.,500,394.2,197100.0,2025-07-22 12:22:06.169587
2025-07-22,118988,2025072201014121,TPC,Sani Securities Company Ltd.,Naasa Securities Co. Ltd.,100,394.2,39420.0,2025-07-22 12:22:06.169738
2025-07-22,118987,2025072201014122,TPC,Dakshinkali Investment & Securities Pvt. Ltd.,Naasa Securities Co. Ltd.,600,394.1,236460.0,2025-07-22 12:22:06.169889
2025-07-22,118986,2025072201014123,TPC,Market Securities & Exchange (PVT) Ltd.,Naasa Securities Co. Ltd.,200,393.2,78640.0,2025-07-22 12:22:06.170065
2025-07-22,118985,2025072201014124,TPC,Naasa Securities Co. Ltd.,Naasa Securities Co. Ltd.,10,393.0,3930.0,2025-07-22 12:22:06.170222
2025-07-22,118984,2025072201014125,TPC,Imperial Securities Company Pvt. Ltd.,Naasa Securities Co. Ltd.,100,393.0,39300.0,2025-07-22 12:22:06.170374
2025-07-22,118983,2025072201014126,TPC,Vision Securities Pvt. Ltd,Naasa Securities Co. Ltd.,970,393.0,381210.0,2025-07-22 12:22:06.170519
2025-07-22,116775,2025072201014751,TPC,Online Securities Pvt. Ltd.,Trishakti Securities Public Limited,50,395.9,19795.0,2025-07-22 12:25:29.456126
2025-07-22,116774,2025072201014752,TPC,Online Securities Pvt. Ltd.,SHUBHAKAMANA SECURITIES PVT. LTD,250,395.9,98975.0,2025-07-22 12:25:29.456252
2025-07-22,116143,2025072201014876,TPC,Online Securities Pvt. Ltd.,Aryatara Investment & Securities,230,396.0,91080.0,2025-07-22 12:26:17.475916
2025-07-22,114994,2025072201015097,TPC,Nepal Investment And Securities Trading Private Limited,Aryatara Investment & Securities,15,396.0,5940.0,2025-07-22 12:27:41.214330
2025-07-22,106257,2025072201017378,TPC,Bhrikuti Stock Broking Co. Pvt. Ltd.,ABC Securities Private Limited,100,394.0,39400.0,2025-07-22 12:41:40.790589
2025-07-22,105354,2025072201017612,TPC,Bhrikuti Stock Broking Co. Pvt. Ltd.,Nagarik Stock Dealer ,355,394.0,139870.0,2025-07-22 12:43:10.679535
2025-07-22,105353,2025072201017613,TPC,Nepal Stock House (PVT) Ltd.,Nagarik Stock Dealer ,120,394.0,47280.0,2025-07-22 12:43:10.679690
2025-07-22,105352,2025072201017614,TPC,Aryatara Investment & Securities,Nagarik Stock Dealer ,100,394.0,39400.0,2025-07-22 12:43:10.679759
2025-07-22,105351,2025072201017615,TPC,ABC Securities Private Limited,Nagarik Stock Dealer ,125,394.0,49250.0,2025-07-22 12:43:10.679811
2025-07-22,104734,2025072201017801,TPC,ABC Securities Private Limited,Imperial Securities Company Pvt. Ltd.,75,394.0,29550.0,2025-07-22 12:44:09.704391
2025-07-22,104733,2025072201017802,TPC,Naasa Securities Co. Ltd.,Imperial Securities Company Pvt. Ltd.,12,394.0,4728.0,2025-07-22 12:44:09.704546
2025-07-22,104732,2025072201017803,TPC,Imperial Securities Company Pvt. Ltd.,Imperial Securities Company Pvt. Ltd.,100,393.0,39300.0,2025-07-22 12:44:09.704601
2025-07-22,104731,2025072201017804,TPC,Nepal Stock House (PVT) Ltd.,Imperial Securities Company Pvt. Ltd.,500,393.0,196500.0,2025-07-22 12:44:09.704651
2025-07-22,104039,2025072201017971,TPC,Aryatara Investment & Securities,Imperial Securities Company Pvt. Ltd.,290,393.0,113970.0,2025-07-22 12:45:34.956516
2025-07-22,103806,2025072201018040,TPC,Online Securities Pvt. Ltd.,Imperial Securities Company Pvt. Ltd.,23,393.0,9039.0,2025-07-22 12:46:00.792716
2025-07-22,103256,2025072201018191,TPC,Online Securities Pvt. Ltd.,Imperial Securities Company Pvt. Ltd.,27,395.0,10665.0,2025-07-22 12:47:07.067224
2025-07-22,102167,2025072201018505,TPC,Siprabi Securities Pvt. Ltd.,Nagarik Stock Dealer ,30,393.0,11790.0,2025-07-22 12:48:52.212156
2025-07-22,102166,2025072201018506,TPC,Trishakti Securities Public Limited,Nagarik Stock Dealer ,500,393.0,196500.0,2025-07-22 12:48:52.212279
2025-07-22,101603,2025072201018640,TPC,Capital Max Securities Ltd,Nagarik Stock Dealer ,50,392.2,19610.0,2025-07-22 12:49:46.315306
2025-07-22,99573,2025072201019192,TPC,Capital Max Securities Ltd,Dipshikha Dhitopatra Karobar Co. Pvt Ltd.,50,392.2,19610.0,2025-07-22 12:53:28.454763
2025-07-22,99572,2025072201019193,TPC,Sewa Securities Pvt. Ltd.,Dipshikha Dhitopatra Karobar Co. Pvt Ltd.,200,392.2,78440.0,2025-07-22 12:53:28.454881
2025-07-22,99571,2025072201019194,TPC,Nepal Stock House (PVT) Ltd.,Dipshikha Dhitopatra Karobar Co. Pvt Ltd.,150,392.1,58815.0,2025-07-22 12:53:28.454943
2025-07-22,95345,2025072201020337,TPC,Nepal Stock House (PVT) Ltd.,Citizens Share Broker Limited,350,392.1,137235.0,2025-07-22 13:00:59.831487
2025-07-22,95344,2025072201020338,TPC,Aryatara Investment & Securities,Citizens Share Broker Limited,20,392.1,7842.0,2025-07-22 13:00:59.831776
2025-07-22,95343,2025072201020339,TPC,Naasa Securities Co. Ltd.,Citizens Share Broker Limited,60,392.0,23520.0,2025-07-22 13:00:59.831947
2025-07-22,95342,2025072201020340,TPC,Vision Securities Pvt. Ltd,Citizens Share Broker Limited,530,392.0,207760.0,2025-07-22 13:00:59.832137
2025-07-22,95341,2025072201020341,TPC,Global IME Securities Limited,Citizens Share Broker Limited,10,392.0,3920.0,2025-07-22 13:00:59.832330
2025-07-22,94229,2025072201020612,TPC,Thrive Brokerage House Pvt. Ltd,Sundhara Securities Limited,10,391.2,3912.0,2025-07-22 13:02:44.729217
2025-07-22,93375,2025072201020849,TPC,Thrive Brokerage House Pvt. Ltd,Asian Securities Private Ltd.,10,391.2,3912.0,2025-07-22 13:04:15.080178
2025-07-22,91744,2025072201021301,TPC,Thrive Brokerage House Pvt. Ltd,Naasa Securities Co. Ltd.,900,391.2,352080.0,2025-07-22 13:07:00.361174
2025-07-22,91743,2025072201021302,TPC,Capital Max Securities Ltd,Naasa Securities Co. Ltd.,100,391.1,39110.0,2025-07-22 13:07:00.361295
2025-07-22,91742,2025072201021303,TPC,Online Securities Pvt. Ltd.,Naasa Securities Co. Ltd.,500,391.0,195500.0,2025-07-22 13:07:00.361345
2025-07-22,91741,2025072201021304,TPC,Neev Securities Pvt. Ltd.,Naasa Securities Co. Ltd.,100,390.9,39090.0,2025-07-22 13:07:00.361396
2025-07-22,91740,2025072201021305,TPC,Capital Max Securities Ltd,Naasa Securities Co. Ltd.,100,390.8,39080.0,2025-07-22 13:07:00.361445
2025-07-22,91739,2025072201021306,TPC,Trisul Securities & Invt. Ltd.,Naasa Securities Co. Ltd.,655,390.5,255777.5,2025-07-22 13:07:00.361491
2025-07-22,91738,2025072201021307,TPC,Hatemalo Financial Services Private Limited,Naasa Securities Co. Ltd.,200,390.2,78040.0,2025-07-22 13:07:00.361536
2025-07-22,91737,2025072201021308,TPC,Imperial Securities Company Pvt. Ltd.,Naasa Securities Co. Ltd.,230,390.0,89700.0,2025-07-22 13:07:00.361583
2025-07-22,91736,2025072201021309,TPC,Dakshinkali Investment & Securities Pvt. Ltd.,Naasa Securities Co. Ltd.,500,390.0,195000.0,2025-07-22 13:07:00.361634
2025-07-22,91735,2025072201021310,TPC,South Asian Bulls Pvt. Ltd.,Naasa Securities Co. Ltd.,200,390.0,78000.0,2025-07-22 13:07:00.361680
2025-07-22,91734,2025072201021311,TPC,Aryatara Investment & Securities,Naasa Securities Co. Ltd.,200,390.0,78000.0,2025-07-22 13:07:00.361732
2025-07-22,91733,2025072201021312,TPC,Kumari Securities Private Limited,Naasa Securities Co. Ltd.,100,390.0,39000.0,2025-07-22 13:07:00.361774
2025-07-22,91732,2025072201021313,TPC,SUN SECURITIES PVT LTD,Naasa Securities Co. Ltd.,100,390.0,39000.0,2025-07-22 13:07:00.361819
2025-07-22,91731,2025072201021314,TPC,Sani Securities Company Ltd.,Naasa Securities Co. Ltd.,50,390.0,19500.0,2025-07-22 13:07:00.361861
2025-07-22,91730,2025072201021315,TPC,Dakshinkali Investment & Securities Pvt. Ltd.,Naasa Securities Co. Ltd.,255,390.0,99450.0,2025-07-22 13:07:00.361905
2025-07-22,91729,2025072201021316,TPC,Cristal Kanchanjanga Securites Pvt. Ltd.,Naasa Securities Co. Ltd.,300,390.0,117000.0,2025-07-22 13:07:00.361946
2025-07-22,91728,2025072201021317,TPC,N.M.B. SECURITIES LIMITED,Naasa Securities Co. Ltd.,510,390.0,198900.0,2025-07-22 13:07:00.361990
2025-07-22,89425,2025072201021884,TPC,N.M.B. SECURITIES LIMITED,Kalika Securities Pvt. Ltd.,490,390.0,191100.0,2025-07-22 13:10:32.109035
2025-07-22,89424,2025072201021885,TPC,Naasa Securities Co. Ltd.,Kalika Securities Pvt. Ltd.,100,390.0,39000.0,2025-07-22 13:10:32.109151
2025-07-22,89423,2025072201021886,TPC,Premier Securities Company Ltd.,Kalika Securities Pvt. Ltd.,50,390.0,19500.0,2025-07-22 13:10:32.109218
2025-07-22,89422,2025072201021887,TPC,Sweta Securities Private Limited,Kalika Securities Pvt. Ltd.,50,390.0,19500.0,2025-07-22 13:10:32.109271
2025-07-22,89421,2025072201021888,TPC,Nepal Stock House (PVT) Ltd.,Kalika Securities Pvt. Ltd.,20,390.0,7800.0,2025-07-22 13:10:32.109318
2025-07-22,89420,2025072201021889,TPC,Kalika Securities Pvt. Ltd.,Kalika Securities Pvt. Ltd.,75,390.0,29250.0,2025-07-22 13:10:32.109387
2025-07-22,89419,2025072201021890,TPC,Imperial Securities Company Pvt. Ltd.,Kalika Securities Pvt. Ltd.,100,390.0,39000.0,2025-07-22 13:10:32.109449
2025-07-22,89418,2025072201021891,TPC,Naasa Securities Co. Ltd.,Kalika Securities Pvt. Ltd.,115,390.0,44850.0,2025-07-22 13:10:32.109524
2025-07-22,89311,2025072201021928,TPC,Naasa Securities Co. Ltd.,Naasa Securities Co. Ltd.,485,390.0,189150.0,2025-07-22 13:10:39.546806
2025-07-22,87030,2025072201022645,TPC,Neev Securities Pvt. Ltd.,Naasa Securities Co. Ltd.,1000,390.0,390000.0,2025-07-22 13:13:38.439505
2025-07-22,86995,2025072201022659,TPC,Online Securities Pvt. Ltd.,Oxford Securities Pvt. Ltd.,10,389.0,3890.0,2025-07-22 13:13:42.010361
2025-07-22,86660,2025072201022756,TPC,Online Securities Pvt. Ltd.,Citizens Share Broker Limited,30,389.0,11670.0,2025-07-22 13:14:03.417220
2025-07-22,86477,2025072201022808,TPC,Sani Securities Company Ltd.,Naasa Securities Co. Ltd.,10,390.0,3900.0,2025-07-22 13:14:19.596590
2025-07-22,85417,2025072201023057,TPC,Online Securities Pvt. Ltd.,Sani Securities Company Ltd.,10,389.0,3890.0,2025-07-22 13:15:55.097019
2025-07-22,85416,2025072201023058,TPC,Trisul Securities & Invt. Ltd.,Sani Securities Company Ltd.,990,389.0,385110.0,2025-07-22 13:15:55.097138
2025-07-22,84869,2025072201023211,TPC,Trisul Securities & Invt. Ltd.,Aryatara Investment & Securities,10,389.0,3890.0,2025-07-22 13:16:48.848308
2025-07-22,84588,2025072201023260,TPC,Dynamic Money Managers Securities Pvt. Ltd.,Naasa Securities Co. Ltd.,1505,390.0,586950.0,2025-07-22 13:17:10.534794
2025-07-22,84587,2025072201023261,TPC,Dynamic Money Managers Securities Pvt. Ltd.,Asian Securities Private Ltd.,495,390.0,193050.0,2025-07-22 13:17:10.535051
2025-07-22,83980,2025072201023452,TPC,Dipshikha Dhitopatra Karobar Co. Pvt Ltd.,Oxford Securities Pvt. Ltd.,50,392.0,19600.0,2025-07-22 13:18:11.501601
2025-07-22,76801,2025072201025345,TPC,Premier Securities Company Ltd.,Thrive Brokerage House Pvt. Ltd,20,393.0,7860.0,2025-07-22 13:28:03.048803
2025-07-22,74465,2025072201025923,TPC,K.B.L. Securities Limited ,Cristal Kanchanjanga Securites Pvt. Ltd.,10,391.0,3910.0,2025-07-22 13:31:23.173512
2025-07-22,74067,2025072201026050,TPC,K.B.L. Securities Limited ,Aryatara Investment & Securities,194,391.0,75854.0,2025-07-22 13:32:01.165560
2025-07-22,74066,2025072201026051,TPC,Market Securities & Exchange (PVT) Ltd.,Aryatara Investment & Securities,500,391.0,195500.0,2025-07-22 13:32:01.165718
2025-07-22,74065,2025072201026052,TPC,ABC Securities Private Limited,Aryatara Investment & Securities,336,391.0,131376.0,2025-07-22 13:32:01.165780
2025-07-22,73384,2025072201026219,TPC,Sumeru Securities Pvt. Ltd.,Thrive Brokerage House Pvt. Ltd,200,393.0,78600.0,2025-07-22 13:33:10.074053
2025-07-22,73155,2025072201026307,TPC,Online Securities Pvt. Ltd.,Kohinoor Investment & Securities Pvt. Ltd.,300,392.0,117600.0,2025-07-22 13:33:33.691780
2025-07-22,72708,2025072201026484,TPC,Naasa Securities Co. Ltd.,Kohinoor Investment & Securities Pvt. Ltd.,194,392.0,76048.0,2025-07-22 13:34:08.356177
2025-07-22,72437,2025072201026577,TPC,ABC Securities Private Limited,Naasa Securities Co. Ltd.,164,391.0,64124.0,2025-07-22 13:34:32.234692
2025-07-22,72436,2025072201026578,TPC,Aryatara Investment & Securities,Naasa Securities Co. Ltd.,500,390.0,195000.0,2025-07-22 13:34:32.234844
2025-07-22,72435,2025072201026579,TPC,Nepal Stock House (PVT) Ltd.,Naasa Securities Co. Ltd.,100,390.0,39000.0,2025-07-22 13:34:32.234906
2025-07-22,72434,2025072201026580,TPC,Investment Management Nepal Pvt. Ltd.,Naasa Securities Co. Ltd.,125,390.0,48750.0,2025-07-22 13:34:32.234957
2025-07-22,72433,2025072201026581,TPC,Premier Securities Company Ltd.,Naasa Securities Co. Ltd.,50,390.0,19500.0,2025-07-22 13:34:32.235001
2025-07-22,72432,2025072201026582,TPC,Aryatara Investment & Securities,Naasa Securities Co. Ltd.,100,390.0,39000.0,2025-07-22 13:34:32.235058
2025-07-22,72431,2025072201026583,TPC,Vision Securities Pvt. Ltd,Naasa Securities Co. Ltd.,500,390.0,195000.0,2025-07-22 13:34:32.235104
2025-07-22,72430,2025072201026584,TPC,Sani Securities Company Ltd.,Naasa Securities Co. Ltd.,65,390.0,25350.0,2025-07-22 13:34:32.235151
2025-07-22,72429,2025072201026585,TPC,Market Securities & Exchange (PVT) Ltd.,Naasa Securities Co. Ltd.,1000,390.0,390000.0,2025-07-22 13:34:32.235196
2025-07-22,72428,2025072201026586,TPC,Naasa Securities Co. Ltd.,Naasa Securities Co. Ltd.,50,390.0,19500.0,2025-07-22 13:34:32.235240
2025-07-22,72208,2025072201026645,TPC,Trishakti Securities Public Limited,Naasa Securities Co. Ltd.,100,390.0,39000.0,2025-07-22 13:34:58.437557
2025-07-22,72069,2025072201026671,TPC,Sani Securities Company Ltd.,Naasa Securities Co. Ltd.,20,390.0,7800.0,2025-07-22 13:35:11.522472
2025-07-22,71477,2025072201026843,TPC,Online Securities Pvt. Ltd.,Trishakti Securities Public Limited,200,389.1,77820.0,2025-07-22 13:36:06.957743
2025-07-22,71476,2025072201026844,TPC,Vision Securities Pvt. Ltd,Trishakti Securities Public Limited,450,389.0,175050.0,2025-07-22 13:36:06.957780
2025-07-22,68966,2025072201027442,TPC,Asian Securities Private Ltd.,Naasa Securities Co. Ltd.,500,390.0,195000.0,2025-07-22 13:40:37.567512
2025-07-22,67440,2025072201027909,TPC,J.F. Securites (PVT) Ltd.,Naasa Securities Co. Ltd.,30,390.0,11700.0,2025-07-22 13:43:17.621017
2025-07-22,66282,2025072201028169,TPC,Neev Securities Pvt. Ltd.,Naasa Securities Co. Ltd.,1000,390.0,390000.0,2025-07-22 13:44:59.704351
2025-07-22,66111,2025072201028200,TPC,Himalayan Brokerage Company Limited,Naasa Securities Co. Ltd.,500,390.0,195000.0,2025-07-22 13:45:09.581132
2025-07-22,65920,2025072201028219,TPC,Neev Securities Pvt. Ltd.,Naasa Securities Co. Ltd.,196,390.0,76440.0,2025-07-22 13:45:19.829619
2025-07-22,65919,2025072201028220,TPC,Neev Securities Pvt. Ltd.,Stoxkarts Securities Limited,10,390.0,3900.0,2025-07-22 13:45:19.829778
2025-07-22,65918,2025072201028221,TPC,Neev Securities Pvt. Ltd.,Kalika Securities Pvt. Ltd.,294,390.0,114660.0,2025-07-22 13:45:19.829844
2025-07-22,65811,2025072201028250,TPC,Neev Securities Pvt. Ltd.,Kalika Securities Pvt. Ltd.,706,390.0,275340.0,2025-07-22 13:45:29.916357
2025-07-22,65157,2025072201028398,TPC,Linch Stock Market Ltd.,Vision Securities Pvt. Ltd,10,390.1,3901.0,2025-07-22 13:46:33.549347
2025-07-22,64718,2025072201028486,TPC,Linch Stock Market Ltd.,Bhrikuti Stock Broking Co. Pvt. Ltd.,990,390.1,386199.0,2025-07-22 13:47:01.474081
2025-07-22,64717,2025072201028487,TPC,Neev Securities Pvt. Ltd.,Bhrikuti Stock Broking Co. Pvt. Ltd.,197,390.0,76830.0,2025-07-22 13:47:01.474216
2025-07-22,63136,2025072201028808,TPC,Vision Securities Pvt. Ltd,Naasa Securities Co. Ltd.,110,390.2,42922.0,2025-07-22 13:49:14.386587
2025-07-22,63135,2025072201028809,TPC,Neev Securities Pvt. Ltd.,Naasa Securities Co. Ltd.,97,390.0,37830.0,2025-07-22 13:49:14.386717
2025-07-22,63134,2025072201028810,TPC,Cristal Kanchanjanga Securites Pvt. Ltd.,Naasa Securities Co. Ltd.,200,390.0,78000.0,2025-07-22 13:49:14.386770
2025-07-22,63072,2025072201028818,TPC,Sweta Securities Private Limited,Naasa Securities Co. Ltd.,50,390.0,19500.0,2025-07-22 13:49:20.491519
2025-07-22,62577,2025072201028909,TPC,Neev Securities Pvt. Ltd.,Naasa Securities Co. Ltd.,1000,390.0,390000.0,2025-07-22 13:50:07.572094
2025-07-22,62571,2025072201028912,TPC,Blue Chip Securities Ltd,Naasa Securities Co. Ltd.,10,390.0,3900.0,2025-07-22 13:50:09.839505
2025-07-22,62344,2025072201028955,TPC,Naasa Securities Co. Ltd.,Creative Securities Pvt Ltd,10,389.1,3891.0,2025-07-22 13:50:30.313856
2025-07-22,62336,2025072201028959,TPC,Sewa Securities Pvt. Ltd.,Sani Securities Company Ltd.,10,389.1,3891.0,2025-07-22 13:50:31.358877
2025-07-22,61801,2025072201029026,TPC,Sewa Securities Pvt. Ltd.,Linch Stock Market Ltd.,19,389.1,7392.9,2025-07-22 13:51:18.377301
2025-07-22,60515,2025072201029299,TPC,South Asian Bulls Pvt. Ltd.,Naasa Securities Co. Ltd.,30,390.0,11700.0,2025-07-22 13:53:26.713883
2025-07-22,59786,2025072201029410,TPC,Vision Securities Pvt. Ltd,Naasa Securities Co. Ltd.,100,390.0,39000.0,2025-07-22 13:54:24.943578
2025-07-22,59328,2025072201029489,TPC,Naasa Securities Co. Ltd.,Naasa Securities Co. Ltd.,28,390.0,10920.0,2025-07-22 13:55:07.116439
2025-07-22,56619,2025072201030060,TPC,ABC Securities Private Limited,Naasa Securities Co. Ltd.,10,390.0,3900.0,2025-07-22 13:58:39.952907
2025-07-22,56516,2025072201030080,TPC,Nepal Stock House (PVT) Ltd.,Naasa Securities Co. Ltd.,30,390.0,11700.0,2025-07-22 13:58:47.111146
2025-07-22,55375,2025072201030273,TPC,South Asian Bulls Pvt. Ltd.,Naasa Securities Co. Ltd.,200,390.0,78000.0,2025-07-22 14:00:10.852261
2025-07-22,54559,2025072201030469,TPC,Aryatara Investment & Securities,Naasa Securities Co. Ltd.,164,390.0,63960.0,2025-07-22 14:01:17.196841
2025-07-22,54558,2025072201030470,TPC,Aryatara Investment & Securities,Dipshikha Dhitopatra Karobar Co. Pvt Ltd.,10,390.0,3900.0,2025-07-22 14:01:17.196981
2025-07-22,53174,2025072201030849,TPC,Aryatara Investment & Securities,Kohinoor Investment & Securities Pvt. Ltd.,206,391.0,80546.0,2025-07-22 14:03:17.325157
2025-07-22,52576,2025072201031032,TPC,Secured Securities Ltd.,Aakashbhairab Securities Ltd.,40,392.0,15680.0,2025-07-22 14:04:04.713342
2025-07-22,50376,2025072201031546,TPC,Primo Securities (PVT) Ltd.,Naasa Securities Co. Ltd.,100,390.3,39030.0,2025-07-22 14:06:43.080903
2025-07-22,50375,2025072201031547,TPC,Oxford Securities Pvt. Ltd.,Naasa Securities Co. Ltd.,250,390.2,97550.0,2025-07-22 14:06:43.081086
2025-07-22,50374,2025072201031548,TPC,Aryatara Investment & Securities,Naasa Securities Co. Ltd.,150,390.1,58515.0,2025-07-22 14:06:43.081161
2025-07-22,50373,2025072201031549,TPC,Sani Securities Company Ltd.,Naasa Securities Co. Ltd.,100,390.1,39010.0,2025-07-22 14:06:43.081227
2025-07-22,50372,2025072201031550,TPC,Naasa Securities Co. Ltd.,Naasa Securities Co. Ltd.,500,390.0,195000.0,2025-07-22 14:06:43.081324
2025-07-22,50371,2025072201031551,TPC,Aryatara Investment & Securities,Naasa Securities Co. Ltd.,500,390.0,195000.0,2025-07-22 14:06:43.081395
2025-07-22,50370,2025072201031552,TPC,Swarna Laxmi Securities Pvt. Ltd.,Naasa Securities Co. Ltd.,1000,390.0,390000.0,2025-07-22 14:06:43.081482
2025-07-22,50369,2025072201031553,TPC,Sani Securities Company Ltd.,Naasa Securities Co. Ltd.,500,390.0,195000.0,2025-07-22 14:06:43.081568
2025-07-22,50368,2025072201031554,TPC,Dipshikha Dhitopatra Karobar Co. Pvt Ltd.,Naasa Securities Co. Ltd.,500,390.0,195000.0,2025-07-22 14:06:43.081633
2025-07-22,50171,2025072201031606,TPC,Sani Securities Company Ltd.,Naasa Securities Co. Ltd.,100,390.0,39000.0,2025-07-22 14:07:01.641345
2025-07-22,49183,2025072201031858,TPC,Midas Stock Broking Company Private Limited,Aakashbhairab Securities Ltd.,200,389.3,77860.0,2025-07-22 14:08:22.029220
2025-07-22,49182,2025072201031859,TPC,Midas Stock Broking Company Private Limited,Aakashbhairab Securities Ltd.,100,389.2,38920.0,2025-07-22 14:08:22.029376
2025-07-22,49181,2025072201031860,TPC,Naasa Securities Co. Ltd.,Aakashbhairab Securities Ltd.,60,389.2,23352.0,2025-07-22 14:08:22.029443
2025-07-22,47871,2025072201032183,TPC,Naasa Securities Co. Ltd.,Naasa Securities Co. Ltd.,10,390.0,3900.0,2025-07-22 14:10:09.217828
2025-07-22,47343,2025072201032365,TPC,Neev Securities Pvt. Ltd.,Naasa Securities Co. Ltd.,1000,390.0,390000.0,2025-07-22 14:10:47.991652
2025-07-22,45925,2025072201032727,TPC,Imperial Securities Company Pvt. Ltd.,Naasa Securities Co. Ltd.,100,390.0,39000.0,2025-07-22 14:12:48.264757
2025-07-22,45690,2025072201032803,TPC,Capital Max Securities Ltd,Naasa Securities Co. Ltd.,190,390.0,74100.0,2025-07-22 14:13:02.300463
2025-07-22,45689,2025072201032804,TPC,Capital Max Securities Ltd,Sani Securities Company Ltd.,310,390.0,120900.0,2025-07-22 14:13:02.300593
2025-07-22,45352,2025072201032897,TPC,Aryatara Investment & Securities,Sani Securities Company Ltd.,120,390.0,46800.0,2025-07-22 14:13:28.449607
2025-07-22,44186,2025072201033158,TPC,Sani Securities Company Ltd.,Sani Securities Company Ltd.,50,390.0,19500.0,2025-07-22 14:14:50.099058
2025-07-22,44185,2025072201033159,TPC,Sani Securities Company Ltd.,Aryatara Investment & Securities,30,390.0,11700.0,2025-07-22 14:14:50.099192
2025-07-22,43023,2025072201033478,TPC,Premier Securities Company Ltd.,Aryatara Investment & Securities,15,390.0,5850.0,2025-07-22 14:16:26.174199
2025-07-22,43022,2025072201033479,TPC,ABC Securities Private Limited,Aryatara Investment & Securities,55,390.0,21450.0,2025-07-22 14:16:26.292408
2025-07-22,42692,2025072201033594,TPC,ABC Securities Private Limited,Midas Stock Broking Company Private Limited,945,390.0,368550.0,2025-07-22 14:16:57.545308
2025-07-22,42691,2025072201033595,TPC,Trisul Securities & Invt. Ltd.,Midas Stock Broking Company Private Limited,940,389.3,365942.0,2025-07-22 14:16:57.545428
2025-07-22,41334,2025072201034051,TPC,Kohinoor Investment & Securities Pvt. Ltd.,Linch Stock Market Ltd.,10,390.0,3900.0,2025-07-22 14:18:51.863201
2025-07-22,40075,2025072201034309,TPC,Oxford Securities Pvt. Ltd.,Dakshinkali Investment & Securities Pvt. Ltd.,115,391.0,44965.0,2025-07-22 14:20:18.884492
2025-07-22,35733,2025072201035994,TPC,Kohinoor Investment & Securities Pvt. Ltd.,Linch Stock Market Ltd.,10,390.0,3900.0,2025-07-22 14:25:11.316065
2025-07-22,35196,2025072201036199,TPC,Kohinoor Investment & Securities Pvt. Ltd.,Thrive Brokerage House Pvt. Ltd,32,390.0,12480.0,2025-07-22 14:25:53.042692
2025-07-22,35195,2025072201036200,TPC,ABC Securities Private Limited,Thrive Brokerage House Pvt. Ltd,358,390.0,139620.0,2025-07-22 14:25:53.042850
2025-07-22,34975,2025072201036294,TPC,Linch Stock Market Ltd.,Dakshinkali Investment & Securities Pvt. Ltd.,35,391.0,13685.0,2025-07-22 14:26:10.267528
2025-07-22,33409,2025072201036878,TPC,Naasa Securities Co. Ltd.,Hatemalo Financial Services Private Limited,100,392.0,39200.0,2025-07-22 14:27:57.847087
2025-07-22,33132,2025072201036945,TPC,ABC Securities Private Limited,Kumari Securities Private Limited,42,392.0,16464.0,2025-07-22 14:28:22.684993
2025-07-22,31491,2025072201037512,TPC,Siprabi Securities Pvt. Ltd.,Kumari Securities Private Limited,105,392.0,41160.0,2025-07-22 14:30:24.012132
2025-07-22,28525,2025072201038478,TPC,Aryatara Investment & Securities,Sri Hari Securities Pvt. Ltd.,10,393.0,3930.0,2025-07-22 14:34:01.584305
2025-07-22,27467,2025072201038780,TPC,Aryatara Investment & Securities,Naasa Securities Co. Ltd.,40,393.0,15720.0,2025-07-22 14:35:20.088137
2025-07-22,25185,2025072201039493,TPC,Sani Securities Company Ltd.,Naasa Securities Co. Ltd.,40,393.0,15720.0,2025-07-22 14:38:18.183385
2025-07-22,24769,2025072201039610,TPC,Siprabi Securities Pvt. Ltd.,Himalayan Brokerage Company Limited,36,394.0,14184.0,2025-07-22 14:38:53.673762
2025-07-22,24768,2025072201039611,TPC,Siprabi Securities Pvt. Ltd.,Nepal Stock House (PVT) Ltd.,104,394.0,40976.0,2025-07-22 14:38:53.673953
2025-07-22,24517,2025072201039678,TPC,Sani Securities Company Ltd.,Online Securities Pvt. Ltd.,12,393.0,4716.0,2025-07-22 14:39:14.127659
2025-07-22,23961,2025072201039852,TPC,Sani Securities Company Ltd.,Aryatara Investment & Securities,248,393.0,97464.0,2025-07-22 14:39:59.173905
2025-07-22,23577,2025072201039995,TPC,Naasa Securities Co. Ltd.,Nepal Stock House (PVT) Ltd.,30,394.0,11820.0,2025-07-22 14:40:25.925337
2025-07-22,21815,2025072201040496,TPC,Imperial Securities Company Pvt. Ltd.,Nepal Stock House (PVT) Ltd.,66,394.0,26004.0,2025-07-22 14:42:35.865559
2025-07-22,21814,2025072201040497,TPC,Imperial Securities Company Pvt. Ltd.,Sundhara Securities Limited,200,394.7,78940.0,2025-07-22 14:42:35.865660
2025-07-22,21813,2025072201040498,TPC,Imperial Securities Company Pvt. Ltd.,Market Securities & Exchange (PVT) Ltd.,734,394.8,289783.2,2025-07-22 14:42:35.865748
2025-07-22,21064,2025072201040817,TPC,Capital Max Securities Ltd,Market Securities & Exchange (PVT) Ltd.,39,394.8,15397.2,2025-07-22 14:43:30.399778
2025-07-22,21063,2025072201040818,TPC,Capital Max Securities Ltd,Linch Stock Market Ltd.,10,395.0,3950.0,2025-07-22 14:43:30.399960
2025-07-22,21062,2025072201040819,TPC,Capital Max Securities Ltd,Online Securities Pvt. Ltd.,10,395.0,3950.0,2025-07-22 14:43:30.400042
2025-07-22,19807,2025072201041242,TPC,Naasa Securities Co. Ltd.,Opal Securities Investment (PVT) Ltd.,10,395.5,3955.0,2025-07-22 14:44:46.258540
2025-07-22,18567,2025072201041751,TPC,Indira securities pvt. ltd,Opal Securities Investment (PVT) Ltd.,100,395.5,39550.0,2025-07-22 14:45:54.751427
2025-07-22,17283,2025072201042237,TPC,South Asian Bulls Pvt. Ltd.,Naasa Securities Co. Ltd.,10,394.5,3945.0,2025-07-22 14:47:22.416232
2025-07-22,17268,2025072201042242,TPC,Capital Max Securities Ltd,Opal Securities Investment (PVT) Ltd.,50,395.5,19775.0,2025-07-22 14:47:25.460960
2025-07-22,16849,2025072201042479,TPC,Naasa Securities Co. Ltd.,Aryatara Investment & Securities,52,396.0,20592.0,2025-07-22 14:47:47.540258
2025-07-22,16353,2025072201042609,TPC,Naasa Securities Co. Ltd.,Naasa Securities Co. Ltd.,10,395.5,3955.0,2025-07-22 14:48:19.684332
2025-07-22,16338,2025072201042613,TPC,Naasa Securities Co. Ltd.,ABC Securities Private Limited,10,395.5,3955.0,2025-07-22 14:48:20.912657
2025-07-22,16322,2025072201042624,TPC,Naasa Securities Co. Ltd.,Aryatara Investment & Securities,90,395.5,35595.0,2025-07-22 14:48:21.154758
2025-07-22,15337,2025072201042983,TPC,Naasa Securities Co. Ltd.,Malla & Malla Stock Broking Company Pvt. Limited,10,397.0,3970.0,2025-07-22 14:49:23.298866
2025-07-22,15336,2025072201042984,TPC,Naasa Securities Co. Ltd.,Online Securities Pvt. Ltd.,380,397.0,150860.0,2025-07-22 14:49:23.299044
2025-07-22,13492,2025072201043596,TPC,Malla & Malla Stock Broking Company Pvt. Limited,Trisul Securities & Invt. Ltd.,10,395.7,3957.0,2025-07-22 14:51:15.006080
2025-07-22,13163,2025072201043717,TPC,Malla & Malla Stock Broking Company Pvt. Limited,Naasa Securities Co. Ltd.,10,395.7,3957.0,2025-07-22 14:51:34.124204
2025-07-22,11062,2025072201044348,TPC,Imperial Securities Company Pvt. Ltd.,Online Securities Pvt. Ltd.,20,397.0,7940.0,2025-07-22 14:53:27.480683
2025-07-22,11061,2025072201044349,TPC,Imperial Securities Company Pvt. Ltd.,Midas Stock Broking Company Private Limited,10,397.0,3970.0,2025-07-22 14:53:27.480861
2025-07-22,10538,2025072201044501,TPC,Imperial Securities Company Pvt. Ltd.,SHUBHAKAMANA SECURITIES PVT. LTD,70,397.0,27790.0,2025-07-22 14:53:56.792219
2025-07-22,10537,2025072201044502,TPC,Naasa Securities Co. Ltd.,SHUBHAKAMANA SECURITIES PVT. LTD,180,397.0,71460.0,2025-07-22 14:53:56.792392
2025-07-22,10330,2025072201044603,TPC,Dipshikha Dhitopatra Karobar Co. Pvt Ltd.,Sani Securities Company Ltd.,50,397.4,19870.0,2025-07-22 14:54:07.944595
2025-07-22,10329,2025072201044604,TPC,Dipshikha Dhitopatra Karobar Co. Pvt Ltd.,Online Securities Pvt. Ltd.,100,397.5,39750.0,2025-07-22 14:54:07.944930
2025-07-22,10328,2025072201044605,TPC,Dipshikha Dhitopatra Karobar Co. Pvt Ltd.,Imperial Securities Company Pvt. Ltd.,50,397.8,19890.0,2025-07-22 14:54:07.945176
2025-07-22,10327,2025072201044606,TPC,Dipshikha Dhitopatra Karobar Co. Pvt Ltd.,Sagarmatha Securities Private Limited,100,397.9,39790.0,2025-07-22 14:54:07.945376
2025-07-22,9823,2025072201044787,TPC,Cristal Kanchanjanga Securites Pvt. Ltd.,Shree Krishna Securities Ltd.,500,397.9,198950.0,2025-07-22 14:54:30.799918
2025-07-22,7627,2025072201045421,TPC,Naasa Securities Co. Ltd.,Sani Securities Company Ltd.,20,397.9,7958.0,2025-07-22 14:56:09.873258
2025-07-22,7283,2025072201045570,TPC,Naasa Securities Co. Ltd.,Aryatara Investment & Securities,100,398.0,39800.0,2025-07-22 14:56:23.369663
2025-07-22,6695,2025072201045710,TPC,Malla & Malla Stock Broking Company Pvt. Limited,Aryatara Investment & Securities,500,397.1,198550.0,2025-07-22 14:56:50.659552
2025-07-22,6508,2025072201045781,TPC,Naasa Securities Co. Ltd.,Neev Securities Pvt. Ltd.,10,397.9,3979.0,2025-07-22 14:56:59.612116
2025-07-22,6507,2025072201045782,TPC,Naasa Securities Co. Ltd.,Sharepro Securities Private Limited,90,398.0,35820.0,2025-07-22 14:56:59.612284
2025-07-22,6417,2025072201045805,TPC,Malla & Malla Stock Broking Company Pvt. Limited,Hatemalo Financial Services Private Limited,480,397.1,190608.0,2025-07-22 14:57:05.540171
2025-07-22,6416,2025072201045806,TPC,Cristal Kanchanjanga Securites Pvt. Ltd.,Hatemalo Financial Services Private Limited,20,397.0,7940.0,2025-07-22 14:57:05.540356
2025-07-22,6112,2025072201045930,TPC,Cristal Kanchanjanga Securites Pvt. Ltd.,Imperial Securities Company Pvt. Ltd.,50,397.0,19850.0,2025-07-22 14:57:15.530450
2025-07-22,6087,2025072201045936,TPC,Midas Stock Broking Company Private Limited,Sharepro Securities Private Limited,149,398.0,59302.0,2025-07-22 14:57:16.232268
2025-07-22,5952,2025072201045978,TPC,Aryatara Investment & Securities,Sharepro Securities Private Limited,10,398.0,3980.0,2025-07-22 14:57:21.497619
2025-07-22,5855,2025072201045994,TPC,Sani Securities Company Ltd.,Sharepro Securities Private Limited,150,398.0,59700.0,2025-07-22 14:57:23.839896
2025-07-22,4812,2025072201046308,TPC,Online Securities Pvt. Ltd.,Sharepro Securities Private Limited,150,398.0,59700.0,2025-07-22 14:57:59.984895
2025-07-22,4802,2025072201046311,TPC,Naasa Securities Co. Ltd.,Sharepro Securities Private Limited,65,398.0,25870.0,2025-07-22 14:58:00.536261
2025-07-22,3650,2025072201046688,TPC,Vision Securities Pvt. Ltd,Naasa Securities Co. Ltd.,100,397.9,39790.0,2025-07-22 14:58:36.359125
2025-07-22,3649,2025072201046689,TPC,Vision Securities Pvt. Ltd,Sharepro Securities Private Limited,117,398.0,46566.0,2025-07-22 14:58:36.359295
2025-07-22,3648,2025072201046690,TPC,Vision Securities Pvt. Ltd,Elite Stock House Limited,50,398.0,19900.0,2025-07-22 14:58:36.359361
2025-07-22,3647,2025072201046691,TPC,Vision Securities Pvt. Ltd,Imperial Securities Company Pvt. Ltd.,933,398.0,371334.0,2025-07-22 14:58:36.359426
2025-07-22,1348,2025072201047270,TPC,Cristal Kanchanjanga Securites Pvt. Ltd.,Premier Securities Company Ltd.,314,397.0,124658.0,2025-07-22 14:59:33.464249
2025-07-22,711,2025072201047437,TPC,Aryatara Investment & Securities,Imperial Securities Company Pvt. Ltd.,57,398.0,22686.0,2025-07-22 14:59:46.700601
2025-07-22,710,2025072201047438,TPC,Aryatara Investment & Securities,Shree Krishna Securities Ltd.,443,398.5,176535.5,2025-07-22 14:59:46.700756
