Date,S.N.,Contract ID,Symbol,Buyer Broker,Seller Broker,quantity,rate,amount,transaction_time
2025-07-22,177072,2025072204000015,UMHL,Kohinoor Investment & Securities Pvt. Ltd.,Capital Max Securities Ltd,50,560.0,28000.0,2025-07-22 10:46:00.040629
2025-07-22,177071,2025072204000016,UMHL,Vision Securities Pvt. Ltd,Capital Max Securities Ltd,90,560.0,50400.0,2025-07-22 10:46:00.040664
2025-07-22,177070,2025072204000017,UMHL,SUN SECURITIES PVT LTD,Capital Max Securities Ltd,160,560.0,89600.0,2025-07-22 10:46:00.040717
2025-07-22,176182,2025072204000213,UMHL,Capital Max Securities Ltd,Sagarmatha Securities Private Limited,10,563.0,5630.0,2025-07-22 11:02:29.021300
2025-07-22,176181,2025072204000214,UMHL,ABC Securities Private Limited,Sagarmatha Securities Private Limited,50,561.0,28050.0,2025-07-22 11:02:29.021375
2025-07-22,176180,2025072204000215,UMHL,SUN SECURITIES PVT LTD,Sagarmatha Securities Private Limited,16,560.0,8960.0,2025-07-22 11:02:29.021411
2025-07-22,176179,2025072204000216,UMHL,Trisul Securities & Invt. Ltd.,Sagarmatha Securities Private Limited,24,556.3,13351.2,2025-07-22 11:02:29.021442
2025-07-22,175627,2025072204000356,UMHL,Premier Securities Company Ltd.,Sundhara Securities Limited,100,560.0,56000.0,2025-07-22 11:03:35.519277
2025-07-22,174625,2025072204000580,UMHL,Asian Securities Private Ltd.,Kumari Securities Private Limited,500,569.0,284500.0,2025-07-22 11:05:31.163086
2025-07-22,174624,2025072204000581,UMHL,Asian Securities Private Ltd.,Sani Securities Company Ltd.,200,569.0,113800.0,2025-07-22 11:05:31.163166
2025-07-22,173774,2025072204000770,UMHL,Asian Securities Private Ltd.,Online Securities Pvt. Ltd.,10,564.0,5640.0,2025-07-22 11:06:58.414868
2025-07-22,172024,2025072204001179,UMHL,Vision Securities Pvt. Ltd,Sundhara Securities Limited,10,565.0,5650.0,2025-07-22 11:09:45.448493
2025-07-22,172023,2025072204001180,UMHL,Asian Securities Private Ltd.,Sundhara Securities Limited,75,565.0,42375.0,2025-07-22 11:09:45.448535
2025-07-22,169669,2025072204001718,UMHL,Asian Securities Private Ltd.,Sundhara Securities Limited,175,565.0,98875.0,2025-07-22 11:13:26.650352
2025-07-22,169668,2025072204001719,UMHL,Imperial Securities Company Pvt. Ltd.,Sundhara Securities Limited,350,565.0,197750.0,2025-07-22 11:13:26.650416
2025-07-22,169667,2025072204001720,UMHL,Capital Max Securities Ltd,Sundhara Securities Limited,76,565.0,42940.0,2025-07-22 11:13:26.650439
2025-07-22,169414,2025072204001776,UMHL,Dynamic Money Managers Securities Pvt. Ltd.,Aryatara Investment & Securities,60,567.9,34074.0,2025-07-22 11:13:53.507298
2025-07-22,169413,2025072204001777,UMHL,Dynamic Money Managers Securities Pvt. Ltd.,Sumeru Securities Pvt. Ltd.,500,568.0,284000.0,2025-07-22 11:13:53.507419
2025-07-22,169412,2025072204001778,UMHL,Dynamic Money Managers Securities Pvt. Ltd.,Sri Hari Securities Pvt. Ltd.,100,568.0,56800.0,2025-07-22 11:13:53.507473
2025-07-22,169411,2025072204001779,UMHL,Dynamic Money Managers Securities Pvt. Ltd.,Sagarmatha Securities Private Limited,50,568.5,28425.0,2025-07-22 11:13:53.507523
2025-07-22,169410,2025072204001780,UMHL,Dynamic Money Managers Securities Pvt. Ltd.,Linch Stock Market Ltd.,10,570.0,5700.0,2025-07-22 11:13:53.507571
2025-07-22,168464,2025072204002017,UMHL,Prabhu Stock Market Limited,Dipshikha Dhitopatra Karobar Co. Pvt Ltd.,100,570.2,57020.0,2025-07-22 11:15:18.195457
2025-07-22,168340,2025072204002037,UMHL,Prabhu Stock Market Limited,Dipshikha Dhitopatra Karobar Co. Pvt Ltd.,1400,570.2,798280.0,2025-07-22 11:15:27.707184
2025-07-22,168339,2025072204002038,UMHL,Vision Securities Pvt. Ltd,Dipshikha Dhitopatra Karobar Co. Pvt Ltd.,200,570.1,114020.0,2025-07-22 11:15:27.707331
2025-07-22,168338,2025072204002039,UMHL,Dynamic Money Managers Securities Pvt. Ltd.,Dipshikha Dhitopatra Karobar Co. Pvt Ltd.,2400,570.0,1368000.0,2025-07-22 11:15:27.707388
2025-07-22,168183,2025072204002074,UMHL,Dynamic Money Managers Securities Pvt. Ltd.,Naasa Securities Co. Ltd.,1880,570.0,1071600.0,2025-07-22 11:15:44.094952
2025-07-22,166711,2025072204002445,UMHL,Dynamic Money Managers Securities Pvt. Ltd.,Citizens Share Broker Limited,500,571.0,285500.0,2025-07-22 11:18:14.773530
2025-07-22,166519,2025072204002503,UMHL,Dynamic Money Managers Securities Pvt. Ltd.,Naasa Securities Co. Ltd.,500,571.0,285500.0,2025-07-22 11:18:33.953183
2025-07-22,166124,2025072204002617,UMHL,Pragyan Securities (PVT) Ltd.,Trishakti Securities Public Limited,60,568.0,34080.0,2025-07-22 11:19:14.002179
2025-07-22,164737,2025072204002965,UMHL,Sani Securities Company Ltd.,Opal Securities Investment (PVT) Ltd.,11,567.0,6237.0,2025-07-22 11:21:24.646739
2025-07-22,164394,2025072204003027,UMHL,Sani Securities Company Ltd.,Sumeru Securities Pvt. Ltd.,500,567.0,283500.0,2025-07-22 11:21:45.825375
2025-07-22,163876,2025072204003162,UMHL,Arun Securities (PVT) Ltd.,Sewa Securities Pvt. Ltd.,350,569.0,199150.0,2025-07-22 11:22:33.071268
2025-07-22,160643,2025072204003956,UMHL,SHUBHAKAMANA SECURITIES PVT. LTD,Kohinoor Investment & Securities Pvt. Ltd.,107,569.0,60883.0,2025-07-22 11:27:30.640023
2025-07-22,160517,2025072204003985,UMHL,SHUBHAKAMANA SECURITIES PVT. LTD,Trishakti Securities Public Limited,393,569.0,223617.0,2025-07-22 11:27:43.503255
2025-07-22,160516,2025072204003986,UMHL,Capital Max Securities Ltd,Trishakti Securities Public Limited,10,567.1,5671.0,2025-07-22 11:27:43.503552
2025-07-22,160515,2025072204003987,UMHL,Imperial Securities Company Pvt. Ltd.,Trishakti Securities Public Limited,597,567.1,338558.7,2025-07-22 11:27:43.503743
2025-07-22,159926,2025072204004130,UMHL,Imperial Securities Company Pvt. Ltd.,Thrive Brokerage House Pvt. Ltd,400,567.1,226840.0,2025-07-22 11:28:48.849490
2025-07-22,159873,2025072204004151,UMHL,Linch Stock Market Ltd.,Deevyaa Securities & Stock House Pvt. Ltd,100,569.9,56990.0,2025-07-22 11:28:55.506991
2025-07-22,159396,2025072204004255,UMHL,Pragyan Securities (PVT) Ltd.,Bhrikuti Stock Broking Co. Pvt. Ltd.,10,570.0,5700.0,2025-07-22 11:29:43.367598
2025-07-22,158928,2025072204004321,UMHL,Nagarik Stock Dealer ,Sani Securities Company Ltd.,100,569.0,56900.0,2025-07-22 11:30:20.021487
2025-07-22,158643,2025072204004396,UMHL,Linch Stock Market Ltd.,Siprabi Securities Pvt. Ltd.,75,569.9,42742.5,2025-07-22 11:30:46.548901
2025-07-22,158433,2025072204004440,UMHL,Kumari Securities Private Limited,Sani Securities Company Ltd.,10,568.0,5680.0,2025-07-22 11:31:03.468715
2025-07-22,158432,2025072204004441,UMHL,Capital Max Securities Ltd,Sani Securities Company Ltd.,50,567.1,28355.0,2025-07-22 11:31:03.468886
2025-07-22,158431,2025072204004442,UMHL,Sani Securities Company Ltd.,Sani Securities Company Ltd.,440,567.0,249480.0,2025-07-22 11:31:03.468953
2025-07-22,157582,2025072204004670,UMHL,Deevyaa Securities & Stock House Pvt. Ltd,Sewa Securities Pvt. Ltd.,345,569.9,196615.5,2025-07-22 11:32:31.203387
2025-07-22,157581,2025072204004671,UMHL,Deevyaa Securities & Stock House Pvt. Ltd,Bhrikuti Stock Broking Co. Pvt. Ltd.,70,570.0,39900.0,2025-07-22 11:32:31.203560
2025-07-22,157580,2025072204004672,UMHL,Deevyaa Securities & Stock House Pvt. Ltd,Naasa Securities Co. Ltd.,85,570.0,48450.0,2025-07-22 11:32:31.203652
2025-07-22,157419,2025072204004725,UMHL,Dakshinkali Investment & Securities Pvt. Ltd.,Naasa Securities Co. Ltd.,1000,570.0,570000.0,2025-07-22 11:32:41.974295
2025-07-22,154397,2025072204005384,UMHL,Premier Securities Company Ltd.,Capital Max Securities Ltd,100,569.8,56980.0,2025-07-22 11:36:50.097783
2025-07-22,154214,2025072204005410,UMHL,APPLE SECURITIES PRIVATE LIMITED,Capital Max Securities Ltd,400,569.8,227920.0,2025-07-22 11:37:05.394596
2025-07-22,154213,2025072204005411,UMHL,APPLE SECURITIES PRIVATE LIMITED,Oxford Securities Pvt. Ltd.,2000,569.9,1139800.0,2025-07-22 11:37:05.394949
2025-07-22,154212,2025072204005412,UMHL,APPLE SECURITIES PRIVATE LIMITED,Naasa Securities Co. Ltd.,1535,570.0,874950.0,2025-07-22 11:37:05.395198
2025-07-22,154211,2025072204005413,UMHL,APPLE SECURITIES PRIVATE LIMITED,Sani Securities Company Ltd.,100,570.0,57000.0,2025-07-22 11:37:05.395477
2025-07-22,154210,2025072204005414,UMHL,APPLE SECURITIES PRIVATE LIMITED,Kalika Securities Pvt. Ltd.,965,570.0,550050.0,2025-07-22 11:37:05.395724
2025-07-22,153781,2025072204005501,UMHL,Sani Securities Company Ltd.,Kalika Securities Pvt. Ltd.,500,570.0,285000.0,2025-07-22 11:37:38.769703
2025-07-22,153284,2025072204005640,UMHL,Deevyaa Securities & Stock House Pvt. Ltd,Trishakti Securities Public Limited,100,569.0,56900.0,2025-07-22 11:38:15.272635
2025-07-22,152853,2025072204005748,UMHL,Online Securities Pvt. Ltd.,Online Securities Pvt. Ltd.,800,569.9,455920.0,2025-07-22 11:38:49.080095
2025-07-22,152117,2025072204005909,UMHL,Online Securities Pvt. Ltd.,Online Securities Pvt. Ltd.,800,569.9,455920.0,2025-07-22 11:39:53.711076
2025-07-22,151627,2025072204006064,UMHL,Stoxkarts Securities Limited,Sumeru Securities Pvt. Ltd.,500,568.2,284100.0,2025-07-22 11:40:39.033889
2025-07-22,151423,2025072204006127,UMHL,Linch Stock Market Ltd.,Naasa Securities Co. Ltd.,100,568.0,56800.0,2025-07-22 11:40:59.401834
2025-07-22,151422,2025072204006128,UMHL,Naasa Securities Co. Ltd.,Naasa Securities Co. Ltd.,500,568.0,284000.0,2025-07-22 11:40:59.401950
2025-07-22,151421,2025072204006129,UMHL,Vision Securities Pvt. Ltd,Naasa Securities Co. Ltd.,500,568.0,284000.0,2025-07-22 11:40:59.402023
2025-07-22,148936,2025072204006779,UMHL,Online Securities Pvt. Ltd.,Online Securities Pvt. Ltd.,800,569.9,455920.0,2025-07-22 11:43:50.736167
2025-07-22,148590,2025072204006859,UMHL,Sani Securities Company Ltd.,Cristal Kanchanjanga Securites Pvt. Ltd.,500,568.0,284000.0,2025-07-22 11:44:14.979960
2025-07-22,148518,2025072204006874,UMHL,Imperial Securities Company Pvt. Ltd.,Kalika Securities Pvt. Ltd.,13,570.0,7410.0,2025-07-22 11:44:21.406771
2025-07-22,148335,2025072204006901,UMHL,Sani Securities Company Ltd.,Naasa Securities Co. Ltd.,49,567.0,27783.0,2025-07-22 11:44:31.632664
2025-07-22,148334,2025072204006902,UMHL,Agrawal Securities (PVT) Ltd.,Naasa Securities Co. Ltd.,200,567.0,113400.0,2025-07-22 11:44:31.632724
2025-07-22,148333,2025072204006903,UMHL,SUN SECURITIES PVT LTD,Naasa Securities Co. Ltd.,1000,566.0,566000.0,2025-07-22 11:44:31.632751
2025-07-22,148332,2025072204006904,UMHL,INDEX SECURITIES LIMITED,Naasa Securities Co. Ltd.,306,566.0,173196.0,2025-07-22 11:44:31.632779
2025-07-22,148331,2025072204006905,UMHL,SUN SECURITIES PVT LTD,Naasa Securities Co. Ltd.,1000,565.1,565100.0,2025-07-22 11:44:31.632804
2025-07-22,148330,2025072204006906,UMHL,Capital Max Securities Ltd,Naasa Securities Co. Ltd.,24,565.0,13560.0,2025-07-22 11:44:31.632828
2025-07-22,148329,2025072204006907,UMHL,Sundhara Securities Limited,Naasa Securities Co. Ltd.,30,565.0,16950.0,2025-07-22 11:44:31.632851
2025-07-22,148328,2025072204006908,UMHL,Sani Securities Company Ltd.,Naasa Securities Co. Ltd.,391,565.0,220915.0,2025-07-22 11:44:31.632877
2025-07-22,148130,2025072204006953,UMHL,Premier Securities Company Ltd.,Cristal Kanchanjanga Securites Pvt. Ltd.,120,569.0,68280.0,2025-07-22 11:44:49.156820
2025-07-22,148129,2025072204006954,UMHL,Sani Securities Company Ltd.,Cristal Kanchanjanga Securites Pvt. Ltd.,560,565.0,316400.0,2025-07-22 11:44:49.157042
2025-07-22,147961,2025072204006998,UMHL,Primo Securities (PVT) Ltd.,Aryatara Investment & Securities,1,560.0,560.0,2025-07-22 11:44:59.517203
2025-07-22,146735,2025072204007260,UMHL,Deevyaa Securities & Stock House Pvt. Ltd,Dynamic Money Managers Securities Pvt. Ltd.,300,566.2,169860.0,2025-07-22 11:46:14.040513
2025-07-22,146381,2025072204007334,UMHL,Linch Stock Market Ltd.,Dynamic Money Managers Securities Pvt. Ltd.,100,566.2,56620.0,2025-07-22 11:46:37.968496
2025-07-22,146053,2025072204007425,UMHL,Online Securities Pvt. Ltd.,Dynamic Money Managers Securities Pvt. Ltd.,800,566.2,452960.0,2025-07-22 11:47:01.159932
2025-07-22,145772,2025072204007467,UMHL,Aryatara Investment & Securities,Citizens Share Broker Limited,50,566.2,28310.0,2025-07-22 11:47:19.885072
2025-07-22,145771,2025072204007468,UMHL,Vision Securities Pvt. Ltd,Citizens Share Broker Limited,100,566.0,56600.0,2025-07-22 11:47:19.885148
2025-07-22,145770,2025072204007469,UMHL,Sani Securities Company Ltd.,Citizens Share Broker Limited,49,565.0,27685.0,2025-07-22 11:47:19.885225
2025-07-22,145769,2025072204007470,UMHL,Oxford Securities Pvt. Ltd.,Citizens Share Broker Limited,101,565.0,57065.0,2025-07-22 11:47:19.885292
2025-07-22,145657,2025072204007511,UMHL,Naasa Securities Co. Ltd.,Imperial Securities Company Pvt. Ltd.,11,569.9,6268.9,2025-07-22 11:47:26.522150
2025-07-22,145656,2025072204007512,UMHL,Naasa Securities Co. Ltd.,Kalika Securities Pvt. Ltd.,22,570.0,12540.0,2025-07-22 11:47:26.522195
2025-07-22,145655,2025072204007513,UMHL,Naasa Securities Co. Ltd.,Secured Securities Ltd.,10,570.0,5700.0,2025-07-22 11:47:26.522231
2025-07-22,145654,2025072204007514,UMHL,Naasa Securities Co. Ltd.,K.B.L. Securities Limited ,500,570.0,285000.0,2025-07-22 11:47:26.522256
2025-07-22,145653,2025072204007515,UMHL,Naasa Securities Co. Ltd.,Linch Stock Market Ltd.,107,570.0,60990.0,2025-07-22 11:47:26.522281
2025-07-22,145652,2025072204007516,UMHL,Naasa Securities Co. Ltd.,Imperial Securities Company Pvt. Ltd.,112,570.0,63840.0,2025-07-22 11:47:26.522309
2025-07-22,145651,2025072204007517,UMHL,Naasa Securities Co. Ltd.,Naasa Securities Co. Ltd.,185,570.0,105450.0,2025-07-22 11:47:26.522348
2025-07-22,145650,2025072204007518,UMHL,Naasa Securities Co. Ltd.,Sundhara Securities Limited,53,571.0,30263.0,2025-07-22 11:47:26.522379
2025-07-22,143170,2025072204008080,UMHL,Imperial Securities Company Pvt. Ltd.,Vision Securities Pvt. Ltd,500,570.0,285000.0,2025-07-22 11:50:10.091440
2025-07-22,142140,2025072204008393,UMHL,Nagarik Stock Dealer ,Imperial Securities Company Pvt. Ltd.,87,569.0,49503.0,2025-07-22 11:51:17.390190
2025-07-22,138143,2025072204009301,UMHL,Online Securities Pvt. Ltd.,Deevyaa Securities & Stock House Pvt. Ltd,108,568.5,61398.0,2025-07-22 11:56:00.683930
2025-07-22,138040,2025072204009341,UMHL,Sundhara Securities Limited,Trishakti Securities Public Limited,500,568.9,284450.0,2025-07-22 11:56:07.566701
2025-07-22,137800,2025072204009439,UMHL,Premier Securities Company Ltd.,Naasa Securities Co. Ltd.,50,568.6,28430.0,2025-07-22 11:56:25.592789
2025-07-22,137713,2025072204009474,UMHL,Arun Securities (PVT) Ltd.,Imperial Securities Company Pvt. Ltd.,21,569.0,11949.0,2025-07-22 11:56:29.631077
2025-07-22,137712,2025072204009475,UMHL,Arun Securities (PVT) Ltd.,Siprabi Securities Pvt. Ltd.,20,569.0,11380.0,2025-07-22 11:56:29.631256
2025-07-22,137624,2025072204009491,UMHL,Arun Securities (PVT) Ltd.,Sri Hari Securities Pvt. Ltd.,59,569.0,33571.0,2025-07-22 11:56:37.432441
2025-07-22,137623,2025072204009492,UMHL,Online Securities Pvt. Ltd.,Sri Hari Securities Pvt. Ltd.,517,568.5,293914.5,2025-07-22 11:56:37.432659
2025-07-22,137622,2025072204009493,UMHL,Property Wiard Limited,Sri Hari Securities Pvt. Ltd.,35,568.2,19887.0,2025-07-22 11:56:37.432757
2025-07-22,137362,2025072204009564,UMHL,Deevyaa Securities & Stock House Pvt. Ltd,Sri Hari Securities Pvt. Ltd.,200,568.0,113600.0,2025-07-22 11:56:54.926751
2025-07-22,136836,2025072204009700,UMHL,Ashutosh Brokerage & Securities (PVT) Ltd.,Sri Hari Securities Pvt. Ltd.,89,568.0,50552.0,2025-07-22 11:57:34.762012
2025-07-22,136835,2025072204009701,UMHL,Ashutosh Brokerage & Securities (PVT) Ltd.,Sri Hari Securities Pvt. Ltd.,31,568.0,17608.0,2025-07-22 11:57:34.762209
2025-07-22,136745,2025072204009737,UMHL,Imperial Securities Company Pvt. Ltd.,Sri Hari Securities Pvt. Ltd.,44,568.0,24992.0,2025-07-22 11:57:44.035721
2025-07-22,135675,2025072204010028,UMHL,Premier Securities Company Ltd.,Agrawal Securities (PVT) Ltd.,60,568.1,34086.0,2025-07-22 11:59:02.612597
2025-07-22,135674,2025072204010029,UMHL,Imperial Securities Company Pvt. Ltd.,Agrawal Securities (PVT) Ltd.,65,568.0,36920.0,2025-07-22 11:59:02.612814
2025-07-22,135509,2025072204010073,UMHL,Imperial Securities Company Pvt. Ltd.,Vision Securities Pvt. Ltd,36,570.0,20520.0,2025-07-22 11:59:15.776984
2025-07-22,135508,2025072204010074,UMHL,Imperial Securities Company Pvt. Ltd.,Asian Securities Private Ltd.,50,570.0,28500.0,2025-07-22 11:59:15.777169
2025-07-22,135507,2025072204010075,UMHL,Imperial Securities Company Pvt. Ltd.,Linch Stock Market Ltd.,105,570.0,59850.0,2025-07-22 11:59:15.777308
2025-07-22,135080,2025072204010158,UMHL,Nagarik Stock Dealer ,Online Securities Pvt. Ltd.,10,567.3,5673.0,2025-07-22 11:59:50.557705
2025-07-22,134076,2025072204010413,UMHL,Imperial Securities Company Pvt. Ltd.,South Asian Bulls Pvt. Ltd.,10,568.0,5680.0,2025-07-22 12:01:14.276737
2025-07-22,134075,2025072204010414,UMHL,ABC Securities Private Limited,South Asian Bulls Pvt. Ltd.,110,567.4,62414.0,2025-07-22 12:01:14.277087
2025-07-22,133638,2025072204010511,UMHL,ABC Securities Private Limited,Sri Hari Securities Pvt. Ltd.,90,567.4,51066.0,2025-07-22 12:01:47.746322
2025-07-22,133637,2025072204010512,UMHL,Nagarik Stock Dealer ,Sri Hari Securities Pvt. Ltd.,50,567.3,28365.0,2025-07-22 12:01:47.746521
2025-07-22,133636,2025072204010513,UMHL,Aryatara Investment & Securities,Sri Hari Securities Pvt. Ltd.,60,567.3,34038.0,2025-07-22 12:01:47.746600
2025-07-22,132934,2025072204010670,UMHL,Agrawal Securities (PVT) Ltd.,Trishakti Securities Public Limited,300,569.0,170700.0,2025-07-22 12:02:47.116650
2025-07-22,132706,2025072204010736,UMHL,Aryatara Investment & Securities,Online Securities Pvt. Ltd.,20,567.3,11346.0,2025-07-22 12:03:05.717746
2025-07-22,132467,2025072204010766,UMHL,Naasa Securities Co. Ltd.,Investment Management Nepal Pvt. Ltd.,200,569.0,113800.0,2025-07-22 12:03:18.910949
2025-07-22,132466,2025072204010767,UMHL,Naasa Securities Co. Ltd.,Linch Stock Market Ltd.,95,570.0,54150.0,2025-07-22 12:03:18.911017
2025-07-22,132465,2025072204010768,UMHL,Naasa Securities Co. Ltd.,Miyo Securities Pvt Ltd,43,570.0,24510.0,2025-07-22 12:03:18.911048
2025-07-22,132464,2025072204010769,UMHL,Naasa Securities Co. Ltd.,Sundhara Securities Limited,300,570.0,171000.0,2025-07-22 12:03:18.911077
2025-07-22,132463,2025072204010770,UMHL,Naasa Securities Co. Ltd.,Nepal Stock House (PVT) Ltd.,212,570.0,120840.0,2025-07-22 12:03:18.911107
2025-07-22,132462,2025072204010771,UMHL,Naasa Securities Co. Ltd.,Trishakti Securities Public Limited,2000,570.0,1140000.0,2025-07-22 12:03:18.911157
2025-07-22,132461,2025072204010772,UMHL,Naasa Securities Co. Ltd.,Trisul Securities & Invt. Ltd.,100,570.0,57000.0,2025-07-22 12:03:18.911185
2025-07-22,132460,2025072204010773,UMHL,Naasa Securities Co. Ltd.,Neev Securities Pvt. Ltd.,50,570.8,28540.0,2025-07-22 12:03:18.911219
2025-07-22,132459,2025072204010774,UMHL,Naasa Securities Co. Ltd.,Citizens Share Broker Limited,100,570.9,57090.0,2025-07-22 12:03:18.911249
2025-07-22,131207,2025072204011109,UMHL,Arun Securities (PVT) Ltd.,Premier Securities Company Ltd.,70,567.4,39718.0,2025-07-22 12:04:37.410842
2025-07-22,129720,2025072204011513,UMHL,Himalayan Brokerage Company Limited,Dakshinkali Investment & Securities Pvt. Ltd.,300,567.5,170250.0,2025-07-22 12:06:19.100423
2025-07-22,129719,2025072204011514,UMHL,Capital Max Securities Ltd,Dakshinkali Investment & Securities Pvt. Ltd.,180,567.5,102150.0,2025-07-22 12:06:19.100627
2025-07-22,129639,2025072204011529,UMHL,Capital Max Securities Ltd,Midas Stock Broking Company Private Limited,200,567.5,113500.0,2025-07-22 12:06:26.525591
2025-07-22,126449,2025072204012318,UMHL,Vision Securities Pvt. Ltd,Vision Securities Pvt. Ltd,50,568.0,28400.0,2025-07-22 12:11:11.424211
2025-07-22,126448,2025072204012319,UMHL,Infinity Securities Limited,Vision Securities Pvt. Ltd,150,568.0,85200.0,2025-07-22 12:11:11.424453
2025-07-22,125196,2025072204012591,UMHL,Asian Securities Private Ltd.,Vision Securities Pvt. Ltd,250,568.5,142125.0,2025-07-22 12:13:16.968199
2025-07-22,122615,2025072204013141,UMHL,Dakshinkali Investment & Securities Pvt. Ltd.,Thrive Brokerage House Pvt. Ltd,700,569.0,398300.0,2025-07-22 12:17:08.332048
2025-07-22,122590,2025072204013147,UMHL,Dakshinkali Investment & Securities Pvt. Ltd.,Vision Securities Pvt. Ltd,300,569.0,170700.0,2025-07-22 12:17:09.715559
2025-07-22,122442,2025072204013165,UMHL,Naasa Securities Co. Ltd.,Vision Securities Pvt. Ltd,350,569.0,199150.0,2025-07-22 12:17:21.817233
2025-07-22,122107,2025072204013222,UMHL,Capital Max Securities Ltd,Vision Securities Pvt. Ltd,350,569.0,199150.0,2025-07-22 12:17:49.707948
2025-07-22,122106,2025072204013223,UMHL,Capital Max Securities Ltd,Ashutosh Brokerage & Securities (PVT) Ltd.,100,569.7,56970.0,2025-07-22 12:17:49.708445
2025-07-22,122105,2025072204013224,UMHL,Capital Max Securities Ltd,Capital Max Securities Ltd,50,569.7,28485.0,2025-07-22 12:17:49.708732
2025-07-22,121802,2025072204013285,UMHL,Midas Stock Broking Company Private Limited,Capital Max Securities Ltd,1350,569.7,769095.0,2025-07-22 12:18:13.851024
2025-07-22,120624,2025072204013482,UMHL,Nepal Stock House (PVT) Ltd.,Asian Securities Private Ltd.,150,569.8,85470.0,2025-07-22 12:19:52.489196
2025-07-22,120623,2025072204013483,UMHL,Nepal Stock House (PVT) Ltd.,Oxford Securities Pvt. Ltd.,25,569.8,14245.0,2025-07-22 12:19:52.489430
2025-07-22,120622,2025072204013484,UMHL,Nepal Stock House (PVT) Ltd.,Online Securities Pvt. Ltd.,325,569.9,185217.5,2025-07-22 12:19:52.489516
2025-07-22,119816,2025072204013628,UMHL,Capital Max Securities Ltd,Vision Securities Pvt. Ltd,120,568.6,68232.0,2025-07-22 12:20:56.305830
2025-07-22,119815,2025072204013629,UMHL,Dynamic Money Managers Securities Pvt. Ltd.,Vision Securities Pvt. Ltd,280,568.6,159208.0,2025-07-22 12:20:56.306105
2025-07-22,117895,2025072204014039,UMHL,Naasa Securities Co. Ltd.,Online Securities Pvt. Ltd.,25,569.9,14247.5,2025-07-22 12:23:54.473613
2025-07-22,117767,2025072204014057,UMHL,Arun Securities (PVT) Ltd.,Online Securities Pvt. Ltd.,1864,569.9,1062293.6,2025-07-22 12:24:05.099351
2025-07-22,117766,2025072204014058,UMHL,Arun Securities (PVT) Ltd.,Cristal Kanchanjanga Securites Pvt. Ltd.,100,570.0,57000.0,2025-07-22 12:24:05.099764
2025-07-22,117765,2025072204014059,UMHL,Arun Securities (PVT) Ltd.,Imperial Securities Company Pvt. Ltd.,36,570.0,20520.0,2025-07-22 12:24:05.100004
2025-07-22,117554,2025072204014087,UMHL,Midas Stock Broking Company Private Limited,Capital Max Securities Ltd,50,569.0,28450.0,2025-07-22 12:24:23.504921
2025-07-22,117553,2025072204014088,UMHL,Dynamic Money Managers Securities Pvt. Ltd.,Capital Max Securities Ltd,20,568.6,11372.0,2025-07-22 12:24:23.505207
2025-07-22,117552,2025072204014089,UMHL,Asian Securities Private Ltd.,Capital Max Securities Ltd,30,568.5,17055.0,2025-07-22 12:24:23.505374
2025-07-22,117321,2025072204014121,UMHL,Asian Securities Private Ltd.,Capital Max Securities Ltd,10,568.5,5685.0,2025-07-22 12:24:39.551660
2025-07-22,117320,2025072204014122,UMHL,Infinity Securities Limited,Capital Max Securities Ltd,150,568.1,85215.0,2025-07-22 12:24:39.551771
2025-07-22,117319,2025072204014123,UMHL,Kohinoor Investment & Securities Pvt. Ltd.,Capital Max Securities Ltd,40,568.0,22720.0,2025-07-22 12:24:39.551814
2025-07-22,115343,2025072204014596,UMHL,Midas Stock Broking Company Private Limited,ABC Securities Private Limited,2,560.0,1120.0,2025-07-22 12:27:14.534702
2025-07-22,115244,2025072204014610,UMHL,Nagarik Stock Dealer ,Imperial Securities Company Pvt. Ltd.,14,570.0,7980.0,2025-07-22 12:27:22.133396
2025-07-22,115243,2025072204014611,UMHL,Nagarik Stock Dealer ,Sundhara Securities Limited,232,570.0,132240.0,2025-07-22 12:27:22.133599
2025-07-22,115242,2025072204014612,UMHL,Nagarik Stock Dealer ,Arun Securities (PVT) Ltd.,500,570.0,285000.0,2025-07-22 12:27:22.133683
2025-07-22,115241,2025072204014613,UMHL,Nagarik Stock Dealer ,Deevyaa Securities & Stock House Pvt. Ltd,55,570.0,31350.0,2025-07-22 12:27:22.133760
2025-07-22,115240,2025072204014614,UMHL,Nagarik Stock Dealer ,Nepal Investment And Securities Trading Private Limited,100,570.0,57000.0,2025-07-22 12:27:22.133856
2025-07-22,115239,2025072204014615,UMHL,Nagarik Stock Dealer ,Dipshikha Dhitopatra Karobar Co. Pvt Ltd.,20,570.0,11400.0,2025-07-22 12:27:22.133945
2025-07-22,115238,2025072204014616,UMHL,Nagarik Stock Dealer ,Deevyaa Securities & Stock House Pvt. Ltd,217,570.0,123690.0,2025-07-22 12:27:22.134022
2025-07-22,113803,2025072204014879,UMHL,Dipshikha Dhitopatra Karobar Co. Pvt Ltd.,Oxford Securities Pvt. Ltd.,100,570.0,57000.0,2025-07-22 12:29:38.456948
2025-07-22,113430,2025072204014960,UMHL,Kohinoor Investment & Securities Pvt. Ltd.,Capital Max Securities Ltd,15,568.0,8520.0,2025-07-22 12:30:16.654976
2025-07-22,113429,2025072204014961,UMHL,Secured Securities Ltd.,Capital Max Securities Ltd,82,568.0,46576.0,2025-07-22 12:30:16.655029
2025-07-22,112966,2025072204015070,UMHL,Nagarik Stock Dealer ,Oxford Securities Pvt. Ltd.,200,570.0,114000.0,2025-07-22 12:30:54.591990
2025-07-22,112965,2025072204015071,UMHL,Nagarik Stock Dealer ,Sharepro Securities Private Limited,10,570.0,5700.0,2025-07-22 12:30:54.592219
2025-07-22,112743,2025072204015102,UMHL,Nepal Investment And Securities Trading Private Limited,Naasa Securities Co. Ltd.,10,570.0,5700.0,2025-07-22 12:31:19.102775
2025-07-22,110498,2025072204015672,UMHL,Secured Securities Ltd.,Infinity Securities Limited,118,568.0,67024.0,2025-07-22 12:34:51.727778
2025-07-22,110497,2025072204015673,UMHL,Naasa Securities Co. Ltd.,Infinity Securities Limited,82,568.0,46576.0,2025-07-22 12:34:51.728008
2025-07-22,110074,2025072204015776,UMHL,Naasa Securities Co. Ltd.,Infinity Securities Limited,100,568.0,56800.0,2025-07-22 12:35:39.814752
2025-07-22,109869,2025072204015806,UMHL,Naasa Securities Co. Ltd.,Indira securities pvt. ltd,18,568.0,10224.0,2025-07-22 12:36:00.816491
2025-07-22,109868,2025072204015807,UMHL,Online Securities Pvt. Ltd.,Indira securities pvt. ltd,250,568.0,142000.0,2025-07-22 12:36:00.816965
2025-07-22,109867,2025072204015808,UMHL,Sipla Securities Private Limited,Indira securities pvt. ltd,267,568.0,151656.0,2025-07-22 12:36:00.817256
2025-07-22,107176,2025072204016415,UMHL,Sipla Securities Private Limited,Trisul Securities & Invt. Ltd.,83,568.0,47144.0,2025-07-22 12:39:57.536904
2025-07-22,107175,2025072204016416,UMHL,Bhrikuti Stock Broking Co. Pvt. Ltd.,Trisul Securities & Invt. Ltd.,117,568.0,66456.0,2025-07-22 12:39:57.537341
2025-07-22,106168,2025072204016660,UMHL,Bhrikuti Stock Broking Co. Pvt. Ltd.,Miyo Securities Pvt Ltd,70,568.0,39760.0,2025-07-22 12:41:47.669908
2025-07-22,103428,2025072204017260,UMHL,Dipshikha Dhitopatra Karobar Co. Pvt Ltd.,Nepal Stock House (PVT) Ltd.,10,568.1,5681.0,2025-07-22 12:46:47.055335
2025-07-22,101510,2025072204017665,UMHL,Dipshikha Dhitopatra Karobar Co. Pvt Ltd.,Neev Securities Pvt. Ltd.,67,568.1,38062.7,2025-07-22 12:50:00.101344
2025-07-22,100836,2025072204017846,UMHL,Bhrikuti Stock Broking Co. Pvt. Ltd.,Trisul Securities & Invt. Ltd.,13,568.0,7384.0,2025-07-22 12:51:06.139058
2025-07-22,100835,2025072204017847,UMHL,Trishakti Securities Public Limited,Trisul Securities & Invt. Ltd.,87,568.0,49416.0,2025-07-22 12:51:06.139302
2025-07-22,100390,2025072204017960,UMHL,Trishakti Securities Public Limited,Neev Securities Pvt. Ltd.,88,568.0,49984.0,2025-07-22 12:51:56.641155
2025-07-22,100218,2025072204018003,UMHL,Naasa Securities Co. Ltd.,Nagarik Stock Dealer ,100,567.2,56720.0,2025-07-22 12:52:18.596126
2025-07-22,100217,2025072204018004,UMHL,Dynamic Money Managers Securities Pvt. Ltd.,Nagarik Stock Dealer ,200,567.0,113400.0,2025-07-22 12:52:18.596606
2025-07-22,100216,2025072204018005,UMHL,Capital Max Securities Ltd,Nagarik Stock Dealer ,375,566.5,212437.5,2025-07-22 12:52:18.596891
2025-07-22,100215,2025072204018006,UMHL,ABC Securities Private Limited,Nagarik Stock Dealer ,100,566.2,56620.0,2025-07-22 12:52:18.597180
2025-07-22,100214,2025072204018007,UMHL,Naasa Securities Co. Ltd.,Nagarik Stock Dealer ,225,566.1,127372.5,2025-07-22 12:52:18.597476
2025-07-22,100116,2025072204018035,UMHL,Naasa Securities Co. Ltd.,Nagarik Stock Dealer ,75,566.1,42457.5,2025-07-22 12:52:30.619459
2025-07-22,100115,2025072204018036,UMHL,Cristal Kanchanjanga Securites Pvt. Ltd.,Nagarik Stock Dealer ,106,566.0,59996.0,2025-07-22 12:52:30.619835
2025-07-22,100114,2025072204018037,UMHL,BHOLE GANESH SECURITIES LTD,Nagarik Stock Dealer ,50,566.0,28300.0,2025-07-22 12:52:30.619930
2025-07-22,100113,2025072204018038,UMHL,Oxford Securities Pvt. Ltd.,Nagarik Stock Dealer ,299,565.0,168935.0,2025-07-22 12:52:30.620025
2025-07-22,100112,2025072204018039,UMHL,MILKY WAY SHARE BROKER COMPANY LTD ,Nagarik Stock Dealer ,150,565.0,84750.0,2025-07-22 12:52:30.620116
2025-07-22,100111,2025072204018040,UMHL,Linch Stock Market Ltd.,Nagarik Stock Dealer ,320,565.0,180800.0,2025-07-22 12:52:30.620206
2025-07-22,100109,2025072204018041,UMHL,Nepal Stock House (PVT) Ltd.,Neev Securities Pvt. Ltd.,300,568.0,170400.0,2025-07-22 12:52:30.943816
2025-07-22,100030,2025072204018052,UMHL,Linch Stock Market Ltd.,Nagarik Stock Dealer ,180,565.0,101700.0,2025-07-22 12:52:40.641599
2025-07-22,100029,2025072204018053,UMHL,Sajilo Broker Limited,Nagarik Stock Dealer ,100,565.0,56500.0,2025-07-22 12:52:40.642071
2025-07-22,100028,2025072204018054,UMHL,Investment Management Nepal Pvt. Ltd.,Nagarik Stock Dealer ,200,565.0,113000.0,2025-07-22 12:52:40.642386
2025-07-22,100027,2025072204018055,UMHL,South Asian Bulls Pvt. Ltd.,Nagarik Stock Dealer ,100,565.0,56500.0,2025-07-22 12:52:40.642670
2025-07-22,100026,2025072204018056,UMHL,Imperial Securities Company Pvt. Ltd.,Nagarik Stock Dealer ,50,565.0,28250.0,2025-07-22 12:52:40.642938
2025-07-22,100025,2025072204018057,UMHL,Sani Securities Company Ltd.,Nagarik Stock Dealer ,200,565.0,113000.0,2025-07-22 12:52:40.643233
2025-07-22,100024,2025072204018058,UMHL,Sani Securities Company Ltd.,Nagarik Stock Dealer ,200,565.0,113000.0,2025-07-22 12:52:40.643521
2025-07-22,100023,2025072204018059,UMHL,Sani Securities Company Ltd.,Nagarik Stock Dealer ,100,565.0,56500.0,2025-07-22 12:52:40.643810
2025-07-22,100022,2025072204018060,UMHL,BHOLE GANESH SECURITIES LTD,Nagarik Stock Dealer ,200,565.0,113000.0,2025-07-22 12:52:40.644117
2025-07-22,100021,2025072204018061,UMHL,Cristal Kanchanjanga Securites Pvt. Ltd.,Nagarik Stock Dealer ,150,565.0,84750.0,2025-07-22 12:52:40.644415
2025-07-22,100020,2025072204018062,UMHL,Sumeru Securities Pvt. Ltd.,Nagarik Stock Dealer ,500,565.0,282500.0,2025-07-22 12:52:40.644713
2025-07-22,100019,2025072204018063,UMHL,Shree Krishna Securities Ltd.,Nagarik Stock Dealer ,20,565.0,11300.0,2025-07-22 12:52:40.645020
2025-07-22,99328,2025072204018224,UMHL,Himalayan Brokerage Company Limited,Linch Stock Market Ltd.,4,562.0,2248.0,2025-07-22 12:53:53.159082
2025-07-22,99269,2025072204018249,UMHL,Shree Krishna Securities Ltd.,Neev Securities Pvt. Ltd.,240,568.0,136320.0,2025-07-22 12:53:59.153459
2025-07-22,98266,2025072204018506,UMHL,Nagarik Stock Dealer ,Online Securities Pvt. Ltd.,10,565.1,5651.0,2025-07-22 12:55:54.256282
2025-07-22,97662,2025072204018627,UMHL,Thrive Brokerage House Pvt. Ltd,South Asian Bulls Pvt. Ltd.,500,566.0,283000.0,2025-07-22 12:57:03.527135
2025-07-22,97528,2025072204018664,UMHL,Aryatara Investment & Securities,Online Securities Pvt. Ltd.,10,565.2,5652.0,2025-07-22 12:57:21.275388
2025-07-22,94675,2025072204019257,UMHL,Aryatara Investment & Securities,Global IME Securities Limited,14,565.2,7912.8,2025-07-22 13:01:59.934254
2025-07-22,92528,2025072204019647,UMHL,Sani Securities Company Ltd.,Trisul Securities & Invt. Ltd.,100,567.0,56700.0,2025-07-22 13:05:50.461206
2025-07-22,91891,2025072204019741,UMHL,Capital Max Securities Ltd,South Asian Bulls Pvt. Ltd.,100,567.1,56710.0,2025-07-22 13:06:49.278168
2025-07-22,91232,2025072204019838,UMHL,Nagarik Stock Dealer ,Dipshikha Dhitopatra Karobar Co. Pvt Ltd.,20,568.0,11360.0,2025-07-22 13:07:50.270868
2025-07-22,91231,2025072204019839,UMHL,Nagarik Stock Dealer ,Midas Stock Broking Company Private Limited,115,568.0,65320.0,2025-07-22 13:07:50.271138
2025-07-22,91230,2025072204019840,UMHL,Nagarik Stock Dealer ,Dynamic Money Managers Securities Pvt. Ltd.,321,569.6,182841.6,2025-07-22 13:07:50.271241
2025-07-22,91229,2025072204019841,UMHL,Nagarik Stock Dealer ,Citizens Share Broker Limited,300,569.6,170880.0,2025-07-22 13:07:50.271346
2025-07-22,91228,2025072204019842,UMHL,Nagarik Stock Dealer ,Dipshikha Dhitopatra Karobar Co. Pvt Ltd.,386,569.7,219904.2,2025-07-22 13:07:50.271444
2025-07-22,91048,2025072204019901,UMHL,Capital Max Securities Ltd,South Asian Bulls Pvt. Ltd.,400,567.1,226840.0,2025-07-22 13:08:05.629807
2025-07-22,90742,2025072204019983,UMHL,Sani Securities Company Ltd.,Online Securities Pvt. Ltd.,10,566.0,5660.0,2025-07-22 13:08:38.336919
2025-07-22,88214,2025072204020528,UMHL,Capital Max Securities Ltd,Citizens Share Broker Limited,100,569.6,56960.0,2025-07-22 13:12:00.064969
2025-07-22,88213,2025072204020529,UMHL,Capital Max Securities Ltd,Dipshikha Dhitopatra Karobar Co. Pvt Ltd.,14,569.7,7975.8,2025-07-22 13:12:00.065244
2025-07-22,88212,2025072204020530,UMHL,Capital Max Securities Ltd,Imperial Securities Company Pvt. Ltd.,107,569.7,60957.9,2025-07-22 13:12:00.065367
2025-07-22,88211,2025072204020531,UMHL,Capital Max Securities Ltd,Citizens Share Broker Limited,100,569.8,56980.0,2025-07-22 13:12:00.065473
2025-07-22,88210,2025072204020532,UMHL,Capital Max Securities Ltd,Dipshikha Dhitopatra Karobar Co. Pvt Ltd.,88,569.9,50151.2,2025-07-22 13:12:00.065574
2025-07-22,88209,2025072204020533,UMHL,Capital Max Securities Ltd,South Asian Bulls Pvt. Ltd.,91,569.9,51860.9,2025-07-22 13:12:00.065677
2025-07-22,86189,2025072204020994,UMHL,SHUBHAKAMANA SECURITIES PVT. LTD,Naasa Securities Co. Ltd.,2000,567.0,1134000.0,2025-07-22 13:14:42.353883
2025-07-22,85478,2025072204021197,UMHL,Sani Securities Company Ltd.,Opal Securities Investment (PVT) Ltd.,33,566.0,18678.0,2025-07-22 13:15:48.471828
2025-07-22,82944,2025072204021828,UMHL,Sani Securities Company Ltd.,Agrawal Securities (PVT) Ltd.,57,566.0,32262.0,2025-07-22 13:19:44.602452
2025-07-22,82943,2025072204021829,UMHL,Capital Max Securities Ltd,Agrawal Securities (PVT) Ltd.,500,566.0,283000.0,2025-07-22 13:19:44.602759
2025-07-22,82942,2025072204021830,UMHL,Vision Securities Pvt. Ltd,Agrawal Securities (PVT) Ltd.,10,566.0,5660.0,2025-07-22 13:19:44.602864
2025-07-22,82941,2025072204021831,UMHL,Midas Stock Broking Company Private Limited,Agrawal Securities (PVT) Ltd.,43,566.0,24338.0,2025-07-22 13:19:44.602978
2025-07-22,82588,2025072204021900,UMHL,Dipshikha Dhitopatra Karobar Co. Pvt Ltd.,J.F. Securites (PVT) Ltd.,20,568.0,11360.0,2025-07-22 13:20:12.571360
2025-07-22,82130,2025072204022010,UMHL,Midas Stock Broking Company Private Limited,Dipshikha Dhitopatra Karobar Co. Pvt Ltd.,20,566.0,11320.0,2025-07-22 13:20:52.930375
2025-07-22,80892,2025072204022480,UMHL,Aryatara Investment & Securities,Sani Securities Company Ltd.,76,567.7,43145.2,2025-07-22 13:22:24.727025
2025-07-22,80649,2025072204022521,UMHL,Imperial Securities Company Pvt. Ltd.,Sani Securities Company Ltd.,500,567.7,283850.0,2025-07-22 13:22:48.598385
2025-07-22,80314,2025072204022607,UMHL,Midas Stock Broking Company Private Limited,Primo Securities (PVT) Ltd.,14,566.0,7924.0,2025-07-22 13:23:17.569865
2025-07-22,79849,2025072204022730,UMHL,Nagarik Stock Dealer ,Sani Securities Company Ltd.,16,567.0,9072.0,2025-07-22 13:23:52.281293
2025-07-22,79848,2025072204022731,UMHL,Nagarik Stock Dealer ,Sani Securities Company Ltd.,84,567.7,47686.8,2025-07-22 13:23:52.281567
2025-07-22,79056,2025072204022957,UMHL,Midas Stock Broking Company Private Limited,Imperial Securities Company Pvt. Ltd.,10,566.0,5660.0,2025-07-22 13:24:52.836185
2025-07-22,78930,2025072204023011,UMHL,Sundhara Securities Limited,Sani Securities Company Ltd.,40,567.7,22708.0,2025-07-22 13:25:05.651783
2025-07-22,78929,2025072204023012,UMHL,Sundhara Securities Limited,Sani Securities Company Ltd.,22,567.8,12491.6,2025-07-22 13:25:05.652266
2025-07-22,78858,2025072204023031,UMHL,Midas Stock Broking Company Private Limited,Vision Securities Pvt. Ltd,13,566.0,7358.0,2025-07-22 13:25:12.077994
2025-07-22,77953,2025072204023289,UMHL,Shree Krishna Securities Ltd.,Linch Stock Market Ltd.,19,565.7,10748.3,2025-07-22 13:26:37.193714
2025-07-22,77830,2025072204023347,UMHL,Shree Krishna Securities Ltd.,Sani Securities Company Ltd.,481,565.7,272101.7,2025-07-22 13:26:45.077104
2025-07-22,77829,2025072204023348,UMHL,Imperial Securities Company Pvt. Ltd.,Sani Securities Company Ltd.,92,565.7,52044.4,2025-07-22 13:26:45.077677
2025-07-22,77720,2025072204023400,UMHL,Imperial Securities Company Pvt. Ltd.,Linch Stock Market Ltd.,214,565.7,121059.8,2025-07-22 13:26:53.288261
2025-07-22,77239,2025072204023577,UMHL,Oxford Securities Pvt. Ltd.,Vision Securities Pvt. Ltd,130,567.0,73710.0,2025-07-22 13:27:28.822503
2025-07-22,77238,2025072204023578,UMHL,Oxford Securities Pvt. Ltd.,Sani Securities Company Ltd.,60,567.0,34020.0,2025-07-22 13:27:28.822769
2025-07-22,76749,2025072204023714,UMHL,Shree Krishna Securities Ltd.,Sani Securities Company Ltd.,140,567.0,79380.0,2025-07-22 13:28:09.267996
2025-07-22,76748,2025072204023715,UMHL,Shree Krishna Securities Ltd.,Naasa Securities Co. Ltd.,360,567.2,204192.0,2025-07-22 13:28:09.268280
2025-07-22,75621,2025072204024024,UMHL,Imperial Securities Company Pvt. Ltd.,Thrive Brokerage House Pvt. Ltd,12,565.9,6790.8,2025-07-22 13:29:43.602143
2025-07-22,75294,2025072204024084,UMHL,Imperial Securities Company Pvt. Ltd.,J.F. Securites (PVT) Ltd.,130,565.9,73567.0,2025-07-22 13:30:08.030347
2025-07-22,73980,2025072204024475,UMHL,Imperial Securities Company Pvt. Ltd.,Imperial Securities Company Pvt. Ltd.,18,565.9,10186.2,2025-07-22 13:32:08.851560
2025-07-22,73722,2025072204024556,UMHL,Indira securities pvt. ltd,Agrawal Securities (PVT) Ltd.,25,567.0,14175.0,2025-07-22 13:32:35.800284
2025-07-22,73721,2025072204024557,UMHL,Indira securities pvt. ltd,Naasa Securities Co. Ltd.,40,567.2,22688.0,2025-07-22 13:32:35.800369
2025-07-22,73720,2025072204024558,UMHL,Indira securities pvt. ltd,Premier Securities Company Ltd.,10,568.0,5680.0,2025-07-22 13:32:35.800400
2025-07-22,73719,2025072204024559,UMHL,Indira securities pvt. ltd,Naasa Securities Co. Ltd.,130,568.0,73840.0,2025-07-22 13:32:35.800432
2025-07-22,73718,2025072204024560,UMHL,Indira securities pvt. ltd,South Asian Bulls Pvt. Ltd.,295,569.0,167855.0,2025-07-22 13:32:35.800461
2025-07-22,73497,2025072204024624,UMHL,Indira securities pvt. ltd,South Asian Bulls Pvt. Ltd.,135,569.0,76815.0,2025-07-22 13:32:59.840435
2025-07-22,73496,2025072204024625,UMHL,Indira securities pvt. ltd,Capital Max Securities Ltd,365,569.7,207940.5,2025-07-22 13:32:59.840584
2025-07-22,73410,2025072204024655,UMHL,Indira securities pvt. ltd,Capital Max Securities Ltd,135,569.7,76909.5,2025-07-22 13:33:07.863955
2025-07-22,73409,2025072204024656,UMHL,Indira securities pvt. ltd,Citizens Share Broker Limited,100,569.7,56970.0,2025-07-22 13:33:07.864015
2025-07-22,73408,2025072204024657,UMHL,Indira securities pvt. ltd,Vision Securities Pvt. Ltd,265,569.8,150997.0,2025-07-22 13:33:07.864048
2025-07-22,73308,2025072204024685,UMHL,Indira securities pvt. ltd,Vision Securities Pvt. Ltd,210,569.8,119658.0,2025-07-22 13:33:15.931991
2025-07-22,73307,2025072204024686,UMHL,Indira securities pvt. ltd,Citizens Share Broker Limited,100,569.8,56980.0,2025-07-22 13:33:15.932084
2025-07-22,73306,2025072204024687,UMHL,Indira securities pvt. ltd,South Asian Bulls Pvt. Ltd.,190,569.9,108281.0,2025-07-22 13:33:15.932162
2025-07-22,73013,2025072204024761,UMHL,Indira securities pvt. ltd,South Asian Bulls Pvt. Ltd.,500,569.9,284950.0,2025-07-22 13:33:47.991776
2025-07-22,72969,2025072204024772,UMHL,Indira securities pvt. ltd,South Asian Bulls Pvt. Ltd.,500,569.9,284950.0,2025-07-22 13:33:54.003359
2025-07-22,72864,2025072204024791,UMHL,Indira securities pvt. ltd,Aryatara Investment & Securities,500,569.8,284900.0,2025-07-22 13:34:04.029452
2025-07-22,71345,2025072204025169,UMHL,Imperial Securities Company Pvt. Ltd.,Dipshikha Dhitopatra Karobar Co. Pvt Ltd.,6,565.0,3390.0,2025-07-22 13:36:21.229740
2025-07-22,69497,2025072204025785,UMHL,Sani Securities Company Ltd.,South Asian Bulls Pvt. Ltd.,99,569.9,56420.1,2025-07-22 13:39:44.260293
2025-07-22,68697,2025072204026031,UMHL,Shree Krishna Securities Ltd.,Dakshinkali Investment & Securities Pvt. Ltd.,15,566.7,8500.5,2025-07-22 13:41:11.414642
2025-07-22,67566,2025072204026280,UMHL,Online Securities Pvt. Ltd.,Online Securities Pvt. Ltd.,800,569.7,455760.0,2025-07-22 13:42:58.251102
2025-07-22,67030,2025072204026383,UMHL,Dakshinkali Investment & Securities Pvt. Ltd.,Asian Securities Private Ltd.,440,569.5,250580.0,2025-07-22 13:44:03.478254
2025-07-22,65893,2025072204026639,UMHL,Kalika Securities Pvt. Ltd.,Dipshikha Dhitopatra Karobar Co. Pvt Ltd.,10,569.0,5690.0,2025-07-22 13:45:21.899625
2025-07-22,65230,2025072204026818,UMHL,Kalika Securities Pvt. Ltd.,Naasa Securities Co. Ltd.,472,569.0,268568.0,2025-07-22 13:46:27.686269
2025-07-22,65229,2025072204026819,UMHL,Online Securities Pvt. Ltd.,Naasa Securities Co. Ltd.,500,569.0,284500.0,2025-07-22 13:46:27.686332
2025-07-22,65228,2025072204026820,UMHL,SUN SECURITIES PVT LTD,Naasa Securities Co. Ltd.,28,567.0,15876.0,2025-07-22 13:46:27.686373
2025-07-22,64995,2025072204026842,UMHL,Imperial Securities Company Pvt. Ltd.,Midas Stock Broking Company Private Limited,24,569.8,13675.2,2025-07-22 13:46:40.366734
2025-07-22,64077,2025072204027115,UMHL,Naasa Securities Co. Ltd.,Midas Stock Broking Company Private Limited,976,569.8,556124.8,2025-07-22 13:47:55.558356
2025-07-22,64076,2025072204027116,UMHL,Naasa Securities Co. Ltd.,South Asian Bulls Pvt. Ltd.,120,569.9,68388.0,2025-07-22 13:47:55.558418
2025-07-22,64075,2025072204027117,UMHL,Naasa Securities Co. Ltd.,Kohinoor Investment & Securities Pvt. Ltd.,12,569.9,6838.8,2025-07-22 13:47:55.558450
2025-07-22,64074,2025072204027118,UMHL,Naasa Securities Co. Ltd.,Naasa Securities Co. Ltd.,190,570.0,108300.0,2025-07-22 13:47:55.558477
2025-07-22,64073,2025072204027119,UMHL,Naasa Securities Co. Ltd.,Naasa Securities Co. Ltd.,200,570.0,114000.0,2025-07-22 13:47:55.558508
2025-07-22,64072,2025072204027120,UMHL,Naasa Securities Co. Ltd.,Oxford Securities Pvt. Ltd.,200,570.0,114000.0,2025-07-22 13:47:55.558536
2025-07-22,64071,2025072204027121,UMHL,Naasa Securities Co. Ltd.,Opal Securities Investment (PVT) Ltd.,100,570.0,57000.0,2025-07-22 13:47:55.558567
2025-07-22,64070,2025072204027122,UMHL,Naasa Securities Co. Ltd.,Elite Stock House Limited,90,570.0,51300.0,2025-07-22 13:47:55.558624
2025-07-22,64069,2025072204027123,UMHL,Naasa Securities Co. Ltd.,Cristal Kanchanjanga Securites Pvt. Ltd.,1112,570.0,633840.0,2025-07-22 13:47:55.558670
2025-07-22,63579,2025072204027287,UMHL,Sundhara Securities Limited,Cristal Kanchanjanga Securites Pvt. Ltd.,43,570.0,24510.0,2025-07-22 13:48:38.370066
2025-07-22,62636,2025072204027634,UMHL,Kohinoor Investment & Securities Pvt. Ltd.,Cristal Kanchanjanga Securites Pvt. Ltd.,845,570.0,481650.0,2025-07-22 13:50:01.958683
2025-07-22,62635,2025072204027635,UMHL,Kohinoor Investment & Securities Pvt. Ltd.,Midas Stock Broking Company Private Limited,20,570.0,11400.0,2025-07-22 13:50:01.958950
2025-07-22,62634,2025072204027636,UMHL,Kohinoor Investment & Securities Pvt. Ltd.,Sanima Securities Limited,101,570.0,57570.0,2025-07-22 13:50:01.959065
2025-07-22,62633,2025072204027637,UMHL,Kohinoor Investment & Securities Pvt. Ltd.,Vision Securities Pvt. Ltd,32,570.0,18240.0,2025-07-22 13:50:01.959177
2025-07-22,62632,2025072204027638,UMHL,Kohinoor Investment & Securities Pvt. Ltd.,Secured Securities Ltd.,500,570.0,285000.0,2025-07-22 13:50:01.959305
2025-07-22,62631,2025072204027639,UMHL,Kohinoor Investment & Securities Pvt. Ltd.,Sani Securities Company Ltd.,48,570.0,27360.0,2025-07-22 13:50:01.959424
2025-07-22,62630,2025072204027640,UMHL,Kohinoor Investment & Securities Pvt. Ltd.,Imperial Securities Company Pvt. Ltd.,500,570.0,285000.0,2025-07-22 13:50:01.959524
2025-07-22,62629,2025072204027641,UMHL,Kohinoor Investment & Securities Pvt. Ltd.,Premier Securities Company Ltd.,200,570.0,114000.0,2025-07-22 13:50:01.959630
2025-07-22,62628,2025072204027642,UMHL,Kohinoor Investment & Securities Pvt. Ltd.,Cristal Kanchanjanga Securites Pvt. Ltd.,1000,570.0,570000.0,2025-07-22 13:50:01.959732
2025-07-22,62627,2025072204027643,UMHL,Kohinoor Investment & Securities Pvt. Ltd.,Online Securities Pvt. Ltd.,300,570.0,171000.0,2025-07-22 13:50:01.959830
2025-07-22,62626,2025072204027644,UMHL,Kohinoor Investment & Securities Pvt. Ltd.,Online Securities Pvt. Ltd.,53,570.0,30210.0,2025-07-22 13:50:01.959927
2025-07-22,62625,2025072204027645,UMHL,Kohinoor Investment & Securities Pvt. Ltd.,Asian Securities Private Ltd.,100,570.0,57000.0,2025-07-22 13:50:01.960030
2025-07-22,60738,2025072204028337,UMHL,Nagarik Stock Dealer ,Imperial Securities Company Pvt. Ltd.,14,569.0,7966.0,2025-07-22 13:53:02.737176
2025-07-22,60448,2025072204028410,UMHL,Capital Max Securities Ltd,Citizens Share Broker Limited,100,570.7,57070.0,2025-07-22 13:53:33.941464
2025-07-22,60447,2025072204028411,UMHL,Capital Max Securities Ltd,Agrawal Securities (PVT) Ltd.,200,570.8,114160.0,2025-07-22 13:53:33.941736
2025-07-22,60446,2025072204028412,UMHL,Capital Max Securities Ltd,Citizens Share Broker Limited,200,570.9,114180.0,2025-07-22 13:53:33.941844
2025-07-22,59982,2025072204028563,UMHL,Online Securities Pvt. Ltd.,Online Securities Pvt. Ltd.,800,570.8,456640.0,2025-07-22 13:54:14.722902
2025-07-22,59424,2025072204028785,UMHL,SHUBHAKAMANA SECURITIES PVT. LTD,R.B.B. Securities Company Ltd,500,570.9,285450.0,2025-07-22 13:54:59.450586
2025-07-22,59212,2025072204028815,UMHL,SUN SECURITIES PVT LTD,R.B.B. Securities Company Ltd,300,570.9,171270.0,2025-07-22 13:55:13.603809
2025-07-22,59211,2025072204028816,UMHL,SUN SECURITIES PVT LTD,Imperial Securities Company Pvt. Ltd.,50,571.0,28550.0,2025-07-22 13:55:13.604067
2025-07-22,59210,2025072204028817,UMHL,SUN SECURITIES PVT LTD,Naasa Securities Co. Ltd.,150,571.0,85650.0,2025-07-22 13:55:13.604175
2025-07-22,58424,2025072204028918,UMHL,SUN SECURITIES PVT LTD,Primo Securities (PVT) Ltd.,17,570.0,9690.0,2025-07-22 13:55:58.506538
2025-07-22,58347,2025072204028926,UMHL,Nagarik Stock Dealer ,Naasa Securities Co. Ltd.,350,571.0,199850.0,2025-07-22 13:56:03.755079
2025-07-22,58346,2025072204028927,UMHL,Nagarik Stock Dealer ,Vision Securities Pvt. Ltd,114,571.0,65094.0,2025-07-22 13:56:03.755428
2025-07-22,58345,2025072204028928,UMHL,Nagarik Stock Dealer ,Premier Securities Company Ltd.,100,571.0,57100.0,2025-07-22 13:56:03.755532
2025-07-22,58344,2025072204028929,UMHL,Nagarik Stock Dealer ,Midas Stock Broking Company Private Limited,50,571.2,28560.0,2025-07-22 13:56:03.755632
2025-07-22,58343,2025072204028930,UMHL,Nagarik Stock Dealer ,Trisul Securities & Invt. Ltd.,630,571.9,360297.0,2025-07-22 13:56:03.755731
2025-07-22,58342,2025072204028931,UMHL,Nagarik Stock Dealer ,Online Securities Pvt. Ltd.,107,572.0,61204.0,2025-07-22 13:56:03.755829
2025-07-22,58341,2025072204028932,UMHL,Nagarik Stock Dealer ,Sani Securities Company Ltd.,649,572.0,371228.0,2025-07-22 13:56:03.756003
2025-07-22,58237,2025072204028957,UMHL,Nagarik Stock Dealer ,Sani Securities Company Ltd.,142,572.0,81224.0,2025-07-22 13:56:11.771514
2025-07-22,58236,2025072204028958,UMHL,Nagarik Stock Dealer ,Imperial Securities Company Pvt. Ltd.,100,572.0,57200.0,2025-07-22 13:56:11.771772
2025-07-22,58235,2025072204028959,UMHL,Nagarik Stock Dealer ,Trisul Securities & Invt. Ltd.,200,572.0,114400.0,2025-07-22 13:56:11.771879
2025-07-22,58234,2025072204028960,UMHL,Nagarik Stock Dealer ,Premier Securities Company Ltd.,100,572.0,57200.0,2025-07-22 13:56:11.771981
2025-07-22,58233,2025072204028961,UMHL,Nagarik Stock Dealer ,Siprabi Securities Pvt. Ltd.,30,573.0,17190.0,2025-07-22 13:56:11.772085
2025-07-22,58232,2025072204028962,UMHL,Nagarik Stock Dealer ,Kohinoor Investment & Securities Pvt. Ltd.,50,573.0,28650.0,2025-07-22 13:56:11.772186
2025-07-22,58231,2025072204028963,UMHL,Nagarik Stock Dealer ,Online Securities Pvt. Ltd.,2078,573.3,1191317.4,2025-07-22 13:56:11.772288
2025-07-22,57856,2025072204029054,UMHL,Nagarik Stock Dealer ,Online Securities Pvt. Ltd.,600,573.3,343980.0,2025-07-22 13:56:51.874599
2025-07-22,57367,2025072204029153,UMHL,Dakshinkali Investment & Securities Pvt. Ltd.,Online Securities Pvt. Ltd.,312,573.3,178869.6,2025-07-22 13:57:36.149138
2025-07-22,57366,2025072204029154,UMHL,Dakshinkali Investment & Securities Pvt. Ltd.,Naasa Securities Co. Ltd.,100,573.3,57330.0,2025-07-22 13:57:36.149642
2025-07-22,57365,2025072204029155,UMHL,Dakshinkali Investment & Securities Pvt. Ltd.,Citizens Share Broker Limited,321,574.0,184254.0,2025-07-22 13:57:36.149944
2025-07-22,54905,2025072204029681,UMHL,Cristal Kanchanjanga Securites Pvt. Ltd.,Malla & Malla Stock Broking Company Pvt. Limited,14,573.0,8022.0,2025-07-22 14:00:49.813170
2025-07-22,54904,2025072204029682,UMHL,Cristal Kanchanjanga Securites Pvt. Ltd.,Citizens Share Broker Limited,100,573.1,57310.0,2025-07-22 14:00:49.813687
2025-07-22,54903,2025072204029683,UMHL,Cristal Kanchanjanga Securites Pvt. Ltd.,Naasa Securities Co. Ltd.,426,573.2,244183.2,2025-07-22 14:00:49.814017
2025-07-22,53188,2025072204030115,UMHL,Aryatara Investment & Securities,Aryatara Investment & Securities,14,571.1,7995.4,2025-07-22 14:03:15.336600
2025-07-22,51955,2025072204030355,UMHL,Online Securities Pvt. Ltd.,Online Securities Pvt. Ltd.,3000,573.1,1719300.0,2025-07-22 14:04:41.932501
2025-07-22,51842,2025072204030370,UMHL,Aryatara Investment & Securities,Sri Hari Securities Pvt. Ltd.,44,571.1,25128.4,2025-07-22 14:04:47.338609
2025-07-22,50533,2025072204030596,UMHL,Aryatara Investment & Securities,Deevyaa Securities & Stock House Pvt. Ltd,10,571.1,5711.0,2025-07-22 14:06:31.740920
2025-07-22,49946,2025072204030765,UMHL,Aryatara Investment & Securities,Linch Stock Market Ltd.,14,571.1,7995.4,2025-07-22 14:07:21.340452
2025-07-22,48596,2025072204031099,UMHL,N.M.B. SECURITIES LIMITED,Sani Securities Company Ltd.,125,573.0,71625.0,2025-07-22 14:09:10.399216
2025-07-22,48595,2025072204031100,UMHL,N.M.B. SECURITIES LIMITED,Premier Securities Company Ltd.,100,573.0,57300.0,2025-07-22 14:09:10.399359
2025-07-22,48594,2025072204031101,UMHL,N.M.B. SECURITIES LIMITED,Indira securities pvt. ltd,2550,573.0,1461150.0,2025-07-22 14:09:10.399461
2025-07-22,48593,2025072204031102,UMHL,N.M.B. SECURITIES LIMITED,Naasa Securities Co. Ltd.,74,573.2,42416.8,2025-07-22 14:09:10.399543
2025-07-22,48592,2025072204031103,UMHL,N.M.B. SECURITIES LIMITED,Naasa Securities Co. Ltd.,151,573.3,86568.3,2025-07-22 14:09:10.399622
2025-07-22,46774,2025072204031543,UMHL,Aryatara Investment & Securities,ABC Securities Private Limited,10,571.1,5711.0,2025-07-22 14:11:33.194456
2025-07-22,46737,2025072204031553,UMHL,Aryatara Investment & Securities,Kumari Securities Private Limited,10,571.0,5710.0,2025-07-22 14:11:35.370504
2025-07-22,45134,2025072204031998,UMHL,Trisul Securities & Invt. Ltd.,Ashutosh Brokerage & Securities (PVT) Ltd.,100,571.1,57110.0,2025-07-22 14:13:45.445848
2025-07-22,45133,2025072204031999,UMHL,Online Securities Pvt. Ltd.,Ashutosh Brokerage & Securities (PVT) Ltd.,15,571.0,8565.0,2025-07-22 14:13:45.446107
2025-07-22,44390,2025072204032234,UMHL,Online Securities Pvt. Ltd.,Opal Securities Investment (PVT) Ltd.,10,571.0,5710.0,2025-07-22 14:14:38.780698
2025-07-22,43938,2025072204032434,UMHL,Online Securities Pvt. Ltd.,Online Securities Pvt. Ltd.,400,571.0,228400.0,2025-07-22 14:15:04.052701
2025-07-22,43238,2025072204032570,UMHL,Online Securities Pvt. Ltd.,Dynamic Money Managers Securities Pvt. Ltd.,35,571.0,19985.0,2025-07-22 14:16:04.533593
2025-07-22,43237,2025072204032571,UMHL,Aryatara Investment & Securities,Dynamic Money Managers Securities Pvt. Ltd.,10,571.0,5710.0,2025-07-22 14:16:04.533868
2025-07-22,43236,2025072204032572,UMHL,SUN SECURITIES PVT LTD,Dynamic Money Managers Securities Pvt. Ltd.,83,570.0,47310.0,2025-07-22 14:16:04.533971
2025-07-22,43235,2025072204032573,UMHL,Cristal Kanchanjanga Securites Pvt. Ltd.,Dynamic Money Managers Securities Pvt. Ltd.,500,570.0,285000.0,2025-07-22 14:16:04.534255
2025-07-22,43234,2025072204032574,UMHL,Naasa Securities Co. Ltd.,Dynamic Money Managers Securities Pvt. Ltd.,30,570.0,17100.0,2025-07-22 14:16:04.534564
2025-07-22,43233,2025072204032575,UMHL,Sani Securities Company Ltd.,Dynamic Money Managers Securities Pvt. Ltd.,50,570.0,28500.0,2025-07-22 14:16:04.534847
2025-07-22,42775,2025072204032685,UMHL,Stoxkarts Securities Limited,Dynamic Money Managers Securities Pvt. Ltd.,292,570.0,166440.0,2025-07-22 14:16:51.204456
2025-07-22,41706,2025072204032913,UMHL,Online Securities Pvt. Ltd.,Online Securities Pvt. Ltd.,500,571.4,285700.0,2025-07-22 14:18:22.058866
2025-07-22,41442,2025072204032975,UMHL,Sri Hari Securities Pvt. Ltd.,Online Securities Pvt. Ltd.,15,570.0,8550.0,2025-07-22 14:18:44.317337
2025-07-22,40562,2025072204033266,UMHL,Online Securities Pvt. Ltd.,Online Securities Pvt. Ltd.,100,571.4,57140.0,2025-07-22 14:19:45.326534
2025-07-22,40001,2025072204033440,UMHL,Vision Securities Pvt. Ltd,Citizens Share Broker Limited,100,571.4,57140.0,2025-07-22 14:20:25.253357
2025-07-22,39067,2025072204033698,UMHL,Midas Stock Broking Company Private Limited,Online Securities Pvt. Ltd.,10,570.0,5700.0,2025-07-22 14:21:38.910552
2025-07-22,35977,2025072204034352,UMHL,Vision Securities Pvt. Ltd,Cristal Kanchanjanga Securites Pvt. Ltd.,50,570.0,28500.0,2025-07-22 14:24:54.538457
2025-07-22,35684,2025072204034443,UMHL,Capital Max Securities Ltd,Agrawal Securities (PVT) Ltd.,20,569.0,11380.0,2025-07-22 14:25:14.064908
2025-07-22,34929,2025072204034623,UMHL,Online Securities Pvt. Ltd.,Online Securities Pvt. Ltd.,16,570.0,9120.0,2025-07-22 14:26:15.282283
2025-07-22,34913,2025072204034631,UMHL,Capital Max Securities Ltd,Sundhara Securities Limited,180,569.0,102420.0,2025-07-22 14:26:16.317890
2025-07-22,34912,2025072204034632,UMHL,Dakshinkali Investment & Securities Pvt. Ltd.,Sundhara Securities Limited,83,568.7,47202.1,2025-07-22 14:26:16.318186
2025-07-22,34911,2025072204034633,UMHL,MILKY WAY SHARE BROKER COMPANY LTD ,Sundhara Securities Limited,237,568.7,134781.9,2025-07-22 14:26:16.318289
2025-07-22,33382,2025072204035024,UMHL,Aryatara Investment & Securities,Dipshikha Dhitopatra Karobar Co. Pvt Ltd.,500,569.0,284500.0,2025-07-22 14:28:00.872764
2025-07-22,33381,2025072204035025,UMHL,MILKY WAY SHARE BROKER COMPANY LTD ,Dipshikha Dhitopatra Karobar Co. Pvt Ltd.,113,568.7,64263.1,2025-07-22 14:28:00.873114
2025-07-22,33380,2025072204035026,UMHL,Online Securities Pvt. Ltd.,Dipshikha Dhitopatra Karobar Co. Pvt Ltd.,387,568.7,220086.9,2025-07-22 14:28:00.873255
2025-07-22,33170,2025072204035081,UMHL,Online Securities Pvt. Ltd.,Online Securities Pvt. Ltd.,10,570.0,5700.0,2025-07-22 14:28:19.481746
2025-07-22,32828,2025072204035168,UMHL,Dynamic Money Managers Securities Pvt. Ltd.,Miyo Securities Pvt Ltd,200,569.9,113980.0,2025-07-22 14:28:46.342113
2025-07-22,32272,2025072204035320,UMHL,Online Securities Pvt. Ltd.,Capital Max Securities Ltd,320,568.7,181984.0,2025-07-22 14:29:26.066993
2025-07-22,31147,2025072204035600,UMHL,J.F. Securites (PVT) Ltd.,Nepal Investment And Securities Trading Private Limited,30,569.0,17070.0,2025-07-22 14:30:45.635519
2025-07-22,30052,2025072204035842,UMHL,Sani Securities Company Ltd.,Nepal Investment And Securities Trading Private Limited,250,569.0,142250.0,2025-07-22 14:32:11.331986
2025-07-22,30007,2025072204035856,UMHL,Vision Securities Pvt. Ltd,Miyo Securities Pvt Ltd,400,568.8,227520.0,2025-07-22 14:32:14.457261
2025-07-22,29423,2025072204035990,UMHL,Vision Securities Pvt. Ltd,Miyo Securities Pvt Ltd,10,568.8,5688.0,2025-07-22 14:33:02.575939
2025-07-22,28975,2025072204036078,UMHL,BHOLE GANESH SECURITIES LTD,Malla & Malla Stock Broking Company Pvt. Limited,76,568.9,43236.4,2025-07-22 14:33:33.953425
2025-07-22,28660,2025072204036157,UMHL,BHOLE GANESH SECURITIES LTD,Nepal Investment And Securities Trading Private Limited,24,569.0,13656.0,2025-07-22 14:33:57.002065
2025-07-22,27776,2025072204036318,UMHL,Vision Securities Pvt. Ltd,ABC Securities Private Limited,90,568.8,51192.0,2025-07-22 14:34:55.664578
2025-07-22,27775,2025072204036319,UMHL,Online Securities Pvt. Ltd.,ABC Securities Private Limited,793,568.7,450979.1,2025-07-22 14:34:55.664875
2025-07-22,27774,2025072204036320,UMHL,Sani Securities Company Ltd.,ABC Securities Private Limited,17,568.7,9667.9,2025-07-22 14:34:55.665029
2025-07-22,25994,2025072204036855,UMHL,Sani Securities Company Ltd.,Nepal Investment And Securities Trading Private Limited,196,568.7,111465.2,2025-07-22 14:37:09.060356
2025-07-22,25990,2025072204036857,UMHL,Sani Securities Company Ltd.,Kumari Securities Private Limited,287,568.7,163216.9,2025-07-22 14:37:09.461628
2025-07-22,25989,2025072204036858,UMHL,Aryatara Investment & Securities,Kumari Securities Private Limited,213,568.7,121133.1,2025-07-22 14:37:09.461906
2025-07-22,25826,2025072204036905,UMHL,Aryatara Investment & Securities,Naasa Securities Co. Ltd.,87,568.7,49476.9,2025-07-22 14:37:22.106664
2025-07-22,24157,2025072204037303,UMHL,Vision Securities Pvt. Ltd,S.P.S.A. Securities Limited,100,568.6,56860.0,2025-07-22 14:39:43.478529
2025-07-22,22417,2025072204037717,UMHL,Infinity Securities Limited,Naasa Securities Co. Ltd.,153,568.7,87011.1,2025-07-22 14:41:49.650749
2025-07-22,22416,2025072204037718,UMHL,Infinity Securities Limited,Online Securities Pvt. Ltd.,96,569.0,54624.0,2025-07-22 14:41:49.651025
2025-07-22,22415,2025072204037719,UMHL,Infinity Securities Limited,Primo Securities (PVT) Ltd.,50,569.0,28450.0,2025-07-22 14:41:49.651130
2025-07-22,22414,2025072204037720,UMHL,Infinity Securities Limited,Capital Max Securities Ltd,1000,569.8,569800.0,2025-07-22 14:41:49.651228
2025-07-22,22413,2025072204037721,UMHL,Infinity Securities Limited,Sri Hari Securities Pvt. Ltd.,200,569.9,113980.0,2025-07-22 14:41:49.651336
2025-07-22,21988,2025072204037825,UMHL,Imperial Securities Company Pvt. Ltd.,Online Securities Pvt. Ltd.,20,570.0,11400.0,2025-07-22 14:42:19.525004
2025-07-22,21987,2025072204037826,UMHL,Imperial Securities Company Pvt. Ltd.,MILKY WAY SHARE BROKER COMPANY LTD ,180,570.0,102600.0,2025-07-22 14:42:19.525265
2025-07-22,21623,2025072204037892,UMHL,Infinity Securities Limited,Kumari Securities Private Limited,300,569.9,170970.0,2025-07-22 14:42:50.235302
2025-07-22,21397,2025072204037944,UMHL,Bhrikuti Stock Broking Co. Pvt. Ltd.,MILKY WAY SHARE BROKER COMPANY LTD ,100,570.0,57000.0,2025-07-22 14:43:07.821244
2025-07-22,20904,2025072204038071,UMHL,Kumari Securities Private Limited,MILKY WAY SHARE BROKER COMPANY LTD ,520,570.0,296400.0,2025-07-22 14:43:40.881755
2025-07-22,20903,2025072204038072,UMHL,Kumari Securities Private Limited,Premier Securities Company Ltd.,1000,570.0,570000.0,2025-07-22 14:43:40.882020
2025-07-22,20902,2025072204038073,UMHL,Kumari Securities Private Limited,Premier Securities Company Ltd.,100,570.0,57000.0,2025-07-22 14:43:40.882128
2025-07-22,20901,2025072204038074,UMHL,Kumari Securities Private Limited,Thrive Brokerage House Pvt. Ltd,380,570.0,216600.0,2025-07-22 14:43:40.882229
2025-07-22,20716,2025072204038122,UMHL,APPLE SECURITIES PRIVATE LIMITED,Thrive Brokerage House Pvt. Ltd,50,570.0,28500.0,2025-07-22 14:43:54.169239
2025-07-22,19705,2025072204038407,UMHL,Kumari Securities Private Limited,Thrive Brokerage House Pvt. Ltd,70,570.0,39900.0,2025-07-22 14:44:52.524851
2025-07-22,19704,2025072204038408,UMHL,Kumari Securities Private Limited,Sani Securities Company Ltd.,23,570.0,13110.0,2025-07-22 14:44:52.525155
2025-07-22,19703,2025072204038409,UMHL,Kumari Securities Private Limited,Elite Stock House Limited,600,570.0,342000.0,2025-07-22 14:44:52.525264
2025-07-22,19702,2025072204038410,UMHL,Kumari Securities Private Limited,Kumari Securities Private Limited,100,570.0,57000.0,2025-07-22 14:44:52.525375
2025-07-22,19701,2025072204038411,UMHL,Kumari Securities Private Limited,Sani Securities Company Ltd.,7,570.0,3990.0,2025-07-22 14:44:52.525468
2025-07-22,18454,2025072204038683,UMHL,Nabil Stock Dealer Ltd.,Malla & Malla Stock Broking Company Pvt. Limited,800,570.7,456560.0,2025-07-22 14:46:02.945179
2025-07-22,18453,2025072204038684,UMHL,Nabil Stock Dealer Ltd.,Nepal Stock House (PVT) Ltd.,200,570.8,114160.0,2025-07-22 14:46:02.945279
2025-07-22,17384,2025072204038938,UMHL,Online Securities Pvt. Ltd.,Ashutosh Brokerage & Securities (PVT) Ltd.,10,571.0,5710.0,2025-07-22 14:47:17.394573
2025-07-22,15997,2025072204039278,UMHL,Nabil Stock Dealer Ltd.,Miyo Securities Pvt Ltd,500,570.0,285000.0,2025-07-22 14:48:43.677388
2025-07-22,15996,2025072204039279,UMHL,Trisul Securities & Invt. Ltd.,Miyo Securities Pvt Ltd,150,570.0,85500.0,2025-07-22 14:48:43.677454
2025-07-22,15995,2025072204039280,UMHL,Online Securities Pvt. Ltd.,Miyo Securities Pvt Ltd,20,570.0,11400.0,2025-07-22 14:48:43.677480
2025-07-22,15994,2025072204039281,UMHL,Infinity Securities Limited,Miyo Securities Pvt Ltd,130,569.9,74087.0,2025-07-22 14:48:43.677507
2025-07-22,15275,2025072204039509,UMHL,Infinity Securities Limited,J.F. Securites (PVT) Ltd.,1000,569.9,569900.0,2025-07-22 14:49:26.884194
2025-07-22,14639,2025072204039682,UMHL,Infinity Securities Limited,Nagarik Stock Dealer ,71,569.9,40462.9,2025-07-22 14:50:07.667408
2025-07-22,14638,2025072204039683,UMHL,Sundhara Securities Limited,Nagarik Stock Dealer ,29,569.9,16527.1,2025-07-22 14:50:07.667453
2025-07-22,14546,2025072204039712,UMHL,Sundhara Securities Limited,Vision Securities Pvt. Ltd,100,569.9,56990.0,2025-07-22 14:50:14.106539
2025-07-22,14412,2025072204039742,UMHL,Sundhara Securities Limited,J.F. Securites (PVT) Ltd.,571,569.9,325412.9,2025-07-22 14:50:21.799544
2025-07-22,14411,2025072204039743,UMHL,Imperial Securities Company Pvt. Ltd.,J.F. Securites (PVT) Ltd.,60,569.9,34194.0,2025-07-22 14:50:21.800133
2025-07-22,13421,2025072204040052,UMHL,Primo Securities (PVT) Ltd.,Capital Max Securities Ltd,30,568.8,17064.0,2025-07-22 14:51:18.666840
2025-07-22,12899,2025072204040181,UMHL,Capital Max Securities Ltd,Indira securities pvt. ltd,250,568.9,142225.0,2025-07-22 14:51:53.609352
2025-07-22,12864,2025072204040191,UMHL,Bhrikuti Stock Broking Co. Pvt. Ltd.,Indira securities pvt. ltd,100,568.9,56890.0,2025-07-22 14:51:55.253624
2025-07-22,12417,2025072204040328,UMHL,Primo Securities (PVT) Ltd.,Malla & Malla Stock Broking Company Pvt. Limited,500,568.8,284400.0,2025-07-22 14:52:18.997896
2025-07-22,11667,2025072204040612,UMHL,APPLE SECURITIES PRIVATE LIMITED,Indira securities pvt. ltd,100,568.9,56890.0,2025-07-22 14:53:00.886640
2025-07-22,11435,2025072204040656,UMHL,Infinity Securities Limited,Indira securities pvt. ltd,50,568.9,28445.0,2025-07-22 14:53:11.417377
2025-07-22,11433,2025072204040658,UMHL,Primo Securities (PVT) Ltd.,Indira securities pvt. ltd,220,568.8,125136.0,2025-07-22 14:53:11.782286
2025-07-22,11432,2025072204040659,UMHL,Vision Securities Pvt. Ltd,Indira securities pvt. ltd,400,568.6,227440.0,2025-07-22 14:53:11.782760
2025-07-22,11431,2025072204040660,UMHL,S.P.S.A. Securities Limited,Indira securities pvt. ltd,165,568.6,93819.0,2025-07-22 14:53:11.783121
2025-07-22,11430,2025072204040661,UMHL,Capital Max Securities Ltd,Indira securities pvt. ltd,215,568.6,122249.0,2025-07-22 14:53:11.783484
2025-07-22,10445,2025072204040945,UMHL,ABC Securities Private Limited,Trishakti Securities Public Limited,22,569.0,12518.0,2025-07-22 14:54:01.001019
2025-07-22,10331,2025072204040961,UMHL,Aryatara Investment & Securities,SUN SECURITIES PVT LTD,1000,568.9,568900.0,2025-07-22 14:54:07.703097
2025-07-22,10125,2025072204041007,UMHL,Capital Max Securities Ltd,Indira securities pvt. ltd,133,568.6,75623.8,2025-07-22 14:54:15.925865
2025-07-22,10045,2025072204041026,UMHL,Capital Max Securities Ltd,Naasa Securities Co. Ltd.,152,568.6,86427.2,2025-07-22 14:54:20.890634
2025-07-22,10044,2025072204041027,UMHL,Trisul Securities & Invt. Ltd.,Naasa Securities Co. Ltd.,48,568.5,27288.0,2025-07-22 14:54:20.890920
2025-07-22,9739,2025072204041117,UMHL,Shree Krishna Securities Ltd.,Trishakti Securities Public Limited,88,569.0,50072.0,2025-07-22 14:54:34.805811
2025-07-22,9738,2025072204041118,UMHL,Shree Krishna Securities Ltd.,Market Securities & Exchange (PVT) Ltd.,200,569.0,113800.0,2025-07-22 14:54:34.806128
2025-07-22,9522,2025072204041165,UMHL,BHOLE GANESH SECURITIES LTD,Indira securities pvt. ltd,100,569.0,56900.0,2025-07-22 14:54:46.011990
2025-07-22,8722,2025072204041332,UMHL,Trisul Securities & Invt. Ltd.,Citizens Share Broker Limited,250,569.5,142375.0,2025-07-22 14:55:13.346862
2025-07-22,8721,2025072204041333,UMHL,Trisul Securities & Invt. Ltd.,Online Securities Pvt. Ltd.,10,569.5,5695.0,2025-07-22 14:55:13.347309
2025-07-22,8720,2025072204041334,UMHL,Trisul Securities & Invt. Ltd.,South Asian Bulls Pvt. Ltd.,740,569.9,421726.0,2025-07-22 14:55:13.347621
2025-07-22,8204,2025072204041486,UMHL,Naasa Securities Co. Ltd.,Indira securities pvt. ltd,30,569.0,17070.0,2025-07-22 14:55:36.139066
2025-07-22,7942,2025072204041579,UMHL,Malla & Malla Stock Broking Company Pvt. Limited,Indira securities pvt. ltd,20,569.0,11380.0,2025-07-22 14:55:50.485714
2025-07-22,7941,2025072204041580,UMHL,Malla & Malla Stock Broking Company Pvt. Limited,South Asian Bulls Pvt. Ltd.,10,569.9,5699.0,2025-07-22 14:55:50.485969
2025-07-22,7623,2025072204041667,UMHL,BHOLE GANESH SECURITIES LTD,Indira securities pvt. ltd,200,568.7,113740.0,2025-07-22 14:56:10.220197
2025-07-22,6984,2025072204041822,UMHL,Trisul Securities & Invt. Ltd.,Indira securities pvt. ltd,100,568.7,56870.0,2025-07-22 14:56:38.462027
2025-07-22,6857,2025072204041890,UMHL,Trisul Securities & Invt. Ltd.,Indira securities pvt. ltd,160,568.8,91008.0,2025-07-22 14:56:44.315694
2025-07-22,6085,2025072204042061,UMHL,Trisul Securities & Invt. Ltd.,Indira securities pvt. ltd,535,568.8,304308.0,2025-07-22 14:57:16.391267
2025-07-22,6005,2025072204042079,UMHL,Malla & Malla Stock Broking Company Pvt. Limited,Kohinoor Investment & Securities Pvt. Ltd.,10,569.0,5690.0,2025-07-22 14:57:19.262473
2025-07-22,5489,2025072204042251,UMHL,Trisul Securities & Invt. Ltd.,Trishakti Securities Public Limited,1157,568.8,658101.6,2025-07-22 14:57:36.022901
2025-07-22,5488,2025072204042252,UMHL,Capital Max Securities Ltd,Trishakti Securities Public Limited,1000,568.6,568600.0,2025-07-22 14:57:36.023170
2025-07-22,5487,2025072204042253,UMHL,N.M.B. SECURITIES LIMITED,Trishakti Securities Public Limited,130,568.6,73918.0,2025-07-22 14:57:36.023282
2025-07-22,5486,2025072204042254,UMHL,Capital Max Securities Ltd,Trishakti Securities Public Limited,1000,568.6,568600.0,2025-07-22 14:57:36.023395
2025-07-22,5485,2025072204042255,UMHL,Nepal Investment And Securities Trading Private Limited,Trishakti Securities Public Limited,500,568.4,284200.0,2025-07-22 14:57:36.023494
2025-07-22,5484,2025072204042256,UMHL,Agrawal Securities (PVT) Ltd.,Trishakti Securities Public Limited,1000,568.2,568200.0,2025-07-22 14:57:36.023591
2025-07-22,5483,2025072204042257,UMHL,SUN SECURITIES PVT LTD,Trishakti Securities Public Limited,100,568.0,56800.0,2025-07-22 14:57:36.023691
2025-07-22,5482,2025072204042258,UMHL,Trisul Securities & Invt. Ltd.,Trishakti Securities Public Limited,200,568.0,113600.0,2025-07-22 14:57:36.023788
2025-07-22,5481,2025072204042259,UMHL,Market Securities & Exchange (PVT) Ltd.,Trishakti Securities Public Limited,500,568.0,284000.0,2025-07-22 14:57:36.023885
2025-07-22,5480,2025072204042260,UMHL,APPLE SECURITIES PRIVATE LIMITED,Trishakti Securities Public Limited,50,568.0,28400.0,2025-07-22 14:57:36.023982
2025-07-22,5479,2025072204042261,UMHL,Trisul Securities & Invt. Ltd.,Trishakti Securities Public Limited,35,568.0,19880.0,2025-07-22 14:57:36.024083
2025-07-22,5478,2025072204042262,UMHL,Capital Max Securities Ltd,Trishakti Securities Public Limited,300,568.0,170400.0,2025-07-22 14:57:36.024188
2025-07-22,5477,2025072204042263,UMHL,Siprabi Securities Pvt. Ltd.,Trishakti Securities Public Limited,350,568.0,198800.0,2025-07-22 14:57:36.024285
2025-07-22,5207,2025072204042312,UMHL,Sagarmatha Securities Private Limited,Nepal Stock House (PVT) Ltd.,200,567.7,113540.0,2025-07-22 14:57:47.163937
2025-07-22,4751,2025072204042438,UMHL,Sagarmatha Securities Private Limited,Miyo Securities Pvt Ltd,300,567.7,170310.0,2025-07-22 14:58:03.034480
2025-07-22,4750,2025072204042439,UMHL,Shree Krishna Securities Ltd.,Miyo Securities Pvt Ltd,235,567.6,133386.0,2025-07-22 14:58:03.034531
2025-07-22,4479,2025072204042553,UMHL,Shree Krishna Securities Ltd.,Deevyaa Securities & Stock House Pvt. Ltd,250,567.6,141900.0,2025-07-22 14:58:11.322969
2025-07-22,4258,2025072204042604,UMHL,Midas Stock Broking Company Private Limited,Sani Securities Company Ltd.,5,566.0,2830.0,2025-07-22 14:58:20.609434
2025-07-22,4231,2025072204042609,UMHL,SUN SECURITIES PVT LTD,Naasa Securities Co. Ltd.,72,567.0,40824.0,2025-07-22 14:58:21.251031
2025-07-22,4230,2025072204042610,UMHL,Kohinoor Investment & Securities Pvt. Ltd.,Naasa Securities Co. Ltd.,300,567.0,170100.0,2025-07-22 14:58:21.251126
2025-07-22,4229,2025072204042611,UMHL,Imperial Securities Company Pvt. Ltd.,Naasa Securities Co. Ltd.,128,567.0,72576.0,2025-07-22 14:58:21.251161
2025-07-22,4072,2025072204042666,UMHL,Premier Securities Company Ltd.,Deevyaa Securities & Stock House Pvt. Ltd,100,567.6,56760.0,2025-07-22 14:58:24.588467
2025-07-22,4071,2025072204042667,UMHL,Premier Securities Company Ltd.,Trishakti Securities Public Limited,400,568.0,227200.0,2025-07-22 14:58:24.588695
2025-07-22,2414,2025072204043193,UMHL,BHOLE GANESH SECURITIES LTD,Vision Securities Pvt. Ltd,100,567.1,56710.0,2025-07-22 14:59:13.009923
2025-07-22,2413,2025072204043194,UMHL,Imperial Securities Company Pvt. Ltd.,Vision Securities Pvt. Ltd,72,567.0,40824.0,2025-07-22 14:59:13.010176
2025-07-22,2412,2025072204043195,UMHL,APPLE SECURITIES PRIVATE LIMITED,Vision Securities Pvt. Ltd,100,567.0,56700.0,2025-07-22 14:59:13.010307
2025-07-22,2411,2025072204043196,UMHL,APPLE SECURITIES PRIVATE LIMITED,Vision Securities Pvt. Ltd,50,567.0,28350.0,2025-07-22 14:59:13.010427
2025-07-22,2410,2025072204043197,UMHL,Linch Stock Market Ltd.,Vision Securities Pvt. Ltd,28,567.0,15876.0,2025-07-22 14:59:13.010535
2025-07-22,2349,2025072204043220,UMHL,Linch Stock Market Ltd.,Sri Hari Securities Pvt. Ltd.,277,567.0,157059.0,2025-07-22 14:59:14.760052
2025-07-22,2035,2025072204043329,UMHL,Capital Max Securities Ltd,Sri Hari Securities Pvt. Ltd.,90,567.0,51030.0,2025-07-22 14:59:20.914510
2025-07-22,1732,2025072204043408,UMHL,Trisul Securities & Invt. Ltd.,Sri Hari Securities Pvt. Ltd.,70,567.0,39690.0,2025-07-22 14:59:27.096440
2025-07-22,1705,2025072204043413,UMHL,Kohinoor Investment & Securities Pvt. Ltd.,Trishakti Securities Public Limited,500,566.5,283250.0,2025-07-22 14:59:27.832894
2025-07-22,1704,2025072204043414,UMHL,MILKY WAY SHARE BROKER COMPANY LTD ,Trishakti Securities Public Limited,700,566.4,396480.0,2025-07-22 14:59:27.833182
2025-07-22,1703,2025072204043415,UMHL,KALASH STOCK MARKET PVT. LTD.,Trishakti Securities Public Limited,200,566.3,113260.0,2025-07-22 14:59:27.833319
2025-07-22,1702,2025072204043416,UMHL,Capital Max Securities Ltd,Trishakti Securities Public Limited,200,566.0,113200.0,2025-07-22 14:59:27.833455
2025-07-22,1602,2025072204043430,UMHL,Trisul Securities & Invt. Ltd.,Trishakti Securities Public Limited,25,566.0,14150.0,2025-07-22 14:59:29.109957
2025-07-22,1441,2025072204043487,UMHL,SHUBHAKAMANA SECURITIES PVT. LTD,Naasa Securities Co. Ltd.,100,565.9,56590.0,2025-07-22 14:59:32.512047
2025-07-22,1440,2025072204043488,UMHL,NIMB Stock Markets Limited,Naasa Securities Co. Ltd.,300,565.6,169680.0,2025-07-22 14:59:32.512178
2025-07-22,1439,2025072204043489,UMHL,Imperial Securities Company Pvt. Ltd.,Naasa Securities Co. Ltd.,100,565.1,56510.0,2025-07-22 14:59:32.512262
2025-07-22,925,2025072204043632,UMHL,Imperial Securities Company Pvt. Ltd.,Trishakti Securities Public Limited,400,565.1,226040.0,2025-07-22 14:59:42.143224
2025-07-22,924,2025072204043633,UMHL,Shree Krishna Securities Ltd.,Trishakti Securities Public Limited,480,565.0,271200.0,2025-07-22 14:59:42.143474
2025-07-22,923,2025072204043634,UMHL,SHUBHAKAMANA SECURITIES PVT. LTD,Trishakti Securities Public Limited,200,565.0,113000.0,2025-07-22 14:59:42.143580
2025-07-22,922,2025072204043635,UMHL,Property Wiard Limited,Trishakti Securities Public Limited,300,565.0,169500.0,2025-07-22 14:59:42.143685
2025-07-22,921,2025072204043636,UMHL,Kohinoor Investment & Securities Pvt. Ltd.,Trishakti Securities Public Limited,273,565.0,154245.0,2025-07-22 14:59:42.143788
2025-07-22,860,2025072204043667,UMHL,Kohinoor Investment & Securities Pvt. Ltd.,Sri Hari Securities Pvt. Ltd.,63,565.0,35595.0,2025-07-22 14:59:43.882263
