Date,S.N.,contract_id,symbol,buyer_broker,seller_broker,volume,price,amount,transaction_time
2025-07-22,177049,2025072204000025,UPCL,Agrawal Securities (PVT) Ltd.,Swarna Laxmi Securities Pvt. Ltd.,12,421.8,5061.6,2025-07-22 10:46:00.055427
2025-07-22,176923,2025072204000050,UPCL,Agrawal Securities (PVT) Ltd.,Naasa Securities Co. Ltd.,10,430.0,4300.0,2025-07-22 11:00:25.322111
2025-07-22,176895,2025072204000055,UPCL,J.F. Securites (PVT) Ltd.,Trisul Securities & Invt. Ltd.,500,438.0,219000.0,2025-07-22 11:00:37.438401
2025-07-22,176788,2025072204000076,UPCL,Cristal Kanchanjanga Securites Pvt. Ltd.,Magnet Securities and Investment Company Private Limited,500,430.0,215000.0,2025-07-22 11:01:03.988654
2025-07-22,176708,2025072204000092,UPCL,Naasa Securities Co. Ltd.,Property Wiard Limited,200,430.0,86000.0,2025-07-22 11:01:21.630156
2025-07-22,175619,2025072204000358,UPCL,Aryatara Investment & Securities,Midas Stock Broking Company Private Limited,15,436.0,6540.0,2025-07-22 11:03:36.271617
2025-07-22,175372,2025072204000406,UPCL,ABC Securities Private Limited,Midas Stock Broking Company Private Limited,430,436.0,187480.0,2025-07-22 11:04:13.860333
2025-07-22,175371,2025072204000407,UPCL,ABC Securities Private Limited,J.F. Securites (PVT) Ltd.,40,436.0,17440.0,2025-07-22 11:04:13.860484
2025-07-22,175370,2025072204000408,UPCL,ABC Securities Private Limited,Himalayan Brokerage Company Limited,1000,436.0,436000.0,2025-07-22 11:04:13.860554
2025-07-22,175228,2025072204000433,UPCL,ABC Securities Private Limited,Magnet Securities and Investment Company Private Limited,500,436.5,218250.0,2025-07-22 11:04:28.358223
2025-07-22,175220,2025072204000435,UPCL,ABC Securities Private Limited,Market Securities & Exchange (PVT) Ltd.,30,436.5,13095.0,2025-07-22 11:04:28.762614
2025-07-22,174932,2025072204000513,UPCL,Sundhara Securities Limited,Capital Max Securities Ltd,100,436.0,43600.0,2025-07-22 11:05:04.040449
2025-07-22,174063,2025072204000689,UPCL,Sundhara Securities Limited,Primo Securities (PVT) Ltd.,40,432.1,17284.0,2025-07-22 11:06:22.111405
2025-07-22,173893,2025072204000730,UPCL,Trishakti Securities Public Limited,Primo Securities (PVT) Ltd.,10,432.1,4321.0,2025-07-22 11:06:45.337163
2025-07-22,173731,2025072204000788,UPCL,Nagarik Stock Dealer ,Trisul Securities & Invt. Ltd.,27,435.0,11745.0,2025-07-22 11:07:03.846403
2025-07-22,173730,2025072204000789,UPCL,Nagarik Stock Dealer ,Sani Securities Company Ltd.,108,435.0,46980.0,2025-07-22 11:07:03.846531
2025-07-22,173597,2025072204000818,UPCL,Nagarik Stock Dealer ,Premier Securities Company Ltd.,1000,435.0,435000.0,2025-07-22 11:07:19.669559
2025-07-22,173023,2025072204000956,UPCL,Nagarik Stock Dealer ,Sani Securities Company Ltd.,1000,435.0,435000.0,2025-07-22 11:08:16.306539
2025-07-22,173022,2025072204000957,UPCL,Nagarik Stock Dealer ,Oxford Securities Pvt. Ltd.,400,435.0,174000.0,2025-07-22 11:08:16.306676
2025-07-22,172637,2025072204001060,UPCL,Nagarik Stock Dealer ,Nagarik Stock Dealer ,500,435.0,217500.0,2025-07-22 11:08:54.397045
2025-07-22,172489,2025072204001096,UPCL,Nagarik Stock Dealer ,J.F. Securites (PVT) Ltd.,1500,435.0,652500.0,2025-07-22 11:09:07.429893
2025-07-22,172249,2025072204001139,UPCL,Bhrikuti Stock Broking Co. Pvt. Ltd.,J.F. Securites (PVT) Ltd.,300,435.0,130500.0,2025-07-22 11:09:20.942750
2025-07-22,172003,2025072204001183,UPCL,Nagarik Stock Dealer ,Dynamic Money Managers Securities Pvt. Ltd.,500,434.0,217000.0,2025-07-22 11:09:46.824919
2025-07-22,171891,2025072204001206,UPCL,Trishakti Securities Public Limited,Shree Krishna Securities Ltd.,500,434.0,217000.0,2025-07-22 11:10:01.978666
2025-07-22,171890,2025072204001207,UPCL,Trishakti Securities Public Limited,Shree Krishna Securities Ltd.,90,432.1,38889.0,2025-07-22 11:10:01.978811
2025-07-22,171889,2025072204001208,UPCL,Vision Securities Pvt. Ltd,Shree Krishna Securities Ltd.,100,432.1,43210.0,2025-07-22 11:10:01.978873
2025-07-22,171888,2025072204001209,UPCL,Primo Securities (PVT) Ltd.,Shree Krishna Securities Ltd.,75,432.0,32400.0,2025-07-22 11:10:01.978935
2025-07-22,171493,2025072204001313,UPCL,Nagarik Stock Dealer ,Dipshikha Dhitopatra Karobar Co. Pvt Ltd.,62,434.0,26908.0,2025-07-22 11:10:38.928464
2025-07-22,170988,2025072204001433,UPCL,Online Securities Pvt. Ltd.,Dipshikha Dhitopatra Karobar Co. Pvt Ltd.,38,434.0,16492.0,2025-07-22 11:11:20.765647
2025-07-22,170809,2025072204001462,UPCL,Vision Securities Pvt. Ltd,Cristal Kanchanjanga Securites Pvt. Ltd.,10,435.0,4350.0,2025-07-22 11:11:38.066401
2025-07-22,170016,2025072204001651,UPCL,Online Securities Pvt. Ltd.,Vision Securities Pvt. Ltd,77,434.0,33418.0,2025-07-22 11:12:48.988552
2025-07-22,170015,2025072204001652,UPCL,Naasa Securities Co. Ltd.,Vision Securities Pvt. Ltd,10,434.0,4340.0,2025-07-22 11:12:48.988863
2025-07-22,169631,2025072204001725,UPCL,Neev Securities Pvt. Ltd.,Vision Securities Pvt. Ltd,13,434.0,5642.0,2025-07-22 11:13:31.678858
2025-07-22,169630,2025072204001726,UPCL,Neev Securities Pvt. Ltd.,Trishakti Securities Public Limited,237,434.8,103047.6,2025-07-22 11:13:31.679049
2025-07-22,169286,2025072204001820,UPCL,INDEX SECURITIES LIMITED,Premier Securities Company Ltd.,1000,434.0,434000.0,2025-07-22 11:14:00.976786
2025-07-22,168999,2025072204001889,UPCL,Primo Securities (PVT) Ltd.,Imperial Securities Company Pvt. Ltd.,25,433.0,10825.0,2025-07-22 11:14:27.552035
2025-07-22,168998,2025072204001890,UPCL,Dakshinkali Investment & Securities Pvt. Ltd.,Imperial Securities Company Pvt. Ltd.,100,432.1,43210.0,2025-07-22 11:14:27.552094
2025-07-22,168997,2025072204001891,UPCL,Sri Hari Securities Pvt. Ltd.,Imperial Securities Company Pvt. Ltd.,200,432.1,86420.0,2025-07-22 11:14:27.552119
2025-07-22,168996,2025072204001892,UPCL,Nepal Investment And Securities Trading Private Limited,Imperial Securities Company Pvt. Ltd.,175,432.0,75600.0,2025-07-22 11:14:27.552144
2025-07-22,168917,2025072204001903,UPCL,Midas Stock Broking Company Private Limited,Blue Chip Securities Ltd,90,433.0,38970.0,2025-07-22 11:14:35.279206
2025-07-22,168916,2025072204001904,UPCL,Nepal Investment And Securities Trading Private Limited,Blue Chip Securities Ltd,25,432.0,10800.0,2025-07-22 11:14:35.279268
2025-07-22,168915,2025072204001905,UPCL,Asian Securities Private Ltd.,Blue Chip Securities Ltd,1500,432.0,648000.0,2025-07-22 11:14:35.279344
2025-07-22,168914,2025072204001906,UPCL,South Asian Bulls Pvt. Ltd.,Blue Chip Securities Ltd,385,432.0,166320.0,2025-07-22 11:14:35.279415
2025-07-22,167945,2025072204002148,UPCL,South Asian Bulls Pvt. Ltd.,Vision Securities Pvt. Ltd,50,432.0,21600.0,2025-07-22 11:16:05.615677
2025-07-22,167846,2025072204002159,UPCL,South Asian Bulls Pvt. Ltd.,Nagarik Stock Dealer ,65,432.0,28080.0,2025-07-22 11:16:17.741144
2025-07-22,167845,2025072204002160,UPCL,Sundhara Securities Limited,Nagarik Stock Dealer ,30,431.2,12936.0,2025-07-22 11:16:17.741336
2025-07-22,167844,2025072204002161,UPCL,ABC Securities Private Limited,Nagarik Stock Dealer ,1000,431.1,431100.0,2025-07-22 11:16:17.741425
2025-07-22,167843,2025072204002162,UPCL,J.F. Securites (PVT) Ltd.,Nagarik Stock Dealer ,115,431.0,49565.0,2025-07-22 11:16:17.741501
2025-07-22,167842,2025072204002163,UPCL,Aakashbhairab Securities Ltd.,Nagarik Stock Dealer ,330,431.0,142230.0,2025-07-22 11:16:17.741571
2025-07-22,167166,2025072204002323,UPCL,Online Securities Pvt. Ltd.,Roadshow securities limited,400,431.1,172440.0,2025-07-22 11:17:27.575124
2025-07-22,167165,2025072204002324,UPCL,Aakashbhairab Securities Ltd.,Roadshow securities limited,600,431.0,258600.0,2025-07-22 11:17:27.575352
2025-07-22,167066,2025072204002362,UPCL,Nagarik Stock Dealer ,Vision Securities Pvt. Ltd,30,431.1,12933.0,2025-07-22 11:17:36.658563
2025-07-22,167065,2025072204002363,UPCL,Aakashbhairab Securities Ltd.,Vision Securities Pvt. Ltd,470,431.0,202570.0,2025-07-22 11:17:36.658746
2025-07-22,166474,2025072204002528,UPCL,SUN SECURITIES PVT LTD,Kohinoor Investment & Securities Pvt. Ltd.,20,434.7,8694.0,2025-07-22 11:18:37.655767
2025-07-22,166317,2025072204002568,UPCL,Dipshikha Dhitopatra Karobar Co. Pvt Ltd.,Vision Securities Pvt. Ltd,115,432.0,49680.0,2025-07-22 11:18:53.387688
2025-07-22,166316,2025072204002569,UPCL,ABC Securities Private Limited,Vision Securities Pvt. Ltd,385,432.0,166320.0,2025-07-22 11:18:53.387906
2025-07-22,166013,2025072204002633,UPCL,ABC Securities Private Limited,Dynamic Money Managers Securities Pvt. Ltd.,600,432.0,259200.0,2025-07-22 11:19:24.966119
2025-07-22,165745,2025072204002721,UPCL,INDEX SECURITIES LIMITED,Roadshow securities limited,600,433.0,259800.0,2025-07-22 11:19:51.677811
2025-07-22,165290,2025072204002825,UPCL,ABC Securities Private Limited,Dynamic Money Managers Securities Pvt. Ltd.,15,432.0,6480.0,2025-07-22 11:20:37.449022
2025-07-22,165289,2025072204002826,UPCL,Online Securities Pvt. Ltd.,Dynamic Money Managers Securities Pvt. Ltd.,55,432.0,23760.0,2025-07-22 11:20:37.449251
2025-07-22,165288,2025072204002827,UPCL,Sani Securities Company Ltd.,Dynamic Money Managers Securities Pvt. Ltd.,30,432.0,12960.0,2025-07-22 11:20:37.449342
2025-07-22,165208,2025072204002851,UPCL,Sani Securities Company Ltd.,J.F. Securites (PVT) Ltd.,200,432.0,86400.0,2025-07-22 11:20:45.296118
2025-07-22,164808,2025072204002938,UPCL,Neev Securities Pvt. Ltd.,Hatemalo Financial Services Private Limited,50,432.1,21605.0,2025-07-22 11:21:19.585555
2025-07-22,164754,2025072204002954,UPCL,Neev Securities Pvt. Ltd.,Online Securities Pvt. Ltd.,70,432.1,30247.0,2025-07-22 11:21:23.395741
2025-07-22,164753,2025072204002955,UPCL,Sani Securities Company Ltd.,Online Securities Pvt. Ltd.,70,432.0,30240.0,2025-07-22 11:21:23.395945
2025-07-22,164752,2025072204002956,UPCL,Neev Securities Pvt. Ltd.,Online Securities Pvt. Ltd.,570,431.1,245727.0,2025-07-22 11:21:23.396028
2025-07-22,164751,2025072204002957,UPCL,Aakashbhairab Securities Ltd.,Online Securities Pvt. Ltd.,3600,431.0,1551600.0,2025-07-22 11:21:23.396121
2025-07-22,164750,2025072204002958,UPCL,Deevyaa Securities & Stock House Pvt. Ltd,Online Securities Pvt. Ltd.,200,430.8,86160.0,2025-07-22 11:21:23.396203
2025-07-22,164749,2025072204002959,UPCL,Arun Securities (PVT) Ltd.,Online Securities Pvt. Ltd.,190,430.8,81852.0,2025-07-22 11:21:23.396287
2025-07-22,164350,2025072204003041,UPCL,INDEX SECURITIES LIMITED,Vision Securities Pvt. Ltd,500,431.0,215500.0,2025-07-22 11:21:50.010209
2025-07-22,164337,2025072204003043,UPCL,ABC Securities Private Limited,Kohinoor Investment & Securities Pvt. Ltd.,100,432.0,43200.0,2025-07-22 11:21:51.003638
2025-07-22,164260,2025072204003059,UPCL,Primo Securities (PVT) Ltd.,Kohinoor Investment & Securities Pvt. Ltd.,80,432.0,34560.0,2025-07-22 11:21:58.514236
2025-07-22,164122,2025072204003094,UPCL,Aryatara Investment & Securities,Imperial Securities Company Pvt. Ltd.,100,433.0,43300.0,2025-07-22 11:22:13.717721
2025-07-22,164121,2025072204003095,UPCL,Aryatara Investment & Securities,Roadshow securities limited,500,433.0,216500.0,2025-07-22 11:22:13.717925
2025-07-22,163973,2025072204003130,UPCL,Aryatara Investment & Securities,Siprabi Securities Pvt. Ltd.,200,433.0,86600.0,2025-07-22 11:22:25.459468
2025-07-22,163782,2025072204003192,UPCL,Primo Securities (PVT) Ltd.,Agrawal Securities (PVT) Ltd.,369,432.0,159408.0,2025-07-22 11:22:41.143429
2025-07-22,163477,2025072204003257,UPCL,KALASH STOCK MARKET PVT. LTD.,Sajilo Broker Limited,200,433.9,86780.0,2025-07-22 11:23:08.298568
2025-07-22,163429,2025072204003266,UPCL,KALASH STOCK MARKET PVT. LTD.,Vision Securities Pvt. Ltd,300,433.9,130170.0,2025-07-22 11:23:11.333940
2025-07-22,163428,2025072204003267,UPCL,INDEX SECURITIES LIMITED,Vision Securities Pvt. Ltd,500,431.0,215500.0,2025-07-22 11:23:11.333983
2025-07-22,163427,2025072204003268,UPCL,Arun Securities (PVT) Ltd.,Vision Securities Pvt. Ltd,10,430.8,4308.0,2025-07-22 11:23:11.334009
2025-07-22,163426,2025072204003269,UPCL,Citizens Share Broker Limited,Vision Securities Pvt. Ltd,1000,430.4,430400.0,2025-07-22 11:23:11.334036
2025-07-22,163425,2025072204003270,UPCL,Indira securities pvt. ltd,Vision Securities Pvt. Ltd,300,430.3,129090.0,2025-07-22 11:23:11.334065
2025-07-22,163424,2025072204003271,UPCL,ABC Securities Private Limited,Vision Securities Pvt. Ltd,1615,430.2,694773.0,2025-07-22 11:23:11.334089
2025-07-22,163423,2025072204003272,UPCL,Agrawal Securities (PVT) Ltd.,Vision Securities Pvt. Ltd,881,430.1,378918.1,2025-07-22 11:23:11.334113
2025-07-22,163422,2025072204003273,UPCL,Kumari Securities Private Limited,Vision Securities Pvt. Ltd,394,430.0,169420.0,2025-07-22 11:23:11.334137
2025-07-22,163312,2025072204003309,UPCL,Kumari Securities Private Limited,Vision Securities Pvt. Ltd,606,430.0,260580.0,2025-07-22 11:23:23.582747
2025-07-22,163311,2025072204003310,UPCL,NIMB Stock Markets Limited,Vision Securities Pvt. Ltd,5000,430.0,2150000.0,2025-07-22 11:23:23.582840
2025-07-22,163310,2025072204003311,UPCL,Pragyan Securities (PVT) Ltd.,Vision Securities Pvt. Ltd,100,430.0,43000.0,2025-07-22 11:23:23.582866
2025-07-22,163309,2025072204003312,UPCL,Aakashbhairab Securities Ltd.,Vision Securities Pvt. Ltd,5000,430.0,2150000.0,2025-07-22 11:23:23.582892
2025-07-22,163308,2025072204003313,UPCL,Cristal Kanchanjanga Securites Pvt. Ltd.,Vision Securities Pvt. Ltd,500,430.0,215000.0,2025-07-22 11:23:23.582918
2025-07-22,163307,2025072204003314,UPCL,Bhrikuti Stock Broking Co. Pvt. Ltd.,Vision Securities Pvt. Ltd,70,430.0,30100.0,2025-07-22 11:23:23.582945
2025-07-22,163306,2025072204003315,UPCL,Naasa Securities Co. Ltd.,Vision Securities Pvt. Ltd,35,430.0,15050.0,2025-07-22 11:23:23.582968
2025-07-22,163305,2025072204003316,UPCL,Kumari Securities Private Limited,Vision Securities Pvt. Ltd,500,430.0,215000.0,2025-07-22 11:23:23.582992
2025-07-22,163304,2025072204003317,UPCL,Sundhara Securities Limited,Vision Securities Pvt. Ltd,15,430.0,6450.0,2025-07-22 11:23:23.583066
2025-07-22,163303,2025072204003318,UPCL,Premier Securities Company Ltd.,Vision Securities Pvt. Ltd,50,430.0,21500.0,2025-07-22 11:23:23.583176
2025-07-22,163302,2025072204003319,UPCL,Capital Max Securities Ltd,Vision Securities Pvt. Ltd,130,430.0,55900.0,2025-07-22 11:23:23.583238
2025-07-22,163301,2025072204003320,UPCL,Kumari Securities Private Limited,Vision Securities Pvt. Ltd,994,430.0,427420.0,2025-07-22 11:23:23.583292
2025-07-22,162576,2025072204003494,UPCL,INDEX SECURITIES LIMITED,Hatemalo Financial Services Private Limited,1000,430.1,430100.0,2025-07-22 11:24:23.899626
2025-07-22,162484,2025072204003513,UPCL,Property Wiard Limited,Sani Securities Company Ltd.,20,430.0,8600.0,2025-07-22 11:24:33.626988
2025-07-22,162483,2025072204003514,UPCL,Himalayan Brokerage Company Limited,Sani Securities Company Ltd.,500,430.0,215000.0,2025-07-22 11:24:33.627182
2025-07-22,162482,2025072204003515,UPCL,Dipshikha Dhitopatra Karobar Co. Pvt Ltd.,Sani Securities Company Ltd.,480,430.0,206400.0,2025-07-22 11:24:33.627263
2025-07-22,162413,2025072204003550,UPCL,Dipshikha Dhitopatra Karobar Co. Pvt Ltd.,Sundhara Securities Limited,180,430.0,77400.0,2025-07-22 11:24:40.869955
2025-07-22,162409,2025072204003552,UPCL,Naasa Securities Co. Ltd.,Sundhara Securities Limited,300,430.0,129000.0,2025-07-22 11:24:41.518824
2025-07-22,162292,2025072204003576,UPCL,Pragyan Securities (PVT) Ltd.,Sundhara Securities Limited,50,430.0,21500.0,2025-07-22 11:24:52.525764
2025-07-22,162142,2025072204003626,UPCL,Capital Max Securities Ltd,Siprabi Securities Pvt. Ltd.,200,429.0,85800.0,2025-07-22 11:25:07.946200
2025-07-22,162066,2025072204003635,UPCL,Capital Max Securities Ltd,Online Securities Pvt. Ltd.,300,429.0,128700.0,2025-07-22 11:25:12.384134
2025-07-22,161709,2025072204003710,UPCL,Aakashbhairab Securities Ltd.,Online Securities Pvt. Ltd.,200,428.4,85680.0,2025-07-22 11:25:49.641048
2025-07-22,161590,2025072204003729,UPCL,INDEX SECURITIES LIMITED,Agrawal Securities (PVT) Ltd.,50,429.0,21450.0,2025-07-22 11:26:01.820324
2025-07-22,161342,2025072204003786,UPCL,INDEX SECURITIES LIMITED,Naasa Securities Co. Ltd.,950,429.0,407550.0,2025-07-22 11:26:20.322712
2025-07-22,161341,2025072204003787,UPCL,ABC Securities Private Limited,Naasa Securities Co. Ltd.,100,429.0,42900.0,2025-07-22 11:26:20.322941
2025-07-22,161330,2025072204003792,UPCL,Nagarik Stock Dealer ,Naasa Securities Co. Ltd.,802,429.0,344058.0,2025-07-22 11:26:21.119685
2025-07-22,161281,2025072204003797,UPCL,Nagarik Stock Dealer ,Vision Securities Pvt. Ltd,198,429.1,84961.8,2025-07-22 11:26:24.955895
2025-07-22,161249,2025072204003803,UPCL,Deevyaa Securities & Stock House Pvt. Ltd,Vision Securities Pvt. Ltd,75,429.0,32175.0,2025-07-22 11:26:30.598760
2025-07-22,161084,2025072204003850,UPCL,Trisul Securities & Invt. Ltd.,Vision Securities Pvt. Ltd,227,429.0,97383.0,2025-07-22 11:26:47.032209
2025-07-22,161022,2025072204003864,UPCL,Trisul Securities & Invt. Ltd.,Secured Securities Ltd.,50,429.0,21450.0,2025-07-22 11:26:52.171880
2025-07-22,160952,2025072204003872,UPCL,Trisul Securities & Invt. Ltd.,Vision Securities Pvt. Ltd,223,429.0,95667.0,2025-07-22 11:27:01.399305
2025-07-22,160951,2025072204003873,UPCL,Market Securities & Exchange (PVT) Ltd.,Vision Securities Pvt. Ltd,200,429.0,85800.0,2025-07-22 11:27:01.399501
2025-07-22,160807,2025072204003903,UPCL,Neev Securities Pvt. Ltd.,Vision Securities Pvt. Ltd,77,429.0,33033.0,2025-07-22 11:27:12.874870
2025-07-22,160806,2025072204003904,UPCL,Neev Securities Pvt. Ltd.,Sundhara Securities Limited,470,430.0,202100.0,2025-07-22 11:27:12.875081
2025-07-22,160805,2025072204003905,UPCL,Neev Securities Pvt. Ltd.,Oxford Securities Pvt. Ltd.,453,430.0,194790.0,2025-07-22 11:27:12.875167
2025-07-22,160613,2025072204003968,UPCL,Aryatara Investment & Securities,Naasa Securities Co. Ltd.,30,428.5,12855.0,2025-07-22 11:27:34.195192
2025-07-22,160612,2025072204003969,UPCL,Nagarik Stock Dealer ,Naasa Securities Co. Ltd.,1000,428.5,428500.0,2025-07-22 11:27:34.195607
2025-07-22,160611,2025072204003970,UPCL,Aakashbhairab Securities Ltd.,Naasa Securities Co. Ltd.,1155,428.4,494802.0,2025-07-22 11:27:34.195873
2025-07-22,160155,2025072204004068,UPCL,Dipshikha Dhitopatra Karobar Co. Pvt Ltd.,Oxford Securities Pvt. Ltd.,47,430.0,20210.0,2025-07-22 11:28:27.715669
2025-07-22,160154,2025072204004069,UPCL,Dipshikha Dhitopatra Karobar Co. Pvt Ltd.,Secured Securities Ltd.,50,430.0,21500.0,2025-07-22 11:28:27.715733
2025-07-22,160153,2025072204004070,UPCL,Dipshikha Dhitopatra Karobar Co. Pvt Ltd.,Kalika Securities Pvt. Ltd.,25,433.9,10847.5,2025-07-22 11:28:27.715764
2025-07-22,160152,2025072204004071,UPCL,Dipshikha Dhitopatra Karobar Co. Pvt Ltd.,Naasa Securities Co. Ltd.,84,434.0,36456.0,2025-07-22 11:28:27.715792
2025-07-22,159173,2025072204004291,UPCL,ABC Securities Private Limited,Kalika Securities Pvt. Ltd.,50,430.0,21500.0,2025-07-22 11:30:02.405185
2025-07-22,159004,2025072204004312,UPCL,Malla & Malla Stock Broking Company Pvt. Limited,Kohinoor Investment & Securities Pvt. Ltd.,54,433.9,23430.6,2025-07-22 11:30:14.719203
2025-07-22,158884,2025072204004337,UPCL,Oxford Securities Pvt. Ltd.,Naasa Securities Co. Ltd.,916,434.0,397544.0,2025-07-22 11:30:24.550505
2025-07-22,158883,2025072204004338,UPCL,Oxford Securities Pvt. Ltd.,Sri Hari Securities Pvt. Ltd.,15,434.0,6510.0,2025-07-22 11:30:24.550927
2025-07-22,158882,2025072204004339,UPCL,Oxford Securities Pvt. Ltd.,Naasa Securities Co. Ltd.,44,434.0,19096.0,2025-07-22 11:30:24.551202
2025-07-22,158881,2025072204004340,UPCL,Oxford Securities Pvt. Ltd.,Capital Max Securities Ltd,100,434.0,43400.0,2025-07-22 11:30:24.551478
2025-07-22,158880,2025072204004341,UPCL,Oxford Securities Pvt. Ltd.,Vision Securities Pvt. Ltd,500,434.0,217000.0,2025-07-22 11:30:24.551719
2025-07-22,158879,2025072204004342,UPCL,Oxford Securities Pvt. Ltd.,Market Securities & Exchange (PVT) Ltd.,100,434.0,43400.0,2025-07-22 11:30:24.551987
2025-07-22,158878,2025072204004343,UPCL,Oxford Securities Pvt. Ltd.,Capital Max Securities Ltd,100,434.7,43470.0,2025-07-22 11:30:24.552245
2025-07-22,158877,2025072204004344,UPCL,Oxford Securities Pvt. Ltd.,Trishakti Securities Public Limited,263,434.8,114352.4,2025-07-22 11:30:24.552509
2025-07-22,158876,2025072204004345,UPCL,Oxford Securities Pvt. Ltd.,Deevyaa Securities & Stock House Pvt. Ltd,200,434.9,86980.0,2025-07-22 11:30:24.552760
2025-07-22,158875,2025072204004346,UPCL,Oxford Securities Pvt. Ltd.,Naasa Securities Co. Ltd.,200,435.0,87000.0,2025-07-22 11:30:24.553002
2025-07-22,158874,2025072204004347,UPCL,Oxford Securities Pvt. Ltd.,Primo Securities (PVT) Ltd.,500,435.0,217500.0,2025-07-22 11:30:24.553253
2025-07-22,158873,2025072204004348,UPCL,Oxford Securities Pvt. Ltd.,Property Wiard Limited,16,435.0,6960.0,2025-07-22 11:30:24.553508
2025-07-22,158872,2025072204004349,UPCL,Oxford Securities Pvt. Ltd.,Online Securities Pvt. Ltd.,10,435.0,4350.0,2025-07-22 11:30:24.553753
2025-07-22,158871,2025072204004350,UPCL,Oxford Securities Pvt. Ltd.,Sweta Securities Private Limited,54,435.0,23490.0,2025-07-22 11:30:24.553991
2025-07-22,158870,2025072204004351,UPCL,Oxford Securities Pvt. Ltd.,Nabil Stock Dealer Ltd.,957,435.0,416295.0,2025-07-22 11:30:24.554236
2025-07-22,158869,2025072204004352,UPCL,Oxford Securities Pvt. Ltd.,Naasa Securities Co. Ltd.,10,435.0,4350.0,2025-07-22 11:30:24.554481
2025-07-22,158868,2025072204004353,UPCL,Oxford Securities Pvt. Ltd.,Siprabi Securities Pvt. Ltd.,15,435.0,6525.0,2025-07-22 11:30:24.554724
2025-07-22,158365,2025072204004464,UPCL,Malla & Malla Stock Broking Company Pvt. Limited,Dynamic Money Managers Securities Pvt. Ltd.,946,433.9,410469.4,2025-07-22 11:31:09.140843
2025-07-22,157807,2025072204004601,UPCL,Siprabi Securities Pvt. Ltd.,Sharepro Securities Private Limited,225,433.0,97425.0,2025-07-22 11:32:08.695399
2025-07-22,157727,2025072204004626,UPCL,INDEX SECURITIES LIMITED,Sharepro Securities Private Limited,383,433.0,165839.0,2025-07-22 11:32:15.159891
2025-07-22,157726,2025072204004627,UPCL,INDEX SECURITIES LIMITED,Vision Securities Pvt. Ltd,990,433.8,429462.0,2025-07-22 11:32:15.160136
2025-07-22,157725,2025072204004628,UPCL,INDEX SECURITIES LIMITED,Dynamic Money Managers Securities Pvt. Ltd.,1627,433.9,705955.3,2025-07-22 11:32:15.160227
2025-07-22,157624,2025072204004664,UPCL,Aakashbhairab Securities Ltd.,Vision Securities Pvt. Ltd,120,433.7,52044.0,2025-07-22 11:32:24.929460
2025-07-22,157623,2025072204004665,UPCL,Aakashbhairab Securities Ltd.,Dynamic Money Managers Securities Pvt. Ltd.,427,433.9,185275.3,2025-07-22 11:32:24.929886
2025-07-22,157622,2025072204004666,UPCL,Aakashbhairab Securities Ltd.,Market Securities & Exchange (PVT) Ltd.,100,434.0,43400.0,2025-07-22 11:32:24.930158
2025-07-22,157497,2025072204004685,UPCL,Hatemalo Financial Services Private Limited,Siprabi Securities Pvt. Ltd.,85,435.0,36975.0,2025-07-22 11:32:36.785041
2025-07-22,157496,2025072204004686,UPCL,Hatemalo Financial Services Private Limited,Investment Management Nepal Pvt. Ltd.,915,435.0,398025.0,2025-07-22 11:32:36.785601
2025-07-22,157491,2025072204004687,UPCL,INDEX SECURITIES LIMITED,Investment Management Nepal Pvt. Ltd.,85,435.0,36975.0,2025-07-22 11:32:37.200607
2025-07-22,157490,2025072204004688,UPCL,INDEX SECURITIES LIMITED,Shree Krishna Securities Ltd.,230,435.0,100050.0,2025-07-22 11:32:37.201022
2025-07-22,157489,2025072204004689,UPCL,INDEX SECURITIES LIMITED,Kohinoor Investment & Securities Pvt. Ltd.,300,435.0,130500.0,2025-07-22 11:32:37.201285
2025-07-22,157488,2025072204004690,UPCL,INDEX SECURITIES LIMITED,Agrawal Securities (PVT) Ltd.,400,435.0,174000.0,2025-07-22 11:32:37.201545
2025-07-22,157487,2025072204004691,UPCL,INDEX SECURITIES LIMITED,J.F. Securites (PVT) Ltd.,1000,435.8,435800.0,2025-07-22 11:32:37.201827
2025-07-22,157486,2025072204004692,UPCL,INDEX SECURITIES LIMITED,Capital Max Securities Ltd,100,435.9,43590.0,2025-07-22 11:32:37.202093
2025-07-22,157485,2025072204004693,UPCL,INDEX SECURITIES LIMITED,Vision Securities Pvt. Ltd,155,435.9,67564.5,2025-07-22 11:32:37.202179
2025-07-22,157484,2025072204004694,UPCL,INDEX SECURITIES LIMITED,Dipshikha Dhitopatra Karobar Co. Pvt Ltd.,50,436.0,21800.0,2025-07-22 11:32:37.202263
2025-07-22,157483,2025072204004695,UPCL,INDEX SECURITIES LIMITED,Naasa Securities Co. Ltd.,300,436.0,130800.0,2025-07-22 11:32:37.202353
2025-07-22,157482,2025072204004696,UPCL,INDEX SECURITIES LIMITED,Sagarmatha Securities Private Limited,200,436.0,87200.0,2025-07-22 11:32:37.202436
2025-07-22,157481,2025072204004697,UPCL,INDEX SECURITIES LIMITED,Kohinoor Investment & Securities Pvt. Ltd.,300,436.0,130800.0,2025-07-22 11:32:37.202518
2025-07-22,157480,2025072204004698,UPCL,INDEX SECURITIES LIMITED,KALASH STOCK MARKET PVT. LTD.,1000,436.0,436000.0,2025-07-22 11:32:37.202596
2025-07-22,157479,2025072204004699,UPCL,INDEX SECURITIES LIMITED,Sani Securities Company Ltd.,500,436.0,218000.0,2025-07-22 11:32:37.202681
2025-07-22,157478,2025072204004700,UPCL,INDEX SECURITIES LIMITED,J.F. Securites (PVT) Ltd.,25,436.0,10900.0,2025-07-22 11:32:37.202762
2025-07-22,157477,2025072204004701,UPCL,INDEX SECURITIES LIMITED,Kohinoor Investment & Securities Pvt. Ltd.,300,436.0,130800.0,2025-07-22 11:32:37.202844
2025-07-22,157476,2025072204004702,UPCL,INDEX SECURITIES LIMITED,Arun Securities (PVT) Ltd.,700,436.0,305200.0,2025-07-22 11:32:37.202924
2025-07-22,157475,2025072204004703,UPCL,INDEX SECURITIES LIMITED,Online Securities Pvt. Ltd.,2000,436.0,872000.0,2025-07-22 11:32:37.203007
2025-07-22,157467,2025072204004707,UPCL,INDEX SECURITIES LIMITED,Vision Securities Pvt. Ltd,355,436.0,154780.0,2025-07-22 11:32:37.802023
2025-07-22,157062,2025072204004792,UPCL,South Asian Bulls Pvt. Ltd.,Vision Securities Pvt. Ltd,95,435.0,41325.0,2025-07-22 11:33:11.835716
2025-07-22,156804,2025072204004834,UPCL,Neev Securities Pvt. Ltd.,Agrawal Securities (PVT) Ltd.,200,435.0,87000.0,2025-07-22 11:33:32.620602
2025-07-22,156272,2025072204004973,UPCL,Aakashbhairab Securities Ltd.,Dynamic Money Managers Securities Pvt. Ltd.,4353,434.0,1889202.0,2025-07-22 11:34:14.056558
2025-07-22,155863,2025072204005070,UPCL,Kumari Securities Private Limited,Sharepro Securities Private Limited,10,435.0,4350.0,2025-07-22 11:34:49.883654
2025-07-22,155619,2025072204005120,UPCL,Sani Securities Company Ltd.,Aryatara Investment & Securities,200,434.5,86900.0,2025-07-22 11:35:16.469009
2025-07-22,155399,2025072204005174,UPCL,Sani Securities Company Ltd.,Sharepro Securities Private Limited,850,435.0,369750.0,2025-07-22 11:35:34.724563
2025-07-22,155315,2025072204005183,UPCL,South Asian Bulls Pvt. Ltd.,Sharepro Securities Private Limited,100,435.0,43500.0,2025-07-22 11:35:43.206927
2025-07-22,155269,2025072204005185,UPCL,INDEX SECURITIES LIMITED,Sharepro Securities Private Limited,40,435.0,17400.0,2025-07-22 11:35:45.576120
2025-07-22,155268,2025072204005186,UPCL,INDEX SECURITIES LIMITED,Dynamic Money Managers Securities Pvt. Ltd.,705,435.0,306675.0,2025-07-22 11:35:45.576386
2025-07-22,155267,2025072204005187,UPCL,INDEX SECURITIES LIMITED,Sharepro Securities Private Limited,200,435.9,87180.0,2025-07-22 11:35:45.576484
2025-07-22,155266,2025072204005188,UPCL,INDEX SECURITIES LIMITED,Vision Securities Pvt. Ltd,475,436.0,207100.0,2025-07-22 11:35:45.576588
2025-07-22,155265,2025072204005189,UPCL,INDEX SECURITIES LIMITED,Kumari Securities Private Limited,3580,436.0,1560880.0,2025-07-22 11:35:45.576714
2025-07-22,153186,2025072204005677,UPCL,Agrawal Securities (PVT) Ltd.,Market Securities & Exchange (PVT) Ltd.,18,435.0,7830.0,2025-07-22 11:38:21.459635
2025-07-22,153185,2025072204005678,UPCL,Agrawal Securities (PVT) Ltd.,Aryatara Investment & Securities,500,435.9,217950.0,2025-07-22 11:38:21.459899
2025-07-22,153184,2025072204005679,UPCL,Agrawal Securities (PVT) Ltd.,Naasa Securities Co. Ltd.,82,435.9,35743.8,2025-07-22 11:38:21.460043
2025-07-22,153099,2025072204005694,UPCL,Aakashbhairab Securities Ltd.,Dynamic Money Managers Securities Pvt. Ltd.,900,433.0,389700.0,2025-07-22 11:38:29.307409
2025-07-22,153074,2025072204005698,UPCL,KALASH STOCK MARKET PVT. LTD.,Naasa Securities Co. Ltd.,18,435.9,7846.2,2025-07-22 11:38:30.436176
2025-07-22,153073,2025072204005699,UPCL,KALASH STOCK MARKET PVT. LTD.,Kumari Securities Private Limited,82,436.0,35752.0,2025-07-22 11:38:30.436470
2025-07-22,152956,2025072204005726,UPCL,SHUBHAKAMANA SECURITIES PVT. LTD,Kumari Securities Private Limited,200,436.0,87200.0,2025-07-22 11:38:40.635282
2025-07-22,152668,2025072204005769,UPCL,INDEX SECURITIES LIMITED,Kumari Securities Private Limited,138,436.0,60168.0,2025-07-22 11:39:03.942438
2025-07-22,152667,2025072204005770,UPCL,INDEX SECURITIES LIMITED,Capital Max Securities Ltd,100,436.0,43600.0,2025-07-22 11:39:03.942705
2025-07-22,152666,2025072204005771,UPCL,INDEX SECURITIES LIMITED,Vision Securities Pvt. Ltd,2762,436.0,1204232.0,2025-07-22 11:39:03.942802
2025-07-22,152456,2025072204005809,UPCL,Agrawal Securities (PVT) Ltd.,Dynamic Money Managers Securities Pvt. Ltd.,350,433.1,151585.0,2025-07-22 11:39:22.359288
2025-07-22,152455,2025072204005810,UPCL,Aakashbhairab Securities Ltd.,Dynamic Money Managers Securities Pvt. Ltd.,1150,433.0,497950.0,2025-07-22 11:39:22.359600
2025-07-22,151502,2025072204006109,UPCL,NIMB Stock Markets Limited,Nepal Investment And Securities Trading Private Limited,100,435.9,43590.0,2025-07-22 11:40:51.774646
2025-07-22,151501,2025072204006110,UPCL,NIMB Stock Markets Limited,Vision Securities Pvt. Ltd,143,436.0,62348.0,2025-07-22 11:40:51.774928
2025-07-22,151500,2025072204006111,UPCL,NIMB Stock Markets Limited,Capital Max Securities Ltd,100,436.0,43600.0,2025-07-22 11:40:51.775038
2025-07-22,151499,2025072204006112,UPCL,NIMB Stock Markets Limited,Opal Securities Investment (PVT) Ltd.,100,436.0,43600.0,2025-07-22 11:40:51.775142
2025-07-22,151498,2025072204006113,UPCL,NIMB Stock Markets Limited,Ashutosh Brokerage & Securities (PVT) Ltd.,100,436.4,43640.0,2025-07-22 11:40:51.775281
2025-07-22,151497,2025072204006114,UPCL,NIMB Stock Markets Limited,Aryatara Investment & Securities,50,436.5,21825.0,2025-07-22 11:40:51.775441
2025-07-22,151496,2025072204006115,UPCL,NIMB Stock Markets Limited,Trisul Securities & Invt. Ltd.,50,436.5,21825.0,2025-07-22 11:40:51.775549
2025-07-22,151495,2025072204006116,UPCL,NIMB Stock Markets Limited,Sani Securities Company Ltd.,10,436.5,4365.0,2025-07-22 11:40:51.775652
2025-07-22,151494,2025072204006117,UPCL,NIMB Stock Markets Limited,Sewa Securities Pvt. Ltd.,500,436.7,218350.0,2025-07-22 11:40:51.775757
2025-07-22,151493,2025072204006118,UPCL,NIMB Stock Markets Limited,Sewa Securities Pvt. Ltd.,500,436.8,218400.0,2025-07-22 11:40:51.775870
2025-07-22,151492,2025072204006119,UPCL,NIMB Stock Markets Limited,Sharepro Securities Private Limited,500,436.9,218450.0,2025-07-22 11:40:51.775971
2025-07-22,151491,2025072204006120,UPCL,NIMB Stock Markets Limited,Himalayan Brokerage Company Limited,847,437.0,370139.0,2025-07-22 11:40:51.776070
2025-07-22,151455,2025072204006123,UPCL,Premier Securities Company Ltd.,Himalayan Brokerage Company Limited,153,437.0,66861.0,2025-07-22 11:40:55.610150
2025-07-22,151454,2025072204006124,UPCL,Premier Securities Company Ltd.,Online Securities Pvt. Ltd.,847,437.0,370139.0,2025-07-22 11:40:55.610213
2025-07-22,151193,2025072204006211,UPCL,Trishakti Securities Public Limited,Online Securities Pvt. Ltd.,1453,437.0,634961.0,2025-07-22 11:41:14.423441
2025-07-22,151192,2025072204006212,UPCL,Trishakti Securities Public Limited,Midas Stock Broking Company Private Limited,547,437.5,239312.5,2025-07-22 11:41:14.423700
2025-07-22,151156,2025072204006215,UPCL,Kohinoor Investment & Securities Pvt. Ltd.,Dipshikha Dhitopatra Karobar Co. Pvt Ltd.,108,437.0,47196.0,2025-07-22 11:41:18.952047
2025-07-22,151005,2025072204006257,UPCL,Aakashbhairab Securities Ltd.,Midas Stock Broking Company Private Limited,550,437.5,240625.0,2025-07-22 11:41:34.019204
2025-07-22,151004,2025072204006258,UPCL,Aakashbhairab Securities Ltd.,Dynamic Money Managers Securities Pvt. Ltd.,992,437.5,434000.0,2025-07-22 11:41:34.019478
2025-07-22,151003,2025072204006259,UPCL,Aakashbhairab Securities Ltd.,Kohinoor Investment & Securities Pvt. Ltd.,500,437.9,218950.0,2025-07-22 11:41:34.019590
2025-07-22,151002,2025072204006260,UPCL,Aakashbhairab Securities Ltd.,Property Wiard Limited,200,438.0,87600.0,2025-07-22 11:41:34.019714
2025-07-22,151001,2025072204006261,UPCL,Aakashbhairab Securities Ltd.,Siprabi Securities Pvt. Ltd.,100,438.0,43800.0,2025-07-22 11:41:34.019863
2025-07-22,151000,2025072204006262,UPCL,Aakashbhairab Securities Ltd.,Capital Max Securities Ltd,50,438.0,21900.0,2025-07-22 11:41:34.020006
2025-07-22,150999,2025072204006263,UPCL,Aakashbhairab Securities Ltd.,Sani Securities Company Ltd.,700,438.0,306600.0,2025-07-22 11:41:34.020181
2025-07-22,150998,2025072204006264,UPCL,Aakashbhairab Securities Ltd.,Cristal Kanchanjanga Securites Pvt. Ltd.,50,438.0,21900.0,2025-07-22 11:41:34.020310
2025-07-22,150997,2025072204006265,UPCL,Aakashbhairab Securities Ltd.,Naasa Securities Co. Ltd.,271,438.0,118698.0,2025-07-22 11:41:34.020434
2025-07-22,150996,2025072204006266,UPCL,Aakashbhairab Securities Ltd.,Dynamic Money Managers Securities Pvt. Ltd.,30,438.0,13140.0,2025-07-22 11:41:34.020562
2025-07-22,150995,2025072204006267,UPCL,Aakashbhairab Securities Ltd.,Secured Securities Ltd.,500,438.0,219000.0,2025-07-22 11:41:34.020717
2025-07-22,150994,2025072204006268,UPCL,Aakashbhairab Securities Ltd.,J.F. Securites (PVT) Ltd.,50,438.0,21900.0,2025-07-22 11:41:34.020862
2025-07-22,150993,2025072204006269,UPCL,Aakashbhairab Securities Ltd.,Asian Securities Private Ltd.,500,438.0,219000.0,2025-07-22 11:41:34.021019
2025-07-22,150992,2025072204006270,UPCL,Aakashbhairab Securities Ltd.,Market Securities & Exchange (PVT) Ltd.,500,438.0,219000.0,2025-07-22 11:41:34.021116
2025-07-22,150881,2025072204006285,UPCL,Aakashbhairab Securities Ltd.,Opal Securities Investment (PVT) Ltd.,500,438.0,219000.0,2025-07-22 11:41:42.895046
2025-07-22,150772,2025072204006307,UPCL,Kohinoor Investment & Securities Pvt. Ltd.,Elite Stock House Limited,392,438.5,171892.0,2025-07-22 11:41:52.885467
2025-07-22,150521,2025072204006365,UPCL,Aakashbhairab Securities Ltd.,Asian Securities Private Ltd.,500,438.0,219000.0,2025-07-22 11:42:11.435488
2025-07-22,150498,2025072204006370,UPCL,Aakashbhairab Securities Ltd.,Opal Securities Investment (PVT) Ltd.,500,438.0,219000.0,2025-07-22 11:42:13.013078
2025-07-22,150487,2025072204006374,UPCL,Hatemalo Financial Services Private Limited,Shree Krishna Securities Ltd.,50,438.6,21930.0,2025-07-22 11:42:14.930882
2025-07-22,150486,2025072204006375,UPCL,Hatemalo Financial Services Private Limited,Kohinoor Investment & Securities Pvt. Ltd.,200,439.0,87800.0,2025-07-22 11:42:14.931148
2025-07-22,150485,2025072204006376,UPCL,Hatemalo Financial Services Private Limited,Online Securities Pvt. Ltd.,20,439.0,8780.0,2025-07-22 11:42:14.931247
2025-07-22,150484,2025072204006377,UPCL,Hatemalo Financial Services Private Limited,Vision Securities Pvt. Ltd,500,439.9,219950.0,2025-07-22 11:42:14.931355
2025-07-22,150483,2025072204006378,UPCL,Hatemalo Financial Services Private Limited,Online Securities Pvt. Ltd.,80,439.9,35192.0,2025-07-22 11:42:14.931448
2025-07-22,150482,2025072204006379,UPCL,Hatemalo Financial Services Private Limited,Naasa Securities Co. Ltd.,150,440.0,66000.0,2025-07-22 11:42:14.931550
2025-07-22,150451,2025072204006385,UPCL,Midas Stock Broking Company Private Limited,Nepal Investment And Securities Trading Private Limited,1000,438.1,438100.0,2025-07-22 11:42:17.953798
2025-07-22,150368,2025072204006405,UPCL,Agrawal Securities (PVT) Ltd.,Naasa Securities Co. Ltd.,350,440.0,154000.0,2025-07-22 11:42:25.936304
2025-07-22,150367,2025072204006406,UPCL,Agrawal Securities (PVT) Ltd.,Dipshikha Dhitopatra Karobar Co. Pvt Ltd.,10,440.0,4400.0,2025-07-22 11:42:25.936560
2025-07-22,150366,2025072204006407,UPCL,Agrawal Securities (PVT) Ltd.,Nepal Stock House (PVT) Ltd.,500,440.0,220000.0,2025-07-22 11:42:25.936657
2025-07-22,150365,2025072204006408,UPCL,Agrawal Securities (PVT) Ltd.,Sani Securities Company Ltd.,500,440.0,220000.0,2025-07-22 11:42:25.936746
2025-07-22,150364,2025072204006409,UPCL,Agrawal Securities (PVT) Ltd.,Asian Securities Private Ltd.,50,440.0,22000.0,2025-07-22 11:42:25.936834
2025-07-22,150363,2025072204006410,UPCL,Agrawal Securities (PVT) Ltd.,Sanima Securities Limited,500,440.0,220000.0,2025-07-22 11:42:25.936928
2025-07-22,150362,2025072204006411,UPCL,Agrawal Securities (PVT) Ltd.,Malla & Malla Stock Broking Company Pvt. Limited,1000,440.0,440000.0,2025-07-22 11:42:25.937031
2025-07-22,150361,2025072204006412,UPCL,Agrawal Securities (PVT) Ltd.,Nepal Stock House (PVT) Ltd.,20,440.0,8800.0,2025-07-22 11:42:25.937115
2025-07-22,150360,2025072204006413,UPCL,Agrawal Securities (PVT) Ltd.,Siprabi Securities Pvt. Ltd.,100,440.0,44000.0,2025-07-22 11:42:25.937201
2025-07-22,150359,2025072204006414,UPCL,Agrawal Securities (PVT) Ltd.,Sweta Securities Private Limited,1000,440.0,440000.0,2025-07-22 11:42:25.937285
2025-07-22,150358,2025072204006415,UPCL,Agrawal Securities (PVT) Ltd.,Malla & Malla Stock Broking Company Pvt. Limited,470,440.0,206800.0,2025-07-22 11:42:25.937383
2025-07-22,150357,2025072204006416,UPCL,Creative Securities Pvt Ltd,Dynamic Money Managers Securities Pvt. Ltd.,540,438.5,236790.0,2025-07-22 11:42:26.091968
2025-07-22,150303,2025072204006423,UPCL,INDEX SECURITIES LIMITED,Malla & Malla Stock Broking Company Pvt. Limited,530,440.0,233200.0,2025-07-22 11:42:30.291459
2025-07-22,150302,2025072204006424,UPCL,INDEX SECURITIES LIMITED,Premier Securities Company Ltd.,300,440.0,132000.0,2025-07-22 11:42:30.291698
2025-07-22,150301,2025072204006425,UPCL,INDEX SECURITIES LIMITED,Sweta Securities Private Limited,1000,440.0,440000.0,2025-07-22 11:42:30.291788
2025-07-22,150300,2025072204006426,UPCL,INDEX SECURITIES LIMITED,Trisul Securities & Invt. Ltd.,780,440.0,343200.0,2025-07-22 11:42:30.291873
2025-07-22,150299,2025072204006427,UPCL,INDEX SECURITIES LIMITED,Ashutosh Brokerage & Securities (PVT) Ltd.,1000,440.0,440000.0,2025-07-22 11:42:30.291957
2025-07-22,150298,2025072204006428,UPCL,INDEX SECURITIES LIMITED,Sumeru Securities Pvt. Ltd.,200,440.0,88000.0,2025-07-22 11:42:30.292042
2025-07-22,150297,2025072204006429,UPCL,INDEX SECURITIES LIMITED,Dakshinkali Investment & Securities Pvt. Ltd.,1000,440.0,440000.0,2025-07-22 11:42:30.292131
2025-07-22,150296,2025072204006430,UPCL,INDEX SECURITIES LIMITED,ABC Securities Private Limited,300,440.0,132000.0,2025-07-22 11:42:30.292227
2025-07-22,150295,2025072204006431,UPCL,INDEX SECURITIES LIMITED,Sumeru Securities Pvt. Ltd.,500,440.0,220000.0,2025-07-22 11:42:30.292371
2025-07-22,150294,2025072204006432,UPCL,INDEX SECURITIES LIMITED,Sweta Securities Private Limited,400,440.0,176000.0,2025-07-22 11:42:30.292482
2025-07-22,150293,2025072204006433,UPCL,INDEX SECURITIES LIMITED,Shree Krishna Securities Ltd.,256,440.0,112640.0,2025-07-22 11:42:30.292587
2025-07-22,150292,2025072204006434,UPCL,INDEX SECURITIES LIMITED,Vision Securities Pvt. Ltd,100,440.0,44000.0,2025-07-22 11:42:30.292691
2025-07-22,150291,2025072204006435,UPCL,INDEX SECURITIES LIMITED,Investment Management Nepal Pvt. Ltd.,155,440.0,68200.0,2025-07-22 11:42:30.292817
2025-07-22,150290,2025072204006436,UPCL,INDEX SECURITIES LIMITED,J.F. Securites (PVT) Ltd.,100,440.0,44000.0,2025-07-22 11:42:30.292945
2025-07-22,150289,2025072204006437,UPCL,INDEX SECURITIES LIMITED,Roadshow securities limited,300,440.0,132000.0,2025-07-22 11:42:30.293075
2025-07-22,150288,2025072204006438,UPCL,INDEX SECURITIES LIMITED,Nagarik Stock Dealer ,4079,440.0,1794760.0,2025-07-22 11:42:30.293183
2025-07-22,150188,2025072204006470,UPCL,Trishakti Securities Public Limited,Dakshinkali Investment & Securities Pvt. Ltd.,1000,439.9,439900.0,2025-07-22 11:42:36.872673
2025-07-22,150187,2025072204006471,UPCL,Trishakti Securities Public Limited,Nagarik Stock Dealer ,1000,440.0,440000.0,2025-07-22 11:42:36.872885
2025-07-22,150087,2025072204006511,UPCL,Hatemalo Financial Services Private Limited,Nagarik Stock Dealer ,1000,440.0,440000.0,2025-07-22 11:42:42.994704
2025-07-22,150016,2025072204006544,UPCL,Creative Securities Pvt Ltd,Dynamic Money Managers Securities Pvt. Ltd.,40,438.5,17540.0,2025-07-22 11:42:46.066201
2025-07-22,149868,2025072204006580,UPCL,Creative Securities Pvt Ltd,Imperial Securities Company Pvt. Ltd.,192,438.5,84192.0,2025-07-22 11:42:55.983119
2025-07-22,149794,2025072204006595,UPCL,Creative Securities Pvt Ltd,Sundhara Securities Limited,50,438.5,21925.0,2025-07-22 11:42:59.456999
2025-07-22,149719,2025072204006603,UPCL,Sri Hari Securities Pvt. Ltd.,Nagarik Stock Dealer ,1000,440.0,440000.0,2025-07-22 11:43:02.773738
2025-07-22,149686,2025072204006608,UPCL,Trisul Securities & Invt. Ltd.,Nagarik Stock Dealer ,200,440.0,88000.0,2025-07-22 11:43:05.818866
2025-07-22,149448,2025072204006650,UPCL,South Asian Bulls Pvt. Ltd.,Nagarik Stock Dealer ,1591,440.0,700040.0,2025-07-22 11:43:15.588051
2025-07-22,149447,2025072204006651,UPCL,South Asian Bulls Pvt. Ltd.,Capital Max Securities Ltd,409,440.0,179960.0,2025-07-22 11:43:15.588471
2025-07-22,149282,2025072204006701,UPCL,Premier Securities Company Ltd.,Capital Max Securities Ltd,91,440.0,40040.0,2025-07-22 11:43:28.534792
2025-07-22,149281,2025072204006702,UPCL,Premier Securities Company Ltd.,Aryatara Investment & Securities,10,440.0,4400.0,2025-07-22 11:43:28.534886
2025-07-22,149280,2025072204006703,UPCL,Premier Securities Company Ltd.,Kohinoor Investment & Securities Pvt. Ltd.,899,440.0,395560.0,2025-07-22 11:43:28.534948
2025-07-22,149227,2025072204006721,UPCL,J.F. Securites (PVT) Ltd.,Kohinoor Investment & Securities Pvt. Ltd.,500,440.0,220000.0,2025-07-22 11:43:32.766928
2025-07-22,148928,2025072204006780,UPCL,Opal Securities Investment (PVT) Ltd.,Kohinoor Investment & Securities Pvt. Ltd.,100,440.0,44000.0,2025-07-22 11:43:51.561908
2025-07-22,148734,2025072204006820,UPCL,Asian Securities Private Ltd.,Naasa Securities Co. Ltd.,10,439.1,4391.0,2025-07-22 11:44:06.172296
2025-07-22,148521,2025072204006873,UPCL,Asian Securities Private Ltd.,Asian Securities Private Ltd.,500,439.1,219550.0,2025-07-22 11:44:21.037139
2025-07-22,148320,2025072204006910,UPCL,Asian Securities Private Ltd.,Ashutosh Brokerage & Securities (PVT) Ltd.,160,439.1,70256.0,2025-07-22 11:44:32.030205
2025-07-22,148319,2025072204006911,UPCL,Kohinoor Investment & Securities Pvt. Ltd.,Kohinoor Investment & Securities Pvt. Ltd.,76,440.0,33440.0,2025-07-22 11:44:32.308839
2025-07-22,148318,2025072204006912,UPCL,Kohinoor Investment & Securities Pvt. Ltd.,Premier Securities Company Ltd.,250,440.0,110000.0,2025-07-22 11:44:32.309070
2025-07-22,148317,2025072204006913,UPCL,Kohinoor Investment & Securities Pvt. Ltd.,Agrawal Securities (PVT) Ltd.,100,440.0,44000.0,2025-07-22 11:44:32.309157
2025-07-22,148265,2025072204006918,UPCL,Kohinoor Investment & Securities Pvt. Ltd.,Kalika Securities Pvt. Ltd.,185,440.0,81400.0,2025-07-22 11:44:34.900067
2025-07-22,148195,2025072204006934,UPCL,Kohinoor Investment & Securities Pvt. Ltd.,Dynamic Money Managers Securities Pvt. Ltd.,389,440.0,171160.0,2025-07-22 11:44:41.020418
2025-07-22,148194,2025072204006935,UPCL,Asian Securities Private Ltd.,Dynamic Money Managers Securities Pvt. Ltd.,330,439.1,144903.0,2025-07-22 11:44:41.020645
2025-07-22,148193,2025072204006936,UPCL,Hatemalo Financial Services Private Limited,Dynamic Money Managers Securities Pvt. Ltd.,500,439.0,219500.0,2025-07-22 11:44:41.020736
2025-07-22,148192,2025072204006937,UPCL,Dipshikha Dhitopatra Karobar Co. Pvt Ltd.,Dynamic Money Managers Securities Pvt. Ltd.,50,439.0,21950.0,2025-07-22 11:44:41.020821
2025-07-22,148164,2025072204006946,UPCL,Trisul Securities & Invt. Ltd.,Dynamic Money Managers Securities Pvt. Ltd.,92,439.0,40388.0,2025-07-22 11:44:43.130311
2025-07-22,147790,2025072204007028,UPCL,NIMB Stock Markets Limited,Dynamic Money Managers Securities Pvt. Ltd.,500,439.0,219500.0,2025-07-22 11:45:08.754529
2025-07-22,147706,2025072204007051,UPCL,Aryatara Investment & Securities,Dynamic Money Managers Securities Pvt. Ltd.,1000,439.0,439000.0,2025-07-22 11:45:17.531592
2025-07-22,147413,2025072204007102,UPCL,Creative Securities Pvt Ltd,Capital Max Securities Ltd,178,438.5,78053.0,2025-07-22 11:45:36.740090
2025-07-22,147412,2025072204007103,UPCL,Dakshinkali Investment & Securities Pvt. Ltd.,Capital Max Securities Ltd,45,438.2,19719.0,2025-07-22 11:45:36.740136
2025-07-22,147411,2025072204007104,UPCL,South Asian Bulls Pvt. Ltd.,Capital Max Securities Ltd,500,438.2,219100.0,2025-07-22 11:45:36.740169
2025-07-22,147410,2025072204007105,UPCL,Midas Stock Broking Company Private Limited,Capital Max Securities Ltd,277,438.1,121353.7,2025-07-22 11:45:36.740199
2025-07-22,147324,2025072204007124,UPCL,Asian Securities Private Ltd.,Nepal Stock House (PVT) Ltd.,24,438.6,10526.4,2025-07-22 11:45:41.147787
2025-07-22,147308,2025072204007131,UPCL,Asian Securities Private Ltd.,Sewa Securities Pvt. Ltd.,500,438.6,219300.0,2025-07-22 11:45:41.663122
2025-07-22,147055,2025072204007186,UPCL,Kohinoor Investment & Securities Pvt. Ltd.,Dynamic Money Managers Securities Pvt. Ltd.,139,439.0,61021.0,2025-07-22 11:45:57.441232
2025-07-22,146882,2025072204007225,UPCL,Kohinoor Investment & Securities Pvt. Ltd.,Vision Securities Pvt. Ltd,68,439.0,29852.0,2025-07-22 11:46:08.088608
2025-07-22,146770,2025072204007254,UPCL,NIMB Stock Markets Limited,Nepal Investment And Securities Trading Private Limited,500,440.0,220000.0,2025-07-22 11:46:12.220340
2025-07-22,146519,2025072204007299,UPCL,NIMB Stock Markets Limited,Nepal Investment And Securities Trading Private Limited,500,440.0,220000.0,2025-07-22 11:46:28.920241
2025-07-22,146398,2025072204007331,UPCL,Sharepro Securities Private Limited,Naasa Securities Co. Ltd.,400,440.0,176000.0,2025-07-22 11:46:36.866437
2025-07-22,146323,2025072204007347,UPCL,Kohinoor Investment & Securities Pvt. Ltd.,Dynamic Money Managers Securities Pvt. Ltd.,293,439.0,128627.0,2025-07-22 11:46:42.453598
2025-07-22,146322,2025072204007348,UPCL,Aakashbhairab Securities Ltd.,Dynamic Money Managers Securities Pvt. Ltd.,1000,439.0,439000.0,2025-07-22 11:46:42.453845
2025-07-22,146321,2025072204007349,UPCL,Imperial Securities Company Pvt. Ltd.,Dynamic Money Managers Securities Pvt. Ltd.,1000,439.0,439000.0,2025-07-22 11:46:42.453936
2025-07-22,145745,2025072204007472,UPCL,Nabil Stock Dealer Ltd.,Dynamic Money Managers Securities Pvt. Ltd.,2707,439.0,1188373.0,2025-07-22 11:47:21.724262
2025-07-22,145525,2025072204007534,UPCL,Nabil Stock Dealer Ltd.,J.F. Securites (PVT) Ltd.,300,439.0,131700.0,2025-07-22 11:47:33.385639
2025-07-22,145137,2025072204007637,UPCL,Sharepro Securities Private Limited,Sewa Securities Pvt. Ltd.,100,439.9,43990.0,2025-07-22 11:47:55.215481
2025-07-22,144949,2025072204007678,UPCL,Asian Securities Private Ltd.,Sewa Securities Pvt. Ltd.,100,439.9,43990.0,2025-07-22 11:48:11.826745
2025-07-22,144806,2025072204007716,UPCL,Nabil Stock Dealer Ltd.,Online Securities Pvt. Ltd.,10,439.0,4390.0,2025-07-22 11:48:20.626410
2025-07-22,144739,2025072204007727,UPCL,Nabil Stock Dealer Ltd.,Capital Max Securities Ltd,104,439.0,45656.0,2025-07-22 11:48:25.428060
2025-07-22,144723,2025072204007728,UPCL,Nabil Stock Dealer Ltd.,Imperial Securities Company Pvt. Ltd.,879,439.0,385881.0,2025-07-22 11:48:27.162350
2025-07-22,144722,2025072204007729,UPCL,Dakshinkali Investment & Securities Pvt. Ltd.,Imperial Securities Company Pvt. Ltd.,45,439.0,19755.0,2025-07-22 11:48:27.162670
2025-07-22,144721,2025072204007730,UPCL,Dakshinkali Investment & Securities Pvt. Ltd.,Imperial Securities Company Pvt. Ltd.,45,439.0,19755.0,2025-07-22 11:48:27.162827
2025-07-22,144688,2025072204007740,UPCL,Sanima Securities Limited,Imperial Securities Company Pvt. Ltd.,31,439.0,13609.0,2025-07-22 11:48:29.228948
2025-07-22,144497,2025072204007779,UPCL,Neev Securities Pvt. Ltd.,Sewa Securities Pvt. Ltd.,300,439.9,131970.0,2025-07-22 11:48:36.653719
2025-07-22,144496,2025072204007780,UPCL,Neev Securities Pvt. Ltd.,K.B.L. Securities Limited ,700,439.9,307930.0,2025-07-22 11:48:36.654222
2025-07-22,144464,2025072204007782,UPCL,Sanima Securities Limited,K.B.L. Securities Limited ,300,439.9,131970.0,2025-07-22 11:48:39.252043
2025-07-22,144463,2025072204007783,UPCL,Sanima Securities Limited,Naasa Securities Co. Ltd.,100,440.0,44000.0,2025-07-22 11:48:39.252384
2025-07-22,144462,2025072204007784,UPCL,Sanima Securities Limited,Dakshinkali Investment & Securities Pvt. Ltd.,100,440.0,44000.0,2025-07-22 11:48:39.252493
2025-07-22,144461,2025072204007785,UPCL,Sanima Securities Limited,Secured Securities Ltd.,50,440.0,22000.0,2025-07-22 11:48:39.252595
2025-07-22,144460,2025072204007786,UPCL,Sanima Securities Limited,Nepal Investment And Securities Trading Private Limited,1000,440.0,440000.0,2025-07-22 11:48:39.252695
2025-07-22,144459,2025072204007787,UPCL,Sanima Securities Limited,Linch Stock Market Ltd.,10,440.0,4400.0,2025-07-22 11:48:39.252793
2025-07-22,144458,2025072204007788,UPCL,Sanima Securities Limited,Himalayan Brokerage Company Limited,50,440.0,22000.0,2025-07-22 11:48:39.252888
2025-07-22,144452,2025072204007790,UPCL,Sanima Securities Limited,J.F. Securites (PVT) Ltd.,50,440.0,22000.0,2025-07-22 11:48:39.730605
2025-07-22,144317,2025072204007798,UPCL,Sanima Securities Limited,Naasa Securities Co. Ltd.,75,440.0,33000.0,2025-07-22 11:48:46.173310
2025-07-22,144152,2025072204007831,UPCL,Sanima Securities Limited,Naasa Securities Co. Ltd.,249,440.5,109684.5,2025-07-22 11:48:59.285693
2025-07-22,144151,2025072204007832,UPCL,Sanima Securities Limited,Primo Securities (PVT) Ltd.,250,440.6,110150.0,2025-07-22 11:48:59.285988
2025-07-22,144150,2025072204007833,UPCL,Sanima Securities Limited,Aryatara Investment & Securities,50,441.0,22050.0,2025-07-22 11:48:59.286086
2025-07-22,144149,2025072204007834,UPCL,Sanima Securities Limited,Dipshikha Dhitopatra Karobar Co. Pvt Ltd.,20,441.0,8820.0,2025-07-22 11:48:59.286180
2025-07-22,144148,2025072204007835,UPCL,Sanima Securities Limited,Premier Securities Company Ltd.,100,441.0,44100.0,2025-07-22 11:48:59.286272
2025-07-22,144147,2025072204007836,UPCL,Sanima Securities Limited,Sagarmatha Securities Private Limited,272,441.6,120115.2,2025-07-22 11:48:59.286375
2025-07-22,144098,2025072204007843,UPCL,Neev Securities Pvt. Ltd.,Dynamic Money Managers Securities Pvt. Ltd.,200,440.0,88000.0,2025-07-22 11:49:02.791224
2025-07-22,143977,2025072204007865,UPCL,Nepal Stock House (PVT) Ltd.,Dynamic Money Managers Securities Pvt. Ltd.,50,440.0,22000.0,2025-07-22 11:49:10.789785
2025-07-22,143779,2025072204007933,UPCL,Aakashbhairab Securities Ltd.,Sharepro Securities Private Limited,500,439.9,219950.0,2025-07-22 11:49:24.959572
2025-07-22,143778,2025072204007934,UPCL,Aakashbhairab Securities Ltd.,Dynamic Money Managers Securities Pvt. Ltd.,4300,440.0,1892000.0,2025-07-22 11:49:24.959825
2025-07-22,143664,2025072204007965,UPCL,Capital Max Securities Ltd,Dynamic Money Managers Securities Pvt. Ltd.,450,440.0,198000.0,2025-07-22 11:49:35.644270
2025-07-22,143663,2025072204007966,UPCL,Capital Max Securities Ltd,Sanima Securities Limited,50,441.0,22050.0,2025-07-22 11:49:35.644787
2025-07-22,143386,2025072204008018,UPCL,Aryatara Investment & Securities,Sanima Securities Limited,550,441.0,242550.0,2025-07-22 11:49:56.049664
2025-07-22,143385,2025072204008019,UPCL,Aryatara Investment & Securities,Neev Securities Pvt. Ltd.,100,441.0,44100.0,2025-07-22 11:49:56.049957
2025-07-22,143384,2025072204008020,UPCL,Aryatara Investment & Securities,K.B.L. Securities Limited ,500,441.5,220750.0,2025-07-22 11:49:56.050072
2025-07-22,143383,2025072204008021,UPCL,Aryatara Investment & Securities,Sagarmatha Securities Private Limited,228,441.6,100684.8,2025-07-22 11:49:56.050173
2025-07-22,143382,2025072204008022,UPCL,Aryatara Investment & Securities,Property Wiard Limited,1000,441.8,441800.0,2025-07-22 11:49:56.050272
2025-07-22,143381,2025072204008023,UPCL,Aryatara Investment & Securities,Investment Management Nepal Pvt. Ltd.,100,441.9,44190.0,2025-07-22 11:49:56.050384
2025-07-22,143380,2025072204008024,UPCL,Aryatara Investment & Securities,Kumari Securities Private Limited,200,442.0,88400.0,2025-07-22 11:49:56.050508
2025-07-22,143379,2025072204008025,UPCL,Aryatara Investment & Securities,Primo Securities (PVT) Ltd.,200,442.0,88400.0,2025-07-22 11:49:56.050637
2025-07-22,143378,2025072204008026,UPCL,Aryatara Investment & Securities,Secured Securities Ltd.,500,442.0,221000.0,2025-07-22 11:49:56.050751
2025-07-22,143377,2025072204008027,UPCL,Aryatara Investment & Securities,Ashutosh Brokerage & Securities (PVT) Ltd.,1000,442.0,442000.0,2025-07-22 11:49:56.050860
2025-07-22,143376,2025072204008028,UPCL,Aryatara Investment & Securities,Creative Securities Pvt Ltd,500,442.0,221000.0,2025-07-22 11:49:56.050978
2025-07-22,143375,2025072204008029,UPCL,Aryatara Investment & Securities,Trisul Securities & Invt. Ltd.,500,442.0,221000.0,2025-07-22 11:49:56.051119
2025-07-22,143374,2025072204008030,UPCL,Aryatara Investment & Securities,Asian Securities Private Ltd.,100,442.0,44200.0,2025-07-22 11:49:56.051232
2025-07-22,143373,2025072204008031,UPCL,Aryatara Investment & Securities,Kalika Securities Pvt. Ltd.,1100,442.0,486200.0,2025-07-22 11:49:56.051364
2025-07-22,143372,2025072204008032,UPCL,Aryatara Investment & Securities,Sumeru Securities Pvt. Ltd.,300,442.0,132600.0,2025-07-22 11:49:56.051468
2025-07-22,143371,2025072204008033,UPCL,Aryatara Investment & Securities,Secured Securities Ltd.,200,442.0,88400.0,2025-07-22 11:49:56.051564
2025-07-22,143169,2025072204008081,UPCL,Aryatara Investment & Securities,SHUBHAKAMANA SECURITIES PVT. LTD,60,442.0,26520.0,2025-07-22 11:50:10.315091
2025-07-22,143135,2025072204008100,UPCL,Aakashbhairab Securities Ltd.,Property Wiard Limited,200,442.3,88460.0,2025-07-22 11:50:11.053491
2025-07-22,143073,2025072204008117,UPCL,Aakashbhairab Securities Ltd.,Agrawal Securities (PVT) Ltd.,800,442.3,353840.0,2025-07-22 11:50:14.940111
2025-07-22,143072,2025072204008118,UPCL,Aryatara Investment & Securities,Agrawal Securities (PVT) Ltd.,1200,442.0,530400.0,2025-07-22 11:50:14.940379
2025-07-22,142969,2025072204008137,UPCL,Capital Max Securities Ltd,ABC Securities Private Limited,92,442.6,40719.2,2025-07-22 11:50:19.823708
2025-07-22,142958,2025072204008138,UPCL,Sri Hari Securities Pvt. Ltd.,Naasa Securities Co. Ltd.,200,442.6,88520.0,2025-07-22 11:50:20.993694
2025-07-22,142957,2025072204008139,UPCL,Sri Hari Securities Pvt. Ltd.,Investment Management Nepal Pvt. Ltd.,100,442.6,44260.0,2025-07-22 11:50:20.993794
2025-07-22,142956,2025072204008140,UPCL,Sri Hari Securities Pvt. Ltd.,Bhrikuti Stock Broking Co. Pvt. Ltd.,500,442.6,221300.0,2025-07-22 11:50:20.993871
2025-07-22,142955,2025072204008141,UPCL,Sri Hari Securities Pvt. Ltd.,Sani Securities Company Ltd.,200,442.6,88520.0,2025-07-22 11:50:20.993960
2025-07-22,142836,2025072204008179,UPCL,Aryatara Investment & Securities,Deevyaa Securities & Stock House Pvt. Ltd,325,442.0,143650.0,2025-07-22 11:50:27.009956
2025-07-22,142831,2025072204008180,UPCL,Aryatara Investment & Securities,Primo Securities (PVT) Ltd.,1337,442.0,590954.0,2025-07-22 11:50:27.392975
2025-07-22,142830,2025072204008181,UPCL,Aryatara Investment & Securities,Primo Securities (PVT) Ltd.,500,441.0,220500.0,2025-07-22 11:50:27.393281
2025-07-22,142798,2025072204008184,UPCL,Thrive Brokerage House Pvt. Ltd,Primo Securities (PVT) Ltd.,50,441.0,22050.0,2025-07-22 11:50:29.829384
2025-07-22,142726,2025072204008214,UPCL,Premier Securities Company Ltd.,Primo Securities (PVT) Ltd.,113,441.0,49833.0,2025-07-22 11:50:33.597794
2025-07-22,142725,2025072204008215,UPCL,Premier Securities Company Ltd.,Sani Securities Company Ltd.,300,442.6,132780.0,2025-07-22 11:50:33.598284
2025-07-22,142723,2025072204008216,UPCL,Premier Securities Company Ltd.,J.F. Securites (PVT) Ltd.,10,442.6,4426.0,2025-07-22 11:50:33.598675
2025-07-22,142722,2025072204008217,UPCL,Premier Securities Company Ltd.,Sewa Securities Pvt. Ltd.,500,442.6,221300.0,2025-07-22 11:50:33.598992
2025-07-22,142721,2025072204008218,UPCL,Premier Securities Company Ltd.,Thrive Brokerage House Pvt. Ltd,77,443.0,34111.0,2025-07-22 11:50:33.599257
2025-07-22,142513,2025072204008266,UPCL,Online Securities Pvt. Ltd.,Nagarik Stock Dealer ,10,440.0,4400.0,2025-07-22 11:50:50.959909
2025-07-22,142432,2025072204008292,UPCL,Nabil Stock Dealer Ltd.,Oxford Securities Pvt. Ltd.,300,442.0,132600.0,2025-07-22 11:50:56.378529
2025-07-22,142430,2025072204008294,UPCL,Nabil Stock Dealer Ltd.,Online Securities Pvt. Ltd.,100,442.0,44200.0,2025-07-22 11:50:56.481912
2025-07-22,142282,2025072204008344,UPCL,Nabil Stock Dealer Ltd.,Infinity Securities Limited,10,442.0,4420.0,2025-07-22 11:51:05.995475
2025-07-22,142278,2025072204008345,UPCL,Online Securities Pvt. Ltd.,Asian Securities Private Ltd.,256,442.9,113382.4,2025-07-22 11:51:06.608229
2025-07-22,142277,2025072204008346,UPCL,Online Securities Pvt. Ltd.,Thrive Brokerage House Pvt. Ltd,23,443.0,10189.0,2025-07-22 11:51:06.608272
2025-07-22,142276,2025072204008347,UPCL,Online Securities Pvt. Ltd.,ABC Securities Private Limited,221,443.0,97903.0,2025-07-22 11:51:06.608305
2025-07-22,142267,2025072204008350,UPCL,Nabil Stock Dealer Ltd.,Sewa Securities Pvt. Ltd.,90,442.0,39780.0,2025-07-22 11:51:07.618082
2025-07-22,142266,2025072204008351,UPCL,Online Securities Pvt. Ltd.,Sewa Securities Pvt. Ltd.,35,440.0,15400.0,2025-07-22 11:51:07.618325
2025-07-22,142265,2025072204008352,UPCL,INDEX SECURITIES LIMITED,Sewa Securities Pvt. Ltd.,875,440.0,385000.0,2025-07-22 11:51:07.618423
2025-07-22,142184,2025072204008384,UPCL,Premier Securities Company Ltd.,Imperial Securities Company Pvt. Ltd.,600,442.9,265740.0,2025-07-22 11:51:13.854014
2025-07-22,142183,2025072204008385,UPCL,Premier Securities Company Ltd.,Sundhara Securities Limited,220,443.0,97460.0,2025-07-22 11:51:13.854484
2025-07-22,142182,2025072204008386,UPCL,Premier Securities Company Ltd.,Kalika Securities Pvt. Ltd.,50,443.0,22150.0,2025-07-22 11:51:13.854759
2025-07-22,142181,2025072204008387,UPCL,Premier Securities Company Ltd.,Infinity Securities Limited,300,443.0,132900.0,2025-07-22 11:51:13.855045
2025-07-22,142180,2025072204008388,UPCL,Premier Securities Company Ltd.,Sweta Securities Private Limited,400,443.0,177200.0,2025-07-22 11:51:13.855342
2025-07-22,142179,2025072204008389,UPCL,Premier Securities Company Ltd.,Bhrikuti Stock Broking Co. Pvt. Ltd.,500,443.0,221500.0,2025-07-22 11:51:13.855607
2025-07-22,142178,2025072204008390,UPCL,Premier Securities Company Ltd.,Market Securities & Exchange (PVT) Ltd.,200,443.0,88600.0,2025-07-22 11:51:13.855858
2025-07-22,142062,2025072204008408,UPCL,Premier Securities Company Ltd.,Opal Securities Investment (PVT) Ltd.,300,443.0,132900.0,2025-07-22 11:51:23.659378
2025-07-22,141838,2025072204008444,UPCL,Online Securities Pvt. Ltd.,Neev Securities Pvt. Ltd.,50,443.3,22165.0,2025-07-22 11:51:36.997511
2025-07-22,141807,2025072204008446,UPCL,Premier Securities Company Ltd.,SHUBHAKAMANA SECURITIES PVT. LTD,1000,443.0,443000.0,2025-07-22 11:51:38.465287
2025-07-22,141775,2025072204008451,UPCL,Premier Securities Company Ltd.,Imperial Securities Company Pvt. Ltd.,150,443.0,66450.0,2025-07-22 11:51:40.106063
2025-07-22,141692,2025072204008465,UPCL,Premier Securities Company Ltd.,Sewa Securities Pvt. Ltd.,1000,443.0,443000.0,2025-07-22 11:51:45.836386
2025-07-22,141611,2025072204008480,UPCL,Premier Securities Company Ltd.,SHUBHAKAMANA SECURITIES PVT. LTD,280,443.0,124040.0,2025-07-22 11:51:54.499245
2025-07-22,141330,2025072204008542,UPCL,Indira securities pvt. ltd,SHUBHAKAMANA SECURITIES PVT. LTD,200,443.0,88600.0,2025-07-22 11:52:15.906663
2025-07-22,141235,2025072204008559,UPCL,Himalayan Securities Limited,ABC Securities Private Limited,779,442.0,344318.0,2025-07-22 11:52:24.237167
2025-07-22,141038,2025072204008597,UPCL,Aryatara Investment & Securities,SHUBHAKAMANA SECURITIES PVT. LTD,520,443.0,230360.0,2025-07-22 11:52:39.891567
2025-07-22,141037,2025072204008598,UPCL,Aryatara Investment & Securities,Neev Securities Pvt. Ltd.,200,443.3,88660.0,2025-07-22 11:52:39.891781
2025-07-22,141036,2025072204008599,UPCL,Aryatara Investment & Securities,Swarna Laxmi Securities Pvt. Ltd.,25,443.3,11082.5,2025-07-22 11:52:39.891876
2025-07-22,141035,2025072204008600,UPCL,Aryatara Investment & Securities,Sundhara Securities Limited,255,443.7,113143.5,2025-07-22 11:52:39.891969
2025-07-22,140373,2025072204008751,UPCL,Dipshikha Dhitopatra Karobar Co. Pvt Ltd.,Sewa Securities Pvt. Ltd.,300,443.0,132900.0,2025-07-22 11:53:32.684854
2025-07-22,140031,2025072204008806,UPCL,Hatemalo Financial Services Private Limited,Online Securities Pvt. Ltd.,60,442.1,26526.0,2025-07-22 11:54:01.458708
2025-07-22,139798,2025072204008853,UPCL,Hatemalo Financial Services Private Limited,Aryatara Investment & Securities,200,442.1,88420.0,2025-07-22 11:54:16.931544
2025-07-22,139708,2025072204008880,UPCL,Sumeru Securities Pvt. Ltd.,SHUBHAKAMANA SECURITIES PVT. LTD,50,442.9,22145.0,2025-07-22 11:54:21.213935
2025-07-22,139707,2025072204008881,UPCL,Sumeru Securities Pvt. Ltd.,Sewa Securities Pvt. Ltd.,200,443.0,88600.0,2025-07-22 11:54:21.214206
2025-07-22,139706,2025072204008882,UPCL,Sumeru Securities Pvt. Ltd.,Market Securities & Exchange (PVT) Ltd.,100,443.0,44300.0,2025-07-22 11:54:21.214307
2025-07-22,139705,2025072204008883,UPCL,Sumeru Securities Pvt. Ltd.,Premier Securities Company Ltd.,504,443.0,223272.0,2025-07-22 11:54:21.214409
2025-07-22,139704,2025072204008884,UPCL,Sumeru Securities Pvt. Ltd.,BHOLE GANESH SECURITIES LTD,1146,443.5,508251.0,2025-07-22 11:54:21.214514
2025-07-22,138400,2025072204009248,UPCL,Siprabi Securities Pvt. Ltd.,Dipshikha Dhitopatra Karobar Co. Pvt Ltd.,20,442.0,8840.0,2025-07-22 11:55:40.345145
2025-07-22,138399,2025072204009249,UPCL,Naasa Securities Co. Ltd.,Dipshikha Dhitopatra Karobar Co. Pvt Ltd.,34,442.0,15028.0,2025-07-22 11:55:40.345517
2025-07-22,138314,2025072204009265,UPCL,Naasa Securities Co. Ltd.,Indira securities pvt. ltd,31,442.0,13702.0,2025-07-22 11:55:46.291199
2025-07-22,138287,2025072204009269,UPCL,Naasa Securities Co. Ltd.,Indira securities pvt. ltd,169,442.0,74698.0,2025-07-22 11:55:48.862406
2025-07-22,138270,2025072204009275,UPCL,Naasa Securities Co. Ltd.,Dipshikha Dhitopatra Karobar Co. Pvt Ltd.,31,442.0,13702.0,2025-07-22 11:55:52.444592
2025-07-22,138100,2025072204009321,UPCL,Arun Securities (PVT) Ltd.,SHUBHAKAMANA SECURITIES PVT. LTD,50,441.0,22050.0,2025-07-22 11:56:04.985066
2025-07-22,137696,2025072204009476,UPCL,Sagarmatha Securities Private Limited,Sewa Securities Pvt. Ltd.,1000,441.1,441100.0,2025-07-22 11:56:31.621882
2025-07-22,137512,2025072204009517,UPCL,Hatemalo Financial Services Private Limited,Trisul Securities & Invt. Ltd.,50,441.9,22095.0,2025-07-22 11:56:46.307062
2025-07-22,137511,2025072204009518,UPCL,Hatemalo Financial Services Private Limited,Nepal Investment And Securities Trading Private Limited,190,442.9,84151.0,2025-07-22 11:56:46.307415
2025-07-22,136960,2025072204009660,UPCL,Online Securities Pvt. Ltd.,Hatemalo Financial Services Private Limited,15,441.9,6628.5,2025-07-22 11:57:24.517402
2025-07-22,136900,2025072204009677,UPCL,Naasa Securities Co. Ltd.,Agrawal Securities (PVT) Ltd.,20,441.2,8824.0,2025-07-22 11:57:30.787936
2025-07-22,136899,2025072204009678,UPCL,Neev Securities Pvt. Ltd.,Agrawal Securities (PVT) Ltd.,500,441.1,220550.0,2025-07-22 11:57:30.788190
2025-07-22,136898,2025072204009679,UPCL,Arun Securities (PVT) Ltd.,Agrawal Securities (PVT) Ltd.,50,441.0,22050.0,2025-07-22 11:57:30.788301
2025-07-22,136897,2025072204009680,UPCL,Trishakti Securities Public Limited,Agrawal Securities (PVT) Ltd.,165,441.0,72765.0,2025-07-22 11:57:30.788420
2025-07-22,136751,2025072204009736,UPCL,Trishakti Securities Public Limited,SHUBHAKAMANA SECURITIES PVT. LTD,100,441.0,44100.0,2025-07-22 11:57:43.168924
2025-07-22,136608,2025072204009779,UPCL,Trishakti Securities Public Limited,Dakshinkali Investment & Securities Pvt. Ltd.,500,441.0,220500.0,2025-07-22 11:57:56.593447
2025-07-22,136530,2025072204009808,UPCL,Trishakti Securities Public Limited,Vision Securities Pvt. Ltd,200,441.0,88200.0,2025-07-22 11:58:03.433726
2025-07-22,136319,2025072204009849,UPCL,Trishakti Securities Public Limited,Dakshinkali Investment & Securities Pvt. Ltd.,1000,441.0,441000.0,2025-07-22 11:58:19.632891
2025-07-22,136273,2025072204009870,UPCL,Trishakti Securities Public Limited,Dynamic Money Managers Securities Pvt. Ltd.,35,441.0,15435.0,2025-07-22 11:58:23.716604
2025-07-22,136072,2025072204009941,UPCL,ABC Securities Private Limited,Dynamic Money Managers Securities Pvt. Ltd.,50,441.0,22050.0,2025-07-22 11:58:39.100741
2025-07-22,135835,2025072204009992,UPCL,Nepal Stock House (PVT) Ltd.,Dynamic Money Managers Securities Pvt. Ltd.,300,441.0,132300.0,2025-07-22 11:58:51.400273
2025-07-22,135752,2025072204010008,UPCL,ABC Securities Private Limited,Dynamic Money Managers Securities Pvt. Ltd.,100,441.0,44100.0,2025-07-22 11:58:57.287657
2025-07-22,135751,2025072204010009,UPCL,INDEX SECURITIES LIMITED,Nepal Investment And Securities Trading Private Limited,125,440.0,55000.0,2025-07-22 11:58:57.314107
2025-07-22,135750,2025072204010010,UPCL,Trishakti Securities Public Limited,Nepal Investment And Securities Trading Private Limited,500,440.0,220000.0,2025-07-22 11:58:57.314645
2025-07-22,135749,2025072204010011,UPCL,Imperial Securities Company Pvt. Ltd.,Nepal Investment And Securities Trading Private Limited,50,440.0,22000.0,2025-07-22 11:58:57.315146
2025-07-22,135748,2025072204010012,UPCL,ABC Securities Private Limited,Nepal Investment And Securities Trading Private Limited,300,440.0,132000.0,2025-07-22 11:58:57.315609
2025-07-22,135634,2025072204010041,UPCL,Deevyaa Securities & Stock House Pvt. Ltd,Nepal Investment And Securities Trading Private Limited,25,440.0,11000.0,2025-07-22 11:59:05.927612
2025-07-22,135630,2025072204010043,UPCL,Trisul Securities & Invt. Ltd.,Dakshinkali Investment & Securities Pvt. Ltd.,500,439.0,219500.0,2025-07-22 11:59:06.884222
2025-07-22,135520,2025072204010069,UPCL,Trisul Securities & Invt. Ltd.,Agrawal Securities (PVT) Ltd.,100,439.0,43900.0,2025-07-22 11:59:14.693723
2025-07-22,135209,2025072204010130,UPCL,Trisul Securities & Invt. Ltd.,Cristal Kanchanjanga Securites Pvt. Ltd.,1450,439.0,636550.0,2025-07-22 11:59:39.666766
2025-07-22,135208,2025072204010131,UPCL,INDEX SECURITIES LIMITED,Cristal Kanchanjanga Securites Pvt. Ltd.,2000,439.0,878000.0,2025-07-22 11:59:39.667044
2025-07-22,135152,2025072204010147,UPCL,South Asian Bulls Pvt. Ltd.,Sweta Securities Private Limited,54,438.6,23684.4,2025-07-22 11:59:43.596350
2025-07-22,134510,2025072204010292,UPCL,Market Securities & Exchange (PVT) Ltd.,Property Wiard Limited,500,439.0,219500.0,2025-07-22 12:00:34.597390
2025-07-22,134369,2025072204010312,UPCL,South Asian Bulls Pvt. Ltd.,Dipshikha Dhitopatra Karobar Co. Pvt Ltd.,446,438.6,195615.6,2025-07-22 12:00:46.269949
2025-07-22,134368,2025072204010313,UPCL,Trisul Securities & Invt. Ltd.,Dipshikha Dhitopatra Karobar Co. Pvt Ltd.,200,438.2,87640.0,2025-07-22 12:00:46.270225
2025-07-22,134367,2025072204010314,UPCL,Midas Stock Broking Company Private Limited,Dipshikha Dhitopatra Karobar Co. Pvt Ltd.,723,438.1,316746.3,2025-07-22 12:00:46.270350
2025-07-22,134366,2025072204010315,UPCL,Aakashbhairab Securities Ltd.,Dipshikha Dhitopatra Karobar Co. Pvt Ltd.,131,438.0,57378.0,2025-07-22 12:00:46.270655
2025-07-22,134140,2025072204010386,UPCL,Kohinoor Investment & Securities Pvt. Ltd.,R.B.B. Securities Company Ltd,10,440.0,4400.0,2025-07-22 12:01:08.375297
2025-07-22,133868,2025072204010469,UPCL,Kohinoor Investment & Securities Pvt. Ltd.,Aakashbhairab Securities Ltd.,90,440.0,39600.0,2025-07-22 12:01:30.563657
2025-07-22,133696,2025072204010497,UPCL,Aakashbhairab Securities Ltd.,Roadshow securities limited,376,438.0,164688.0,2025-07-22 12:01:42.862391
2025-07-22,133695,2025072204010498,UPCL,Naasa Securities Co. Ltd.,Roadshow securities limited,100,438.0,43800.0,2025-07-22 12:01:42.862495
2025-07-22,133694,2025072204010499,UPCL,Imperial Securities Company Pvt. Ltd.,Roadshow securities limited,150,438.0,65700.0,2025-07-22 12:01:42.862572
2025-07-22,133693,2025072204010500,UPCL,ABC Securities Private Limited,Roadshow securities limited,150,438.0,65700.0,2025-07-22 12:01:42.862646
2025-07-22,133692,2025072204010501,UPCL,Arun Securities (PVT) Ltd.,Roadshow securities limited,100,438.0,43800.0,2025-07-22 12:01:42.862719
2025-07-22,133691,2025072204010502,UPCL,Sani Securities Company Ltd.,Roadshow securities limited,424,438.0,185712.0,2025-07-22 12:01:42.862797
2025-07-22,133012,2025072204010650,UPCL,Ashutosh Brokerage & Securities (PVT) Ltd.,Dynamic Money Managers Securities Pvt. Ltd.,250,437.0,109250.0,2025-07-22 12:02:42.181079
2025-07-22,133011,2025072204010651,UPCL,Indira securities pvt. ltd,Dynamic Money Managers Securities Pvt. Ltd.,358,437.0,156446.0,2025-07-22 12:02:42.181434
2025-07-22,132321,2025072204010801,UPCL,Indira securities pvt. ltd,Aakashbhairab Securities Ltd.,50,437.0,21850.0,2025-07-22 12:03:31.291839
2025-07-22,131084,2025072204011146,UPCL,Aryatara Investment & Securities,Cristal Kanchanjanga Securites Pvt. Ltd.,50,437.5,21875.0,2025-07-22 12:04:44.960926
2025-07-22,131083,2025072204011147,UPCL,Indira securities pvt. ltd,Cristal Kanchanjanga Securites Pvt. Ltd.,292,437.0,127604.0,2025-07-22 12:04:44.961264
2025-07-22,130885,2025072204011218,UPCL,Market Securities & Exchange (PVT) Ltd.,Cristal Kanchanjanga Securites Pvt. Ltd.,100,437.0,43700.0,2025-07-22 12:04:58.145880
2025-07-22,130831,2025072204011228,UPCL,Kohinoor Investment & Securities Pvt. Ltd.,Cristal Kanchanjanga Securites Pvt. Ltd.,58,437.0,25346.0,2025-07-22 12:04:59.763021
2025-07-22,130632,2025072204011302,UPCL,Kohinoor Investment & Securities Pvt. Ltd.,Dipshikha Dhitopatra Karobar Co. Pvt Ltd.,69,437.0,30153.0,2025-07-22 12:05:15.304409
2025-07-22,130332,2025072204011381,UPCL,Kohinoor Investment & Securities Pvt. Ltd.,Naasa Securities Co. Ltd.,50,437.0,21850.0,2025-07-22 12:05:36.331019
2025-07-22,130185,2025072204011417,UPCL,Kohinoor Investment & Securities Pvt. Ltd.,Asian Securities Private Ltd.,323,437.0,141151.0,2025-07-22 12:05:44.747524
2025-07-22,130184,2025072204011418,UPCL,Sundhara Securities Limited,Asian Securities Private Ltd.,677,437.0,295849.0,2025-07-22 12:05:44.747815
2025-07-22,130133,2025072204011443,UPCL,Sundhara Securities Limited,Sumeru Securities Pvt. Ltd.,100,437.0,43700.0,2025-07-22 12:05:48.259922
2025-07-22,129848,2025072204011489,UPCL,Sundhara Securities Limited,Naasa Securities Co. Ltd.,10,437.0,4370.0,2025-07-22 12:06:07.602600
2025-07-22,129547,2025072204011559,UPCL,Sundhara Securities Limited,Linch Stock Market Ltd.,213,437.0,93081.0,2025-07-22 12:06:34.440086
2025-07-22,129167,2025072204011641,UPCL,Sharepro Securities Private Limited,Naasa Securities Co. Ltd.,200,435.0,87000.0,2025-07-22 12:07:03.034648
2025-07-22,128606,2025072204011795,UPCL,Premier Securities Company Ltd.,Shree Krishna Securities Ltd.,100,436.0,43600.0,2025-07-22 12:07:48.820847
2025-07-22,128427,2025072204011838,UPCL,Aryatara Investment & Securities,Imperial Securities Company Pvt. Ltd.,20,436.5,8730.0,2025-07-22 12:08:06.353953
2025-07-22,128412,2025072204011844,UPCL,Premier Securities Company Ltd.,Sharepro Securities Private Limited,900,436.0,392400.0,2025-07-22 12:08:07.255489
2025-07-22,128411,2025072204011845,UPCL,Secured Securities Ltd.,Sharepro Securities Private Limited,1000,436.0,436000.0,2025-07-22 12:08:07.255859
2025-07-22,128065,2025072204011945,UPCL,Sumeru Securities Pvt. Ltd.,Cristal Kanchanjanga Securites Pvt. Ltd.,500,436.0,218000.0,2025-07-22 12:08:37.210363
2025-07-22,127739,2025072204012030,UPCL,Market Securities & Exchange (PVT) Ltd.,Linch Stock Market Ltd.,500,435.3,217650.0,2025-07-22 12:09:09.679704
2025-07-22,127596,2025072204012070,UPCL,Sharepro Securities Private Limited,Dynamic Money Managers Securities Pvt. Ltd.,800,435.0,348000.0,2025-07-22 12:09:22.458910
2025-07-22,127595,2025072204012071,UPCL,Shree Krishna Securities Ltd.,Dynamic Money Managers Securities Pvt. Ltd.,200,435.0,87000.0,2025-07-22 12:09:22.459287
2025-07-22,127576,2025072204012076,UPCL,Shree Krishna Securities Ltd.,Bhrikuti Stock Broking Co. Pvt. Ltd.,300,435.0,130500.0,2025-07-22 12:09:23.894435
2025-07-22,127575,2025072204012077,UPCL,Sundhara Securities Limited,Bhrikuti Stock Broking Co. Pvt. Ltd.,100,435.0,43500.0,2025-07-22 12:09:23.894745
2025-07-22,127574,2025072204012078,UPCL,Trishakti Securities Public Limited,Bhrikuti Stock Broking Co. Pvt. Ltd.,50,435.0,21750.0,2025-07-22 12:09:23.894873
2025-07-22,127573,2025072204012079,UPCL,Deevyaa Securities & Stock House Pvt. Ltd,Bhrikuti Stock Broking Co. Pvt. Ltd.,550,435.0,239250.0,2025-07-22 12:09:23.895000
2025-07-22,127447,2025072204012121,UPCL,Deevyaa Securities & Stock House Pvt. Ltd,INDEX SECURITIES LIMITED,450,435.0,195750.0,2025-07-22 12:09:36.520921
2025-07-22,127446,2025072204012122,UPCL,Midas Stock Broking Company Private Limited,INDEX SECURITIES LIMITED,100,435.0,43500.0,2025-07-22 12:09:36.521251
2025-07-22,127445,2025072204012123,UPCL,Trishakti Securities Public Limited,INDEX SECURITIES LIMITED,100,435.0,43500.0,2025-07-22 12:09:36.521422
2025-07-22,127444,2025072204012124,UPCL,Cristal Kanchanjanga Securites Pvt. Ltd.,INDEX SECURITIES LIMITED,100,435.0,43500.0,2025-07-22 12:09:36.521558
2025-07-22,127443,2025072204012125,UPCL,Naasa Securities Co. Ltd.,INDEX SECURITIES LIMITED,187,435.0,81345.0,2025-07-22 12:09:36.521709
2025-07-22,127442,2025072204012126,UPCL,Kohinoor Investment & Securities Pvt. Ltd.,INDEX SECURITIES LIMITED,500,435.0,217500.0,2025-07-22 12:09:36.521892
2025-07-22,127441,2025072204012127,UPCL,Premier Securities Company Ltd.,INDEX SECURITIES LIMITED,563,435.0,244905.0,2025-07-22 12:09:36.522060
2025-07-22,127334,2025072204012149,UPCL,Premier Securities Company Ltd.,Cristal Kanchanjanga Securites Pvt. Ltd.,50,435.0,21750.0,2025-07-22 12:09:44.902428
2025-07-22,127306,2025072204012153,UPCL,Premier Securities Company Ltd.,Shree Krishna Securities Ltd.,200,435.0,87000.0,2025-07-22 12:09:48.572583
2025-07-22,127285,2025072204012154,UPCL,Premier Securities Company Ltd.,Cristal Kanchanjanga Securites Pvt. Ltd.,87,435.0,37845.0,2025-07-22 12:09:50.932087
2025-07-22,127217,2025072204012169,UPCL,Investment Management Nepal Pvt. Ltd.,Sani Securities Company Ltd.,1000,434.0,434000.0,2025-07-22 12:09:56.287729
2025-07-22,127216,2025072204012170,UPCL,Sani Securities Company Ltd.,Sani Securities Company Ltd.,50,434.0,21700.0,2025-07-22 12:09:56.288123
2025-07-22,127215,2025072204012171,UPCL,J.F. Securites (PVT) Ltd.,Sani Securities Company Ltd.,450,434.0,195300.0,2025-07-22 12:09:56.288256
2025-07-22,126976,2025072204012211,UPCL,J.F. Securites (PVT) Ltd.,Cristal Kanchanjanga Securites Pvt. Ltd.,50,434.0,21700.0,2025-07-22 12:10:21.046162
2025-07-22,126617,2025072204012293,UPCL,Thrive Brokerage House Pvt. Ltd,Cristal Kanchanjanga Securites Pvt. Ltd.,4000,434.0,1736000.0,2025-07-22 12:10:57.021341
2025-07-22,126532,2025072204012303,UPCL,Aakashbhairab Securities Ltd.,Cristal Kanchanjanga Securites Pvt. Ltd.,1048,434.0,454832.0,2025-07-22 12:11:04.163611
2025-07-22,126266,2025072204012352,UPCL,Aakashbhairab Securities Ltd.,Himalayan Brokerage Company Limited,300,434.0,130200.0,2025-07-22 12:11:31.372319
2025-07-22,126259,2025072204012354,UPCL,Sharepro Securities Private Limited,Opal Securities Investment (PVT) Ltd.,125,435.0,54375.0,2025-07-22 12:11:32.214318
2025-07-22,125903,2025072204012443,UPCL,Sundhara Securities Limited,Linch Stock Market Ltd.,287,435.3,124931.1,2025-07-22 12:12:04.261384
2025-07-22,125902,2025072204012444,UPCL,Sundhara Securities Limited,Trisul Securities & Invt. Ltd.,50,436.0,21800.0,2025-07-22 12:12:04.261981
2025-07-22,125901,2025072204012445,UPCL,Sundhara Securities Limited,Sani Securities Company Ltd.,663,436.8,289598.4,2025-07-22 12:12:04.262403
2025-07-22,125681,2025072204012494,UPCL,South Asian Bulls Pvt. Ltd.,Sani Securities Company Ltd.,200,436.8,87360.0,2025-07-22 12:12:28.408660
2025-07-22,125669,2025072204012499,UPCL,Premier Securities Company Ltd.,Arun Securities (PVT) Ltd.,100,435.1,43510.0,2025-07-22 12:12:29.996563
2025-07-22,125552,2025072204012524,UPCL,Sumeru Securities Pvt. Ltd.,Sani Securities Company Ltd.,500,436.8,218400.0,2025-07-22 12:12:40.247611
2025-07-22,125262,2025072204012583,UPCL,Sharepro Securities Private Limited,Sewa Securities Pvt. Ltd.,50,436.0,21800.0,2025-07-22 12:13:08.578236
2025-07-22,124975,2025072204012645,UPCL,Sagarmatha Securities Private Limited,Kohinoor Investment & Securities Pvt. Ltd.,100,436.0,43600.0,2025-07-22 12:13:39.309231
2025-07-22,124827,2025072204012691,UPCL,Swarna Laxmi Securities Pvt. Ltd.,Kohinoor Investment & Securities Pvt. Ltd.,900,436.0,392400.0,2025-07-22 12:13:58.050279
2025-07-22,124826,2025072204012692,UPCL,Swarna Laxmi Securities Pvt. Ltd.,Aryatara Investment & Securities,54,436.0,23544.0,2025-07-22 12:13:58.050397
2025-07-22,124825,2025072204012693,UPCL,Swarna Laxmi Securities Pvt. Ltd.,Sani Securities Company Ltd.,46,436.8,20092.8,2025-07-22 12:13:58.050477
2025-07-22,124767,2025072204012700,UPCL,Sharepro Securities Private Limited,BHOLE GANESH SECURITIES LTD,187,435.4,81419.8,2025-07-22 12:14:01.758139
2025-07-22,124766,2025072204012701,UPCL,Dipshikha Dhitopatra Karobar Co. Pvt Ltd.,BHOLE GANESH SECURITIES LTD,17,435.3,7400.1,2025-07-22 12:14:01.758777
2025-07-22,124765,2025072204012702,UPCL,Sharepro Securities Private Limited,BHOLE GANESH SECURITIES LTD,1000,435.3,435300.0,2025-07-22 12:14:01.759167
2025-07-22,124764,2025072204012703,UPCL,Sundhara Securities Limited,BHOLE GANESH SECURITIES LTD,300,435.3,130590.0,2025-07-22 12:14:01.759551
2025-07-22,124763,2025072204012704,UPCL,Nagarik Stock Dealer ,BHOLE GANESH SECURITIES LTD,25,435.3,10882.5,2025-07-22 12:14:01.759927
2025-07-22,124762,2025072204012705,UPCL,Sundhara Securities Limited,BHOLE GANESH SECURITIES LTD,500,435.2,217600.0,2025-07-22 12:14:01.760297
2025-07-22,124761,2025072204012706,UPCL,Premier Securities Company Ltd.,BHOLE GANESH SECURITIES LTD,900,435.1,391590.0,2025-07-22 12:14:01.760677
2025-07-22,124760,2025072204012707,UPCL,Aryatara Investment & Securities,BHOLE GANESH SECURITIES LTD,2000,435.0,870000.0,2025-07-22 12:14:01.761145
2025-07-22,124759,2025072204012708,UPCL,Aryatara Investment & Securities,BHOLE GANESH SECURITIES LTD,200,435.0,87000.0,2025-07-22 12:14:01.761538
2025-07-22,124758,2025072204012709,UPCL,Dipshikha Dhitopatra Karobar Co. Pvt Ltd.,BHOLE GANESH SECURITIES LTD,20,435.0,8700.0,2025-07-22 12:14:01.761913
2025-07-22,124631,2025072204012733,UPCL,Sri Hari Securities Pvt. Ltd.,BHOLE GANESH SECURITIES LTD,206,435.0,89610.0,2025-07-22 12:14:17.341208
2025-07-22,124403,2025072204012778,UPCL,Market Securities & Exchange (PVT) Ltd.,BHOLE GANESH SECURITIES LTD,185,435.0,80475.0,2025-07-22 12:14:42.903606
2025-07-22,124232,2025072204012817,UPCL,Market Securities & Exchange (PVT) Ltd.,Naasa Securities Co. Ltd.,70,435.0,30450.0,2025-07-22 12:14:59.014826
2025-07-22,124170,2025072204012827,UPCL,Swarna Laxmi Securities Pvt. Ltd.,Dakshinkali Investment & Securities Pvt. Ltd.,50,434.5,21725.0,2025-07-22 12:15:06.026047
2025-07-22,124071,2025072204012851,UPCL,Swarna Laxmi Securities Pvt. Ltd.,BHOLE GANESH SECURITIES LTD,450,434.5,195525.0,2025-07-22 12:15:15.871692
2025-07-22,124070,2025072204012852,UPCL,Siprabi Securities Pvt. Ltd.,BHOLE GANESH SECURITIES LTD,500,434.2,217100.0,2025-07-22 12:15:15.872005
2025-07-22,124069,2025072204012853,UPCL,Asian Securities Private Ltd.,BHOLE GANESH SECURITIES LTD,200,434.1,86820.0,2025-07-22 12:15:15.872138
2025-07-22,124068,2025072204012854,UPCL,Aakashbhairab Securities Ltd.,BHOLE GANESH SECURITIES LTD,1850,434.0,802900.0,2025-07-22 12:15:15.872262
2025-07-22,123885,2025072204012897,UPCL,Sharepro Securities Private Limited,Linch Stock Market Ltd.,50,435.0,21750.0,2025-07-22 12:15:27.029826
2025-07-22,123788,2025072204012910,UPCL,Sharepro Securities Private Limited,Premier Securities Company Ltd.,30,434.5,13035.0,2025-07-22 12:15:39.056603
2025-07-22,123645,2025072204012939,UPCL,Aryatara Investment & Securities,Sani Securities Company Ltd.,30,435.0,13050.0,2025-07-22 12:15:54.123212
2025-07-22,123372,2025072204013010,UPCL,Sharepro Securities Private Limited,Sharepro Securities Private Limited,1500,435.8,653700.0,2025-07-22 12:16:17.152576
2025-07-22,123158,2025072204013075,UPCL,Sewa Securities Pvt. Ltd.,Sharepro Securities Private Limited,500,435.8,217900.0,2025-07-22 12:16:32.896992
2025-07-22,122785,2025072204013117,UPCL,Capital Hub P. Ltd,Sharepro Securities Private Limited,30,435.8,13074.0,2025-07-22 12:16:53.467990
2025-07-22,122731,2025072204013119,UPCL,Pragyan Securities (PVT) Ltd.,Sharepro Securities Private Limited,50,435.8,21790.0,2025-07-22 12:16:59.131943
2025-07-22,122672,2025072204013125,UPCL,Sharepro Securities Private Limited,Sharepro Securities Private Limited,220,435.8,95876.0,2025-07-22 12:17:03.241402
2025-07-22,122124,2025072204013221,UPCL,Nepal Stock House (PVT) Ltd.,Naasa Securities Co. Ltd.,145,436.0,63220.0,2025-07-22 12:17:48.293086
2025-07-22,121880,2025072204013265,UPCL,Nepal Stock House (PVT) Ltd.,Agrawal Securities (PVT) Ltd.,54,436.0,23544.0,2025-07-22 12:18:06.133039
2025-07-22,121679,2025072204013313,UPCL,Sani Securities Company Ltd.,Sani Securities Company Ltd.,91,436.8,39748.8,2025-07-22 12:18:25.228141
2025-07-22,121678,2025072204013314,UPCL,Sani Securities Company Ltd.,Hatemalo Financial Services Private Limited,335,436.9,146361.5,2025-07-22 12:18:25.228211
2025-07-22,121677,2025072204013315,UPCL,Sani Securities Company Ltd.,Sharepro Securities Private Limited,74,436.9,32330.6,2025-07-22 12:18:25.228242
2025-07-22,121382,2025072204013373,UPCL,Ashutosh Brokerage & Securities (PVT) Ltd.,Sharepro Securities Private Limited,400,436.9,174760.0,2025-07-22 12:18:52.111308
2025-07-22,121224,2025072204013406,UPCL,Pragyan Securities (PVT) Ltd.,Sharepro Securities Private Limited,100,436.9,43690.0,2025-07-22 12:19:06.571956
2025-07-22,120244,2025072204013561,UPCL,Nepal Stock House (PVT) Ltd.,Naasa Securities Co. Ltd.,10,436.0,4360.0,2025-07-22 12:20:20.922786
2025-07-22,119999,2025072204013590,UPCL,Nepal Stock House (PVT) Ltd.,Naasa Securities Co. Ltd.,91,436.0,39676.0,2025-07-22 12:20:40.458180
2025-07-22,119998,2025072204013591,UPCL,Aryatara Investment & Securities,Naasa Securities Co. Ltd.,100,436.0,43600.0,2025-07-22 12:20:40.458587
2025-07-22,119997,2025072204013592,UPCL,Secured Securities Ltd.,Naasa Securities Co. Ltd.,259,436.0,112924.0,2025-07-22 12:20:40.458727
2025-07-22,119902,2025072204013609,UPCL,Secured Securities Ltd.,Aakashbhairab Securities Ltd.,241,436.0,105076.0,2025-07-22 12:20:45.214937
2025-07-22,119901,2025072204013610,UPCL,Kalika Securities Pvt. Ltd.,Aakashbhairab Securities Ltd.,182,436.0,79352.0,2025-07-22 12:20:45.215290
2025-07-22,119900,2025072204013611,UPCL,Miyo Securities Pvt Ltd,Aakashbhairab Securities Ltd.,200,436.0,87200.0,2025-07-22 12:20:45.215440
2025-07-22,119865,2025072204013616,UPCL,Trisul Securities & Invt. Ltd.,Aakashbhairab Securities Ltd.,51,436.0,22236.0,2025-07-22 12:20:48.901795
2025-07-22,119821,2025072204013624,UPCL,Trisul Securities & Invt. Ltd.,Aakashbhairab Securities Ltd.,96,436.2,41875.2,2025-07-22 12:20:55.230634
2025-07-22,119158,2025072204013801,UPCL,Nagarik Stock Dealer ,Kohinoor Investment & Securities Pvt. Ltd.,490,436.0,213640.0,2025-07-22 12:21:52.316095
2025-07-22,117814,2025072204014045,UPCL,Premier Securities Company Ltd.,Vision Securities Pvt. Ltd,1000,436.5,436500.0,2025-07-22 12:24:00.542576
2025-07-22,117810,2025072204014046,UPCL,Secured Securities Ltd.,Vision Securities Pvt. Ltd,40,436.5,17460.0,2025-07-22 12:24:01.454285
2025-07-22,117667,2025072204014078,UPCL,Sharepro Securities Private Limited,Sharepro Securities Private Limited,50,436.9,21845.0,2025-07-22 12:24:13.087518
2025-07-22,117450,2025072204014097,UPCL,Secured Securities Ltd.,Capital Max Securities Ltd,460,436.5,200790.0,2025-07-22 12:24:29.521533
2025-07-22,117449,2025072204014098,UPCL,Bhrikuti Stock Broking Co. Pvt. Ltd.,Capital Max Securities Ltd,150,436.1,65415.0,2025-07-22 12:24:29.521962
2025-07-22,117448,2025072204014099,UPCL,Nagarik Stock Dealer ,Capital Max Securities Ltd,1510,436.0,658360.0,2025-07-22 12:24:29.522136
2025-07-22,117447,2025072204014100,UPCL,Kohinoor Investment & Securities Pvt. Ltd.,Capital Max Securities Ltd,1000,436.0,436000.0,2025-07-22 12:24:29.522272
2025-07-22,117446,2025072204014101,UPCL,Bhrikuti Stock Broking Co. Pvt. Ltd.,Capital Max Securities Ltd,150,436.0,65400.0,2025-07-22 12:24:29.522417
2025-07-22,117445,2025072204014102,UPCL,Bhrikuti Stock Broking Co. Pvt. Ltd.,Capital Max Securities Ltd,500,435.9,217950.0,2025-07-22 12:24:29.522577
2025-07-22,117444,2025072204014103,UPCL,Sumeru Securities Pvt. Ltd.,Capital Max Securities Ltd,200,435.9,87180.0,2025-07-22 12:24:29.522711
2025-07-22,117443,2025072204014104,UPCL,NIMB Stock Markets Limited,Capital Max Securities Ltd,1000,435.8,435800.0,2025-07-22 12:24:29.522847
2025-07-22,117442,2025072204014105,UPCL,Bhrikuti Stock Broking Co. Pvt. Ltd.,Capital Max Securities Ltd,30,435.8,13074.0,2025-07-22 12:24:29.522980
2025-07-22,117268,2025072204014134,UPCL,Sani Securities Company Ltd.,Himalayan Securities Limited,150,436.5,65475.0,2025-07-22 12:24:43.407625
2025-07-22,117267,2025072204014135,UPCL,Bhrikuti Stock Broking Co. Pvt. Ltd.,Himalayan Securities Limited,170,435.8,74086.0,2025-07-22 12:24:43.408035
2025-07-22,117266,2025072204014136,UPCL,Sagarmatha Securities Private Limited,Himalayan Securities Limited,100,435.2,43520.0,2025-07-22 12:24:43.408187
2025-07-22,117265,2025072204014137,UPCL,Online Securities Pvt. Ltd.,Himalayan Securities Limited,1000,435.2,435200.0,2025-07-22 12:24:43.408333
2025-07-22,117264,2025072204014138,UPCL,Online Securities Pvt. Ltd.,Himalayan Securities Limited,20,435.0,8700.0,2025-07-22 12:24:43.408478
2025-07-22,117263,2025072204014139,UPCL,ABC Securities Private Limited,Himalayan Securities Limited,200,435.0,87000.0,2025-07-22 12:24:43.408628
2025-07-22,117262,2025072204014140,UPCL,Capital Max Securities Ltd,Himalayan Securities Limited,110,435.0,47850.0,2025-07-22 12:24:43.408771
2025-07-22,117261,2025072204014141,UPCL,Sumeru Securities Pvt. Ltd.,Himalayan Securities Limited,500,435.0,217500.0,2025-07-22 12:24:43.408907
2025-07-22,117260,2025072204014142,UPCL,Dynamic Money Managers Securities Pvt. Ltd.,Himalayan Securities Limited,100,435.0,43500.0,2025-07-22 12:24:43.409055
2025-07-22,117166,2025072204014173,UPCL,Sharepro Securities Private Limited,Himalayan Securities Limited,200,435.0,87000.0,2025-07-22 12:24:53.198555
2025-07-22,116687,2025072204014268,UPCL,ABC Securities Private Limited,Himalayan Securities Limited,100,435.0,43500.0,2025-07-22 12:25:33.785253
2025-07-22,116576,2025072204014315,UPCL,Bhrikuti Stock Broking Co. Pvt. Ltd.,Himalayan Securities Limited,180,435.0,78300.0,2025-07-22 12:25:44.392272
2025-07-22,115884,2025072204014461,UPCL,Sweta Securities Private Limited,Himalayan Securities Limited,170,435.0,73950.0,2025-07-22 12:26:45.159008
2025-07-22,115883,2025072204014462,UPCL,Sweta Securities Private Limited,Market Securities & Exchange (PVT) Ltd.,60,435.0,26100.0,2025-07-22 12:26:45.159360
2025-07-22,115809,2025072204014521,UPCL,Kohinoor Investment & Securities Pvt. Ltd.,Market Securities & Exchange (PVT) Ltd.,50,435.0,21750.0,2025-07-22 12:26:48.674001
2025-07-22,115763,2025072204014529,UPCL,Bhrikuti Stock Broking Co. Pvt. Ltd.,Market Securities & Exchange (PVT) Ltd.,150,435.0,65250.0,2025-07-22 12:26:54.776972
2025-07-22,115159,2025072204014625,UPCL,Sajilo Broker Limited,Market Securities & Exchange (PVT) Ltd.,1000,435.0,435000.0,2025-07-22 12:27:29.251601
2025-07-22,114885,2025072204014692,UPCL,Opal Securities Investment (PVT) Ltd.,Market Securities & Exchange (PVT) Ltd.,500,435.0,217500.0,2025-07-22 12:27:53.727400
2025-07-22,114598,2025072204014735,UPCL,Nagarik Stock Dealer ,Market Securities & Exchange (PVT) Ltd.,130,435.0,56550.0,2025-07-22 12:28:20.308817
2025-07-22,114597,2025072204014736,UPCL,Nagarik Stock Dealer ,Online Securities Pvt. Ltd.,230,435.0,100050.0,2025-07-22 12:28:20.309167
2025-07-22,114596,2025072204014737,UPCL,Nagarik Stock Dealer ,Asian Securities Private Ltd.,30,435.0,13050.0,2025-07-22 12:28:20.309307
2025-07-22,112977,2025072204015063,UPCL,ABC Securities Private Limited,Aryatara Investment & Securities,23,435.0,10005.0,2025-07-22 12:30:53.687192
2025-07-22,112742,2025072204015103,UPCL,Neev Securities Pvt. Ltd.,Premier Securities Company Ltd.,54,436.0,23544.0,2025-07-22 12:31:19.307771
2025-07-22,112741,2025072204015104,UPCL,Neev Securities Pvt. Ltd.,Cristal Kanchanjanga Securites Pvt. Ltd.,100,436.0,43600.0,2025-07-22 12:31:19.307832
2025-07-22,112740,2025072204015105,UPCL,Neev Securities Pvt. Ltd.,Sharepro Securities Private Limited,376,436.9,164274.4,2025-07-22 12:31:19.307862
2025-07-22,112739,2025072204015106,UPCL,Neev Securities Pvt. Ltd.,Capital Max Securities Ltd,10,436.9,4369.0,2025-07-22 12:31:19.307889
2025-07-22,112738,2025072204015107,UPCL,Neev Securities Pvt. Ltd.,Neev Securities Pvt. Ltd.,24,436.9,10485.6,2025-07-22 12:31:19.307916
2025-07-22,112737,2025072204015108,UPCL,Neev Securities Pvt. Ltd.,Online Securities Pvt. Ltd.,10,437.0,4370.0,2025-07-22 12:31:19.307941
2025-07-22,112736,2025072204015109,UPCL,Neev Securities Pvt. Ltd.,Sani Securities Company Ltd.,100,437.0,43700.0,2025-07-22 12:31:19.307973
2025-07-22,112735,2025072204015110,UPCL,Neev Securities Pvt. Ltd.,Primo Securities (PVT) Ltd.,26,437.5,11375.0,2025-07-22 12:31:19.308001
2025-07-22,111851,2025072204015339,UPCL,Oxford Securities Pvt. Ltd.,Primo Securities (PVT) Ltd.,1000,437.5,437500.0,2025-07-22 12:32:44.001451
2025-07-22,110666,2025072204015623,UPCL,Trishakti Securities Public Limited,Naasa Securities Co. Ltd.,4,430.0,1720.0,2025-07-22 12:34:31.550282
2025-07-22,110593,2025072204015646,UPCL,Trishakti Securities Public Limited,Imperial Securities Company Pvt. Ltd.,5,430.0,2150.0,2025-07-22 12:34:41.588229
2025-07-22,110257,2025072204015727,UPCL,Kohinoor Investment & Securities Pvt. Ltd.,Vision Securities Pvt. Ltd,25,436.0,10900.0,2025-07-22 12:35:18.663603
2025-07-22,109324,2025072204015936,UPCL,Kohinoor Investment & Securities Pvt. Ltd.,ABC Securities Private Limited,475,436.0,207100.0,2025-07-22 12:36:39.337743
2025-07-22,109276,2025072204015954,UPCL,Capital Max Securities Ltd,Naasa Securities Co. Ltd.,8,440.8,3526.4,2025-07-22 12:36:43.922957
2025-07-22,108980,2025072204016038,UPCL,South Asian Bulls Pvt. Ltd.,Deevyaa Securities & Stock House Pvt. Ltd,70,435.5,30485.0,2025-07-22 12:37:12.601033
2025-07-22,108979,2025072204016039,UPCL,Naasa Securities Co. Ltd.,Deevyaa Securities & Stock House Pvt. Ltd,30,435.5,13065.0,2025-07-22 12:37:12.601419
2025-07-22,108874,2025072204016062,UPCL,Naasa Securities Co. Ltd.,Aryatara Investment & Securities,870,435.5,378885.0,2025-07-22 12:37:23.041055
2025-07-22,108873,2025072204016063,UPCL,Neev Securities Pvt. Ltd.,Aryatara Investment & Securities,130,435.2,56576.0,2025-07-22 12:37:23.041739
2025-07-22,108718,2025072204016095,UPCL,Neev Securities Pvt. Ltd.,Imperial Securities Company Pvt. Ltd.,70,435.2,30464.0,2025-07-22 12:37:39.899563
2025-07-22,108717,2025072204016096,UPCL,Indira securities pvt. ltd,Imperial Securities Company Pvt. Ltd.,200,435.1,87020.0,2025-07-22 12:37:39.899924
2025-07-22,108716,2025072204016097,UPCL,Sri Hari Securities Pvt. Ltd.,Imperial Securities Company Pvt. Ltd.,500,435.1,217550.0,2025-07-22 12:37:39.900072
2025-07-22,108715,2025072204016098,UPCL,Sri Hari Securities Pvt. Ltd.,Imperial Securities Company Pvt. Ltd.,500,435.1,217550.0,2025-07-22 12:37:39.900207
2025-07-22,108714,2025072204016099,UPCL,ABC Securities Private Limited,Imperial Securities Company Pvt. Ltd.,177,435.0,76995.0,2025-07-22 12:37:39.900358
2025-07-22,108713,2025072204016100,UPCL,Market Securities & Exchange (PVT) Ltd.,Imperial Securities Company Pvt. Ltd.,353,435.0,153555.0,2025-07-22 12:37:39.900502
2025-07-22,108539,2025072204016156,UPCL,NIMB Stock Markets Limited,ABC Securities Private Limited,245,436.0,106820.0,2025-07-22 12:37:58.485959
2025-07-22,108513,2025072204016164,UPCL,NIMB Stock Markets Limited,Aryatara Investment & Securities,32,436.0,13952.0,2025-07-22 12:38:01.500169
2025-07-22,108449,2025072204016182,UPCL,NIMB Stock Markets Limited,S.P.S.A. Securities Limited,460,436.0,200560.0,2025-07-22 12:38:09.818559
2025-07-22,107468,2025072204016384,UPCL,NIMB Stock Markets Limited,Trisul Securities & Invt. Ltd.,263,436.0,114668.0,2025-07-22 12:39:25.241924
2025-07-22,107467,2025072204016385,UPCL,Sri Hari Securities Pvt. Ltd.,Trisul Securities & Invt. Ltd.,500,435.1,217550.0,2025-07-22 12:39:25.242298
2025-07-22,107466,2025072204016386,UPCL,Sri Hari Securities Pvt. Ltd.,Trisul Securities & Invt. Ltd.,237,435.1,103118.7,2025-07-22 12:39:25.242456
2025-07-22,106943,2025072204016485,UPCL,Sri Hari Securities Pvt. Ltd.,Dipshikha Dhitopatra Karobar Co. Pvt Ltd.,100,435.1,43510.0,2025-07-22 12:40:22.846030
2025-07-22,106801,2025072204016525,UPCL,Deevyaa Securities & Stock House Pvt. Ltd,Trademow Securities Private Limited,1140,435.2,496128.0,2025-07-22 12:40:39.767118
2025-07-22,106800,2025072204016526,UPCL,Sri Hari Securities Pvt. Ltd.,Trademow Securities Private Limited,163,435.1,70921.3,2025-07-22 12:40:39.767602
2025-07-22,106799,2025072204016527,UPCL,Sri Hari Securities Pvt. Ltd.,Trademow Securities Private Limited,500,435.1,217550.0,2025-07-22 12:40:39.767753
2025-07-22,106798,2025072204016528,UPCL,Sri Hari Securities Pvt. Ltd.,Trademow Securities Private Limited,200,435.1,87020.0,2025-07-22 12:40:39.767898
2025-07-22,106797,2025072204016529,UPCL,Market Securities & Exchange (PVT) Ltd.,Trademow Securities Private Limited,147,435.0,63945.0,2025-07-22 12:40:39.768040
2025-07-22,106796,2025072204016530,UPCL,Midas Stock Broking Company Private Limited,Trademow Securities Private Limited,100,435.0,43500.0,2025-07-22 12:40:39.768199
2025-07-22,106795,2025072204016531,UPCL,Online Securities Pvt. Ltd.,Trademow Securities Private Limited,250,435.0,108750.0,2025-07-22 12:40:39.768361
2025-07-22,105233,2025072204016903,UPCL,Deevyaa Securities & Stock House Pvt. Ltd,Roadshow securities limited,200,435.4,87080.0,2025-07-22 12:43:19.707654
2025-07-22,105222,2025072204016906,UPCL,ABC Securities Private Limited,Vision Securities Pvt. Ltd,10,435.5,4355.0,2025-07-22 12:43:22.045231
2025-07-22,105221,2025072204016907,UPCL,ABC Securities Private Limited,Trisul Securities & Invt. Ltd.,990,436.0,431640.0,2025-07-22 12:43:22.045633
2025-07-22,104654,2025072204016991,UPCL,Deevyaa Securities & Stock House Pvt. Ltd,Sagarmatha Securities Private Limited,940,435.4,409276.0,2025-07-22 12:44:19.205838
2025-07-22,104653,2025072204016992,UPCL,Sri Hari Securities Pvt. Ltd.,Sagarmatha Securities Private Limited,60,435.1,26106.0,2025-07-22 12:44:19.206245
2025-07-22,104424,2025072204017036,UPCL,ABC Securities Private Limited,Trisul Securities & Invt. Ltd.,10,436.0,4360.0,2025-07-22 12:44:48.853878
2025-07-22,104423,2025072204017037,UPCL,ABC Securities Private Limited,Capital Max Securities Ltd,90,436.0,39240.0,2025-07-22 12:44:48.854282
2025-07-22,103131,2025072204017339,UPCL,Sajilo Broker Limited,Capital Max Securities Ltd,400,436.0,174400.0,2025-07-22 12:47:17.278624
2025-07-22,103130,2025072204017340,UPCL,Sajilo Broker Limited,Sundhara Securities Limited,50,436.0,21800.0,2025-07-22 12:47:17.279017
2025-07-22,103129,2025072204017341,UPCL,Sajilo Broker Limited,Cristal Kanchanjanga Securites Pvt. Ltd.,100,436.0,43600.0,2025-07-22 12:47:17.279175
2025-07-22,103128,2025072204017342,UPCL,Sajilo Broker Limited,Primo Securities (PVT) Ltd.,332,436.0,144752.0,2025-07-22 12:47:17.279348
2025-07-22,103127,2025072204017343,UPCL,Sajilo Broker Limited,Sundhara Securities Limited,118,436.0,51448.0,2025-07-22 12:47:17.279504
2025-07-22,102882,2025072204017391,UPCL,Indira securities pvt. ltd,Sundhara Securities Limited,882,436.0,384552.0,2025-07-22 12:47:42.221235
2025-07-22,102881,2025072204017392,UPCL,Indira securities pvt. ltd,Trishakti Securities Public Limited,20,436.0,8720.0,2025-07-22 12:47:42.221698
2025-07-22,102880,2025072204017393,UPCL,Indira securities pvt. ltd,Linch Stock Market Ltd.,68,436.0,29648.0,2025-07-22 12:47:42.221856
2025-07-22,102350,2025072204017487,UPCL,Indira securities pvt. ltd,Naasa Securities Co. Ltd.,30,436.0,13080.0,2025-07-22 12:48:32.380379
2025-07-22,101938,2025072204017575,UPCL,Aryatara Investment & Securities,Naasa Securities Co. Ltd.,85,436.0,37060.0,2025-07-22 12:49:16.056273
2025-07-22,101442,2025072204017687,UPCL,ABC Securities Private Limited,Naasa Securities Co. Ltd.,230,436.0,100280.0,2025-07-22 12:50:03.931566
2025-07-22,100806,2025072204017857,UPCL,Arun Securities (PVT) Ltd.,Dakshinkali Investment & Securities Pvt. Ltd.,200,435.2,87040.0,2025-07-22 12:51:10.686839
2025-07-22,100704,2025072204017876,UPCL,Arun Securities (PVT) Ltd.,Sumeru Securities Pvt. Ltd.,200,435.2,87040.0,2025-07-22 12:51:23.027293
2025-07-22,100703,2025072204017877,UPCL,Sri Hari Securities Pvt. Ltd.,Sumeru Securities Pvt. Ltd.,240,435.1,104424.0,2025-07-22 12:51:23.027664
2025-07-22,100702,2025072204017878,UPCL,Agrawal Securities (PVT) Ltd.,Sumeru Securities Pvt. Ltd.,90,435.1,39159.0,2025-07-22 12:51:23.027825
2025-07-22,100349,2025072204017980,UPCL,Agrawal Securities (PVT) Ltd.,Vision Securities Pvt. Ltd,500,435.1,217550.0,2025-07-22 12:52:02.523179
2025-07-22,100264,2025072204018001,UPCL,Imperial Securities Company Pvt. Ltd.,Naasa Securities Co. Ltd.,655,436.0,285580.0,2025-07-22 12:52:13.764146
2025-07-22,100106,2025072204018042,UPCL,Naasa Securities Co. Ltd.,Investment Management Nepal Pvt. Ltd.,100,437.0,43700.0,2025-07-22 12:52:31.453075
2025-07-22,100105,2025072204018043,UPCL,Naasa Securities Co. Ltd.,Online Securities Pvt. Ltd.,350,437.0,152950.0,2025-07-22 12:52:31.453498
2025-07-22,99978,2025072204018076,UPCL,Agrawal Securities (PVT) Ltd.,Sani Securities Company Ltd.,30,435.1,13053.0,2025-07-22 12:52:44.375114
2025-07-22,99960,2025072204018083,UPCL,Naasa Securities Co. Ltd.,Online Securities Pvt. Ltd.,22,437.0,9614.0,2025-07-22 12:52:47.617059
2025-07-22,99657,2025072204018131,UPCL,Premier Securities Company Ltd.,Online Securities Pvt. Ltd.,128,437.0,55936.0,2025-07-22 12:53:17.574017
2025-07-22,99656,2025072204018132,UPCL,Premier Securities Company Ltd.,Neev Securities Pvt. Ltd.,250,437.0,109250.0,2025-07-22 12:53:17.574413
2025-07-22,99655,2025072204018133,UPCL,Premier Securities Company Ltd.,Sani Securities Company Ltd.,10,437.0,4370.0,2025-07-22 12:53:17.574577
2025-07-22,99654,2025072204018134,UPCL,Premier Securities Company Ltd.,Sundhara Securities Limited,500,437.0,218500.0,2025-07-22 12:53:17.574735
2025-07-22,99653,2025072204018135,UPCL,Premier Securities Company Ltd.,Oxford Securities Pvt. Ltd.,54,437.4,23619.6,2025-07-22 12:53:17.574898
2025-07-22,99652,2025072204018136,UPCL,Premier Securities Company Ltd.,Primo Securities (PVT) Ltd.,1974,437.5,863625.0,2025-07-22 12:53:17.575062
2025-07-22,99651,2025072204018137,UPCL,Premier Securities Company Ltd.,Sri Hari Securities Pvt. Ltd.,673,438.0,294774.0,2025-07-22 12:53:17.575221
2025-07-22,99650,2025072204018138,UPCL,Premier Securities Company Ltd.,Trisul Securities & Invt. Ltd.,50,438.0,21900.0,2025-07-22 12:53:17.575389
2025-07-22,99649,2025072204018139,UPCL,Premier Securities Company Ltd.,Linch Stock Market Ltd.,500,438.0,219000.0,2025-07-22 12:53:17.575567
2025-07-22,99648,2025072204018140,UPCL,Premier Securities Company Ltd.,Market Securities & Exchange (PVT) Ltd.,500,438.0,219000.0,2025-07-22 12:53:17.575800
2025-07-22,99647,2025072204018141,UPCL,Premier Securities Company Ltd.,Investment Management Nepal Pvt. Ltd.,100,438.0,43800.0,2025-07-22 12:53:17.575981
2025-07-22,99646,2025072204018142,UPCL,Premier Securities Company Ltd.,Market Securities & Exchange (PVT) Ltd.,261,438.0,114318.0,2025-07-22 12:53:17.576185
2025-07-22,99001,2025072204018313,UPCL,Sani Securities Company Ltd.,Sundhara Securities Limited,100,437.5,43750.0,2025-07-22 12:54:28.198150
2025-07-22,98907,2025072204018338,UPCL,Premier Securities Company Ltd.,Sundhara Securities Limited,400,437.5,175000.0,2025-07-22 12:54:37.991333
