Date,S.N.,contract_id,symbol,buyer_broker,seller_broker,volume,price,amount,transaction_time
2025-07-29,157454,2025072901000009,ADBL,Vision Securities Pvt. Ltd,Trishakti Securities Public Limited,10,338.4,3384.0,2025-07-29 10:46:00.090886
2025-07-29,156487,2025072901000351,ADBL,Sundhara Securities Limited,Sewa Securities Pvt. Ltd.,10,337.9,3379.0,2025-07-29 11:02:41.853378
2025-07-29,152912,2025072901001305,ADBL,Kohinoor Investment & Securities Pvt. Ltd.,Kumari Securities Private Limited,10,336.0,3360.0,2025-07-29 11:08:27.835356
2025-07-29,151550,2025072901001624,ADBL,Midas Stock Broking Company Private Limited,Opal Securities Investment (PVT) Ltd.,40,335.0,13400.0,2025-07-29 11:10:11.679893
2025-07-29,151549,2025072901001625,ADBL,Linch Stock Market Ltd.,Opal Securities Investment (PVT) Ltd.,70,335.0,23450.0,2025-07-29 11:10:11.679973
2025-07-29,151487,2025072901001642,ADBL,Linch Stock Market Ltd.,Pragyan Securities (PVT) Ltd.,150,335.0,50250.0,2025-07-29 11:10:16.133318
2025-07-29,150236,2025072901001962,ADBL,Linch Stock Market Ltd.,Nepal Investment And Securities Trading Private Limited,529,335.0,177215.0,2025-07-29 11:11:55.567826
2025-07-29,149087,2025072901002295,ADBL,Linch Stock Market Ltd.,Vision Securities Pvt. Ltd,150,335.0,50250.0,2025-07-29 11:13:44.327656
2025-07-29,148298,2025072901002548,ADBL,Linch Stock Market Ltd.,Vision Securities Pvt. Ltd,101,335.0,33835.0,2025-07-29 11:14:54.212054
2025-07-29,148297,2025072901002549,ADBL,Dynamic Money Managers Securities Pvt. Ltd.,Vision Securities Pvt. Ltd,400,335.0,134000.0,2025-07-29 11:14:54.212147
2025-07-29,147978,2025072901002655,ADBL,Premier Securities Company Ltd.,Vision Securities Pvt. Ltd,90,335.0,30150.0,2025-07-29 11:15:23.998696
2025-07-29,147320,2025072901002870,ADBL,Agrawal Securities (PVT) Ltd.,Himalayan Securities Limited,10,333.8,3338.0,2025-07-29 11:16:19.073846
2025-07-29,146901,2025072901002987,ADBL,Agrawal Securities (PVT) Ltd.,Kumari Securities Private Limited,250,333.8,83450.0,2025-07-29 11:16:56.255493
2025-07-29,146772,2025072901003030,ADBL,Kumari Securities Private Limited,Vision Securities Pvt. Ltd,30,335.0,10050.0,2025-07-29 11:17:09.338806
2025-07-29,144974,2025072901003583,ADBL,Aryatara Investment & Securities,Pragyan Securities (PVT) Ltd.,200,334.0,66800.0,2025-07-29 11:20:01.541893
2025-07-29,144703,2025072901003700,ADBL,Nabil Stock Dealer Ltd.,Vision Securities Pvt. Ltd,379,335.0,126965.0,2025-07-29 11:20:25.054768
2025-07-29,144702,2025072901003701,ADBL,Nabil Stock Dealer Ltd.,Bhrikuti Stock Broking Co. Pvt. Ltd.,136,335.0,45560.0,2025-07-29 11:20:25.055005
2025-07-29,144701,2025072901003702,ADBL,Nabil Stock Dealer Ltd.,Sani Securities Company Ltd.,20,335.0,6700.0,2025-07-29 11:20:25.055191
2025-07-29,144700,2025072901003703,ADBL,Nabil Stock Dealer Ltd.,Naasa Securities Co. Ltd.,100,335.0,33500.0,2025-07-29 11:20:25.055355
2025-07-29,144699,2025072901003704,ADBL,Nabil Stock Dealer Ltd.,KALASH STOCK MARKET PVT. LTD.,65,335.0,21775.0,2025-07-29 11:20:25.055504
2025-07-29,144690,2025072901003705,ADBL,Capital Hub P. Ltd,KALASH STOCK MARKET PVT. LTD.,35,335.0,11725.0,2025-07-29 11:20:25.624732
2025-07-29,144673,2025072901003711,ADBL,Capital Hub P. Ltd,Sewa Securities Pvt. Ltd.,40,335.0,13400.0,2025-07-29 11:20:27.797710
2025-07-29,144058,2025072901003925,ADBL,Capital Hub P. Ltd,Sajilo Broker Limited,43,335.0,14405.0,2025-07-29 11:21:25.733403
2025-07-29,144039,2025072901003928,ADBL,Dynamic Money Managers Securities Pvt. Ltd.,Kumari Securities Private Limited,10,336.0,3360.0,2025-07-29 11:21:27.131621
2025-07-29,144038,2025072901003929,ADBL,Dynamic Money Managers Securities Pvt. Ltd.,Agrawal Securities (PVT) Ltd.,171,336.0,57456.0,2025-07-29 11:21:27.131743
2025-07-29,144037,2025072901003930,ADBL,Dynamic Money Managers Securities Pvt. Ltd.,Sani Securities Company Ltd.,22,336.0,7392.0,2025-07-29 11:21:27.131796
2025-07-29,144036,2025072901003931,ADBL,Dynamic Money Managers Securities Pvt. Ltd.,Agrawal Securities (PVT) Ltd.,159,336.0,53424.0,2025-07-29 11:21:27.131843
2025-07-29,144035,2025072901003932,ADBL,Dynamic Money Managers Securities Pvt. Ltd.,Sundhara Securities Limited,5000,336.0,1680000.0,2025-07-29 11:21:27.131893
2025-07-29,144034,2025072901003933,ADBL,Dynamic Money Managers Securities Pvt. Ltd.,Naasa Securities Co. Ltd.,10,336.0,3360.0,2025-07-29 11:21:27.131944
2025-07-29,143815,2025072901004009,ADBL,Dynamic Money Managers Securities Pvt. Ltd.,Sajilo Broker Limited,100,336.0,33600.0,2025-07-29 11:21:45.792335
2025-07-29,143717,2025072901004047,ADBL,Dynamic Money Managers Securities Pvt. Ltd.,Vision Securities Pvt. Ltd,500,336.0,168000.0,2025-07-29 11:21:56.453993
2025-07-29,141537,2025072901004750,ADBL,Deevyaa Securities & Stock House Pvt. Ltd,Investment Management Nepal Pvt. Ltd.,118,336.0,39648.0,2025-07-29 11:24:31.442195
2025-07-29,141536,2025072901004751,ADBL,Deevyaa Securities & Stock House Pvt. Ltd,Siprabi Securities Pvt. Ltd.,37,336.0,12432.0,2025-07-29 11:24:31.442328
2025-07-29,141535,2025072901004752,ADBL,Deevyaa Securities & Stock House Pvt. Ltd,Primo Securities (PVT) Ltd.,145,336.0,48720.0,2025-07-29 11:24:31.442382
2025-07-29,141248,2025072901004808,ADBL,Capital Hub P. Ltd,Nepal Investment And Securities Trading Private Limited,250,335.0,83750.0,2025-07-29 11:24:52.499900
2025-07-29,141111,2025072901004836,ADBL,ABC Securities Private Limited,Primo Securities (PVT) Ltd.,19,336.0,6384.0,2025-07-29 11:25:01.274467
2025-07-29,137528,2025072901005924,ADBL,Aryatara Investment & Securities,Primo Securities (PVT) Ltd.,300,336.0,100800.0,2025-07-29 11:30:18.101514
2025-07-29,137476,2025072901005939,ADBL,Linch Stock Market Ltd.,Primo Securities (PVT) Ltd.,36,336.0,12096.0,2025-07-29 11:30:23.498102
2025-07-29,137466,2025072901005940,ADBL,Kumari Securities Private Limited,Vision Securities Pvt. Ltd,50,335.0,16750.0,2025-07-29 11:30:24.621260
2025-07-29,135227,2025072901006657,ADBL,Deevyaa Securities & Stock House Pvt. Ltd,Naasa Securities Co. Ltd.,10,334.0,3340.0,2025-07-29 11:33:34.309803
2025-07-29,135169,2025072901006674,ADBL,Himalayan Brokerage Company Limited,Naasa Securities Co. Ltd.,220,334.0,73480.0,2025-07-29 11:33:42.157945
2025-07-29,131689,2025072901007554,ADBL,Sani Securities Company Ltd.,Shree Krishna Securities Ltd.,50,334.1,16705.0,2025-07-29 11:38:33.656633
2025-07-29,131688,2025072901007555,ADBL,Himalayan Brokerage Company Limited,Shree Krishna Securities Ltd.,59,334.0,19706.0,2025-07-29 11:38:33.656792
2025-07-29,130644,2025072901007858,ADBL,Himalayan Brokerage Company Limited,Nepal Stock House (PVT) Ltd.,2721,334.0,908814.0,2025-07-29 11:39:59.339011
2025-07-29,130643,2025072901007859,ADBL,Sani Securities Company Ltd.,Nepal Stock House (PVT) Ltd.,72,334.0,24048.0,2025-07-29 11:39:59.339365
2025-07-29,130620,2025072901007865,ADBL,Capital Hub P. Ltd,Nepal Stock House (PVT) Ltd.,2207,334.0,737138.0,2025-07-29 11:40:01.599721
2025-07-29,130619,2025072901007866,ADBL,Capital Hub P. Ltd,Sundhara Securities Limited,1000,334.5,334500.0,2025-07-29 11:40:01.600061
2025-07-29,130618,2025072901007867,ADBL,Capital Hub P. Ltd,Neev Securities Pvt. Ltd.,400,335.0,134000.0,2025-07-29 11:40:01.600313
2025-07-29,130617,2025072901007868,ADBL,Capital Hub P. Ltd,Thrive Brokerage House Pvt. Ltd,137,335.0,45895.0,2025-07-29 11:40:01.600510
2025-07-29,130616,2025072901007869,ADBL,Capital Hub P. Ltd,Primo Securities (PVT) Ltd.,87,335.0,29145.0,2025-07-29 11:40:01.600727
2025-07-29,130212,2025072901007998,ADBL,Thrive Brokerage House Pvt. Ltd,Opal Securities Investment (PVT) Ltd.,39,334.1,13029.9,2025-07-29 11:40:38.958692
2025-07-29,130143,2025072901008026,ADBL,Thrive Brokerage House Pvt. Ltd,Trisul Securities & Invt. Ltd.,30,334.1,10023.0,2025-07-29 11:40:44.383854
2025-07-29,129832,2025072901008110,ADBL,Thrive Brokerage House Pvt. Ltd,Aryatara Investment & Securities,171,334.1,57131.1,2025-07-29 11:41:16.425517
2025-07-29,129672,2025072901008152,ADBL,Thrive Brokerage House Pvt. Ltd,Sumeru Securities Pvt. Ltd.,11,334.1,3675.1,2025-07-29 11:41:31.151732
2025-07-29,128522,2025072901008485,ADBL,Thrive Brokerage House Pvt. Ltd,SHUBHAKAMANA SECURITIES PVT. LTD,170,334.1,56797.0,2025-07-29 11:43:12.683471
2025-07-29,125604,2025072901009451,ADBL,Nabil Stock Dealer Ltd.,Dipshikha Dhitopatra Karobar Co. Pvt Ltd.,150,334.5,50175.0,2025-07-29 11:47:14.432579
2025-07-29,125187,2025072901009577,ADBL,Thrive Brokerage House Pvt. Ltd,Dipshikha Dhitopatra Karobar Co. Pvt Ltd.,79,334.1,26393.9,2025-07-29 11:47:54.123495
2025-07-29,125186,2025072901009578,ADBL,Capital Hub P. Ltd,Dipshikha Dhitopatra Karobar Co. Pvt Ltd.,771,334.0,257514.0,2025-07-29 11:47:54.123671
2025-07-29,124581,2025072901009751,ADBL,Capital Hub P. Ltd,Vision Securities Pvt. Ltd,210,334.0,70140.0,2025-07-29 11:48:46.219726
2025-07-29,124362,2025072901009795,ADBL,Naasa Securities Co. Ltd.,Creative Securities Pvt Ltd,20,335.0,6700.0,2025-07-29 11:49:06.593770
2025-07-29,122834,2025072901010428,ADBL,Asian Securities Private Ltd.,Sani Securities Company Ltd.,44,334.5,14718.0,2025-07-29 11:51:16.725799
2025-07-29,122018,2025072901010675,ADBL,Capital Hub P. Ltd,SUN SECURITIES PVT LTD,19,334.0,6346.0,2025-07-29 11:52:32.515156
2025-07-29,122017,2025072901010676,ADBL,Imperial Securities Company Pvt. Ltd.,SUN SECURITIES PVT LTD,10,334.0,3340.0,2025-07-29 11:52:32.515338
2025-07-29,122016,2025072901010677,ADBL,Sani Securities Company Ltd.,SUN SECURITIES PVT LTD,437,334.0,145958.0,2025-07-29 11:52:32.515429
2025-07-29,122015,2025072901010678,ADBL,Capital Hub P. Ltd,SUN SECURITIES PVT LTD,801,333.9,267453.9,2025-07-29 11:52:32.515515
2025-07-29,122014,2025072901010679,ADBL,Nepal Investment And Securities Trading Private Limited,SUN SECURITIES PVT LTD,200,333.9,66780.0,2025-07-29 11:52:32.515596
2025-07-29,122013,2025072901010680,ADBL,Agrawal Securities (PVT) Ltd.,SUN SECURITIES PVT LTD,740,333.8,247012.0,2025-07-29 11:52:32.515679
2025-07-29,122012,2025072901010681,ADBL,Dynamic Money Managers Securities Pvt. Ltd.,SUN SECURITIES PVT LTD,5000,333.8,1669000.0,2025-07-29 11:52:32.515767
2025-07-29,122011,2025072901010682,ADBL,Trishakti Securities Public Limited,SUN SECURITIES PVT LTD,2293,333.7,765174.1,2025-07-29 11:52:32.515855
2025-07-29,121800,2025072901010733,ADBL,SHUBHAKAMANA SECURITIES PVT. LTD,Sani Securities Company Ltd.,750,334.5,250875.0,2025-07-29 11:52:52.740509
2025-07-29,121303,2025072901010907,ADBL,Trishakti Securities Public Limited,Thrive Brokerage House Pvt. Ltd,50,333.7,16685.0,2025-07-29 11:53:38.588717
2025-07-29,121149,2025072901010979,ADBL,Trishakti Securities Public Limited,Sajilo Broker Limited,100,333.7,33370.0,2025-07-29 11:53:54.343853
2025-07-29,120898,2025072901011062,ADBL,Trishakti Securities Public Limited,Thrive Brokerage House Pvt. Ltd,50,333.7,16685.0,2025-07-29 11:54:23.777554
2025-07-29,120878,2025072901011064,ADBL,Trishakti Securities Public Limited,Oxford Securities Pvt. Ltd.,133,333.7,44382.1,2025-07-29 11:54:25.551723
2025-07-29,120146,2025072901011307,ADBL,Trishakti Securities Public Limited,Nepal Investment And Securities Trading Private Limited,200,333.7,66740.0,2025-07-29 11:55:22.626259
2025-07-29,119236,2025072901011688,ADBL,Trishakti Securities Public Limited,Oxford Securities Pvt. Ltd.,149,333.7,49721.3,2025-07-29 11:56:30.284569
2025-07-29,118839,2025072901011876,ADBL,Trishakti Securities Public Limited,Vision Securities Pvt. Ltd,12,333.7,4004.4,2025-07-29 11:57:01.895952
2025-07-29,118337,2025072901012086,ADBL,Trishakti Securities Public Limited,Nepal Investment And Securities Trading Private Limited,13,333.7,4338.1,2025-07-29 11:57:42.938626
2025-07-29,118336,2025072901012087,ADBL,Cristal Kanchanjanga Securites Pvt. Ltd.,Nepal Investment And Securities Trading Private Limited,289,333.6,96410.4,2025-07-29 11:57:42.938811
2025-07-29,117793,2025072901012277,ADBL,Cristal Kanchanjanga Securites Pvt. Ltd.,Sumeru Securities Pvt. Ltd.,162,333.6,54043.2,2025-07-29 11:58:20.137460
2025-07-29,117144,2025072901012482,ADBL,Sani Securities Company Ltd.,South Asian Bulls Pvt. Ltd.,214,333.7,71411.8,2025-07-29 11:59:08.218207
2025-07-29,116999,2025072901012535,ADBL,Sani Securities Company Ltd.,Primo Securities (PVT) Ltd.,282,333.7,94103.4,2025-07-29 11:59:16.923163
2025-07-29,116866,2025072901012572,ADBL,Sani Securities Company Ltd.,Secured Securities Ltd.,10,334.0,3340.0,2025-07-29 11:59:27.417693
2025-07-29,116673,2025072901012616,ADBL,Sani Securities Company Ltd.,Naasa Securities Co. Ltd.,51,333.7,17018.7,2025-07-29 11:59:40.251671
2025-07-29,115716,2025072901012954,ADBL,Sani Securities Company Ltd.,Aryatara Investment & Securities,302,333.7,100777.4,2025-07-29 12:00:39.371959
2025-07-29,115704,2025072901012959,ADBL,Kumari Securities Private Limited,Secured Securities Ltd.,100,334.0,33400.0,2025-07-29 12:00:40.406652
2025-07-29,114405,2025072901013373,ADBL,Sani Securities Company Ltd.,Secured Securities Ltd.,51,334.0,17034.0,2025-07-29 12:02:00.879975
2025-07-29,114404,2025072901013374,ADBL,Sani Securities Company Ltd.,Naasa Securities Co. Ltd.,144,334.0,48096.0,2025-07-29 12:02:00.880222
2025-07-29,114362,2025072901013390,ADBL,Vision Securities Pvt. Ltd,Sani Securities Company Ltd.,108,334.5,36126.0,2025-07-29 12:02:02.761480
2025-07-29,113559,2025072901013654,ADBL,Sani Securities Company Ltd.,Creative Securities Pvt Ltd,100,335.0,33500.0,2025-07-29 12:02:54.063751
2025-07-29,113558,2025072901013655,ADBL,Sani Securities Company Ltd.,Online Securities Pvt. Ltd.,11,335.0,3685.0,2025-07-29 12:02:54.063952
2025-07-29,113557,2025072901013656,ADBL,Sani Securities Company Ltd.,Agrawal Securities (PVT) Ltd.,10,335.0,3350.0,2025-07-29 12:02:54.064046
2025-07-29,113556,2025072901013657,ADBL,Sani Securities Company Ltd.,Siprabi Securities Pvt. Ltd.,15,335.0,5025.0,2025-07-29 12:02:54.064125
2025-07-29,113555,2025072901013658,ADBL,Sani Securities Company Ltd.,Sri Hari Securities Pvt. Ltd.,220,335.0,73700.0,2025-07-29 12:02:54.064212
2025-07-29,113385,2025072901013741,ADBL,Vision Securities Pvt. Ltd,Sri Hari Securities Pvt. Ltd.,100,335.0,33500.0,2025-07-29 12:03:04.637727
2025-07-29,113353,2025072901013746,ADBL,Sani Securities Company Ltd.,Sri Hari Securities Pvt. Ltd.,680,335.0,227800.0,2025-07-29 12:03:07.432631
2025-07-29,113352,2025072901013747,ADBL,Sani Securities Company Ltd.,Online Securities Pvt. Ltd.,120,335.0,40200.0,2025-07-29 12:03:07.432847
2025-07-29,112513,2025072901014042,ADBL,Cristal Kanchanjanga Securites Pvt. Ltd.,Linch Stock Market Ltd.,128,334.0,42752.0,2025-07-29 12:03:54.139275
2025-07-29,110921,2025072901014737,ADBL,Kohinoor Investment & Securities Pvt. Ltd.,Premier Securities Company Ltd.,500,334.9,167450.0,2025-07-29 12:05:34.635752
2025-07-29,110726,2025072901014816,ADBL,Cristal Kanchanjanga Securites Pvt. Ltd.,Online Securities Pvt. Ltd.,132,335.0,44220.0,2025-07-29 12:05:52.196223
2025-07-29,110725,2025072901014817,ADBL,Cristal Kanchanjanga Securites Pvt. Ltd.,Dipshikha Dhitopatra Karobar Co. Pvt Ltd.,10,335.0,3350.0,2025-07-29 12:05:52.196420
2025-07-29,110724,2025072901014818,ADBL,Cristal Kanchanjanga Securites Pvt. Ltd.,KALASH STOCK MARKET PVT. LTD.,200,335.0,67000.0,2025-07-29 12:05:52.196507
2025-07-29,110723,2025072901014819,ADBL,Cristal Kanchanjanga Securites Pvt. Ltd.,Nepal Stock House (PVT) Ltd.,63,335.0,21105.0,2025-07-29 12:05:52.196597
2025-07-29,110722,2025072901014820,ADBL,Cristal Kanchanjanga Securites Pvt. Ltd.,Oxford Securities Pvt. Ltd.,200,335.0,67000.0,2025-07-29 12:05:52.196688
2025-07-29,110721,2025072901014821,ADBL,Cristal Kanchanjanga Securites Pvt. Ltd.,Dynamic Money Managers Securities Pvt. Ltd.,90,335.0,30150.0,2025-07-29 12:05:52.196806
2025-07-29,110720,2025072901014822,ADBL,Cristal Kanchanjanga Securites Pvt. Ltd.,Naasa Securities Co. Ltd.,105,335.0,35175.0,2025-07-29 12:05:52.196935
2025-07-29,110301,2025072901015006,ADBL,Cristal Kanchanjanga Securites Pvt. Ltd.,Naasa Securities Co. Ltd.,295,335.0,98825.0,2025-07-29 12:06:16.347930
2025-07-29,110300,2025072901015007,ADBL,Cristal Kanchanjanga Securites Pvt. Ltd.,Naasa Securities Co. Ltd.,81,335.0,27135.0,2025-07-29 12:06:16.348310
2025-07-29,110299,2025072901015008,ADBL,Cristal Kanchanjanga Securites Pvt. Ltd.,Kumari Securities Private Limited,25,335.0,8375.0,2025-07-29 12:06:16.348569
2025-07-29,109839,2025072901015205,ADBL,Cristal Kanchanjanga Securites Pvt. Ltd.,Trisul Securities & Invt. Ltd.,300,335.0,100500.0,2025-07-29 12:06:44.913381
2025-07-29,107821,2025072901016009,ADBL,Investment Management Nepal Pvt. Ltd.,Naasa Securities Co. Ltd.,100,335.4,33540.0,2025-07-29 12:08:41.527456
2025-07-29,107820,2025072901016010,ADBL,Investment Management Nepal Pvt. Ltd.,Nepal Stock House (PVT) Ltd.,400,335.5,134200.0,2025-07-29 12:08:41.527843
2025-07-29,107762,2025072901016029,ADBL,Cristal Kanchanjanga Securites Pvt. Ltd.,Creative Securities Pvt Ltd,171,335.0,57285.0,2025-07-29 12:08:45.786552
2025-07-29,107761,2025072901016030,ADBL,Cristal Kanchanjanga Securites Pvt. Ltd.,Creative Securities Pvt Ltd,1000,335.0,335000.0,2025-07-29 12:08:45.786744
2025-07-29,107760,2025072901016031,ADBL,KALASH STOCK MARKET PVT. LTD.,Creative Securities Pvt Ltd,298,335.0,99830.0,2025-07-29 12:08:45.786830
2025-07-29,107366,2025072901016149,ADBL,Nepal Stock House (PVT) Ltd.,Creative Securities Pvt Ltd,100,335.0,33500.0,2025-07-29 12:09:08.191303
2025-07-29,107094,2025072901016255,ADBL,Investment Management Nepal Pvt. Ltd.,Creative Securities Pvt Ltd,500,335.0,167500.0,2025-07-29 12:09:30.023436
2025-07-29,106973,2025072901016293,ADBL,Kumari Securities Private Limited,Creative Securities Pvt Ltd,500,335.0,167500.0,2025-07-29 12:09:37.775959
2025-07-29,106491,2025072901016432,ADBL,Nepal Stock House (PVT) Ltd.,Creative Securities Pvt Ltd,100,335.0,33500.0,2025-07-29 12:10:02.944646
2025-07-29,106448,2025072901016445,ADBL,Cristal Kanchanjanga Securites Pvt. Ltd.,Creative Securities Pvt Ltd,931,335.0,311885.0,2025-07-29 12:10:06.417570
2025-07-29,105921,2025072901016669,ADBL,Cristal Kanchanjanga Securites Pvt. Ltd.,Online Securities Pvt. Ltd.,69,335.0,23115.0,2025-07-29 12:10:42.870431
2025-07-29,105920,2025072901016670,ADBL,Kohinoor Investment & Securities Pvt. Ltd.,Online Securities Pvt. Ltd.,31,335.0,10385.0,2025-07-29 12:10:42.870610
2025-07-29,105854,2025072901016720,ADBL,Kohinoor Investment & Securities Pvt. Ltd.,Sharepro Securities Private Limited,171,335.0,57285.0,2025-07-29 12:10:46.436219
2025-07-29,105305,2025072901016874,ADBL,Kohinoor Investment & Securities Pvt. Ltd.,Capital Max Securities Ltd,160,335.0,53600.0,2025-07-29 12:11:18.979397
2025-07-29,104439,2025072901017239,ADBL,Kohinoor Investment & Securities Pvt. Ltd.,Vision Securities Pvt. Ltd,100,335.0,33500.0,2025-07-29 12:12:16.881638
2025-07-29,104425,2025072901017245,ADBL,Kohinoor Investment & Securities Pvt. Ltd.,Imperial Securities Company Pvt. Ltd.,38,335.0,12730.0,2025-07-29 12:12:18.846143
2025-07-29,104424,2025072901017246,ADBL,Deevyaa Securities & Stock House Pvt. Ltd,Imperial Securities Company Pvt. Ltd.,38,334.3,12703.4,2025-07-29 12:12:18.846182
2025-07-29,103676,2025072901017490,ADBL,Linch Stock Market Ltd.,Oxford Securities Pvt. Ltd.,4,336.0,1344.0,2025-07-29 12:13:10.835216
2025-07-29,103359,2025072901017600,ADBL,INDEX SECURITIES LIMITED,Trisul Securities & Invt. Ltd.,1000,335.4,335400.0,2025-07-29 12:13:35.104558
2025-07-29,102270,2025072901018064,ADBL,Kohinoor Investment & Securities Pvt. Ltd.,Online Securities Pvt. Ltd.,37,335.5,12413.5,2025-07-29 12:14:54.764877
2025-07-29,102269,2025072901018065,ADBL,Kohinoor Investment & Securities Pvt. Ltd.,Sundhara Securities Limited,463,335.5,155336.5,2025-07-29 12:14:54.765087
2025-07-29,102238,2025072901018080,ADBL,Global IME Securities Limited,Sundhara Securities Limited,1000,335.5,335500.0,2025-07-29 12:14:57.559614
2025-07-29,101921,2025072901018189,ADBL,INDEX SECURITIES LIMITED,Shree Krishna Securities Ltd.,30,335.4,10062.0,2025-07-29 12:15:16.427516
2025-07-29,101870,2025072901018216,ADBL,Midas Stock Broking Company Private Limited,Sundhara Securities Limited,537,335.5,180163.5,2025-07-29 12:15:22.646205
2025-07-29,101869,2025072901018217,ADBL,Midas Stock Broking Company Private Limited,Arun Securities (PVT) Ltd.,1976,335.6,663145.6,2025-07-29 12:15:22.646406
2025-07-29,101868,2025072901018218,ADBL,Midas Stock Broking Company Private Limited,Nepal Stock House (PVT) Ltd.,487,335.8,163534.6,2025-07-29 12:15:22.646494
2025-07-29,100817,2025072901018683,ADBL,Kumari Securities Private Limited,Nepal Stock House (PVT) Ltd.,153,335.8,51377.4,2025-07-29 12:16:31.562905
2025-07-29,100636,2025072901018738,ADBL,Kumari Securities Private Limited,Imperial Securities Company Pvt. Ltd.,50,335.8,16790.0,2025-07-29 12:16:50.709941
2025-07-29,100438,2025072901018814,ADBL,Imperial Securities Company Pvt. Ltd.,Linch Stock Market Ltd.,68,335.8,22834.4,2025-07-29 12:17:04.253913
2025-07-29,100437,2025072901018815,ADBL,Imperial Securities Company Pvt. Ltd.,Creative Securities Pvt Ltd,132,335.9,44338.8,2025-07-29 12:17:04.254148
2025-07-29,99536,2025072901019172,ADBL,Sani Securities Company Ltd.,Secured Securities Ltd.,130,335.6,43628.0,2025-07-29 12:18:21.405697
2025-07-29,99469,2025072901019188,ADBL,Kumari Securities Private Limited,Creative Securities Pvt Ltd,47,335.9,15787.3,2025-07-29 12:18:26.878541
2025-07-29,99297,2025072901019280,ADBL,Trishakti Securities Public Limited,Creative Securities Pvt Ltd,200,335.9,67180.0,2025-07-29 12:18:39.963047
2025-07-29,99261,2025072901019293,ADBL,Creative Securities Pvt Ltd,Creative Securities Pvt Ltd,121,335.9,40643.9,2025-07-29 12:18:44.147236
2025-07-29,99260,2025072901019294,ADBL,Creative Securities Pvt Ltd,Vision Securities Pvt. Ltd,100,335.9,33590.0,2025-07-29 12:18:44.147665
2025-07-29,99259,2025072901019295,ADBL,Creative Securities Pvt Ltd,Sewa Securities Pvt. Ltd.,56,335.9,18810.4,2025-07-29 12:18:44.147942
2025-07-29,98897,2025072901019432,ADBL,Deevyaa Securities & Stock House Pvt. Ltd,Online Securities Pvt. Ltd.,112,336.0,37632.0,2025-07-29 12:19:10.537752
2025-07-29,98616,2025072901019527,ADBL,Creative Securities Pvt Ltd,Online Securities Pvt. Ltd.,723,336.0,242928.0,2025-07-29 12:19:30.642430
2025-07-29,98579,2025072901019540,ADBL,Siprabi Securities Pvt. Ltd.,Nepal Stock House (PVT) Ltd.,400,335.9,134360.0,2025-07-29 12:19:35.044241
2025-07-29,98578,2025072901019541,ADBL,Siprabi Securities Pvt. Ltd.,Nabil Stock Dealer Ltd.,50,335.9,16795.0,2025-07-29 12:19:35.044448
2025-07-29,98577,2025072901019542,ADBL,Siprabi Securities Pvt. Ltd.,Online Securities Pvt. Ltd.,122,336.0,40992.0,2025-07-29 12:19:35.044541
2025-07-29,98576,2025072901019543,ADBL,Siprabi Securities Pvt. Ltd.,Oxford Securities Pvt. Ltd.,628,336.0,211008.0,2025-07-29 12:19:35.044632
2025-07-29,98275,2025072901019682,ADBL,Siprabi Securities Pvt. Ltd.,Oxford Securities Pvt. Ltd.,39,336.0,13104.0,2025-07-29 12:19:52.520884
2025-07-29,98274,2025072901019683,ADBL,Siprabi Securities Pvt. Ltd.,Naasa Securities Co. Ltd.,63,336.0,21168.0,2025-07-29 12:19:52.521091
2025-07-29,98273,2025072901019684,ADBL,Siprabi Securities Pvt. Ltd.,Nepal Investment And Securities Trading Private Limited,43,336.0,14448.0,2025-07-29 12:19:52.521248
2025-07-29,98272,2025072901019685,ADBL,Siprabi Securities Pvt. Ltd.,Trishakti Securities Public Limited,138,336.0,46368.0,2025-07-29 12:19:52.521528
2025-07-29,98134,2025072901019746,ADBL,Capital Max Securities Ltd,Online Securities Pvt. Ltd.,10,336.3,3363.0,2025-07-29 12:20:01.936522
2025-07-29,98133,2025072901019747,ADBL,Capital Max Securities Ltd,Nepal Stock House (PVT) Ltd.,500,336.4,168200.0,2025-07-29 12:20:01.936740
2025-07-29,98132,2025072901019748,ADBL,Capital Max Securities Ltd,Imperial Securities Company Pvt. Ltd.,100,336.8,33680.0,2025-07-29 12:20:01.936840
2025-07-29,98131,2025072901019749,ADBL,Capital Max Securities Ltd,Naasa Securities Co. Ltd.,40,336.9,13476.0,2025-07-29 12:20:01.936936
2025-07-29,98130,2025072901019750,ADBL,Capital Max Securities Ltd,Naasa Securities Co. Ltd.,1000,336.9,336900.0,2025-07-29 12:20:01.937042
2025-07-29,98129,2025072901019751,ADBL,Capital Max Securities Ltd,Naasa Securities Co. Ltd.,350,337.0,117950.0,2025-07-29 12:20:01.937152
2025-07-29,98070,2025072901019771,ADBL,Siprabi Securities Pvt. Ltd.,Trishakti Securities Public Limited,317,336.0,106512.0,2025-07-29 12:20:06.046517
2025-07-29,98069,2025072901019772,ADBL,Naasa Securities Co. Ltd.,Trishakti Securities Public Limited,683,336.0,229488.0,2025-07-29 12:20:06.046906
2025-07-29,97832,2025072901019854,ADBL,Siprabi Securities Pvt. Ltd.,Naasa Securities Co. Ltd.,1200,337.0,404400.0,2025-07-29 12:20:21.857168
2025-07-29,97717,2025072901019890,ADBL,Naasa Securities Co. Ltd.,Naasa Securities Co. Ltd.,21,336.0,7056.0,2025-07-29 12:20:29.543322
2025-07-29,97426,2025072901020020,ADBL,Vision Securities Pvt. Ltd,Naasa Securities Co. Ltd.,624,337.0,210288.0,2025-07-29 12:20:49.202624
2025-07-29,97425,2025072901020021,ADBL,Vision Securities Pvt. Ltd,Online Securities Pvt. Ltd.,154,337.0,51898.0,2025-07-29 12:20:49.202823
2025-07-29,97424,2025072901020022,ADBL,Vision Securities Pvt. Ltd,Sani Securities Company Ltd.,100,337.0,33700.0,2025-07-29 12:20:49.202913
2025-07-29,96663,2025072901020335,ADBL,Sani Securities Company Ltd.,Naasa Securities Co. Ltd.,200,337.8,67560.0,2025-07-29 12:21:39.278072
2025-07-29,96574,2025072901020375,ADBL,Linch Stock Market Ltd.,Opal Securities Investment (PVT) Ltd.,297,336.1,99821.7,2025-07-29 12:21:45.481432
2025-07-29,96573,2025072901020376,ADBL,Naasa Securities Co. Ltd.,Opal Securities Investment (PVT) Ltd.,81,336.0,27216.0,2025-07-29 12:21:45.481469
2025-07-29,96177,2025072901020561,ADBL,Naasa Securities Co. Ltd.,Nepal Investment And Securities Trading Private Limited,50,336.0,16800.0,2025-07-29 12:22:09.232053
2025-07-29,95896,2025072901020717,ADBL,Imperial Securities Company Pvt. Ltd.,Secured Securities Ltd.,120,336.1,40332.0,2025-07-29 12:22:25.547374
2025-07-29,95608,2025072901020828,ADBL,Naasa Securities Co. Ltd.,Dakshinkali Investment & Securities Pvt. Ltd.,50,336.0,16800.0,2025-07-29 12:22:49.020385
2025-07-29,94540,2025072901021226,ADBL,Dakshinkali Investment & Securities Pvt. Ltd.,ABC Securities Private Limited,400,336.1,134440.0,2025-07-29 12:24:03.930955
2025-07-29,94474,2025072901021246,ADBL,Vision Securities Pvt. Ltd,Naasa Securities Co. Ltd.,17,337.0,5729.0,2025-07-29 12:24:10.510658
2025-07-29,94473,2025072901021247,ADBL,Vision Securities Pvt. Ltd,Arun Securities (PVT) Ltd.,50,337.0,16850.0,2025-07-29 12:24:10.510856
2025-07-29,94454,2025072901021260,ADBL,Dakshinkali Investment & Securities Pvt. Ltd.,Swarna Laxmi Securities Pvt. Ltd.,10,336.1,3361.0,2025-07-29 12:24:12.183970
2025-07-29,94307,2025072901021330,ADBL,Dakshinkali Investment & Securities Pvt. Ltd.,Ashutosh Brokerage & Securities (PVT) Ltd.,15,336.1,5041.5,2025-07-29 12:24:22.455180
2025-07-29,93849,2025072901021454,ADBL,Dakshinkali Investment & Securities Pvt. Ltd.,Malla & Malla Stock Broking Company Pvt. Limited,400,336.1,134440.0,2025-07-29 12:24:53.872084
2025-07-29,93500,2025072901021586,ADBL,Sani Securities Company Ltd.,ABC Securities Private Limited,100,337.0,33700.0,2025-07-29 12:25:15.260523
2025-07-29,92604,2025072901021822,ADBL,Aryatara Investment & Securities,Nepal Stock House (PVT) Ltd.,1000,336.2,336200.0,2025-07-29 12:26:24.512266
2025-07-29,92569,2025072901021842,ADBL,Dakshinkali Investment & Securities Pvt. Ltd.,Investment Management Nepal Pvt. Ltd.,515,336.1,173091.5,2025-07-29 12:26:27.323340
2025-07-29,92436,2025072901021878,ADBL,Dakshinkali Investment & Securities Pvt. Ltd.,Malla & Malla Stock Broking Company Pvt. Limited,79,336.1,26551.9,2025-07-29 12:26:39.835254
2025-07-29,92315,2025072901021928,ADBL,Cristal Kanchanjanga Securites Pvt. Ltd.,Naasa Securities Co. Ltd.,105,336.2,35301.0,2025-07-29 12:26:46.333638
2025-07-29,92314,2025072901021929,ADBL,Cristal Kanchanjanga Securites Pvt. Ltd.,Aryatara Investment & Securities,20,336.5,6730.0,2025-07-29 12:26:46.334045
2025-07-29,92313,2025072901021930,ADBL,Cristal Kanchanjanga Securites Pvt. Ltd.,ABC Securities Private Limited,424,337.0,142888.0,2025-07-29 12:26:46.334331
2025-07-29,92255,2025072901021947,ADBL,Shree Krishna Securities Ltd.,ABC Securities Private Limited,105,337.0,35385.0,2025-07-29 12:26:48.822366
2025-07-29,92254,2025072901021948,ADBL,Shree Krishna Securities Ltd.,Naasa Securities Co. Ltd.,500,337.0,168500.0,2025-07-29 12:26:48.822791
2025-07-29,92053,2025072901022007,ADBL,Shree Krishna Securities Ltd.,Sundhara Securities Limited,395,337.0,133115.0,2025-07-29 12:27:02.761006
2025-07-29,92052,2025072901022008,ADBL,Dakshinkali Investment & Securities Pvt. Ltd.,Sundhara Securities Limited,105,336.1,35290.5,2025-07-29 12:27:02.761422
2025-07-29,91924,2025072901022047,ADBL,Dakshinkali Investment & Securities Pvt. Ltd.,SHUBHAKAMANA SECURITIES PVT. LTD,100,336.1,33610.0,2025-07-29 12:27:12.265585
2025-07-29,90929,2025072901022387,ADBL,SHUBHAKAMANA SECURITIES PVT. LTD,Malla & Malla Stock Broking Company Pvt. Limited,100,337.0,33700.0,2025-07-29 12:28:28.569259
2025-07-29,90928,2025072901022388,ADBL,SHUBHAKAMANA SECURITIES PVT. LTD,Midas Stock Broking Company Private Limited,500,337.0,168500.0,2025-07-29 12:28:28.569463
2025-07-29,90278,2025072901022619,ADBL,Capital Hub P. Ltd,Imperial Securities Company Pvt. Ltd.,22,337.8,7431.6,2025-07-29 12:29:19.901810
2025-07-29,90277,2025072901022620,ADBL,Capital Hub P. Ltd,Sewa Securities Pvt. Ltd.,50,337.9,16895.0,2025-07-29 12:29:19.902015
2025-07-29,90276,2025072901022621,ADBL,Capital Hub P. Ltd,Trishakti Securities Public Limited,40,338.0,13520.0,2025-07-29 12:29:19.902116
2025-07-29,90275,2025072901022622,ADBL,Capital Hub P. Ltd,Agrawal Securities (PVT) Ltd.,1000,338.0,338000.0,2025-07-29 12:29:19.902209
2025-07-29,90274,2025072901022623,ADBL,Capital Hub P. Ltd,Naasa Securities Co. Ltd.,614,338.0,207532.0,2025-07-29 12:29:19.902304
2025-07-29,90273,2025072901022624,ADBL,Capital Hub P. Ltd,Asian Securities Private Ltd.,500,338.0,169000.0,2025-07-29 12:29:19.902394
2025-07-29,90272,2025072901022625,ADBL,Capital Hub P. Ltd,Linch Stock Market Ltd.,10,338.0,3380.0,2025-07-29 12:29:19.902486
2025-07-29,90271,2025072901022626,ADBL,Capital Hub P. Ltd,Trisul Securities & Invt. Ltd.,70,338.0,23660.0,2025-07-29 12:29:19.902584
2025-07-29,90270,2025072901022627,ADBL,Capital Hub P. Ltd,ABC Securities Private Limited,40,338.0,13520.0,2025-07-29 12:29:19.902690
2025-07-29,90269,2025072901022628,ADBL,Capital Hub P. Ltd,Trisul Securities & Invt. Ltd.,50,338.0,16900.0,2025-07-29 12:29:19.902778
2025-07-29,90268,2025072901022629,ADBL,Capital Hub P. Ltd,Imperial Securities Company Pvt. Ltd.,299,338.0,101062.0,2025-07-29 12:29:19.902866
2025-07-29,90267,2025072901022630,ADBL,Capital Hub P. Ltd,Kohinoor Investment & Securities Pvt. Ltd.,10,338.0,3380.0,2025-07-29 12:29:19.902959
2025-07-29,90266,2025072901022631,ADBL,Capital Hub P. Ltd,Swarna Laxmi Securities Pvt. Ltd.,126,338.0,42588.0,2025-07-29 12:29:19.903065
2025-07-29,90265,2025072901022632,ADBL,Capital Hub P. Ltd,Trishakti Securities Public Limited,145,338.0,49010.0,2025-07-29 12:29:19.903175
2025-07-29,90264,2025072901022633,ADBL,Capital Hub P. Ltd,Imperial Securities Company Pvt. Ltd.,20,338.0,6760.0,2025-07-29 12:29:19.903276
2025-07-29,90207,2025072901022662,ADBL,SHUBHAKAMANA SECURITIES PVT. LTD,Nepal Stock House (PVT) Ltd.,500,337.0,168500.0,2025-07-29 12:29:24.216136
2025-07-29,90114,2025072901022703,ADBL,SHUBHAKAMANA SECURITIES PVT. LTD,Trishakti Securities Public Limited,100,337.0,33700.0,2025-07-29 12:29:31.502078
2025-07-29,90103,2025072901022707,ADBL,Shree Krishna Securities Ltd.,Naasa Securities Co. Ltd.,50,338.0,16900.0,2025-07-29 12:29:32.489808
2025-07-29,90102,2025072901022708,ADBL,Shree Krishna Securities Ltd.,Miyo Securities Pvt Ltd,10,338.0,3380.0,2025-07-29 12:29:32.490265
2025-07-29,90101,2025072901022709,ADBL,Shree Krishna Securities Ltd.,Nepal Investment And Securities Trading Private Limited,37,338.0,12506.0,2025-07-29 12:29:32.490557
2025-07-29,90078,2025072901022716,ADBL,SHUBHAKAMANA SECURITIES PVT. LTD,ABC Securities Private Limited,40,337.0,13480.0,2025-07-29 12:29:34.962314
2025-07-29,90022,2025072901022746,ADBL,Dakshinkali Investment & Securities Pvt. Ltd.,Nepal Investment And Securities Trading Private Limited,163,338.0,55094.0,2025-07-29 12:29:37.658940
2025-07-29,90021,2025072901022747,ADBL,Dakshinkali Investment & Securities Pvt. Ltd.,Sweta Securities Private Limited,140,338.0,47320.0,2025-07-29 12:29:37.659160
2025-07-29,90020,2025072901022748,ADBL,Dakshinkali Investment & Securities Pvt. Ltd.,Nepal Investment And Securities Trading Private Limited,770,338.0,260260.0,2025-07-29 12:29:37.659254
2025-07-29,90019,2025072901022749,ADBL,Dakshinkali Investment & Securities Pvt. Ltd.,Sumeru Securities Pvt. Ltd.,3000,338.4,1015200.0,2025-07-29 12:29:37.659344
2025-07-29,90018,2025072901022750,ADBL,Dakshinkali Investment & Securities Pvt. Ltd.,Sundhara Securities Limited,316,338.4,106934.4,2025-07-29 12:29:37.659432
2025-07-29,90017,2025072901022751,ADBL,Dakshinkali Investment & Securities Pvt. Ltd.,Kumari Securities Private Limited,30,339.0,10170.0,2025-07-29 12:29:37.659522
2025-07-29,90016,2025072901022752,ADBL,Dakshinkali Investment & Securities Pvt. Ltd.,Malla & Malla Stock Broking Company Pvt. Limited,706,339.0,239334.0,2025-07-29 12:29:37.659608
2025-07-29,90015,2025072901022753,ADBL,Dakshinkali Investment & Securities Pvt. Ltd.,Kohinoor Investment & Securities Pvt. Ltd.,1000,339.0,339000.0,2025-07-29 12:29:37.659697
2025-07-29,90014,2025072901022754,ADBL,Dakshinkali Investment & Securities Pvt. Ltd.,Naasa Securities Co. Ltd.,100,339.0,33900.0,2025-07-29 12:29:37.659786
2025-07-29,90013,2025072901022755,ADBL,Dakshinkali Investment & Securities Pvt. Ltd.,Sundhara Securities Limited,525,339.0,177975.0,2025-07-29 12:29:37.659870
2025-07-29,90012,2025072901022756,ADBL,Dakshinkali Investment & Securities Pvt. Ltd.,Naasa Securities Co. Ltd.,15,339.0,5085.0,2025-07-29 12:29:37.659954
2025-07-29,90011,2025072901022757,ADBL,Dakshinkali Investment & Securities Pvt. Ltd.,BHOLE GANESH SECURITIES LTD,50,339.0,16950.0,2025-07-29 12:29:37.660041
2025-07-29,90010,2025072901022758,ADBL,Dakshinkali Investment & Securities Pvt. Ltd.,Sani Securities Company Ltd.,253,339.0,85767.0,2025-07-29 12:29:37.660125
2025-07-29,90009,2025072901022759,ADBL,Dakshinkali Investment & Securities Pvt. Ltd.,Kalika Securities Pvt. Ltd.,421,339.0,142719.0,2025-07-29 12:29:37.660209
2025-07-29,90008,2025072901022760,ADBL,Dakshinkali Investment & Securities Pvt. Ltd.,Kumari Securities Private Limited,400,340.0,136000.0,2025-07-29 12:29:37.660294
2025-07-29,90007,2025072901022761,ADBL,Dakshinkali Investment & Securities Pvt. Ltd.,Aryatara Investment & Securities,100,340.0,34000.0,2025-07-29 12:29:37.660392
2025-07-29,90006,2025072901022762,ADBL,Dakshinkali Investment & Securities Pvt. Ltd.,Naasa Securities Co. Ltd.,50,340.0,17000.0,2025-07-29 12:29:37.660493
2025-07-29,90005,2025072901022763,ADBL,Dakshinkali Investment & Securities Pvt. Ltd.,Sweta Securities Private Limited,100,340.0,34000.0,2025-07-29 12:29:37.660586
2025-07-29,90004,2025072901022764,ADBL,Dakshinkali Investment & Securities Pvt. Ltd.,Oxford Securities Pvt. Ltd.,210,340.0,71400.0,2025-07-29 12:29:37.660666
2025-07-29,90003,2025072901022765,ADBL,Dakshinkali Investment & Securities Pvt. Ltd.,Dipshikha Dhitopatra Karobar Co. Pvt Ltd.,154,340.0,52360.0,2025-07-29 12:29:37.660762
2025-07-29,90002,2025072901022766,ADBL,Dakshinkali Investment & Securities Pvt. Ltd.,Midas Stock Broking Company Private Limited,50,340.0,17000.0,2025-07-29 12:29:37.660853
2025-07-29,90001,2025072901022767,ADBL,Dakshinkali Investment & Securities Pvt. Ltd.,Nepal Stock House (PVT) Ltd.,20,340.0,6800.0,2025-07-29 12:29:37.660956
2025-07-29,90000,2025072901022768,ADBL,Dakshinkali Investment & Securities Pvt. Ltd.,Dakshinkali Investment & Securities Pvt. Ltd.,102,340.0,34680.0,2025-07-29 12:29:37.661048
2025-07-29,89999,2025072901022769,ADBL,Dakshinkali Investment & Securities Pvt. Ltd.,Dakshinkali Investment & Securities Pvt. Ltd.,200,340.0,68000.0,2025-07-29 12:29:37.661160
2025-07-29,89998,2025072901022770,ADBL,Dakshinkali Investment & Securities Pvt. Ltd.,Naasa Securities Co. Ltd.,10,340.0,3400.0,2025-07-29 12:29:37.661246
2025-07-29,89997,2025072901022771,ADBL,Dakshinkali Investment & Securities Pvt. Ltd.,Naasa Securities Co. Ltd.,100,340.0,34000.0,2025-07-29 12:29:37.661319
2025-07-29,89996,2025072901022772,ADBL,Dakshinkali Investment & Securities Pvt. Ltd.,Midas Stock Broking Company Private Limited,222,340.0,75480.0,2025-07-29 12:29:37.661393
2025-07-29,89995,2025072901022773,ADBL,Dakshinkali Investment & Securities Pvt. Ltd.,Naasa Securities Co. Ltd.,86,340.0,29240.0,2025-07-29 12:29:37.661486
2025-07-29,89994,2025072901022774,ADBL,Dakshinkali Investment & Securities Pvt. Ltd.,Premier Securities Company Ltd.,100,340.0,34000.0,2025-07-29 12:29:37.661597
2025-07-29,89993,2025072901022775,ADBL,Dakshinkali Investment & Securities Pvt. Ltd.,Naasa Securities Co. Ltd.,100,340.0,34000.0,2025-07-29 12:29:37.661714
2025-07-29,89992,2025072901022776,ADBL,Dakshinkali Investment & Securities Pvt. Ltd.,Deevyaa Securities & Stock House Pvt. Ltd,93,340.0,31620.0,2025-07-29 12:29:37.661799
2025-07-29,89991,2025072901022777,ADBL,Dakshinkali Investment & Securities Pvt. Ltd.,Sani Securities Company Ltd.,31,340.0,10540.0,2025-07-29 12:29:37.661871
2025-07-29,89990,2025072901022778,ADBL,Dakshinkali Investment & Securities Pvt. Ltd.,Nabil Stock Dealer Ltd.,90,340.0,30600.0,2025-07-29 12:29:37.661952
2025-07-29,89989,2025072901022779,ADBL,Dakshinkali Investment & Securities Pvt. Ltd.,Primo Securities (PVT) Ltd.,100,340.0,34000.0,2025-07-29 12:29:37.662079
2025-07-29,89988,2025072901022780,ADBL,Dakshinkali Investment & Securities Pvt. Ltd.,Linch Stock Market Ltd.,203,340.0,69020.0,2025-07-29 12:29:37.662240
2025-07-29,89987,2025072901022781,ADBL,Dakshinkali Investment & Securities Pvt. Ltd.,Agrawal Securities (PVT) Ltd.,167,340.0,56780.0,2025-07-29 12:29:37.662314
2025-07-29,89986,2025072901022782,ADBL,Dakshinkali Investment & Securities Pvt. Ltd.,Elite Stock House Limited,200,340.0,68000.0,2025-07-29 12:29:37.662384
2025-07-29,89985,2025072901022783,ADBL,Dakshinkali Investment & Securities Pvt. Ltd.,Dipshikha Dhitopatra Karobar Co. Pvt Ltd.,10,340.0,3400.0,2025-07-29 12:29:37.662454
2025-07-29,89984,2025072901022784,ADBL,Dakshinkali Investment & Securities Pvt. Ltd.,Imperial Securities Company Pvt. Ltd.,211,340.0,71740.0,2025-07-29 12:29:37.662520
2025-07-29,89983,2025072901022785,ADBL,Dakshinkali Investment & Securities Pvt. Ltd.,Kalika Securities Pvt. Ltd.,11,340.0,3740.0,2025-07-29 12:29:37.662591
2025-07-29,89982,2025072901022786,ADBL,Dakshinkali Investment & Securities Pvt. Ltd.,J.F. Securites (PVT) Ltd.,22,340.0,7480.0,2025-07-29 12:29:37.662655
2025-07-29,89981,2025072901022787,ADBL,Dakshinkali Investment & Securities Pvt. Ltd.,Linch Stock Market Ltd.,1004,340.0,341360.0,2025-07-29 12:29:37.662754
2025-07-29,89980,2025072901022788,ADBL,Dakshinkali Investment & Securities Pvt. Ltd.,South Asian Bulls Pvt. Ltd.,304,340.0,103360.0,2025-07-29 12:29:37.662816
2025-07-29,89979,2025072901022789,ADBL,Dakshinkali Investment & Securities Pvt. Ltd.,Kohinoor Investment & Securities Pvt. Ltd.,90,340.0,30600.0,2025-07-29 12:29:37.662887
2025-07-29,89978,2025072901022790,ADBL,Dakshinkali Investment & Securities Pvt. Ltd.,Investment Management Nepal Pvt. Ltd.,305,340.0,103700.0,2025-07-29 12:29:37.662949
2025-07-29,89977,2025072901022791,ADBL,Dakshinkali Investment & Securities Pvt. Ltd.,Sewa Securities Pvt. Ltd.,92,340.0,31280.0,2025-07-29 12:29:37.663014
2025-07-29,89976,2025072901022792,ADBL,Dakshinkali Investment & Securities Pvt. Ltd.,ABC Securities Private Limited,600,340.0,204000.0,2025-07-29 12:29:37.663086
2025-07-29,89975,2025072901022793,ADBL,Dakshinkali Investment & Securities Pvt. Ltd.,Trisul Securities & Invt. Ltd.,20,340.0,6800.0,2025-07-29 12:29:37.663152
2025-07-29,89974,2025072901022794,ADBL,Dakshinkali Investment & Securities Pvt. Ltd.,Agrawal Securities (PVT) Ltd.,50,340.0,17000.0,2025-07-29 12:29:37.663241
2025-07-29,89973,2025072901022795,ADBL,Dakshinkali Investment & Securities Pvt. Ltd.,Kumari Securities Private Limited,378,340.0,128520.0,2025-07-29 12:29:37.663303
2025-07-29,89972,2025072901022796,ADBL,Dakshinkali Investment & Securities Pvt. Ltd.,Sewa Securities Pvt. Ltd.,100,340.0,34000.0,2025-07-29 12:29:37.663416
2025-07-29,89971,2025072901022797,ADBL,Dakshinkali Investment & Securities Pvt. Ltd.,Deevyaa Securities & Stock House Pvt. Ltd,195,340.0,66300.0,2025-07-29 12:29:37.663473
2025-07-29,89970,2025072901022798,ADBL,Dakshinkali Investment & Securities Pvt. Ltd.,Sani Securities Company Ltd.,358,340.0,121720.0,2025-07-29 12:29:37.663536
2025-07-29,89969,2025072901022799,ADBL,Dakshinkali Investment & Securities Pvt. Ltd.,Aryatara Investment & Securities,153,340.0,52020.0,2025-07-29 12:29:37.663596
2025-07-29,89968,2025072901022800,ADBL,Dakshinkali Investment & Securities Pvt. Ltd.,Market Securities & Exchange (PVT) Ltd.,500,340.0,170000.0,2025-07-29 12:29:37.663655
2025-07-29,89967,2025072901022801,ADBL,Dakshinkali Investment & Securities Pvt. Ltd.,ABC Securities Private Limited,20,340.0,6800.0,2025-07-29 12:29:37.663714
2025-07-29,89966,2025072901022802,ADBL,Dakshinkali Investment & Securities Pvt. Ltd.,Agrawal Securities (PVT) Ltd.,125,340.0,42500.0,2025-07-29 12:29:37.663774
2025-07-29,89965,2025072901022803,ADBL,Dakshinkali Investment & Securities Pvt. Ltd.,Aryatara Investment & Securities,20,340.0,6800.0,2025-07-29 12:29:37.663833
2025-07-29,89964,2025072901022804,ADBL,Dakshinkali Investment & Securities Pvt. Ltd.,Sani Securities Company Ltd.,4100,340.0,1394000.0,2025-07-29 12:29:37.663941
2025-07-29,89619,2025072901022913,ADBL,Dakshinkali Investment & Securities Pvt. Ltd.,Nepal Stock House (PVT) Ltd.,955,340.0,324700.0,2025-07-29 12:29:59.649500
2025-07-29,89268,2025072901023102,ADBL,SHUBHAKAMANA SECURITIES PVT. LTD,Arun Securities (PVT) Ltd.,200,337.0,67400.0,2025-07-29 12:30:21.258267
2025-07-29,88451,2025072901023352,ADBL,Shree Krishna Securities Ltd.,Ashutosh Brokerage & Securities (PVT) Ltd.,20,338.0,6760.0,2025-07-29 12:31:30.879125
2025-07-29,88450,2025072901023353,ADBL,SHUBHAKAMANA SECURITIES PVT. LTD,Ashutosh Brokerage & Securities (PVT) Ltd.,310,337.0,104470.0,2025-07-29 12:31:30.879393
2025-07-29,88449,2025072901023354,ADBL,Shree Krishna Securities Ltd.,Ashutosh Brokerage & Securities (PVT) Ltd.,215,337.0,72455.0,2025-07-29 12:31:30.879459
2025-07-29,88321,2025072901023382,ADBL,Shree Krishna Securities Ltd.,Naasa Securities Co. Ltd.,100,337.0,33700.0,2025-07-29 12:31:45.824217
2025-07-29,88194,2025072901023419,ADBL,Shree Krishna Securities Ltd.,Dynamic Money Managers Securities Pvt. Ltd.,185,337.0,62345.0,2025-07-29 12:31:55.380943
2025-07-29,88193,2025072901023420,ADBL,Sani Securities Company Ltd.,Dynamic Money Managers Securities Pvt. Ltd.,150,337.0,50550.0,2025-07-29 12:31:55.381282
2025-07-29,87656,2025072901023598,ADBL,Capital Hub P. Ltd,Dynamic Money Managers Securities Pvt. Ltd.,14,337.0,4718.0,2025-07-29 12:32:45.553834
2025-07-29,87604,2025072901023608,ADBL,Dakshinkali Investment & Securities Pvt. Ltd.,SHUBHAKAMANA SECURITIES PVT. LTD,88,336.1,29576.8,2025-07-29 12:32:48.469379
2025-07-29,87406,2025072901023665,ADBL,Dakshinkali Investment & Securities Pvt. Ltd.,Siprabi Securities Pvt. Ltd.,11,336.1,3697.1,2025-07-29 12:33:05.149770
2025-07-29,87244,2025072901023713,ADBL,Dakshinkali Investment & Securities Pvt. Ltd.,Naasa Securities Co. Ltd.,10,336.1,3361.0,2025-07-29 12:33:21.423712
2025-07-29,86601,2025072901023969,ADBL,Dakshinkali Investment & Securities Pvt. Ltd.,Trishakti Securities Public Limited,104,336.1,34954.4,2025-07-29 12:34:18.754933
2025-07-29,86021,2025072901024167,ADBL,Dakshinkali Investment & Securities Pvt. Ltd.,ABC Securities Private Limited,42,336.1,14116.2,2025-07-29 12:35:16.196905
2025-07-29,85877,2025072901024211,ADBL,Dakshinkali Investment & Securities Pvt. Ltd.,SHUBHAKAMANA SECURITIES PVT. LTD,24,336.1,8066.4,2025-07-29 12:35:31.477452
2025-07-29,85362,2025072901024380,ADBL,Dakshinkali Investment & Securities Pvt. Ltd.,Dynamic Money Managers Securities Pvt. Ltd.,1704,336.1,572714.4,2025-07-29 12:36:24.272373
2025-07-29,83933,2025072901024838,ADBL,Sani Securities Company Ltd.,Arun Securities (PVT) Ltd.,105,336.5,35332.5,2025-07-29 12:38:37.043326
2025-07-29,83932,2025072901024839,ADBL,Sani Securities Company Ltd.,Kumari Securities Private Limited,300,336.9,101070.0,2025-07-29 12:38:37.043505
2025-07-29,83717,2025072901024899,ADBL,Sani Securities Company Ltd.,Capital Max Securities Ltd,95,336.9,32005.5,2025-07-29 12:39:02.979098
2025-07-29,83014,2025072901025151,ADBL,Sani Securities Company Ltd.,SHUBHAKAMANA SECURITIES PVT. LTD,70,336.2,23534.0,2025-07-29 12:40:13.560145
2025-07-29,82955,2025072901025176,ADBL,Sani Securities Company Ltd.,Oxford Securities Pvt. Ltd.,52,336.2,17482.4,2025-07-29 12:40:19.067350
2025-07-29,82877,2025072901025208,ADBL,Sani Securities Company Ltd.,Aryatara Investment & Securities,153,336.2,51438.6,2025-07-29 12:40:29.090948
2025-07-29,80904,2025072901025883,ADBL,Sani Securities Company Ltd.,Online Securities Pvt. Ltd.,109,336.2,36645.8,2025-07-29 12:43:28.149727
2025-07-29,80897,2025072901025884,ADBL,Sani Securities Company Ltd.,Oxford Securities Pvt. Ltd.,16,336.2,5379.2,2025-07-29 12:43:28.328000
2025-07-29,80896,2025072901025885,ADBL,Dakshinkali Investment & Securities Pvt. Ltd.,Oxford Securities Pvt. Ltd.,155,336.1,52095.5,2025-07-29 12:43:28.328181
2025-07-29,80891,2025072901025887,ADBL,Dakshinkali Investment & Securities Pvt. Ltd.,Shree Krishna Securities Ltd.,260,336.1,87386.0,2025-07-29 12:43:29.186221
2025-07-29,80459,2025072901026033,ADBL,South Asian Bulls Pvt. Ltd.,Aryatara Investment & Securities,15,337.0,5055.0,2025-07-29 12:44:05.575263
2025-07-29,80458,2025072901026034,ADBL,South Asian Bulls Pvt. Ltd.,Linch Stock Market Ltd.,10,337.0,3370.0,2025-07-29 12:44:05.575431
2025-07-29,80457,2025072901026035,ADBL,South Asian Bulls Pvt. Ltd.,Naasa Securities Co. Ltd.,11,337.0,3707.0,2025-07-29 12:44:05.575509
2025-07-29,79615,2025072901026409,ADBL,Dakshinkali Investment & Securities Pvt. Ltd.,Ashutosh Brokerage & Securities (PVT) Ltd.,200,336.1,67220.0,2025-07-29 12:45:20.356356
2025-07-29,79391,2025072901026507,ADBL,Naasa Securities Co. Ltd.,Naasa Securities Co. Ltd.,40,337.0,13480.0,2025-07-29 12:45:45.573847
2025-07-29,79247,2025072901026560,ADBL,Dakshinkali Investment & Securities Pvt. Ltd.,Dipshikha Dhitopatra Karobar Co. Pvt Ltd.,778,336.1,261485.8,2025-07-29 12:45:59.814816
2025-07-29,79152,2025072901026594,ADBL,Vision Securities Pvt. Ltd,Dipshikha Dhitopatra Karobar Co. Pvt Ltd.,200,336.1,67220.0,2025-07-29 12:46:07.836931
2025-07-29,79088,2025072901026613,ADBL,Naasa Securities Co. Ltd.,Imperial Securities Company Pvt. Ltd.,115,336.0,38640.0,2025-07-29 12:46:17.357140
2025-07-29,79087,2025072901026614,ADBL,Cristal Kanchanjanga Securites Pvt. Ltd.,Imperial Securities Company Pvt. Ltd.,31,336.0,10416.0,2025-07-29 12:46:17.357317
2025-07-29,78926,2025072901026667,ADBL,Cristal Kanchanjanga Securites Pvt. Ltd.,Agrawal Securities (PVT) Ltd.,200,336.0,67200.0,2025-07-29 12:46:31.965740
2025-07-29,78925,2025072901026668,ADBL,Vision Securities Pvt. Ltd,Dipshikha Dhitopatra Karobar Co. Pvt Ltd.,21,336.1,7058.1,2025-07-29 12:46:32.325757
2025-07-29,78188,2025072901026943,ADBL,Cristal Kanchanjanga Securites Pvt. Ltd.,Primo Securities (PVT) Ltd.,65,336.0,21840.0,2025-07-29 12:47:41.434707
2025-07-29,78108,2025072901026969,ADBL,Cristal Kanchanjanga Securites Pvt. Ltd.,Sharepro Securities Private Limited,25,336.0,8400.0,2025-07-29 12:47:48.336487
2025-07-29,77364,2025072901027213,ADBL,Cristal Kanchanjanga Securites Pvt. Ltd.,Naasa Securities Co. Ltd.,279,337.0,94023.0,2025-07-29 12:49:09.784483
2025-07-29,77363,2025072901027214,ADBL,Cristal Kanchanjanga Securites Pvt. Ltd.,Nepal Investment And Securities Trading Private Limited,250,337.0,84250.0,2025-07-29 12:49:09.784661
2025-07-29,77362,2025072901027215,ADBL,Cristal Kanchanjanga Securites Pvt. Ltd.,Thrive Brokerage House Pvt. Ltd,35,338.0,11830.0,2025-07-29 12:49:09.784746
2025-07-29,77361,2025072901027216,ADBL,Cristal Kanchanjanga Securites Pvt. Ltd.,Imperial Securities Company Pvt. Ltd.,100,338.0,33800.0,2025-07-29 12:49:09.784826
2025-07-29,77360,2025072901027217,ADBL,Cristal Kanchanjanga Securites Pvt. Ltd.,KALASH STOCK MARKET PVT. LTD.,200,338.0,67600.0,2025-07-29 12:49:09.784906
2025-07-29,76929,2025072901027345,ADBL,Cristal Kanchanjanga Securites Pvt. Ltd.,Sharepro Securities Private Limited,100,336.2,33620.0,2025-07-29 12:49:57.271349
2025-07-29,74767,2025072901028118,ADBL,Cristal Kanchanjanga Securites Pvt. Ltd.,Sewa Securities Pvt. Ltd.,15,336.2,5043.0,2025-07-29 12:54:18.957629
2025-07-29,73317,2025072901028591,ADBL,Cristal Kanchanjanga Securites Pvt. Ltd.,Nepal Investment And Securities Trading Private Limited,21,336.2,7060.2,2025-07-29 12:56:55.151712
2025-07-29,73316,2025072901028592,ADBL,Vision Securities Pvt. Ltd,Nepal Investment And Securities Trading Private Limited,168,336.1,56464.8,2025-07-29 12:56:55.151955
2025-07-29,72833,2025072901028789,ADBL,Vision Securities Pvt. Ltd,Trishakti Securities Public Limited,32,336.1,10755.2,2025-07-29 12:57:49.857804
2025-07-29,72832,2025072901028790,ADBL,Ashutosh Brokerage & Securities (PVT) Ltd.,Trishakti Securities Public Limited,200,336.1,67220.0,2025-07-29 12:57:49.858007
2025-07-29,71405,2025072901029192,ADBL,Cristal Kanchanjanga Securites Pvt. Ltd.,Oxford Securities Pvt. Ltd.,100,336.0,33600.0,2025-07-29 12:59:57.889670
2025-07-29,69886,2025072901029844,ADBL,Cristal Kanchanjanga Securites Pvt. Ltd.,Trishakti Securities Public Limited,668,336.0,224448.0,2025-07-29 13:02:33.972473
2025-07-29,67767,2025072901030477,ADBL,Cristal Kanchanjanga Securites Pvt. Ltd.,Nepal Stock House (PVT) Ltd.,80,336.0,26880.0,2025-07-29 13:06:43.180170
2025-07-29,66220,2025072901031005,ADBL,Cristal Kanchanjanga Securites Pvt. Ltd.,Neev Securities Pvt. Ltd.,72,336.0,24192.0,2025-07-29 13:10:02.886529
2025-07-29,66028,2025072901031085,ADBL,Cristal Kanchanjanga Securites Pvt. Ltd.,Market Securities & Exchange (PVT) Ltd.,10,336.0,3360.0,2025-07-29 13:10:22.011351
2025-07-29,64115,2025072901031808,ADBL,Dakshinkali Investment & Securities Pvt. Ltd.,Naasa Securities Co. Ltd.,50,337.0,16850.0,2025-07-29 13:14:26.885515
2025-07-29,64114,2025072901031809,ADBL,Dakshinkali Investment & Securities Pvt. Ltd.,Midas Stock Broking Company Private Limited,101,337.0,34037.0,2025-07-29 13:14:26.885961
2025-07-29,64113,2025072901031810,ADBL,Dakshinkali Investment & Securities Pvt. Ltd.,Dipshikha Dhitopatra Karobar Co. Pvt Ltd.,128,338.0,43264.0,2025-07-29 13:14:26.886258
2025-07-29,64112,2025072901031811,ADBL,Dakshinkali Investment & Securities Pvt. Ltd.,Midas Stock Broking Company Private Limited,100,338.0,33800.0,2025-07-29 13:14:26.886559
2025-07-29,64111,2025072901031812,ADBL,Dakshinkali Investment & Securities Pvt. Ltd.,KALASH STOCK MARKET PVT. LTD.,500,338.0,169000.0,2025-07-29 13:14:26.886827
2025-07-29,64110,2025072901031813,ADBL,Dakshinkali Investment & Securities Pvt. Ltd.,Sundhara Securities Limited,27,338.0,9126.0,2025-07-29 13:14:26.887104
2025-07-29,64109,2025072901031814,ADBL,Dakshinkali Investment & Securities Pvt. Ltd.,Imperial Securities Company Pvt. Ltd.,347,338.0,117286.0,2025-07-29 13:14:26.887366
2025-07-29,64108,2025072901031815,ADBL,Dakshinkali Investment & Securities Pvt. Ltd.,Naasa Securities Co. Ltd.,50,338.9,16945.0,2025-07-29 13:14:26.887625
2025-07-29,64107,2025072901031816,ADBL,Dakshinkali Investment & Securities Pvt. Ltd.,Midas Stock Broking Company Private Limited,100,338.9,33890.0,2025-07-29 13:14:26.887883
2025-07-29,64106,2025072901031817,ADBL,Dakshinkali Investment & Securities Pvt. Ltd.,Kumari Securities Private Limited,216,339.0,73224.0,2025-07-29 13:14:26.888155
2025-07-29,64105,2025072901031818,ADBL,Dakshinkali Investment & Securities Pvt. Ltd.,Siprabi Securities Pvt. Ltd.,116,339.0,39324.0,2025-07-29 13:14:26.888425
2025-07-29,64104,2025072901031819,ADBL,Dakshinkali Investment & Securities Pvt. Ltd.,Midas Stock Broking Company Private Limited,500,339.0,169500.0,2025-07-29 13:14:26.888682
2025-07-29,64103,2025072901031820,ADBL,Dakshinkali Investment & Securities Pvt. Ltd.,Naasa Securities Co. Ltd.,66,339.0,22374.0,2025-07-29 13:14:26.888943
2025-07-29,64102,2025072901031821,ADBL,Dakshinkali Investment & Securities Pvt. Ltd.,Opal Securities Investment (PVT) Ltd.,73,339.0,24747.0,2025-07-29 13:14:26.889213
2025-07-29,64101,2025072901031822,ADBL,Dakshinkali Investment & Securities Pvt. Ltd.,Midas Stock Broking Company Private Limited,550,339.0,186450.0,2025-07-29 13:14:26.889479
2025-07-29,64100,2025072901031823,ADBL,Dakshinkali Investment & Securities Pvt. Ltd.,Bhrikuti Stock Broking Co. Pvt. Ltd.,55,339.0,18645.0,2025-07-29 13:14:26.889732
2025-07-29,64099,2025072901031824,ADBL,Dakshinkali Investment & Securities Pvt. Ltd.,Kumari Securities Private Limited,135,339.0,45765.0,2025-07-29 13:14:26.889991
2025-07-29,64098,2025072901031825,ADBL,Dakshinkali Investment & Securities Pvt. Ltd.,Nepal Investment And Securities Trading Private Limited,520,339.6,176592.0,2025-07-29 13:14:26.890266
2025-07-29,64097,2025072901031826,ADBL,Dakshinkali Investment & Securities Pvt. Ltd.,Naasa Securities Co. Ltd.,50,339.7,16985.0,2025-07-29 13:14:26.890523
2025-07-29,64096,2025072901031827,ADBL,Dakshinkali Investment & Securities Pvt. Ltd.,Deevyaa Securities & Stock House Pvt. Ltd,200,339.8,67960.0,2025-07-29 13:14:26.890771
2025-07-29,64095,2025072901031828,ADBL,Dakshinkali Investment & Securities Pvt. Ltd.,Sewa Securities Pvt. Ltd.,50,339.9,16995.0,2025-07-29 13:14:26.891047
2025-07-29,64094,2025072901031829,ADBL,Dakshinkali Investment & Securities Pvt. Ltd.,Vision Securities Pvt. Ltd,1005,339.9,341599.5,2025-07-29 13:14:26.891299
2025-07-29,64093,2025072901031830,ADBL,Dakshinkali Investment & Securities Pvt. Ltd.,Kumari Securities Private Limited,50,340.0,17000.0,2025-07-29 13:14:26.891580
2025-07-29,64092,2025072901031831,ADBL,Dakshinkali Investment & Securities Pvt. Ltd.,Dynamic Money Managers Securities Pvt. Ltd.,11,340.0,3740.0,2025-07-29 13:14:26.891835
2025-07-29,64008,2025072901031866,ADBL,Dakshinkali Investment & Securities Pvt. Ltd.,Dynamic Money Managers Securities Pvt. Ltd.,1989,340.0,676260.0,2025-07-29 13:14:41.047108
2025-07-29,64007,2025072901031867,ADBL,Dakshinkali Investment & Securities Pvt. Ltd.,Online Securities Pvt. Ltd.,192,340.0,65280.0,2025-07-29 13:14:41.047413
2025-07-29,64006,2025072901031868,ADBL,Dakshinkali Investment & Securities Pvt. Ltd.,Deevyaa Securities & Stock House Pvt. Ltd,2819,340.0,958460.0,2025-07-29 13:14:41.047504
2025-07-29,63570,2025072901032027,ADBL,Dakshinkali Investment & Securities Pvt. Ltd.,Deevyaa Securities & Stock House Pvt. Ltd,815,339.5,276692.5,2025-07-29 13:15:30.585941
2025-07-29,63569,2025072901032028,ADBL,Dakshinkali Investment & Securities Pvt. Ltd.,Aryatara Investment & Securities,96,340.0,32640.0,2025-07-29 13:15:30.586165
2025-07-29,63568,2025072901032029,ADBL,Dakshinkali Investment & Securities Pvt. Ltd.,Imperial Securities Company Pvt. Ltd.,60,340.0,20400.0,2025-07-29 13:15:30.586256
2025-07-29,63567,2025072901032030,ADBL,Dakshinkali Investment & Securities Pvt. Ltd.,Imperial Securities Company Pvt. Ltd.,200,340.0,68000.0,2025-07-29 13:15:30.586343
2025-07-29,63566,2025072901032031,ADBL,Dakshinkali Investment & Securities Pvt. Ltd.,ABC Securities Private Limited,38,340.0,12920.0,2025-07-29 13:15:30.586429
2025-07-29,63565,2025072901032032,ADBL,Dakshinkali Investment & Securities Pvt. Ltd.,Creative Securities Pvt Ltd,50,340.0,17000.0,2025-07-29 13:15:30.586514
2025-07-29,63564,2025072901032033,ADBL,Dakshinkali Investment & Securities Pvt. Ltd.,Aryatara Investment & Securities,50,340.0,17000.0,2025-07-29 13:15:30.586597
2025-07-29,63563,2025072901032034,ADBL,Dakshinkali Investment & Securities Pvt. Ltd.,Sweta Securities Private Limited,1000,340.0,340000.0,2025-07-29 13:15:30.586699
2025-07-29,63562,2025072901032035,ADBL,Dakshinkali Investment & Securities Pvt. Ltd.,Imperial Securities Company Pvt. Ltd.,254,340.0,86360.0,2025-07-29 13:15:30.586782
2025-07-29,63561,2025072901032036,ADBL,Dakshinkali Investment & Securities Pvt. Ltd.,Sharepro Securities Private Limited,10,340.0,3400.0,2025-07-29 13:15:30.586860
2025-07-29,63560,2025072901032037,ADBL,Dakshinkali Investment & Securities Pvt. Ltd.,Premier Securities Company Ltd.,10,340.0,3400.0,2025-07-29 13:15:30.586936
2025-07-29,63559,2025072901032038,ADBL,Dakshinkali Investment & Securities Pvt. Ltd.,Arun Securities (PVT) Ltd.,200,340.0,68000.0,2025-07-29 13:15:30.587017
2025-07-29,63558,2025072901032039,ADBL,Dakshinkali Investment & Securities Pvt. Ltd.,Online Securities Pvt. Ltd.,2136,340.0,726240.0,2025-07-29 13:15:30.587096
2025-07-29,63557,2025072901032040,ADBL,Dakshinkali Investment & Securities Pvt. Ltd.,Sewa Securities Pvt. Ltd.,200,340.0,68000.0,2025-07-29 13:15:30.587191
2025-07-29,63556,2025072901032041,ADBL,Dakshinkali Investment & Securities Pvt. Ltd.,Malla & Malla Stock Broking Company Pvt. Limited,400,340.0,136000.0,2025-07-29 13:15:30.587263
2025-07-29,63555,2025072901032042,ADBL,Dakshinkali Investment & Securities Pvt. Ltd.,Aryatara Investment & Securities,203,340.0,69020.0,2025-07-29 13:15:30.587338
2025-07-29,63554,2025072901032043,ADBL,Dakshinkali Investment & Securities Pvt. Ltd.,Sumeru Securities Pvt. Ltd.,150,340.0,51000.0,2025-07-29 13:15:30.587416
2025-07-29,63553,2025072901032044,ADBL,Dakshinkali Investment & Securities Pvt. Ltd.,Aryatara Investment & Securities,15,340.0,5100.0,2025-07-29 13:15:30.587494
2025-07-29,63552,2025072901032045,ADBL,Dakshinkali Investment & Securities Pvt. Ltd.,Dynamic Money Managers Securities Pvt. Ltd.,113,340.0,38420.0,2025-07-29 13:15:30.587580
2025-07-29,63286,2025072901032176,ADBL,Midas Stock Broking Company Private Limited,Aryatara Investment & Securities,100,336.2,33620.0,2025-07-29 13:15:47.849106
2025-07-29,62706,2025072901032385,ADBL,Dakshinkali Investment & Securities Pvt. Ltd.,Dynamic Money Managers Securities Pvt. Ltd.,305,340.0,103700.0,2025-07-29 13:16:44.375413
2025-07-29,62705,2025072901032386,ADBL,Dakshinkali Investment & Securities Pvt. Ltd.,K.B.L. Securities Limited ,500,340.0,170000.0,2025-07-29 13:16:44.375627
2025-07-29,62704,2025072901032387,ADBL,Dakshinkali Investment & Securities Pvt. Ltd.,Aryatara Investment & Securities,109,340.0,37060.0,2025-07-29 13:16:44.375703
2025-07-29,62703,2025072901032388,ADBL,Dakshinkali Investment & Securities Pvt. Ltd.,ABC Securities Private Limited,1030,340.0,350200.0,2025-07-29 13:16:44.375783
2025-07-29,62702,2025072901032389,ADBL,Dakshinkali Investment & Securities Pvt. Ltd.,Nabil Stock Dealer Ltd.,56,340.0,19040.0,2025-07-29 13:16:44.375859
2025-07-29,61494,2025072901032831,ADBL,Dakshinkali Investment & Securities Pvt. Ltd.,Sumeru Securities Pvt. Ltd.,2000,339.0,678000.0,2025-07-29 13:19:05.884256
2025-07-29,61493,2025072901032832,ADBL,Dakshinkali Investment & Securities Pvt. Ltd.,Trisul Securities & Invt. Ltd.,500,339.9,169950.0,2025-07-29 13:19:05.884454
2025-07-29,61492,2025072901032833,ADBL,Dakshinkali Investment & Securities Pvt. Ltd.,Nabil Stock Dealer Ltd.,53,340.0,18020.0,2025-07-29 13:19:05.884537
2025-07-29,61491,2025072901032834,ADBL,Dakshinkali Investment & Securities Pvt. Ltd.,Kohinoor Investment & Securities Pvt. Ltd.,154,340.0,52360.0,2025-07-29 13:19:05.884615
2025-07-29,61490,2025072901032835,ADBL,Dakshinkali Investment & Securities Pvt. Ltd.,Naasa Securities Co. Ltd.,128,340.0,43520.0,2025-07-29 13:19:05.884692
2025-07-29,61489,2025072901032836,ADBL,Dakshinkali Investment & Securities Pvt. Ltd.,Investment Management Nepal Pvt. Ltd.,2000,340.0,680000.0,2025-07-29 13:19:05.884770
2025-07-29,61488,2025072901032837,ADBL,Dakshinkali Investment & Securities Pvt. Ltd.,Midas Stock Broking Company Private Limited,165,340.0,56100.0,2025-07-29 13:19:05.884858
2025-07-29,61046,2025072901033005,ADBL,Dakshinkali Investment & Securities Pvt. Ltd.,Sumeru Securities Pvt. Ltd.,1000,339.0,339000.0,2025-07-29 13:19:54.453275
2025-07-29,61045,2025072901033006,ADBL,Dakshinkali Investment & Securities Pvt. Ltd.,Cristal Kanchanjanga Securites Pvt. Ltd.,252,339.8,85629.6,2025-07-29 13:19:54.453513
2025-07-29,61044,2025072901033007,ADBL,Dakshinkali Investment & Securities Pvt. Ltd.,Naasa Securities Co. Ltd.,66,339.9,22433.4,2025-07-29 13:19:54.453605
2025-07-29,61043,2025072901033008,ADBL,Dakshinkali Investment & Securities Pvt. Ltd.,Midas Stock Broking Company Private Limited,335,340.0,113900.0,2025-07-29 13:19:54.453686
2025-07-29,61042,2025072901033009,ADBL,Dakshinkali Investment & Securities Pvt. Ltd.,Sumeru Securities Pvt. Ltd.,1347,340.0,457980.0,2025-07-29 13:19:54.453774
2025-07-29,60924,2025072901033076,ADBL,Dakshinkali Investment & Securities Pvt. Ltd.,Sumeru Securities Pvt. Ltd.,2000,337.0,674000.0,2025-07-29 13:20:06.287226
2025-07-29,60891,2025072901033090,ADBL,Dakshinkali Investment & Securities Pvt. Ltd.,Sumeru Securities Pvt. Ltd.,653,340.0,222020.0,2025-07-29 13:20:10.608681
2025-07-29,60890,2025072901033091,ADBL,Dakshinkali Investment & Securities Pvt. Ltd.,Midas Stock Broking Company Private Limited,10,340.0,3400.0,2025-07-29 13:20:10.608940
2025-07-29,60889,2025072901033092,ADBL,Dakshinkali Investment & Securities Pvt. Ltd.,Naasa Securities Co. Ltd.,200,340.0,68000.0,2025-07-29 13:20:10.609053
2025-07-29,60888,2025072901033093,ADBL,Dakshinkali Investment & Securities Pvt. Ltd.,Sewa Securities Pvt. Ltd.,50,340.0,17000.0,2025-07-29 13:20:10.609136
2025-07-29,60887,2025072901033094,ADBL,Dakshinkali Investment & Securities Pvt. Ltd.,Vision Securities Pvt. Ltd,2000,340.0,680000.0,2025-07-29 13:20:10.609220
2025-07-29,60886,2025072901033095,ADBL,Dakshinkali Investment & Securities Pvt. Ltd.,Investment Management Nepal Pvt. Ltd.,87,340.0,29580.0,2025-07-29 13:20:10.609300
2025-07-29,60584,2025072901033189,ADBL,Dakshinkali Investment & Securities Pvt. Ltd.,Trisul Securities & Invt. Ltd.,200,339.9,67980.0,2025-07-29 13:20:48.945292
2025-07-29,60583,2025072901033190,ADBL,Dakshinkali Investment & Securities Pvt. Ltd.,Investment Management Nepal Pvt. Ltd.,113,340.0,38420.0,2025-07-29 13:20:48.945530
2025-07-29,60582,2025072901033191,ADBL,Dakshinkali Investment & Securities Pvt. Ltd.,Sumeru Securities Pvt. Ltd.,1687,340.0,573580.0,2025-07-29 13:20:48.945649
2025-07-29,60339,2025072901033271,ADBL,Dakshinkali Investment & Securities Pvt. Ltd.,Sumeru Securities Pvt. Ltd.,313,340.0,106420.0,2025-07-29 13:21:21.213813
2025-07-29,60338,2025072901033272,ADBL,Dakshinkali Investment & Securities Pvt. Ltd.,Trishakti Securities Public Limited,99,340.0,33660.0,2025-07-29 13:21:21.214043
2025-07-29,60337,2025072901033273,ADBL,Dakshinkali Investment & Securities Pvt. Ltd.,Dipshikha Dhitopatra Karobar Co. Pvt Ltd.,100,340.0,34000.0,2025-07-29 13:21:21.214124
2025-07-29,60336,2025072901033274,ADBL,Dakshinkali Investment & Securities Pvt. Ltd.,Sumeru Securities Pvt. Ltd.,4488,340.0,1525920.0,2025-07-29 13:21:21.214200
2025-07-29,59620,2025072901033475,ADBL,Dakshinkali Investment & Securities Pvt. Ltd.,Sweta Securities Private Limited,1100,339.9,373890.0,2025-07-29 13:22:57.001928
2025-07-29,59619,2025072901033476,ADBL,Dakshinkali Investment & Securities Pvt. Ltd.,Sumeru Securities Pvt. Ltd.,512,340.0,174080.0,2025-07-29 13:22:57.002164
2025-07-29,59618,2025072901033477,ADBL,Dakshinkali Investment & Securities Pvt. Ltd.,Sewa Securities Pvt. Ltd.,20,340.0,6800.0,2025-07-29 13:22:57.002248
2025-07-29,59617,2025072901033478,ADBL,Dakshinkali Investment & Securities Pvt. Ltd.,Asian Securities Private Ltd.,1304,340.0,443360.0,2025-07-29 13:22:57.002326
2025-07-29,59616,2025072901033479,ADBL,Dakshinkali Investment & Securities Pvt. Ltd.,Vision Securities Pvt. Ltd,64,340.0,21760.0,2025-07-29 13:22:57.002405
2025-07-29,59529,2025072901033524,ADBL,Midas Stock Broking Company Private Limited,Vision Securities Pvt. Ltd,59,336.4,19847.6,2025-07-29 13:23:08.428833
2025-07-29,59078,2025072901033704,ADBL,Midas Stock Broking Company Private Limited,Kohinoor Investment & Securities Pvt. Ltd.,100,336.4,33640.0,2025-07-29 13:24:12.700222
2025-07-29,58850,2025072901033776,ADBL,Dakshinkali Investment & Securities Pvt. Ltd.,Sani Securities Company Ltd.,50,339.9,16995.0,2025-07-29 13:24:42.836198
2025-07-29,58849,2025072901033777,ADBL,Dakshinkali Investment & Securities Pvt. Ltd.,Vision Securities Pvt. Ltd,36,340.0,12240.0,2025-07-29 13:24:42.836704
2025-07-29,58848,2025072901033778,ADBL,Dakshinkali Investment & Securities Pvt. Ltd.,Sanima Securities Limited,1030,340.0,350200.0,2025-07-29 13:24:42.837085
2025-07-29,58847,2025072901033779,ADBL,Dakshinkali Investment & Securities Pvt. Ltd.,Sani Securities Company Ltd.,495,340.0,168300.0,2025-07-29 13:24:42.837433
2025-07-29,58846,2025072901033780,ADBL,Dakshinkali Investment & Securities Pvt. Ltd.,Sewa Securities Pvt. Ltd.,30,340.0,10200.0,2025-07-29 13:24:42.837775
2025-07-29,58668,2025072901033837,ADBL,Dakshinkali Investment & Securities Pvt. Ltd.,Sumeru Securities Pvt. Ltd.,437,340.0,148580.0,2025-07-29 13:24:59.241434
2025-07-29,58604,2025072901033867,ADBL,Dakshinkali Investment & Securities Pvt. Ltd.,Opal Securities Investment (PVT) Ltd.,68,340.0,23120.0,2025-07-29 13:25:04.825788
2025-07-29,58441,2025072901033915,ADBL,Dynamic Money Managers Securities Pvt. Ltd.,Cristal Kanchanjanga Securites Pvt. Ltd.,10,340.1,3401.0,2025-07-29 13:25:29.811374
2025-07-29,58440,2025072901033916,ADBL,Dynamic Money Managers Securities Pvt. Ltd.,Secured Securities Ltd.,380,340.1,129238.0,2025-07-29 13:25:29.811615
2025-07-29,58421,2025072901033920,ADBL,Dakshinkali Investment & Securities Pvt. Ltd.,Opal Securities Investment (PVT) Ltd.,103,340.0,35020.0,2025-07-29 13:25:32.012557
2025-07-29,58061,2025072901034017,ADBL,Dakshinkali Investment & Securities Pvt. Ltd.,Dipshikha Dhitopatra Karobar Co. Pvt Ltd.,100,340.0,34000.0,2025-07-29 13:26:23.941019
2025-07-29,57634,2025072901034147,ADBL,Dakshinkali Investment & Securities Pvt. Ltd.,Dynamic Money Managers Securities Pvt. Ltd.,651,337.0,219387.0,2025-07-29 13:27:15.687045
2025-07-29,57633,2025072901034148,ADBL,Kohinoor Investment & Securities Pvt. Ltd.,Dynamic Money Managers Securities Pvt. Ltd.,449,336.5,151088.5,2025-07-29 13:27:15.687262
2025-07-29,57598,2025072901034170,ADBL,Imperial Securities Company Pvt. Ltd.,Naasa Securities Co. Ltd.,26,340.0,8840.0,2025-07-29 13:27:20.719708
2025-07-29,57482,2025072901034205,ADBL,Investment Management Nepal Pvt. Ltd.,Naasa Securities Co. Ltd.,10,340.0,3400.0,2025-07-29 13:27:41.197320
2025-07-29,55631,2025072901034888,ADBL,Dakshinkali Investment & Securities Pvt. Ltd.,Kalika Securities Pvt. Ltd.,500,339.9,169950.0,2025-07-29 13:31:58.403799
2025-07-29,55630,2025072901034889,ADBL,Dakshinkali Investment & Securities Pvt. Ltd.,Naasa Securities Co. Ltd.,64,340.0,21760.0,2025-07-29 13:31:58.404434
2025-07-29,55629,2025072901034890,ADBL,Dakshinkali Investment & Securities Pvt. Ltd.,J.F. Securites (PVT) Ltd.,50,340.0,17000.0,2025-07-29 13:31:58.404891
2025-07-29,55628,2025072901034891,ADBL,Dakshinkali Investment & Securities Pvt. Ltd.,Vision Securities Pvt. Ltd,200,340.0,68000.0,2025-07-29 13:31:58.405236
2025-07-29,55627,2025072901034892,ADBL,Dakshinkali Investment & Securities Pvt. Ltd.,Aryatara Investment & Securities,500,340.0,170000.0,2025-07-29 13:31:58.405599
2025-07-29,55626,2025072901034893,ADBL,Dakshinkali Investment & Securities Pvt. Ltd.,Kalika Securities Pvt. Ltd.,50,340.0,17000.0,2025-07-29 13:31:58.405970
2025-07-29,55625,2025072901034894,ADBL,Dakshinkali Investment & Securities Pvt. Ltd.,Dipshikha Dhitopatra Karobar Co. Pvt Ltd.,144,340.0,48960.0,2025-07-29 13:31:58.406405
2025-07-29,55624,2025072901034895,ADBL,Dakshinkali Investment & Securities Pvt. Ltd.,Investment Management Nepal Pvt. Ltd.,42,340.0,14280.0,2025-07-29 13:31:58.406751
2025-07-29,55623,2025072901034896,ADBL,Dakshinkali Investment & Securities Pvt. Ltd.,Sewa Securities Pvt. Ltd.,50,340.0,17000.0,2025-07-29 13:31:58.407145
2025-07-29,55622,2025072901034897,ADBL,Dakshinkali Investment & Securities Pvt. Ltd.,Imperial Securities Company Pvt. Ltd.,323,340.0,109820.0,2025-07-29 13:31:58.407536
2025-07-29,55621,2025072901034898,ADBL,Dakshinkali Investment & Securities Pvt. Ltd.,Primo Securities (PVT) Ltd.,77,340.0,26180.0,2025-07-29 13:31:58.408004
2025-07-29,54123,2025072901035443,ADBL,Dynamic Money Managers Securities Pvt. Ltd.,Dynamic Money Managers Securities Pvt. Ltd.,3000,339.6,1018800.0,2025-07-29 13:34:50.100726
2025-07-29,53508,2025072901035647,ADBL,Kohinoor Investment & Securities Pvt. Ltd.,Sumeru Securities Pvt. Ltd.,22,336.5,7403.0,2025-07-29 13:35:53.459836
2025-07-29,51611,2025072901036257,ADBL,Dakshinkali Investment & Securities Pvt. Ltd.,Nepal Stock House (PVT) Ltd.,10,338.8,3388.0,2025-07-29 13:39:00.284406
2025-07-29,51610,2025072901036258,ADBL,Dakshinkali Investment & Securities Pvt. Ltd.,Sani Securities Company Ltd.,500,339.7,169850.0,2025-07-29 13:39:00.284666
2025-07-29,51609,2025072901036259,ADBL,Dakshinkali Investment & Securities Pvt. Ltd.,Kumari Securities Private Limited,500,339.9,169950.0,2025-07-29 13:39:00.284772
2025-07-29,51608,2025072901036260,ADBL,Dakshinkali Investment & Securities Pvt. Ltd.,Primo Securities (PVT) Ltd.,23,340.0,7820.0,2025-07-29 13:39:00.284870
2025-07-29,51607,2025072901036261,ADBL,Dakshinkali Investment & Securities Pvt. Ltd.,Online Securities Pvt. Ltd.,167,340.0,56780.0,2025-07-29 13:39:00.284971
2025-07-29,51606,2025072901036262,ADBL,Dakshinkali Investment & Securities Pvt. Ltd.,Investment Management Nepal Pvt. Ltd.,100,340.0,34000.0,2025-07-29 13:39:00.285078
2025-07-29,51605,2025072901036263,ADBL,Dakshinkali Investment & Securities Pvt. Ltd.,Naasa Securities Co. Ltd.,12,340.0,4080.0,2025-07-29 13:39:00.285172
2025-07-29,51604,2025072901036264,ADBL,Dakshinkali Investment & Securities Pvt. Ltd.,Market Securities & Exchange (PVT) Ltd.,25,340.0,8500.0,2025-07-29 13:39:00.285270
2025-07-29,51603,2025072901036265,ADBL,Dakshinkali Investment & Securities Pvt. Ltd.,NIMB Stock Markets Limited,298,340.0,101320.0,2025-07-29 13:39:00.285365
2025-07-29,51602,2025072901036266,ADBL,Dakshinkali Investment & Securities Pvt. Ltd.,Dipshikha Dhitopatra Karobar Co. Pvt Ltd.,100,340.0,34000.0,2025-07-29 13:39:00.285461
2025-07-29,51601,2025072901036267,ADBL,Dakshinkali Investment & Securities Pvt. Ltd.,Trisul Securities & Invt. Ltd.,200,340.0,68000.0,2025-07-29 13:39:00.285554
2025-07-29,51600,2025072901036268,ADBL,Dakshinkali Investment & Securities Pvt. Ltd.,Midas Stock Broking Company Private Limited,278,340.0,94520.0,2025-07-29 13:39:00.285651
2025-07-29,51599,2025072901036269,ADBL,Dakshinkali Investment & Securities Pvt. Ltd.,Sani Securities Company Ltd.,100,340.0,34000.0,2025-07-29 13:39:00.285743
2025-07-29,51598,2025072901036270,ADBL,Dakshinkali Investment & Securities Pvt. Ltd.,Dipshikha Dhitopatra Karobar Co. Pvt Ltd.,100,340.0,34000.0,2025-07-29 13:39:00.285837
2025-07-29,51597,2025072901036271,ADBL,Dakshinkali Investment & Securities Pvt. Ltd.,Naasa Securities Co. Ltd.,30,340.0,10200.0,2025-07-29 13:39:00.285928
2025-07-29,51596,2025072901036272,ADBL,Dakshinkali Investment & Securities Pvt. Ltd.,Sewa Securities Pvt. Ltd.,50,340.0,17000.0,2025-07-29 13:39:00.286021
2025-07-29,51595,2025072901036273,ADBL,Dakshinkali Investment & Securities Pvt. Ltd.,Imperial Securities Company Pvt. Ltd.,200,340.0,68000.0,2025-07-29 13:39:00.286135
2025-07-29,51594,2025072901036274,ADBL,Dakshinkali Investment & Securities Pvt. Ltd.,Vision Securities Pvt. Ltd,1307,340.0,444380.0,2025-07-29 13:39:00.286226
2025-07-29,51217,2025072901036372,ADBL,Trisul Securities & Invt. Ltd.,Dipshikha Dhitopatra Karobar Co. Pvt Ltd.,20,337.0,6740.0,2025-07-29 13:39:46.481810
2025-07-29,51216,2025072901036373,ADBL,Kohinoor Investment & Securities Pvt. Ltd.,Dipshikha Dhitopatra Karobar Co. Pvt Ltd.,29,336.5,9758.5,2025-07-29 13:39:46.482098
2025-07-29,51215,2025072901036374,ADBL,Kumari Securities Private Limited,Dipshikha Dhitopatra Karobar Co. Pvt Ltd.,200,336.5,67300.0,2025-07-29 13:39:46.482197
2025-07-29,51214,2025072901036375,ADBL,Sani Securities Company Ltd.,Dipshikha Dhitopatra Karobar Co. Pvt Ltd.,200,336.5,67300.0,2025-07-29 13:39:46.482290
2025-07-29,50421,2025072901036659,ADBL,Midas Stock Broking Company Private Limited,Naasa Securities Co. Ltd.,100,336.4,33640.0,2025-07-29 13:41:19.738740
2025-07-29,49532,2025072901036949,ADBL,Agrawal Securities (PVT) Ltd.,Dipshikha Dhitopatra Karobar Co. Pvt Ltd.,100,336.5,33650.0,2025-07-29 13:42:53.347598
2025-07-29,49133,2025072901037091,ADBL,Midas Stock Broking Company Private Limited,Secured Securities Ltd.,141,336.4,47432.4,2025-07-29 13:43:45.013886
2025-07-29,49132,2025072901037092,ADBL,ABC Securities Private Limited,Secured Securities Ltd.,166,336.3,55825.8,2025-07-29 13:43:45.014139
2025-07-29,48968,2025072901037150,ADBL,ABC Securities Private Limited,Opal Securities Investment (PVT) Ltd.,100,336.3,33630.0,2025-07-29 13:44:00.084043
2025-07-29,48838,2025072901037187,ADBL,Malla & Malla Stock Broking Company Pvt. Limited,Dipshikha Dhitopatra Karobar Co. Pvt Ltd.,150,336.5,50475.0,2025-07-29 13:44:16.390433
2025-07-29,47889,2025072901037431,ADBL,ABC Securities Private Limited,ABC Securities Private Limited,179,336.3,60197.7,2025-07-29 13:45:37.031719
2025-07-29,47133,2025072901037664,ADBL,ABC Securities Private Limited,Linch Stock Market Ltd.,500,336.3,168150.0,2025-07-29 13:47:02.401058
2025-07-29,46578,2025072901037829,ADBL,ABC Securities Private Limited,Linch Stock Market Ltd.,55,336.3,18496.5,2025-07-29 13:48:07.443864
2025-07-29,46577,2025072901037830,ADBL,Online Securities Pvt. Ltd.,Linch Stock Market Ltd.,145,336.3,48763.5,2025-07-29 13:48:07.444151
2025-07-29,46292,2025072901037934,ADBL,Nepal Stock House (PVT) Ltd.,Dipshikha Dhitopatra Karobar Co. Pvt Ltd.,100,336.5,33650.0,2025-07-29 13:48:33.390531
2025-07-29,46231,2025072901037939,ADBL,Online Securities Pvt. Ltd.,Agrawal Securities (PVT) Ltd.,40,336.3,13452.0,2025-07-29 13:48:39.507424
2025-07-29,45951,2025072901038040,ADBL,Thrive Brokerage House Pvt. Ltd,Opal Securities Investment (PVT) Ltd.,106,336.2,35637.2,2025-07-29 13:49:08.813712
2025-07-29,45846,2025072901038073,ADBL,Thrive Brokerage House Pvt. Ltd,Agrawal Securities (PVT) Ltd.,394,336.2,132462.8,2025-07-29 13:49:21.173105
2025-07-29,45845,2025072901038074,ADBL,Imperial Securities Company Pvt. Ltd.,Agrawal Securities (PVT) Ltd.,200,336.2,67240.0,2025-07-29 13:49:21.173368
2025-07-29,45726,2025072901038111,ADBL,Primo Securities (PVT) Ltd.,Naasa Securities Co. Ltd.,200,336.1,67220.0,2025-07-29 13:49:37.299532
2025-07-29,45725,2025072901038112,ADBL,ABC Securities Private Limited,Naasa Securities Co. Ltd.,104,336.1,34954.4,2025-07-29 13:49:37.299989
2025-07-29,45610,2025072901038169,ADBL,ABC Securities Private Limited,Agrawal Securities (PVT) Ltd.,222,336.1,74614.2,2025-07-29 13:49:50.632223
2025-07-29,45507,2025072901038196,ADBL,Sani Securities Company Ltd.,Malla & Malla Stock Broking Company Pvt. Limited,150,336.2,50430.0,2025-07-29 13:50:05.552906
2025-07-29,45448,2025072901038208,ADBL,Naasa Securities Co. Ltd.,Dipshikha Dhitopatra Karobar Co. Pvt Ltd.,215,336.5,72347.5,2025-07-29 13:50:12.175196
2025-07-29,45447,2025072901038209,ADBL,Naasa Securities Co. Ltd.,Aryatara Investment & Securities,168,336.5,56532.0,2025-07-29 13:50:12.175452
2025-07-29,45446,2025072901038210,ADBL,Naasa Securities Co. Ltd.,Online Securities Pvt. Ltd.,400,336.5,134600.0,2025-07-29 13:50:12.175549
2025-07-29,44566,2025072901038537,ADBL,Sani Securities Company Ltd.,Vision Securities Pvt. Ltd,31,337.0,10447.0,2025-07-29 13:52:03.546830
2025-07-29,43523,2025072901038829,ADBL,ABC Securities Private Limited,South Asian Bulls Pvt. Ltd.,10,336.1,3361.0,2025-07-29 13:54:16.728443
2025-07-29,43061,2025072901038989,ADBL,Trishakti Securities Public Limited,Naasa Securities Co. Ltd.,2,330.0,660.0,2025-07-29 13:55:17.036241
2025-07-29,42353,2025072901039215,ADBL,Imperial Securities Company Pvt. Ltd.,Dakshinkali Investment & Securities Pvt. Ltd.,1800,336.2,605160.0,2025-07-29 13:56:55.412305
2025-07-29,42352,2025072901039216,ADBL,ABC Securities Private Limited,Dakshinkali Investment & Securities Pvt. Ltd.,664,336.1,223170.4,2025-07-29 13:56:55.412587
2025-07-29,42351,2025072901039217,ADBL,Imperial Securities Company Pvt. Ltd.,Dakshinkali Investment & Securities Pvt. Ltd.,3000,336.1,1008300.0,2025-07-29 13:56:55.412714
2025-07-29,42350,2025072901039218,ADBL,Cristal Kanchanjanga Securites Pvt. Ltd.,Dakshinkali Investment & Securities Pvt. Ltd.,749,336.0,251664.0,2025-07-29 13:56:55.412831
2025-07-29,42349,2025072901039219,ADBL,Premier Securities Company Ltd.,Dakshinkali Investment & Securities Pvt. Ltd.,500,336.0,168000.0,2025-07-29 13:56:55.412977
2025-07-29,42348,2025072901039220,ADBL,Dakshinkali Investment & Securities Pvt. Ltd.,Dakshinkali Investment & Securities Pvt. Ltd.,5000,336.0,1680000.0,2025-07-29 13:56:55.413095
2025-07-29,42347,2025072901039221,ADBL,Vision Securities Pvt. Ltd,Dakshinkali Investment & Securities Pvt. Ltd.,10,336.0,3360.0,2025-07-29 13:56:55.413195
2025-07-29,42346,2025072901039222,ADBL,Kumari Securities Private Limited,Dakshinkali Investment & Securities Pvt. Ltd.,58,336.0,19488.0,2025-07-29 13:56:55.413295
2025-07-29,42345,2025072901039223,ADBL,Secured Securities Ltd.,Dakshinkali Investment & Securities Pvt. Ltd.,219,336.0,73584.0,2025-07-29 13:56:55.413393
2025-07-29,41598,2025072901039467,ADBL,Secured Securities Ltd.,Online Securities Pvt. Ltd.,52,336.0,17472.0,2025-07-29 13:58:39.445811
2025-07-29,40389,2025072901039881,ADBL,Online Securities Pvt. Ltd.,Naasa Securities Co. Ltd.,39,336.1,13107.9,2025-07-29 14:01:14.692666
2025-07-29,40278,2025072901039912,ADBL,Online Securities Pvt. Ltd.,Dakshinkali Investment & Securities Pvt. Ltd.,461,336.1,154942.1,2025-07-29 14:01:30.399051
2025-07-29,40277,2025072901039913,ADBL,Secured Securities Ltd.,Dakshinkali Investment & Securities Pvt. Ltd.,129,336.0,43344.0,2025-07-29 14:01:30.399302
2025-07-29,40276,2025072901039914,ADBL,Bhrikuti Stock Broking Co. Pvt. Ltd.,Dakshinkali Investment & Securities Pvt. Ltd.,35,336.0,11760.0,2025-07-29 14:01:30.399408
2025-07-29,40275,2025072901039915,ADBL,Nepal Stock House (PVT) Ltd.,Dakshinkali Investment & Securities Pvt. Ltd.,1000,336.0,336000.0,2025-07-29 14:01:30.399512
2025-07-29,40217,2025072901039941,ADBL,Nepal Stock House (PVT) Ltd.,Dakshinkali Investment & Securities Pvt. Ltd.,10,336.0,3360.0,2025-07-29 14:01:39.217178
2025-07-29,38951,2025072901040345,ADBL,Opal Securities Investment (PVT) Ltd.,Sani Securities Company Ltd.,582,335.5,195261.0,2025-07-29 14:04:40.178040
2025-07-29,38898,2025072901040366,ADBL,Opal Securities Investment (PVT) Ltd.,Dakshinkali Investment & Securities Pvt. Ltd.,1418,335.5,475739.0,2025-07-29 14:04:45.842886
2025-07-29,38897,2025072901040367,ADBL,Sundhara Securities Limited,Dakshinkali Investment & Securities Pvt. Ltd.,150,335.1,50265.0,2025-07-29 14:04:45.843164
2025-07-29,38896,2025072901040368,ADBL,Cristal Kanchanjanga Securites Pvt. Ltd.,Dakshinkali Investment & Securities Pvt. Ltd.,10,335.0,3350.0,2025-07-29 14:04:45.843279
2025-07-29,38895,2025072901040369,ADBL,NIMB Stock Markets Limited,Dakshinkali Investment & Securities Pvt. Ltd.,12,335.0,4020.0,2025-07-29 14:04:45.843400
2025-07-29,38894,2025072901040370,ADBL,Trishakti Securities Public Limited,Dakshinkali Investment & Securities Pvt. Ltd.,200,335.0,67000.0,2025-07-29 14:04:45.843504
2025-07-29,38893,2025072901040371,ADBL,Sani Securities Company Ltd.,Dakshinkali Investment & Securities Pvt. Ltd.,16,335.0,5360.0,2025-07-29 14:04:45.843615
2025-07-29,38892,2025072901040372,ADBL,Kohinoor Investment & Securities Pvt. Ltd.,Dakshinkali Investment & Securities Pvt. Ltd.,50,335.0,16750.0,2025-07-29 14:04:45.843724
2025-07-29,38891,2025072901040373,ADBL,South Asian Bulls Pvt. Ltd.,Dakshinkali Investment & Securities Pvt. Ltd.,885,335.0,296475.0,2025-07-29 14:04:45.843827
2025-07-29,38890,2025072901040374,ADBL,Deevyaa Securities & Stock House Pvt. Ltd,Dakshinkali Investment & Securities Pvt. Ltd.,25,335.0,8375.0,2025-07-29 14:04:45.843937
2025-07-29,38889,2025072901040375,ADBL,Sewa Securities Pvt. Ltd.,Dakshinkali Investment & Securities Pvt. Ltd.,110,335.0,36850.0,2025-07-29 14:04:45.844059
2025-07-29,38888,2025072901040376,ADBL,Naasa Securities Co. Ltd.,Dakshinkali Investment & Securities Pvt. Ltd.,10,335.0,3350.0,2025-07-29 14:04:45.844177
2025-07-29,38887,2025072901040377,ADBL,Sewa Securities Pvt. Ltd.,Dakshinkali Investment & Securities Pvt. Ltd.,25,335.0,8375.0,2025-07-29 14:04:45.844286
2025-07-29,38886,2025072901040378,ADBL,Online Securities Pvt. Ltd.,Dakshinkali Investment & Securities Pvt. Ltd.,149,335.0,49915.0,2025-07-29 14:04:45.844388
2025-07-29,38638,2025072901040448,ADBL,Online Securities Pvt. Ltd.,Nepal Stock House (PVT) Ltd.,262,334.0,87508.0,2025-07-29 14:05:14.722935
2025-07-29,38522,2025072901040486,ADBL,Siprabi Securities Pvt. Ltd.,Dakshinkali Investment & Securities Pvt. Ltd.,100,335.0,33500.0,2025-07-29 14:05:29.353507
2025-07-29,35551,2025072901041376,ADBL,ABC Securities Private Limited,Dakshinkali Investment & Securities Pvt. Ltd.,10,335.0,3350.0,2025-07-29 14:11:20.866945
2025-07-29,34981,2025072901041544,ADBL,Online Securities Pvt. Ltd.,J.F. Securites (PVT) Ltd.,38,334.0,12692.0,2025-07-29 14:12:29.028118
2025-07-29,34980,2025072901041545,ADBL,Sani Securities Company Ltd.,J.F. Securites (PVT) Ltd.,68,334.0,22712.0,2025-07-29 14:12:29.028401
2025-07-29,34379,2025072901041729,ADBL,Sani Securities Company Ltd.,Trishakti Securities Public Limited,22,334.0,7348.0,2025-07-29 14:13:47.133260
2025-07-29,34378,2025072901041730,ADBL,Aryatara Investment & Securities,Trishakti Securities Public Limited,162,334.0,54108.0,2025-07-29 14:13:47.133549
2025-07-29,34040,2025072901041795,ADBL,Aryatara Investment & Securities,Imperial Securities Company Pvt. Ltd.,338,334.0,112892.0,2025-07-29 14:14:35.095294
2025-07-29,34017,2025072901041798,ADBL,Dipshikha Dhitopatra Karobar Co. Pvt Ltd.,Imperial Securities Company Pvt. Ltd.,10,334.0,3340.0,2025-07-29 14:14:37.332656
2025-07-29,33608,2025072901041917,ADBL,Sumeru Securities Pvt. Ltd.,Capital Max Securities Ltd,32,333.4,10668.8,2025-07-29 14:15:20.582087
2025-07-29,31370,2025072901042677,ADBL,Sumeru Securities Pvt. Ltd.,Imperial Securities Company Pvt. Ltd.,118,333.4,39341.2,2025-07-29 14:19:20.933273
2025-07-29,31369,2025072901042678,ADBL,Naasa Securities Co. Ltd.,Imperial Securities Company Pvt. Ltd.,15,333.3,4999.5,2025-07-29 14:19:20.933552
2025-07-29,31368,2025072901042679,ADBL,Vision Securities Pvt. Ltd,Imperial Securities Company Pvt. Ltd.,145,333.3,48328.5,2025-07-29 14:19:20.933661
2025-07-29,31367,2025072901042680,ADBL,Primo Securities (PVT) Ltd.,Imperial Securities Company Pvt. Ltd.,124,333.3,41329.2,2025-07-29 14:19:20.933761
2025-07-29,30956,2025072901042854,ADBL,Primo Securities (PVT) Ltd.,Cristal Kanchanjanga Securites Pvt. Ltd.,75,333.3,24997.5,2025-07-29 14:20:10.402639
2025-07-29,29498,2025072901043234,ADBL,Deevyaa Securities & Stock House Pvt. Ltd,Dakshinkali Investment & Securities Pvt. Ltd.,500,333.4,166700.0,2025-07-29 14:22:46.962440
2025-07-29,29497,2025072901043235,ADBL,Dakshinkali Investment & Securities Pvt. Ltd.,Dakshinkali Investment & Securities Pvt. Ltd.,333,333.3,110988.9,2025-07-29 14:22:46.962541
2025-07-29,29496,2025072901043236,ADBL,Capital Hub P. Ltd,Dakshinkali Investment & Securities Pvt. Ltd.,500,333.2,166600.0,2025-07-29 14:22:46.962613
2025-07-29,29495,2025072901043237,ADBL,Siprabi Securities Pvt. Ltd.,Dakshinkali Investment & Securities Pvt. Ltd.,89,333.2,29654.8,2025-07-29 14:22:46.962719
2025-07-29,29494,2025072901043238,ADBL,Imperial Securities Company Pvt. Ltd.,Dakshinkali Investment & Securities Pvt. Ltd.,12,333.2,3998.4,2025-07-29 14:22:46.962813
2025-07-29,29493,2025072901043239,ADBL,Kohinoor Investment & Securities Pvt. Ltd.,Dakshinkali Investment & Securities Pvt. Ltd.,10,333.2,3332.0,2025-07-29 14:22:46.962921
2025-07-29,29492,2025072901043240,ADBL,Capital Hub P. Ltd,Dakshinkali Investment & Securities Pvt. Ltd.,500,333.1,166550.0,2025-07-29 14:22:46.963059
2025-07-29,29491,2025072901043241,ADBL,Sani Securities Company Ltd.,Dakshinkali Investment & Securities Pvt. Ltd.,120,333.1,39972.0,2025-07-29 14:22:46.963181
2025-07-29,29490,2025072901043242,ADBL,Nepal Stock House (PVT) Ltd.,Dakshinkali Investment & Securities Pvt. Ltd.,436,333.1,145231.6,2025-07-29 14:22:46.963295
2025-07-29,29183,2025072901043359,ADBL,Asian Securities Private Ltd.,Kohinoor Investment & Securities Pvt. Ltd.,10,333.9,3339.0,2025-07-29 14:23:17.306320
2025-07-29,29147,2025072901043367,ADBL,Primo Securities (PVT) Ltd.,Sundhara Securities Limited,1,333.3,333.3,2025-07-29 14:23:22.867845
2025-07-29,27135,2025072901043951,ADBL,Deevyaa Securities & Stock House Pvt. Ltd,Secured Securities Ltd.,15,334.0,5010.0,2025-07-29 14:27:16.351600
2025-07-29,27134,2025072901043952,ADBL,Trishakti Securities Public Limited,Secured Securities Ltd.,100,333.6,33360.0,2025-07-29 14:27:16.351644
2025-07-29,27133,2025072901043953,ADBL,Thrive Brokerage House Pvt. Ltd,Secured Securities Ltd.,200,333.5,66700.0,2025-07-29 14:27:16.351675
2025-07-29,27132,2025072901043954,ADBL,Kohinoor Investment & Securities Pvt. Ltd.,Secured Securities Ltd.,100,333.2,33320.0,2025-07-29 14:27:16.351703
2025-07-29,27131,2025072901043955,ADBL,Opal Securities Investment (PVT) Ltd.,Secured Securities Ltd.,85,333.2,28322.0,2025-07-29 14:27:16.351724
2025-07-29,25974,2025072901044421,ADBL,Online Securities Pvt. Ltd.,Imperial Securities Company Pvt. Ltd.,22,334.0,7348.0,2025-07-29 14:29:23.918034
2025-07-29,24208,2025072901044915,ADBL,Dakshinkali Investment & Securities Pvt. Ltd.,Sani Securities Company Ltd.,105,333.3,34996.5,2025-07-29 14:32:08.159235
2025-07-29,24136,2025072901044941,ADBL,Dakshinkali Investment & Securities Pvt. Ltd.,Opal Securities Investment (PVT) Ltd.,121,333.3,40329.3,2025-07-29 14:32:13.620577
2025-07-29,22427,2025072901045382,ADBL,Dakshinkali Investment & Securities Pvt. Ltd.,Trishakti Securities Public Limited,100,333.3,33330.0,2025-07-29 14:34:50.321909
2025-07-29,22327,2025072901045410,ADBL,Naasa Securities Co. Ltd.,Aryatara Investment & Securities,20,333.3,6666.0,2025-07-29 14:35:05.982942
2025-07-29,22257,2025072901045442,ADBL,Sri Hari Securities Pvt. Ltd.,Imperial Securities Company Pvt. Ltd.,100,334.0,33400.0,2025-07-29 14:35:14.163562
2025-07-29,22095,2025072901045473,ADBL,Naasa Securities Co. Ltd.,Imperial Securities Company Pvt. Ltd.,980,334.0,327320.0,2025-07-29 14:35:33.440541
2025-07-29,21465,2025072901045665,ADBL,Opal Securities Investment (PVT) Ltd.,Imperial Securities Company Pvt. Ltd.,1415,334.0,472610.0,2025-07-29 14:36:45.185050
2025-07-29,21251,2025072901045734,ADBL,Sewa Securities Pvt. Ltd.,Imperial Securities Company Pvt. Ltd.,1000,334.0,334000.0,2025-07-29 14:37:08.812054
2025-07-29,21191,2025072901045746,ADBL,Dakshinkali Investment & Securities Pvt. Ltd.,Imperial Securities Company Pvt. Ltd.,483,334.0,161322.0,2025-07-29 14:37:14.772837
2025-07-29,21190,2025072901045747,ADBL,Dakshinkali Investment & Securities Pvt. Ltd.,Online Securities Pvt. Ltd.,75,334.0,25050.0,2025-07-29 14:37:14.773378
2025-07-29,20797,2025072901045934,ADBL,Sri Hari Securities Pvt. Ltd.,Dipshikha Dhitopatra Karobar Co. Pvt Ltd.,51,335.0,17085.0,2025-07-29 14:37:53.876833
2025-07-29,20671,2025072901045971,ADBL,Sri Hari Securities Pvt. Ltd.,Sipla Securities Private Limited,10,335.0,3350.0,2025-07-29 14:38:10.087298
2025-07-29,20296,2025072901046091,ADBL,Malla & Malla Stock Broking Company Pvt. Limited,Premier Securities Company Ltd.,100,336.0,33600.0,2025-07-29 14:38:46.938582
2025-07-29,20295,2025072901046092,ADBL,Malla & Malla Stock Broking Company Pvt. Limited,Online Securities Pvt. Ltd.,30,337.0,10110.0,2025-07-29 14:38:46.938884
2025-07-29,19732,2025072901046279,ADBL,Dipshikha Dhitopatra Karobar Co. Pvt Ltd.,Online Securities Pvt. Ltd.,200,337.0,67400.0,2025-07-29 14:39:38.683628
2025-07-29,18705,2025072901046639,ADBL,Sri Hari Securities Pvt. Ltd.,Sani Securities Company Ltd.,56,335.0,18760.0,2025-07-29 14:41:13.381299
2025-07-29,17526,2025072901046994,ADBL,Siprabi Securities Pvt. Ltd.,Trishakti Securities Public Limited,100,335.1,33510.0,2025-07-29 14:43:03.577265
2025-07-29,17517,2025072901046996,ADBL,Sri Hari Securities Pvt. Ltd.,Oxford Securities Pvt. Ltd.,383,335.0,128305.0,2025-07-29 14:43:04.504044
2025-07-29,17320,2025072901047072,ADBL,Dipshikha Dhitopatra Karobar Co. Pvt Ltd.,Oxford Securities Pvt. Ltd.,18,335.0,6030.0,2025-07-29 14:43:24.658280
2025-07-29,17150,2025072901047154,ADBL,Kohinoor Investment & Securities Pvt. Ltd.,Oxford Securities Pvt. Ltd.,10,335.0,3350.0,2025-07-29 14:43:40.141257
2025-07-29,17110,2025072901047160,ADBL,Dakshinkali Investment & Securities Pvt. Ltd.,Trishakti Securities Public Limited,415,334.0,138610.0,2025-07-29 14:43:42.160722
2025-07-29,16161,2025072901047524,ADBL,Thrive Brokerage House Pvt. Ltd,Naasa Securities Co. Ltd.,20,334.5,6690.0,2025-07-29 14:44:55.267201
2025-07-29,15791,2025072901047698,ADBL,Secured Securities Ltd.,Oxford Securities Pvt. Ltd.,25,335.0,8375.0,2025-07-29 14:45:21.455102
2025-07-29,15769,2025072901047703,ADBL,Thrive Brokerage House Pvt. Ltd,Kumari Securities Private Limited,24,334.5,8028.0,2025-07-29 14:45:22.851123
2025-07-29,15291,2025072901047837,ADBL,Thrive Brokerage House Pvt. Ltd,Siprabi Securities Pvt. Ltd.,46,334.5,15387.0,2025-07-29 14:46:02.872858
2025-07-29,15194,2025072901047873,ADBL,KALASH STOCK MARKET PVT. LTD.,Oxford Securities Pvt. Ltd.,64,335.0,21440.0,2025-07-29 14:46:12.851347
2025-07-29,15193,2025072901047874,ADBL,KALASH STOCK MARKET PVT. LTD.,Naasa Securities Co. Ltd.,54,335.0,18090.0,2025-07-29 14:46:12.851847
2025-07-29,15192,2025072901047875,ADBL,KALASH STOCK MARKET PVT. LTD.,Primo Securities (PVT) Ltd.,60,335.0,20100.0,2025-07-29 14:46:12.852169
2025-07-29,14882,2025072901047965,ADBL,KALASH STOCK MARKET PVT. LTD.,Vision Securities Pvt. Ltd,155,335.0,51925.0,2025-07-29 14:46:38.546050
2025-07-29,13612,2025072901048392,ADBL,Naasa Securities Co. Ltd.,Agrawal Securities (PVT) Ltd.,38,336.0,12768.0,2025-07-29 14:48:29.992701
2025-07-29,13298,2025072901048511,ADBL,KALASH STOCK MARKET PVT. LTD.,Siprabi Securities Pvt. Ltd.,12,335.0,4020.0,2025-07-29 14:48:49.302554
2025-07-29,11929,2025072901048990,ADBL,KALASH STOCK MARKET PVT. LTD.,Dakshinkali Investment & Securities Pvt. Ltd.,153,335.0,51255.0,2025-07-29 14:50:39.781247
2025-07-29,11928,2025072901048991,ADBL,Neev Securities Pvt. Ltd.,Dakshinkali Investment & Securities Pvt. Ltd.,42,335.0,14070.0,2025-07-29 14:50:39.781287
2025-07-29,11927,2025072901048992,ADBL,Thrive Brokerage House Pvt. Ltd,Dakshinkali Investment & Securities Pvt. Ltd.,210,334.5,70245.0,2025-07-29 14:50:39.781318
2025-07-29,11926,2025072901048993,ADBL,Sani Securities Company Ltd.,Dakshinkali Investment & Securities Pvt. Ltd.,500,334.5,167250.0,2025-07-29 14:50:39.781347
2025-07-29,11925,2025072901048994,ADBL,Vision Securities Pvt. Ltd,Dakshinkali Investment & Securities Pvt. Ltd.,1000,334.1,334100.0,2025-07-29 14:50:39.781376
2025-07-29,11924,2025072901048995,ADBL,Dakshinkali Investment & Securities Pvt. Ltd.,Dakshinkali Investment & Securities Pvt. Ltd.,695,334.0,232130.0,2025-07-29 14:50:39.781402
2025-07-29,10730,2025072901049300,ADBL,Dakshinkali Investment & Securities Pvt. Ltd.,J.F. Securites (PVT) Ltd.,201,334.0,67134.0,2025-07-29 14:52:05.519354
2025-07-29,9994,2025072901049541,ADBL,Sajilo Broker Limited,Sajilo Broker Limited,300,335.0,100500.0,2025-07-29 14:52:47.745411
2025-07-29,8934,2025072901049893,ADBL,Sajilo Broker Limited,Dynamic Money Managers Securities Pvt. Ltd.,29,335.0,9715.0,2025-07-29 14:53:44.301150
2025-07-29,7988,2025072901050228,ADBL,Dipshikha Dhitopatra Karobar Co. Pvt Ltd.,Agrawal Securities (PVT) Ltd.,62,336.0,20832.0,2025-07-29 14:54:36.999232
2025-07-29,7987,2025072901050229,ADBL,Dipshikha Dhitopatra Karobar Co. Pvt Ltd.,Pragyan Securities (PVT) Ltd.,57,336.0,19152.0,2025-07-29 14:54:36.999531
2025-07-29,6254,2025072901050781,ADBL,Sani Securities Company Ltd.,Pragyan Securities (PVT) Ltd.,69,336.0,23184.0,2025-07-29 14:56:20.714122
2025-07-29,6253,2025072901050782,ADBL,Sani Securities Company Ltd.,Naasa Securities Co. Ltd.,316,336.6,106365.6,2025-07-29 14:56:20.714171
2025-07-29,6252,2025072901050783,ADBL,Sani Securities Company Ltd.,Creative Securities Pvt Ltd,500,336.9,168450.0,2025-07-29 14:56:20.714197
2025-07-29,6251,2025072901050784,ADBL,Sani Securities Company Ltd.,Online Securities Pvt. Ltd.,287,337.0,96719.0,2025-07-29 14:56:20.714224
2025-07-29,6250,2025072901050785,ADBL,Sani Securities Company Ltd.,Sumeru Securities Pvt. Ltd.,530,337.0,178610.0,2025-07-29 14:56:20.714272
2025-07-29,6249,2025072901050786,ADBL,Sani Securities Company Ltd.,J.F. Securites (PVT) Ltd.,149,337.0,50213.0,2025-07-29 14:56:20.714317
2025-07-29,6248,2025072901050787,ADBL,Sani Securities Company Ltd.,Pragyan Securities (PVT) Ltd.,10,337.0,3370.0,2025-07-29 14:56:20.714345
2025-07-29,6247,2025072901050788,ADBL,Sani Securities Company Ltd.,Midas Stock Broking Company Private Limited,10,337.0,3370.0,2025-07-29 14:56:20.714371
2025-07-29,6246,2025072901050789,ADBL,Sani Securities Company Ltd.,Online Securities Pvt. Ltd.,29,337.0,9773.0,2025-07-29 14:56:20.714397
2025-07-29,6047,2025072901050878,ADBL,Sajilo Broker Limited,Online Securities Pvt. Ltd.,271,335.0,90785.0,2025-07-29 14:56:30.436380
2025-07-29,6046,2025072901050879,ADBL,Vision Securities Pvt. Ltd,Online Securities Pvt. Ltd.,729,335.0,244215.0,2025-07-29 14:56:30.436637
2025-07-29,5879,2025072901050912,ADBL,Vision Securities Pvt. Ltd,Nepal Investment And Securities Trading Private Limited,30,335.0,10050.0,2025-07-29 14:56:37.337527
2025-07-29,5231,2025072901051164,ADBL,Vision Securities Pvt. Ltd,Linch Stock Market Ltd.,10,335.0,3350.0,2025-07-29 14:57:08.015250
2025-07-29,4375,2025072901051474,ADBL,Online Securities Pvt. Ltd.,Dakshinkali Investment & Securities Pvt. Ltd.,103,335.2,34525.6,2025-07-29 14:57:46.892075
2025-07-29,4235,2025072901051495,ADBL,Online Securities Pvt. Ltd.,Himalayan Brokerage Company Limited,132,335.2,44246.4,2025-07-29 14:57:53.185688
2025-07-29,3833,2025072901051610,ADBL,Neev Securities Pvt. Ltd.,Online Securities Pvt. Ltd.,200,336.0,67200.0,2025-07-29 14:58:09.000001
2025-07-29,3531,2025072901051702,ADBL,South Asian Bulls Pvt. Ltd.,Online Securities Pvt. Ltd.,800,336.0,268800.0,2025-07-29 14:58:20.222151
2025-07-29,2094,2025072901052146,ADBL,Imperial Securities Company Pvt. Ltd.,Aryatara Investment & Securities,10,336.0,3360.0,2025-07-29 14:59:10.708172
2025-07-29,702,2025072901052566,ADBL,Sani Securities Company Ltd.,Aryatara Investment & Securities,75,336.0,25200.0,2025-07-29 14:59:46.522768
2025-07-29,693,2025072901052568,ADBL,Vision Securities Pvt. Ltd,Aryatara Investment & Securities,65,336.0,21840.0,2025-07-29 14:59:46.669268
2025-07-29,692,2025072901052569,ADBL,Vision Securities Pvt. Ltd,Online Securities Pvt. Ltd.,166,336.0,55776.0,2025-07-29 14:59:46.669312
2025-07-29,525,2025072901052633,ADBL,Online Securities Pvt. Ltd.,Online Securities Pvt. Ltd.,300,336.0,100800.0,2025-07-29 14:59:50.335665
2025-07-29,488,2025072901052642,ADBL,South Asian Bulls Pvt. Ltd.,Creative Securities Pvt Ltd,300,335.7,100710.0,2025-07-29 14:59:51.242614
2025-07-29,487,2025072901052643,ADBL,Linch Stock Market Ltd.,Creative Securities Pvt Ltd,300,335.1,100530.0,2025-07-29 14:59:51.242896
2025-07-29,486,2025072901052644,ADBL,Thrive Brokerage House Pvt. Ltd,Creative Securities Pvt Ltd,400,335.0,134000.0,2025-07-29 14:59:51.243008
2025-07-29,65,2025072901052761,ADBL,Thrive Brokerage House Pvt. Ltd,Midas Stock Broking Company Private Limited,89,335.0,29815.0,2025-07-29 14:59:58.901199
