Date,S.N.,contract_id,symbol,buyer_broker,seller_broker,volume,price,amount,transaction_time
2025-07-29,155546,2025072904000341,CGH,Nepal Stock House (PVT) Ltd.,Nepal Stock House (PVT) Ltd.,50,1109.0,55450.0,2025-07-29 11:04:27.172763
2025-07-29,155410,2025072904000374,CGH,ABC Securities Private Limited,SUN SECURITIES PVT LTD,200,1110.0,222000.0,2025-07-29 11:04:40.257476
2025-07-29,155259,2025072904000414,CGH,Sagarmatha Securities Private Limited,Aryatara Investment & Securities,200,1115.0,223000.0,2025-07-29 11:04:54.798540
2025-07-29,155258,2025072904000415,CGH,Sagarmatha Securities Private Limited,Premier Securities Company Ltd.,200,1115.0,223000.0,2025-07-29 11:04:54.798675
2025-07-29,155257,2025072904000416,CGH,Sagarmatha Securities Private Limited,Ashutosh Brokerage & Securities (PVT) Ltd.,100,1119.9,111990.0,2025-07-29 11:04:54.798779
2025-07-29,155256,2025072904000417,CGH,Sagarmatha Securities Private Limited,Himalayan Securities Limited,10,1120.0,11200.0,2025-07-29 11:04:54.798887
2025-07-29,155255,2025072904000418,CGH,Sagarmatha Securities Private Limited,SUN SECURITIES PVT LTD,200,1120.0,224000.0,2025-07-29 11:04:54.799010
2025-07-29,155254,2025072904000419,CGH,Sagarmatha Securities Private Limited,N.M.B. SECURITIES LIMITED,200,1120.0,224000.0,2025-07-29 11:04:54.799111
2025-07-29,155253,2025072904000420,CGH,Sagarmatha Securities Private Limited,N.M.B. SECURITIES LIMITED,90,1120.0,100800.0,2025-07-29 11:04:54.799207
2025-07-29,153903,2025072904000741,CGH,Sagarmatha Securities Private Limited,Premier Securities Company Ltd.,50,1115.0,55750.0,2025-07-29 11:07:02.041405
2025-07-29,153902,2025072904000742,CGH,Sagarmatha Securities Private Limited,Aryatara Investment & Securities,100,1119.0,111900.0,2025-07-29 11:07:02.041516
2025-07-29,153901,2025072904000743,CGH,Sagarmatha Securities Private Limited,South Asian Bulls Pvt. Ltd.,100,1119.9,111990.0,2025-07-29 11:07:02.041561
2025-07-29,153900,2025072904000744,CGH,Sagarmatha Securities Private Limited,N.M.B. SECURITIES LIMITED,110,1120.0,123200.0,2025-07-29 11:07:02.041604
2025-07-29,153899,2025072904000745,CGH,Sagarmatha Securities Private Limited,Nepal Stock House (PVT) Ltd.,74,1120.0,82880.0,2025-07-29 11:07:02.041649
2025-07-29,153898,2025072904000746,CGH,Sagarmatha Securities Private Limited,SUN SECURITIES PVT LTD,66,1120.0,73920.0,2025-07-29 11:07:02.041732
2025-07-29,153150,2025072904000908,CGH,Vision Securities Pvt. Ltd,Linch Stock Market Ltd.,30,1113.0,33390.0,2025-07-29 11:08:05.739991
2025-07-29,152918,2025072904000985,CGH,Sagarmatha Securities Private Limited,Linch Stock Market Ltd.,170,1113.0,189210.0,2025-07-29 11:08:26.843110
2025-07-29,152474,2025072904001134,CGH,Roadshow securities limited,Kumari Securities Private Limited,10,1118.0,11180.0,2025-07-29 11:09:01.341533
2025-07-29,152473,2025072904001135,CGH,Roadshow securities limited,Creative Securities Pvt Ltd,50,1119.0,55950.0,2025-07-29 11:09:01.341669
2025-07-29,152472,2025072904001136,CGH,Roadshow securities limited,Imperial Securities Company Pvt. Ltd.,140,1119.0,156660.0,2025-07-29 11:09:01.341713
2025-07-29,152194,2025072904001227,CGH,Trisul Securities & Invt. Ltd.,Imperial Securities Company Pvt. Ltd.,60,1119.0,67140.0,2025-07-29 11:09:21.538251
2025-07-29,152192,2025072904001228,CGH,Trisul Securities & Invt. Ltd.,Dakshinkali Investment & Securities Pvt. Ltd.,10,1119.8,11198.0,2025-07-29 11:09:21.538359
2025-07-29,152191,2025072904001229,CGH,Trisul Securities & Invt. Ltd.,Sani Securities Company Ltd.,20,1119.9,22398.0,2025-07-29 11:09:21.538408
2025-07-29,152189,2025072904001230,CGH,Trisul Securities & Invt. Ltd.,KALASH STOCK MARKET PVT. LTD.,140,1119.9,156786.0,2025-07-29 11:09:21.538545
2025-07-29,152188,2025072904001231,CGH,Trisul Securities & Invt. Ltd.,Naasa Securities Co. Ltd.,10,1119.9,11199.0,2025-07-29 11:09:21.538595
2025-07-29,152187,2025072904001232,CGH,Trisul Securities & Invt. Ltd.,SUN SECURITIES PVT LTD,134,1120.0,150080.0,2025-07-29 11:09:21.538640
2025-07-29,152186,2025072904001233,CGH,Trisul Securities & Invt. Ltd.,Agrawal Securities (PVT) Ltd.,100,1120.0,112000.0,2025-07-29 11:09:21.538683
2025-07-29,152185,2025072904001234,CGH,Trisul Securities & Invt. Ltd.,Miyo Securities Pvt Ltd,100,1120.0,112000.0,2025-07-29 11:09:21.538733
2025-07-29,152184,2025072904001235,CGH,Trisul Securities & Invt. Ltd.,Magnet Securities and Investment Company Private Limited,426,1120.0,477120.0,2025-07-29 11:09:21.538778
2025-07-29,151852,2025072904001342,CGH,Premier Securities Company Ltd.,Magnet Securities and Investment Company Private Limited,74,1120.0,82880.0,2025-07-29 11:09:49.543297
2025-07-29,151851,2025072904001343,CGH,Premier Securities Company Ltd.,Siprabi Securities Pvt. Ltd.,70,1120.0,78400.0,2025-07-29 11:09:49.543517
2025-07-29,151850,2025072904001344,CGH,Premier Securities Company Ltd.,Agrawal Securities (PVT) Ltd.,156,1120.2,174751.2,2025-07-29 11:09:49.543650
2025-07-29,151438,2025072904001473,CGH,Sundhara Securities Limited,Oxford Securities Pvt. Ltd.,250,1119.0,279750.0,2025-07-29 11:10:20.773826
2025-07-29,150984,2025072904001594,CGH,Premier Securities Company Ltd.,Deevyaa Securities & Stock House Pvt. Ltd,100,1118.0,111800.0,2025-07-29 11:10:55.962829
2025-07-29,150983,2025072904001595,CGH,Premier Securities Company Ltd.,Oxford Securities Pvt. Ltd.,15,1119.0,16785.0,2025-07-29 11:10:55.962968
2025-07-29,149725,2025072904001918,CGH,Premier Securities Company Ltd.,Primo Securities (PVT) Ltd.,50,1117.9,55895.0,2025-07-29 11:12:42.657675
2025-07-29,149724,2025072904001919,CGH,Premier Securities Company Ltd.,Sani Securities Company Ltd.,30,1118.0,33540.0,2025-07-29 11:12:42.657798
2025-07-29,149723,2025072904001920,CGH,Premier Securities Company Ltd.,Sani Securities Company Ltd.,100,1118.0,111800.0,2025-07-29 11:12:42.657850
2025-07-29,149722,2025072904001921,CGH,Premier Securities Company Ltd.,Oxford Securities Pvt. Ltd.,120,1119.0,134280.0,2025-07-29 11:12:42.657902
2025-07-29,149245,2025072904002030,CGH,Premier Securities Company Ltd.,Pragyan Securities (PVT) Ltd.,100,1118.0,111800.0,2025-07-29 11:13:30.936604
2025-07-29,149244,2025072904002031,CGH,Premier Securities Company Ltd.,Oxford Securities Pvt. Ltd.,15,1119.0,16785.0,2025-07-29 11:13:30.936855
2025-07-29,149243,2025072904002032,CGH,Premier Securities Company Ltd.,Primo Securities (PVT) Ltd.,50,1119.0,55950.0,2025-07-29 11:13:30.937072
2025-07-29,149242,2025072904002033,CGH,Premier Securities Company Ltd.,Online Securities Pvt. Ltd.,235,1119.0,262965.0,2025-07-29 11:13:30.937228
2025-07-29,148989,2025072904002109,CGH,Sagarmatha Securities Private Limited,Imperial Securities Company Pvt. Ltd.,30,1113.0,33390.0,2025-07-29 11:13:53.828717
2025-07-29,148988,2025072904002110,CGH,Primo Securities (PVT) Ltd.,Imperial Securities Company Pvt. Ltd.,170,1113.0,189210.0,2025-07-29 11:13:53.828890
2025-07-29,148823,2025072904002141,CGH,Premier Securities Company Ltd.,Oxford Securities Pvt. Ltd.,10,1115.0,11150.0,2025-07-29 11:14:09.259084
2025-07-29,148750,2025072904002157,CGH,Premier Securities Company Ltd.,Indira securities pvt. ltd,10,1115.0,11150.0,2025-07-29 11:14:14.495439
2025-07-29,148664,2025072904002174,CGH,Premier Securities Company Ltd.,Kohinoor Investment & Securities Pvt. Ltd.,80,1115.0,89200.0,2025-07-29 11:14:24.704461
2025-07-29,148425,2025072904002246,CGH,Primo Securities (PVT) Ltd.,Sani Securities Company Ltd.,30,1113.0,33390.0,2025-07-29 11:14:41.634619
2025-07-29,148079,2025072904002355,CGH,ABC Securities Private Limited,Primo Securities (PVT) Ltd.,200,1112.2,222440.0,2025-07-29 11:15:13.291169
2025-07-29,148078,2025072904002356,CGH,ABC Securities Private Limited,Primo Securities (PVT) Ltd.,100,1112.1,111210.0,2025-07-29 11:15:13.291295
2025-07-29,147920,2025072904002398,CGH,ABC Securities Private Limited,ABC Securities Private Limited,100,1110.3,111030.0,2025-07-29 11:15:27.514671
2025-07-29,147856,2025072904002405,CGH,Premier Securities Company Ltd.,Primo Securities (PVT) Ltd.,200,1112.0,222400.0,2025-07-29 11:15:32.097410
2025-07-29,146846,2025072904002638,CGH,ABC Securities Private Limited,NIMB Stock Markets Limited,200,1110.2,222040.0,2025-07-29 11:17:02.459832
2025-07-29,146845,2025072904002639,CGH,Deevyaa Securities & Stock House Pvt. Ltd,NIMB Stock Markets Limited,30,1110.0,33300.0,2025-07-29 11:17:02.460096
2025-07-29,146844,2025072904002640,CGH,Naasa Securities Co. Ltd.,NIMB Stock Markets Limited,270,1110.0,299700.0,2025-07-29 11:17:02.460273
2025-07-29,146106,2025072904002817,CGH,Sani Securities Company Ltd.,Opal Securities Investment (PVT) Ltd.,500,1111.0,555500.0,2025-07-29 11:18:08.904152
2025-07-29,146082,2025072904002818,CGH,Naasa Securities Co. Ltd.,Miyo Securities Pvt Ltd,180,1110.0,199800.0,2025-07-29 11:18:10.396444
2025-07-29,146081,2025072904002819,CGH,Nepal Stock House (PVT) Ltd.,Miyo Securities Pvt Ltd,950,1109.0,1053550.0,2025-07-29 11:18:10.396484
2025-07-29,146080,2025072904002820,CGH,Imperial Securities Company Pvt. Ltd.,Miyo Securities Pvt Ltd,90,1105.0,99450.0,2025-07-29 11:18:10.396520
2025-07-29,146079,2025072904002821,CGH,Premier Securities Company Ltd.,Miyo Securities Pvt Ltd,200,1105.0,221000.0,2025-07-29 11:18:10.396548
2025-07-29,146078,2025072904002822,CGH,Deevyaa Securities & Stock House Pvt. Ltd,Miyo Securities Pvt Ltd,25,1105.0,27625.0,2025-07-29 11:18:10.396587
2025-07-29,146077,2025072904002823,CGH,Linch Stock Market Ltd.,Miyo Securities Pvt Ltd,55,1103.0,60665.0,2025-07-29 11:18:10.396610
2025-07-29,146046,2025072904002833,CGH,Linch Stock Market Ltd.,Opal Securities Investment (PVT) Ltd.,45,1103.0,49635.0,2025-07-29 11:18:13.922806
2025-07-29,146045,2025072904002834,CGH,ABC Securities Private Limited,Opal Securities Investment (PVT) Ltd.,200,1102.2,220440.0,2025-07-29 11:18:13.922870
2025-07-29,146044,2025072904002835,CGH,Sani Securities Company Ltd.,Opal Securities Investment (PVT) Ltd.,200,1101.0,220200.0,2025-07-29 11:18:13.922903
2025-07-29,146043,2025072904002836,CGH,Dynamic Money Managers Securities Pvt. Ltd.,Opal Securities Investment (PVT) Ltd.,70,1101.0,77070.0,2025-07-29 11:18:13.922928
2025-07-29,146042,2025072904002837,CGH,ABC Securities Private Limited,Opal Securities Investment (PVT) Ltd.,200,1100.1,220020.0,2025-07-29 11:18:13.922957
2025-07-29,146041,2025072904002838,CGH,Naasa Securities Co. Ltd.,Opal Securities Investment (PVT) Ltd.,50,1100.0,55000.0,2025-07-29 11:18:13.922981
2025-07-29,146040,2025072904002839,CGH,Imperial Securities Company Pvt. Ltd.,Opal Securities Investment (PVT) Ltd.,235,1100.0,258500.0,2025-07-29 11:18:13.923018
2025-07-29,144451,2025072904003206,CGH,Thrive Brokerage House Pvt. Ltd,Agrawal Securities (PVT) Ltd.,100,1101.1,110110.0,2025-07-29 11:20:50.589645
2025-07-29,144450,2025072904003207,CGH,Premier Securities Company Ltd.,Agrawal Securities (PVT) Ltd.,500,1101.0,550500.0,2025-07-29 11:20:50.589687
2025-07-29,144449,2025072904003208,CGH,J.F. Securites (PVT) Ltd.,Agrawal Securities (PVT) Ltd.,200,1100.1,220020.0,2025-07-29 11:20:50.589715
2025-07-29,144448,2025072904003209,CGH,Imperial Securities Company Pvt. Ltd.,Agrawal Securities (PVT) Ltd.,200,1100.0,220000.0,2025-07-29 11:20:50.589744
2025-07-29,143844,2025072904003321,CGH,Primo Securities (PVT) Ltd.,N.M.B. SECURITIES LIMITED,150,1100.1,165015.0,2025-07-29 11:21:42.845799
2025-07-29,143802,2025072904003333,CGH,Primo Securities (PVT) Ltd.,Nepal Stock House (PVT) Ltd.,50,1100.1,55005.0,2025-07-29 11:21:46.625220
2025-07-29,143729,2025072904003347,CGH,Capital Max Securities Ltd,Nepal Stock House (PVT) Ltd.,100,1100.1,110010.0,2025-07-29 11:21:54.660424
2025-07-29,143667,2025072904003356,CGH,Trishakti Securities Public Limited,Nepal Stock House (PVT) Ltd.,100,1100.1,110010.0,2025-07-29 11:22:00.181705
2025-07-29,143629,2025072904003361,CGH,Imperial Securities Company Pvt. Ltd.,Capital Max Securities Ltd,65,1100.0,71500.0,2025-07-29 11:22:04.704868
2025-07-29,143628,2025072904003362,CGH,Linch Stock Market Ltd.,Capital Max Securities Ltd,55,1100.0,60500.0,2025-07-29 11:22:04.705151
2025-07-29,143605,2025072904003365,CGH,Linch Stock Market Ltd.,Aryatara Investment & Securities,50,1100.0,55000.0,2025-07-29 11:22:06.308665
2025-07-29,143506,2025072904003376,CGH,Investment Management Nepal Pvt. Ltd.,Nepal Stock House (PVT) Ltd.,69,1100.1,75906.9,2025-07-29 11:22:12.143787
2025-07-29,143319,2025072904003436,CGH,Primo Securities (PVT) Ltd.,Nepal Stock House (PVT) Ltd.,200,1101.0,220200.0,2025-07-29 11:22:22.694810
2025-07-29,141891,2025072904003719,CGH,Imperial Securities Company Pvt. Ltd.,Aryatara Investment & Securities,10,1109.0,11090.0,2025-07-29 11:24:08.725362
2025-07-29,141890,2025072904003720,CGH,Imperial Securities Company Pvt. Ltd.,Market Securities & Exchange (PVT) Ltd.,200,1109.0,221800.0,2025-07-29 11:24:08.725604
2025-07-29,141889,2025072904003721,CGH,Imperial Securities Company Pvt. Ltd.,Pragyan Securities (PVT) Ltd.,109,1110.0,120990.0,2025-07-29 11:24:08.725714
2025-07-29,141888,2025072904003722,CGH,Imperial Securities Company Pvt. Ltd.,Deevyaa Securities & Stock House Pvt. Ltd,281,1110.0,311910.0,2025-07-29 11:24:08.725781
2025-07-29,140777,2025072904003986,CGH,Primo Securities (PVT) Ltd.,Imperial Securities Company Pvt. Ltd.,250,1109.0,277250.0,2025-07-29 11:25:24.931513
2025-07-29,140776,2025072904003987,CGH,Primo Securities (PVT) Ltd.,Neev Securities Pvt. Ltd.,250,1109.9,277475.0,2025-07-29 11:25:24.931674
2025-07-29,139780,2025072904004208,CGH,Sewa Securities Pvt. Ltd.,Neev Securities Pvt. Ltd.,50,1109.9,55495.0,2025-07-29 11:27:01.432369
2025-07-29,139777,2025072904004209,CGH,Malla & Malla Stock Broking Company Pvt. Limited,Linch Stock Market Ltd.,10,1104.2,11042.0,2025-07-29 11:27:02.295231
2025-07-29,139776,2025072904004210,CGH,Imperial Securities Company Pvt. Ltd.,Linch Stock Market Ltd.,100,1104.1,110410.0,2025-07-29 11:27:02.295560
2025-07-29,139775,2025072904004211,CGH,Neev Securities Pvt. Ltd.,Linch Stock Market Ltd.,90,1104.0,99360.0,2025-07-29 11:27:02.295761
2025-07-29,138698,2025072904004463,CGH,SHUBHAKAMANA SECURITIES PVT. LTD,Neev Securities Pvt. Ltd.,100,1109.9,110990.0,2025-07-29 11:28:33.355779
2025-07-29,138697,2025072904004464,CGH,SHUBHAKAMANA SECURITIES PVT. LTD,Naasa Securities Co. Ltd.,30,1109.9,33297.0,2025-07-29 11:28:33.355948
2025-07-29,138696,2025072904004465,CGH,SHUBHAKAMANA SECURITIES PVT. LTD,Deevyaa Securities & Stock House Pvt. Ltd,219,1110.0,243090.0,2025-07-29 11:28:33.356022
2025-07-29,138695,2025072904004466,CGH,SHUBHAKAMANA SECURITIES PVT. LTD,Malla & Malla Stock Broking Company Pvt. Limited,50,1110.0,55500.0,2025-07-29 11:28:33.356096
2025-07-29,138694,2025072904004467,CGH,SHUBHAKAMANA SECURITIES PVT. LTD,Siprabi Securities Pvt. Ltd.,50,1113.0,55650.0,2025-07-29 11:28:33.356172
2025-07-29,138693,2025072904004468,CGH,SHUBHAKAMANA SECURITIES PVT. LTD,Dynamic Money Managers Securities Pvt. Ltd.,151,1113.0,168063.0,2025-07-29 11:28:33.356244
2025-07-29,138561,2025072904004538,CGH,SHUBHAKAMANA SECURITIES PVT. LTD,Dynamic Money Managers Securities Pvt. Ltd.,150,1113.0,166950.0,2025-07-29 11:28:42.385362
2025-07-29,137554,2025072904004783,CGH,SHUBHAKAMANA SECURITIES PVT. LTD,Opal Securities Investment (PVT) Ltd.,100,1113.0,111300.0,2025-07-29 11:30:15.692847
2025-07-29,137553,2025072904004784,CGH,SHUBHAKAMANA SECURITIES PVT. LTD,J.F. Securites (PVT) Ltd.,55,1114.0,61270.0,2025-07-29 11:30:15.692911
2025-07-29,137552,2025072904004785,CGH,SHUBHAKAMANA SECURITIES PVT. LTD,Vision Securities Pvt. Ltd,95,1115.0,105925.0,2025-07-29 11:30:15.692936
2025-07-29,137422,2025072904004813,CGH,Vision Securities Pvt. Ltd,Sri Hari Securities Pvt. Ltd.,200,1114.0,222800.0,2025-07-29 11:30:29.665475
2025-07-29,137421,2025072904004814,CGH,Vision Securities Pvt. Ltd,Vision Securities Pvt. Ltd,800,1115.0,892000.0,2025-07-29 11:30:29.665677
2025-07-29,137147,2025072904004875,CGH,Linch Stock Market Ltd.,Opal Securities Investment (PVT) Ltd.,95,1113.0,105735.0,2025-07-29 11:30:55.896801
2025-07-29,137051,2025072904004897,CGH,Secured Securities Ltd.,Opal Securities Investment (PVT) Ltd.,5,1113.0,5565.0,2025-07-29 11:31:05.624378
2025-07-29,136872,2025072904004941,CGH,Trisul Securities & Invt. Ltd.,Aakashbhairab Securities Ltd.,500,1106.0,553000.0,2025-07-29 11:31:24.147948
2025-07-29,135063,2025072904005332,CGH,Primo Securities (PVT) Ltd.,Market Securities & Exchange (PVT) Ltd.,10,1107.1,11071.0,2025-07-29 11:33:53.261209
2025-07-29,134903,2025072904005391,CGH,Primo Securities (PVT) Ltd.,Sharepro Securities Private Limited,490,1107.1,542479.0,2025-07-29 11:34:06.741219
2025-07-29,134902,2025072904005392,CGH,Trademow Securities Private Limited,Sharepro Securities Private Limited,175,1106.0,193550.0,2025-07-29 11:34:06.741264
2025-07-29,134901,2025072904005393,CGH,Trademow Securities Private Limited,Sharepro Securities Private Limited,500,1106.0,553000.0,2025-07-29 11:34:06.741297
2025-07-29,134900,2025072904005394,CGH,Sagarmatha Securities Private Limited,Sharepro Securities Private Limited,335,1106.0,370510.0,2025-07-29 11:34:06.741336
2025-07-29,134741,2025072904005432,CGH,Sagarmatha Securities Private Limited,ABC Securities Private Limited,150,1106.0,165900.0,2025-07-29 11:34:21.796812
2025-07-29,134636,2025072904005451,CGH,Vision Securities Pvt. Ltd,Vision Securities Pvt. Ltd,50,1110.0,55500.0,2025-07-29 11:34:32.354139
2025-07-29,134631,2025072904005452,CGH,Nagarik Stock Dealer ,Vision Securities Pvt. Ltd,400,1110.0,444000.0,2025-07-29 11:34:33.041499
2025-07-29,134529,2025072904005495,CGH,Malla & Malla Stock Broking Company Pvt. Limited,Vision Securities Pvt. Ltd,200,1110.0,222000.0,2025-07-29 11:34:43.435817
2025-07-29,134026,2025072904005602,CGH,Sagarmatha Securities Private Limited,Online Securities Pvt. Ltd.,10,1106.0,11060.0,2025-07-29 11:35:30.479813
2025-07-29,133505,2025072904005691,CGH,Vision Securities Pvt. Ltd,Dynamic Money Managers Securities Pvt. Ltd.,100,1109.9,110990.0,2025-07-29 11:36:08.909574
2025-07-29,133216,2025072904005768,CGH,ABC Securities Private Limited,Dynamic Money Managers Securities Pvt. Ltd.,100,1109.9,110990.0,2025-07-29 11:36:28.994499
2025-07-29,133215,2025072904005769,CGH,ABC Securities Private Limited,Vision Securities Pvt. Ltd,350,1110.0,388500.0,2025-07-29 11:36:28.994727
2025-07-29,133214,2025072904005770,CGH,ABC Securities Private Limited,Naasa Securities Co. Ltd.,50,1110.0,55500.0,2025-07-29 11:36:28.994805
2025-07-29,133041,2025072904005811,CGH,ABC Securities Private Limited,Naasa Securities Co. Ltd.,10,1110.0,11100.0,2025-07-29 11:36:44.150674
2025-07-29,133040,2025072904005812,CGH,ABC Securities Private Limited,Sweta Securities Private Limited,10,1110.0,11100.0,2025-07-29 11:36:44.150906
2025-07-29,133039,2025072904005813,CGH,ABC Securities Private Limited,Neev Securities Pvt. Ltd.,200,1112.0,222400.0,2025-07-29 11:36:44.150987
2025-07-29,133038,2025072904005814,CGH,ABC Securities Private Limited,Thrive Brokerage House Pvt. Ltd,10,1113.0,11130.0,2025-07-29 11:36:44.151087
2025-07-29,133037,2025072904005815,CGH,ABC Securities Private Limited,Opal Securities Investment (PVT) Ltd.,100,1113.0,111300.0,2025-07-29 11:36:44.151160
2025-07-29,133036,2025072904005816,CGH,ABC Securities Private Limited,Sani Securities Company Ltd.,100,1113.0,111300.0,2025-07-29 11:36:44.151235
2025-07-29,133035,2025072904005817,CGH,ABC Securities Private Limited,Dynamic Money Managers Securities Pvt. Ltd.,10,1113.0,11130.0,2025-07-29 11:36:44.151307
2025-07-29,132896,2025072904005841,CGH,ABC Securities Private Limited,Primo Securities (PVT) Ltd.,50,1113.0,55650.0,2025-07-29 11:37:00.202685
2025-07-29,132233,2025072904005977,CGH,Online Securities Pvt. Ltd.,Vision Securities Pvt. Ltd,105,1115.0,117075.0,2025-07-29 11:37:51.526307
2025-07-29,132232,2025072904005978,CGH,Online Securities Pvt. Ltd.,Online Securities Pvt. Ltd.,10,1115.0,11150.0,2025-07-29 11:37:51.526552
2025-07-29,132231,2025072904005979,CGH,Online Securities Pvt. Ltd.,Blue Chip Securities Ltd,50,1115.0,55750.0,2025-07-29 11:37:51.526626
2025-07-29,132230,2025072904005980,CGH,Online Securities Pvt. Ltd.,Sumeru Securities Pvt. Ltd.,10,1115.0,11150.0,2025-07-29 11:37:51.526704
2025-07-29,132229,2025072904005981,CGH,Online Securities Pvt. Ltd.,Aryatara Investment & Securities,105,1115.0,117075.0,2025-07-29 11:37:51.526781
2025-07-29,132107,2025072904005996,CGH,Siprabi Securities Pvt. Ltd.,Aryatara Investment & Securities,10,1115.0,11150.0,2025-07-29 11:38:00.417596
2025-07-29,131970,2025072904006044,CGH,ABC Securities Private Limited,Naasa Securities Co. Ltd.,10,1113.0,11130.0,2025-07-29 11:38:11.702175
2025-07-29,131969,2025072904006045,CGH,Deevyaa Securities & Stock House Pvt. Ltd,Naasa Securities Co. Ltd.,250,1106.0,276500.0,2025-07-29 11:38:11.702366
2025-07-29,131968,2025072904006046,CGH,Trishakti Securities Public Limited,Naasa Securities Co. Ltd.,240,1106.0,265440.0,2025-07-29 11:38:11.702443
2025-07-29,130359,2025072904006404,CGH,Bhrikuti Stock Broking Co. Pvt. Ltd.,Sundhara Securities Limited,10,1110.0,11100.0,2025-07-29 11:40:25.219206
2025-07-29,129395,2025072904006640,CGH,Bhrikuti Stock Broking Co. Pvt. Ltd.,KALASH STOCK MARKET PVT. LTD.,90,1114.0,100260.0,2025-07-29 11:41:54.515876
2025-07-29,128900,2025072904006775,CGH,Online Securities Pvt. Ltd.,KALASH STOCK MARKET PVT. LTD.,50,1114.0,55700.0,2025-07-29 11:42:40.788781
2025-07-29,128899,2025072904006776,CGH,Online Securities Pvt. Ltd.,South Asian Bulls Pvt. Ltd.,10,1114.0,11140.0,2025-07-29 11:42:40.789163
2025-07-29,128898,2025072904006777,CGH,Online Securities Pvt. Ltd.,Thrive Brokerage House Pvt. Ltd,90,1114.0,100260.0,2025-07-29 11:42:40.789430
2025-07-29,128897,2025072904006778,CGH,Online Securities Pvt. Ltd.,K.B.L. Securities Limited ,50,1114.0,55700.0,2025-07-29 11:42:40.789665
2025-07-29,127276,2025072904007153,CGH,Online Securities Pvt. Ltd.,Thrive Brokerage House Pvt. Ltd,110,1112.0,122320.0,2025-07-29 11:44:57.776623
2025-07-29,127048,2025072904007210,CGH,Online Securities Pvt. Ltd.,Dipshikha Dhitopatra Karobar Co. Pvt Ltd.,300,1112.0,333600.0,2025-07-29 11:45:16.963080
2025-07-29,126022,2025072904007456,CGH,Oxford Securities Pvt. Ltd.,ABC Securities Private Limited,40,1113.0,44520.0,2025-07-29 11:46:39.016707
2025-07-29,126021,2025072904007457,CGH,Oxford Securities Pvt. Ltd.,Nepal Stock House (PVT) Ltd.,50,1113.5,55675.0,2025-07-29 11:46:39.016983
2025-07-29,126020,2025072904007458,CGH,Oxford Securities Pvt. Ltd.,Naasa Securities Co. Ltd.,20,1114.9,22298.0,2025-07-29 11:46:39.017079
2025-07-29,126019,2025072904007459,CGH,Oxford Securities Pvt. Ltd.,Aryatara Investment & Securities,35,1115.0,39025.0,2025-07-29 11:46:39.017163
2025-07-29,126018,2025072904007460,CGH,Oxford Securities Pvt. Ltd.,Trishakti Securities Public Limited,355,1115.0,395825.0,2025-07-29 11:46:39.017257
2025-07-29,125901,2025072904007481,CGH,Magnet Securities and Investment Company Private Limited,Trishakti Securities Public Limited,145,1115.0,161675.0,2025-07-29 11:46:50.187037
2025-07-29,125900,2025072904007482,CGH,Magnet Securities and Investment Company Private Limited,Sani Securities Company Ltd.,90,1115.0,100350.0,2025-07-29 11:46:50.187474
2025-07-29,125899,2025072904007483,CGH,Magnet Securities and Investment Company Private Limited,Himalayan Brokerage Company Limited,25,1115.0,27875.0,2025-07-29 11:46:50.187651
2025-07-29,125898,2025072904007484,CGH,Magnet Securities and Investment Company Private Limited,Trishakti Securities Public Limited,70,1115.0,78050.0,2025-07-29 11:46:50.187735
2025-07-29,125786,2025072904007504,CGH,Online Securities Pvt. Ltd.,ABC Securities Private Limited,10,1112.0,11120.0,2025-07-29 11:46:58.025089
2025-07-29,125620,2025072904007547,CGH,Online Securities Pvt. Ltd.,Swarna Laxmi Securities Pvt. Ltd.,70,1112.0,77840.0,2025-07-29 11:47:12.161289
2025-07-29,125357,2025072904007604,CGH,Online Securities Pvt. Ltd.,Naasa Securities Co. Ltd.,101,1112.0,112312.0,2025-07-29 11:47:36.980830
2025-07-29,123304,2025072904007928,CGH,Sani Securities Company Ltd.,Kohinoor Investment & Securities Pvt. Ltd.,10,1111.0,11110.0,2025-07-29 11:50:36.602451
2025-07-29,123303,2025072904007929,CGH,Oxford Securities Pvt. Ltd.,Kohinoor Investment & Securities Pvt. Ltd.,90,1111.0,99990.0,2025-07-29 11:50:36.602697
2025-07-29,123235,2025072904007942,CGH,Indira securities pvt. ltd,Sri Hari Securities Pvt. Ltd.,10,1111.1,11111.0,2025-07-29 11:50:44.291667
2025-07-29,122785,2025072904008043,CGH,Indira securities pvt. ltd,Kalika Securities Pvt. Ltd.,70,1111.1,77777.0,2025-07-29 11:51:22.768717
2025-07-29,122626,2025072904008075,CGH,Online Securities Pvt. Ltd.,Naasa Securities Co. Ltd.,11,1112.9,12241.9,2025-07-29 11:51:37.488214
2025-07-29,122581,2025072904008084,CGH,Indira securities pvt. ltd,Trisul Securities & Invt. Ltd.,20,1111.1,22222.0,2025-07-29 11:51:42.152985
2025-07-29,122580,2025072904008085,CGH,Oxford Securities Pvt. Ltd.,Trisul Securities & Invt. Ltd.,230,1111.0,255530.0,2025-07-29 11:51:42.153255
2025-07-29,122579,2025072904008086,CGH,KALASH STOCK MARKET PVT. LTD.,Trisul Securities & Invt. Ltd.,50,1111.0,55550.0,2025-07-29 11:51:42.153393
2025-07-29,122524,2025072904008110,CGH,KALASH STOCK MARKET PVT. LTD.,Trisul Securities & Invt. Ltd.,50,1111.0,55550.0,2025-07-29 11:51:47.191060
2025-07-29,122422,2025072904008158,CGH,Naasa Securities Co. Ltd.,Bhrikuti Stock Broking Co. Pvt. Ltd.,1000,1109.0,1109000.0,2025-07-29 11:51:59.545964
2025-07-29,122274,2025072904008191,CGH,Naasa Securities Co. Ltd.,Agrawal Securities (PVT) Ltd.,30,1109.0,33270.0,2025-07-29 11:52:13.554774
2025-07-29,122243,2025072904008195,CGH,Naasa Securities Co. Ltd.,Trisul Securities & Invt. Ltd.,190,1109.0,210710.0,2025-07-29 11:52:17.449722
2025-07-29,121477,2025072904008348,CGH,Kalika Securities Pvt. Ltd.,Sundhara Securities Limited,10,1113.0,11130.0,2025-07-29 11:53:22.911389
2025-07-29,120403,2025072904008516,CGH,Oxford Securities Pvt. Ltd.,Opal Securities Investment (PVT) Ltd.,100,1114.0,111400.0,2025-07-29 11:55:03.982018
2025-07-29,120137,2025072904008568,CGH,Kalika Securities Pvt. Ltd.,Cristal Kanchanjanga Securites Pvt. Ltd.,10,1113.0,11130.0,2025-07-29 11:55:23.891172
2025-07-29,120136,2025072904008569,CGH,Online Securities Pvt. Ltd.,Cristal Kanchanjanga Securites Pvt. Ltd.,50,1113.0,55650.0,2025-07-29 11:55:23.891415
2025-07-29,119682,2025072904008615,CGH,Kalika Securities Pvt. Ltd.,Naasa Securities Co. Ltd.,20,1114.0,22280.0,2025-07-29 11:55:51.709639
2025-07-29,119598,2025072904008640,CGH,Opal Securities Investment (PVT) Ltd.,K.B.L. Securities Limited ,100,1112.0,111200.0,2025-07-29 11:55:58.836901
2025-07-29,119555,2025072904008649,CGH,Opal Securities Investment (PVT) Ltd.,Miyo Securities Pvt Ltd,35,1112.0,38920.0,2025-07-29 11:56:03.211386
2025-07-29,119554,2025072904008650,CGH,Oxford Securities Pvt. Ltd.,Miyo Securities Pvt Ltd,50,1110.3,55515.0,2025-07-29 11:56:03.211440
2025-07-29,119553,2025072904008651,CGH,Online Securities Pvt. Ltd.,Miyo Securities Pvt Ltd,146,1110.2,162089.2,2025-07-29 11:56:03.211468
2025-07-29,119552,2025072904008652,CGH,Premier Securities Company Ltd.,Miyo Securities Pvt Ltd,100,1110.2,111020.0,2025-07-29 11:56:03.211495
2025-07-29,119551,2025072904008653,CGH,Naasa Securities Co. Ltd.,Miyo Securities Pvt Ltd,1000,1110.1,1110100.0,2025-07-29 11:56:03.211517
2025-07-29,119550,2025072904008654,CGH,Imperial Securities Company Pvt. Ltd.,Miyo Securities Pvt Ltd,1169,1110.0,1297590.0,2025-07-29 11:56:03.211538
2025-07-29,118635,2025072904008814,CGH,Imperial Securities Company Pvt. Ltd.,Vision Securities Pvt. Ltd,10,1110.0,11100.0,2025-07-29 11:57:14.073578
2025-07-29,118557,2025072904008834,CGH,Imperial Securities Company Pvt. Ltd.,K.B.L. Securities Limited ,21,1110.0,23310.0,2025-07-29 11:57:25.187163
2025-07-29,118556,2025072904008835,CGH,Oxford Securities Pvt. Ltd.,K.B.L. Securities Limited ,20,1110.0,22200.0,2025-07-29 11:57:25.187624
2025-07-29,118555,2025072904008836,CGH,Premier Securities Company Ltd.,K.B.L. Securities Limited ,100,1109.2,110920.0,2025-07-29 11:57:25.187891
2025-07-29,118554,2025072904008837,CGH,Naasa Securities Co. Ltd.,K.B.L. Securities Limited ,209,1109.0,231781.0,2025-07-29 11:57:25.188140
2025-07-29,118136,2025072904008913,CGH,Naasa Securities Co. Ltd.,Linch Stock Market Ltd.,71,1109.0,78739.0,2025-07-29 11:57:57.969525
2025-07-29,118135,2025072904008914,CGH,Sani Securities Company Ltd.,Linch Stock Market Ltd.,10,1109.0,11090.0,2025-07-29 11:57:57.969782
2025-07-29,118134,2025072904008915,CGH,Sagarmatha Securities Private Limited,Linch Stock Market Ltd.,10,1109.0,11090.0,2025-07-29 11:57:57.969875
2025-07-29,118133,2025072904008916,CGH,ABC Securities Private Limited,Linch Stock Market Ltd.,109,1108.3,120804.7,2025-07-29 11:57:57.969976
2025-07-29,117366,2025072904009074,CGH,Online Securities Pvt. Ltd.,Sweta Securities Private Limited,5,1113.0,5565.0,2025-07-29 11:58:52.921196
2025-07-29,116473,2025072904009261,CGH,Imperial Securities Company Pvt. Ltd.,Sundhara Securities Limited,26,1111.0,28886.0,2025-07-29 11:59:57.825821
2025-07-29,116017,2025072904009322,CGH,Imperial Securities Company Pvt. Ltd.,Sundhara Securities Limited,150,1111.0,166650.0,2025-07-29 12:00:20.272440
2025-07-29,114587,2025072904009543,CGH,Online Securities Pvt. Ltd.,Asian Securities Private Ltd.,50,1110.0,55500.0,2025-07-29 12:01:47.779832
2025-07-29,114547,2025072904009545,CGH,Capital Max Securities Ltd,Asian Securities Private Ltd.,10,1110.0,11100.0,2025-07-29 12:01:48.763942
2025-07-29,113266,2025072904009805,CGH,ABC Securities Private Limited,Sri Hari Securities Pvt. Ltd.,91,1108.3,100855.3,2025-07-29 12:03:13.347832
2025-07-29,113207,2025072904009810,CGH,S.P.S.A. Securities Limited,Asian Securities Private Ltd.,40,1110.0,44400.0,2025-07-29 12:03:16.779822
2025-07-29,112171,2025072904009984,CGH,Imperial Securities Company Pvt. Ltd.,N.M.B. SECURITIES LIMITED,30,1110.0,33300.0,2025-07-29 12:04:17.551254
2025-07-29,111966,2025072904010002,CGH,Nepal Stock House (PVT) Ltd.,N.M.B. SECURITIES LIMITED,140,1110.0,155400.0,2025-07-29 12:04:30.614482
2025-07-29,111965,2025072904010003,CGH,Nepal Stock House (PVT) Ltd.,Sundhara Securities Limited,24,1111.0,26664.0,2025-07-29 12:04:30.614728
2025-07-29,111964,2025072904010004,CGH,Nepal Stock House (PVT) Ltd.,Naasa Securities Co. Ltd.,10,1111.0,11110.0,2025-07-29 12:04:30.614829
2025-07-29,111615,2025072904010113,CGH,Nepal Stock House (PVT) Ltd.,Dynamic Money Managers Securities Pvt. Ltd.,220,1111.0,244420.0,2025-07-29 12:04:51.078472
2025-07-29,110800,2025072904010260,CGH,Kohinoor Investment & Securities Pvt. Ltd.,Agrawal Securities (PVT) Ltd.,50,1112.0,55600.0,2025-07-29 12:05:44.768255
2025-07-29,110000,2025072904010405,CGH,Midas Stock Broking Company Private Limited,Cristal Kanchanjanga Securites Pvt. Ltd.,500,1110.0,555000.0,2025-07-29 12:06:33.512410
2025-07-29,108780,2025072904010616,CGH,Premier Securities Company Ltd.,NIMB Stock Markets Limited,500,1111.0,555500.0,2025-07-29 12:07:44.964864
2025-07-29,108503,2025072904010661,CGH,Sri Hari Securities Pvt. Ltd.,Nepal Stock House (PVT) Ltd.,100,1112.0,111200.0,2025-07-29 12:08:02.203886
2025-07-29,108502,2025072904010662,CGH,Sri Hari Securities Pvt. Ltd.,NIMB Stock Markets Limited,100,1112.0,111200.0,2025-07-29 12:08:02.204146
2025-07-29,108444,2025072904010683,CGH,Naasa Securities Co. Ltd.,NIMB Stock Markets Limited,400,1112.0,444800.0,2025-07-29 12:08:06.346446
2025-07-29,108443,2025072904010684,CGH,Naasa Securities Co. Ltd.,Dynamic Money Managers Securities Pvt. Ltd.,19,1113.0,21147.0,2025-07-29 12:08:06.346556
2025-07-29,108442,2025072904010685,CGH,Naasa Securities Co. Ltd.,Naasa Securities Co. Ltd.,30,1114.0,33420.0,2025-07-29 12:08:06.346636
2025-07-29,108441,2025072904010686,CGH,Naasa Securities Co. Ltd.,Naasa Securities Co. Ltd.,40,1114.0,44560.0,2025-07-29 12:08:06.346712
2025-07-29,108440,2025072904010687,CGH,Naasa Securities Co. Ltd.,Vision Securities Pvt. Ltd,100,1114.7,111470.0,2025-07-29 12:08:06.346792
2025-07-29,108439,2025072904010688,CGH,Naasa Securities Co. Ltd.,Vision Securities Pvt. Ltd,11,1114.8,12262.8,2025-07-29 12:08:06.346871
2025-07-29,108306,2025072904010717,CGH,Naasa Securities Co. Ltd.,Vision Securities Pvt. Ltd,89,1114.8,99217.2,2025-07-29 12:08:16.047366
2025-07-29,108305,2025072904010718,CGH,Naasa Securities Co. Ltd.,Bhrikuti Stock Broking Co. Pvt. Ltd.,200,1114.8,222960.0,2025-07-29 12:08:16.047409
2025-07-29,108304,2025072904010719,CGH,Naasa Securities Co. Ltd.,Capital Hub P. Ltd,20,1114.9,22298.0,2025-07-29 12:08:16.047438
2025-07-29,108303,2025072904010720,CGH,Naasa Securities Co. Ltd.,K.B.L. Securities Limited ,220,1114.9,245278.0,2025-07-29 12:08:16.047463
2025-07-29,108302,2025072904010721,CGH,Naasa Securities Co. Ltd.,Trishakti Securities Public Limited,30,1115.0,33450.0,2025-07-29 12:08:16.047491
2025-07-29,108301,2025072904010722,CGH,Naasa Securities Co. Ltd.,Indira securities pvt. ltd,10,1115.0,11150.0,2025-07-29 12:08:16.047516
2025-07-29,108300,2025072904010723,CGH,Naasa Securities Co. Ltd.,Trisul Securities & Invt. Ltd.,100,1115.0,111500.0,2025-07-29 12:08:16.047551
2025-07-29,108299,2025072904010724,CGH,Naasa Securities Co. Ltd.,Shree Krishna Securities Ltd.,10,1115.0,11150.0,2025-07-29 12:08:16.047610
2025-07-29,108298,2025072904010725,CGH,Naasa Securities Co. Ltd.,Himalayan Brokerage Company Limited,400,1115.0,446000.0,2025-07-29 12:08:16.047667
2025-07-29,108297,2025072904010726,CGH,Naasa Securities Co. Ltd.,Premier Securities Company Ltd.,21,1115.0,23415.0,2025-07-29 12:08:16.047690
2025-07-29,107185,2025072904010909,CGH,Vision Securities Pvt. Ltd,Premier Securities Company Ltd.,29,1115.0,32335.0,2025-07-29 12:09:23.827026
2025-07-29,107184,2025072904010910,CGH,Vision Securities Pvt. Ltd,Cristal Kanchanjanga Securites Pvt. Ltd.,271,1115.0,302165.0,2025-07-29 12:09:23.827519
2025-07-29,106862,2025072904010959,CGH,Premier Securities Company Ltd.,Cristal Kanchanjanga Securites Pvt. Ltd.,229,1115.0,255335.0,2025-07-29 12:09:47.372016
2025-07-29,106451,2025072904011009,CGH,Opal Securities Investment (PVT) Ltd.,Siprabi Securities Pvt. Ltd.,10,1116.0,11160.0,2025-07-29 12:10:06.409008
2025-07-29,106450,2025072904011010,CGH,Opal Securities Investment (PVT) Ltd.,Aryatara Investment & Securities,10,1116.0,11160.0,2025-07-29 12:10:06.409249
2025-07-29,106327,2025072904011031,CGH,Opal Securities Investment (PVT) Ltd.,Sewa Securities Pvt. Ltd.,80,1116.0,89280.0,2025-07-29 12:10:14.660833
2025-07-29,106325,2025072904011032,CGH,Premier Securities Company Ltd.,Sewa Securities Pvt. Ltd.,20,1115.0,22300.0,2025-07-29 12:10:14.661279
2025-07-29,105894,2025072904011097,CGH,Sani Securities Company Ltd.,Naasa Securities Co. Ltd.,10,1116.9,11169.0,2025-07-29 12:10:44.786038
2025-07-29,105893,2025072904011098,CGH,Sani Securities Company Ltd.,Naasa Securities Co. Ltd.,10,1117.0,11170.0,2025-07-29 12:10:44.786099
2025-07-29,105892,2025072904011099,CGH,Sani Securities Company Ltd.,Himalayan Brokerage Company Limited,30,1117.0,33510.0,2025-07-29 12:10:44.786129
2025-07-29,105613,2025072904011141,CGH,Premier Securities Company Ltd.,Kohinoor Investment & Securities Pvt. Ltd.,10,1116.0,11160.0,2025-07-29 12:10:59.996032
2025-07-29,105089,2025072904011260,CGH,Premier Securities Company Ltd.,Agrawal Securities (PVT) Ltd.,90,1116.0,100440.0,2025-07-29 12:11:28.757392
2025-07-29,104674,2025072904011336,CGH,Premier Securities Company Ltd.,Agrawal Securities (PVT) Ltd.,751,1116.0,838116.0,2025-07-29 12:11:58.522594
2025-07-29,104594,2025072904011365,CGH,Sundhara Securities Limited,Agrawal Securities (PVT) Ltd.,150,1116.0,167400.0,2025-07-29 12:12:06.129851
2025-07-29,104593,2025072904011366,CGH,Sundhara Securities Limited,Oxford Securities Pvt. Ltd.,10,1116.0,11160.0,2025-07-29 12:12:06.130385
2025-07-29,104467,2025072904011390,CGH,Sundhara Securities Limited,Trishakti Securities Public Limited,20,1116.0,22320.0,2025-07-29 12:12:13.794745
2025-07-29,104261,2025072904011425,CGH,Sundhara Securities Limited,Global IME Securities Limited,320,1116.0,357120.0,2025-07-29 12:12:31.875242
2025-07-29,104260,2025072904011426,CGH,Secured Securities Ltd.,Global IME Securities Limited,250,1116.0,279000.0,2025-07-29 12:12:31.875547
2025-07-29,104259,2025072904011427,CGH,Naasa Securities Co. Ltd.,Global IME Securities Limited,150,1115.0,167250.0,2025-07-29 12:12:31.875645
2025-07-29,104258,2025072904011428,CGH,Sani Securities Company Ltd.,Global IME Securities Limited,180,1113.0,200340.0,2025-07-29 12:12:31.875740
2025-07-29,103311,2025072904011672,CGH,Dipshikha Dhitopatra Karobar Co. Pvt Ltd.,Midas Stock Broking Company Private Limited,22,1115.0,24530.0,2025-07-29 12:13:38.759472
2025-07-29,101250,2025072904012104,CGH,Cristal Kanchanjanga Securites Pvt. Ltd.,Aryatara Investment & Securities,100,1116.9,111690.0,2025-07-29 12:16:06.110754
2025-07-29,100763,2025072904012246,CGH,Sweta Securities Private Limited,Aryatara Investment & Securities,100,1116.9,111690.0,2025-07-29 12:16:36.532439
2025-07-29,100600,2025072904012289,CGH,Primo Securities (PVT) Ltd.,Sweta Securities Private Limited,20,1115.1,22302.0,2025-07-29 12:16:52.851190
2025-07-29,100599,2025072904012290,CGH,Sri Hari Securities Pvt. Ltd.,Sweta Securities Private Limited,80,1115.1,89208.0,2025-07-29 12:16:52.851238
2025-07-29,100135,2025072904012379,CGH,Dipshikha Dhitopatra Karobar Co. Pvt Ltd.,Market Securities & Exchange (PVT) Ltd.,78,1115.0,86970.0,2025-07-29 12:17:28.689944
2025-07-29,100134,2025072904012380,CGH,ABC Securities Private Limited,Market Securities & Exchange (PVT) Ltd.,49,1115.0,54635.0,2025-07-29 12:17:28.690223
2025-07-29,100133,2025072904012381,CGH,Nepal Stock House (PVT) Ltd.,Market Securities & Exchange (PVT) Ltd.,200,1115.0,223000.0,2025-07-29 12:17:28.690342
2025-07-29,99858,2025072904012434,CGH,Premier Securities Company Ltd.,Market Securities & Exchange (PVT) Ltd.,472,1115.0,526280.0,2025-07-29 12:17:53.902581
2025-07-29,99615,2025072904012480,CGH,Premier Securities Company Ltd.,Dynamic Money Managers Securities Pvt. Ltd.,528,1115.0,588720.0,2025-07-29 12:18:15.584849
2025-07-29,99614,2025072904012481,CGH,Sani Securities Company Ltd.,Dynamic Money Managers Securities Pvt. Ltd.,320,1113.0,356160.0,2025-07-29 12:18:15.585100
2025-07-29,99613,2025072904012482,CGH,Sundhara Securities Limited,Dynamic Money Managers Securities Pvt. Ltd.,100,1112.1,111210.0,2025-07-29 12:18:15.585201
2025-07-29,99612,2025072904012483,CGH,ABC Securities Private Limited,Dynamic Money Managers Securities Pvt. Ltd.,52,1112.1,57829.2,2025-07-29 12:18:15.585299
2025-07-29,99130,2025072904012599,CGH,ABC Securities Private Limited,Sri Hari Securities Pvt. Ltd.,448,1112.1,498220.8,2025-07-29 12:18:53.822964
2025-07-29,99129,2025072904012600,CGH,Online Securities Pvt. Ltd.,Sri Hari Securities Pvt. Ltd.,572,1112.0,636064.0,2025-07-29 12:18:53.823166
2025-07-29,96618,2025072904013117,CGH,Online Securities Pvt. Ltd.,Ashutosh Brokerage & Securities (PVT) Ltd.,10,1112.0,11120.0,2025-07-29 12:21:42.666778
2025-07-29,96492,2025072904013144,CGH,Online Securities Pvt. Ltd.,Naasa Securities Co. Ltd.,53,1112.0,58936.0,2025-07-29 12:21:51.961040
2025-07-29,96361,2025072904013182,CGH,Online Securities Pvt. Ltd.,Sewa Securities Pvt. Ltd.,10,1112.0,11120.0,2025-07-29 12:22:02.041083
2025-07-29,95817,2025072904013286,CGH,Online Securities Pvt. Ltd.,Dakshinkali Investment & Securities Pvt. Ltd.,18,1112.0,20016.0,2025-07-29 12:22:32.634589
2025-07-29,95764,2025072904013296,CGH,Online Securities Pvt. Ltd.,Dakshinkali Investment & Securities Pvt. Ltd.,10,1112.0,11120.0,2025-07-29 12:22:36.677448
2025-07-29,95459,2025072904013352,CGH,Online Securities Pvt. Ltd.,Oxford Securities Pvt. Ltd.,200,1112.0,222400.0,2025-07-29 12:22:56.409634
2025-07-29,94755,2025072904013518,CGH,Online Securities Pvt. Ltd.,Ashutosh Brokerage & Securities (PVT) Ltd.,280,1112.0,311360.0,2025-07-29 12:23:45.903342
2025-07-29,94716,2025072904013533,CGH,Online Securities Pvt. Ltd.,Global IME Securities Limited,847,1112.0,941864.0,2025-07-29 12:23:48.244345
2025-07-29,94715,2025072904013534,CGH,Linch Stock Market Ltd.,Global IME Securities Limited,50,1112.0,55600.0,2025-07-29 12:23:48.244584
2025-07-29,94356,2025072904013599,CGH,Sani Securities Company Ltd.,Global IME Securities Limited,170,1112.0,189040.0,2025-07-29 12:24:19.075523
2025-07-29,94334,2025072904013615,CGH,Nepal Stock House (PVT) Ltd.,Naasa Securities Co. Ltd.,20,1111.0,22220.0,2025-07-29 12:24:20.008816
2025-07-29,93960,2025072904013709,CGH,Nepal Stock House (PVT) Ltd.,South Asian Bulls Pvt. Ltd.,180,1111.0,199980.0,2025-07-29 12:24:46.359870
2025-07-29,93668,2025072904013771,CGH,Midas Stock Broking Company Private Limited,Malla & Malla Stock Broking Company Pvt. Limited,90,1110.0,99900.0,2025-07-29 12:25:07.008582
2025-07-29,93667,2025072904013772,CGH,Online Securities Pvt. Ltd.,Malla & Malla Stock Broking Company Pvt. Limited,10,1110.0,11100.0,2025-07-29 12:25:07.009086
2025-07-29,93604,2025072904013790,CGH,Himalayan Brokerage Company Limited,Global IME Securities Limited,150,1110.0,166500.0,2025-07-29 12:25:11.701122
2025-07-29,93603,2025072904013791,CGH,Trisul Securities & Invt. Ltd.,Global IME Securities Limited,90,1110.0,99900.0,2025-07-29 12:25:11.701404
2025-07-29,93602,2025072904013792,CGH,Oxford Securities Pvt. Ltd.,Global IME Securities Limited,30,1110.0,33300.0,2025-07-29 12:25:11.701518
2025-07-29,93601,2025072904013793,CGH,Sri Hari Securities Pvt. Ltd.,Global IME Securities Limited,30,1110.0,33300.0,2025-07-29 12:25:11.701621
2025-07-29,93089,2025072904013936,CGH,Imperial Securities Company Pvt. Ltd.,Trisul Securities & Invt. Ltd.,100,1108.2,110820.0,2025-07-29 12:25:47.982695
2025-07-29,93088,2025072904013937,CGH,Imperial Securities Company Pvt. Ltd.,Trisul Securities & Invt. Ltd.,70,1108.2,77574.0,2025-07-29 12:25:47.982947
2025-07-29,93087,2025072904013938,CGH,Sri Hari Securities Pvt. Ltd.,Trisul Securities & Invt. Ltd.,100,1108.1,110810.0,2025-07-29 12:25:47.983063
2025-07-29,93086,2025072904013939,CGH,Imperial Securities Company Pvt. Ltd.,Trisul Securities & Invt. Ltd.,100,1108.1,110810.0,2025-07-29 12:25:47.983169
2025-07-29,93085,2025072904013940,CGH,Imperial Securities Company Pvt. Ltd.,Trisul Securities & Invt. Ltd.,80,1108.1,88648.0,2025-07-29 12:25:47.983332
2025-07-29,93084,2025072904013941,CGH,Creative Securities Pvt Ltd,Trisul Securities & Invt. Ltd.,50,1108.0,55400.0,2025-07-29 12:25:47.983439
2025-07-29,92392,2025072904014154,CGH,Creative Securities Pvt Ltd,South Asian Bulls Pvt. Ltd.,120,1108.0,132960.0,2025-07-29 12:26:41.938704
2025-07-29,92330,2025072904014157,CGH,Creative Securities Pvt Ltd,Dipshikha Dhitopatra Karobar Co. Pvt Ltd.,330,1108.0,365640.0,2025-07-29 12:26:44.942881
2025-07-29,92194,2025072904014188,CGH,Naasa Securities Co. Ltd.,Dipshikha Dhitopatra Karobar Co. Pvt Ltd.,100,1107.0,110700.0,2025-07-29 12:26:52.078237
2025-07-29,89101,2025072904014982,CGH,Kalika Securities Pvt. Ltd.,Vision Securities Pvt. Ltd,50,1107.3,55365.0,2025-07-29 12:30:36.102619
2025-07-29,89019,2025072904014998,CGH,Kalika Securities Pvt. Ltd.,Sharepro Securities Private Limited,100,1107.3,110730.0,2025-07-29 12:30:45.693256
2025-07-29,89018,2025072904014999,CGH,Neev Securities Pvt. Ltd.,Sharepro Securities Private Limited,630,1107.2,697536.0,2025-07-29 12:30:45.693307
2025-07-29,89017,2025072904015000,CGH,Capital Max Securities Ltd,Sharepro Securities Private Limited,130,1107.0,143910.0,2025-07-29 12:30:45.693345
2025-07-29,89016,2025072904015001,CGH,Premier Securities Company Ltd.,Sharepro Securities Private Limited,100,1106.8,110680.0,2025-07-29 12:30:45.693371
2025-07-29,89015,2025072904015002,CGH,Trishakti Securities Public Limited,Sharepro Securities Private Limited,40,1106.0,44240.0,2025-07-29 12:30:45.693404
2025-07-29,88564,2025072904015133,CGH,BHOLE GANESH SECURITIES LTD,Siprabi Securities Pvt. Ltd.,200,1106.8,221360.0,2025-07-29 12:31:23.305253
2025-07-29,88269,2025072904015200,CGH,BHOLE GANESH SECURITIES LTD,Siprabi Securities Pvt. Ltd.,150,1106.8,166020.0,2025-07-29 12:31:49.996862
2025-07-29,88104,2025072904015232,CGH,Trishakti Securities Public Limited,Kohinoor Investment & Securities Pvt. Ltd.,220,1106.0,243320.0,2025-07-29 12:32:06.218694
2025-07-29,88103,2025072904015233,CGH,Naasa Securities Co. Ltd.,Kohinoor Investment & Securities Pvt. Ltd.,100,1106.0,110600.0,2025-07-29 12:32:06.219184
2025-07-29,88102,2025072904015234,CGH,Premier Securities Company Ltd.,Kohinoor Investment & Securities Pvt. Ltd.,50,1106.0,55300.0,2025-07-29 12:32:06.219504
2025-07-29,88101,2025072904015235,CGH,Naasa Securities Co. Ltd.,Kohinoor Investment & Securities Pvt. Ltd.,50,1106.0,55300.0,2025-07-29 12:32:06.219819
2025-07-29,88100,2025072904015236,CGH,Cristal Kanchanjanga Securites Pvt. Ltd.,Kohinoor Investment & Securities Pvt. Ltd.,100,1106.0,110600.0,2025-07-29 12:32:06.220139
2025-07-29,88099,2025072904015237,CGH,Magnet Securities and Investment Company Private Limited,Kohinoor Investment & Securities Pvt. Ltd.,50,1105.1,55255.0,2025-07-29 12:32:06.220457
2025-07-29,88098,2025072904015238,CGH,Asian Securities Private Ltd.,Kohinoor Investment & Securities Pvt. Ltd.,500,1105.1,552550.0,2025-07-29 12:32:06.220765
2025-07-29,88097,2025072904015239,CGH,Premier Securities Company Ltd.,Kohinoor Investment & Securities Pvt. Ltd.,200,1105.0,221000.0,2025-07-29 12:32:06.221064
2025-07-29,88096,2025072904015240,CGH,Naasa Securities Co. Ltd.,Kohinoor Investment & Securities Pvt. Ltd.,730,1105.0,806650.0,2025-07-29 12:32:06.221387
2025-07-29,88018,2025072904015274,CGH,Naasa Securities Co. Ltd.,Siprabi Securities Pvt. Ltd.,200,1105.0,221000.0,2025-07-29 12:32:12.931605
2025-07-29,87690,2025072904015347,CGH,Naasa Securities Co. Ltd.,Dakshinkali Investment & Securities Pvt. Ltd.,70,1105.0,77350.0,2025-07-29 12:32:42.815285
2025-07-29,87689,2025072904015348,CGH,SHUBHAKAMANA SECURITIES PVT. LTD,Dakshinkali Investment & Securities Pvt. Ltd.,130,1104.1,143533.0,2025-07-29 12:32:42.815824
2025-07-29,87650,2025072904015356,CGH,SHUBHAKAMANA SECURITIES PVT. LTD,Sani Securities Company Ltd.,170,1104.1,187697.0,2025-07-29 12:32:46.542033
2025-07-29,87649,2025072904015357,CGH,Neev Securities Pvt. Ltd.,Sani Securities Company Ltd.,10,1104.0,11040.0,2025-07-29 12:32:46.542353
2025-07-29,87648,2025072904015358,CGH,Online Securities Pvt. Ltd.,Sani Securities Company Ltd.,100,1102.0,110200.0,2025-07-29 12:32:46.542470
2025-07-29,87647,2025072904015359,CGH,Kohinoor Investment & Securities Pvt. Ltd.,Sani Securities Company Ltd.,100,1101.1,110110.0,2025-07-29 12:32:46.542572
2025-07-29,87646,2025072904015360,CGH,Agrawal Securities (PVT) Ltd.,Sani Securities Company Ltd.,100,1101.0,110100.0,2025-07-29 12:32:46.542679
2025-07-29,87645,2025072904015361,CGH,Kumari Securities Private Limited,Sani Securities Company Ltd.,250,1101.0,275250.0,2025-07-29 12:32:46.542779
2025-07-29,87644,2025072904015362,CGH,Kumari Securities Private Limited,Sani Securities Company Ltd.,250,1101.0,275250.0,2025-07-29 12:32:46.542880
2025-07-29,87643,2025072904015363,CGH,Midas Stock Broking Company Private Limited,Sani Securities Company Ltd.,450,1100.2,495090.0,2025-07-29 12:32:46.542982
2025-07-29,87642,2025072904015364,CGH,Naasa Securities Co. Ltd.,Sani Securities Company Ltd.,2000,1100.1,2200200.0,2025-07-29 12:32:46.543073
2025-07-29,87641,2025072904015365,CGH,Nepal Stock House (PVT) Ltd.,Sani Securities Company Ltd.,50,1100.0,55000.0,2025-07-29 12:32:46.543171
2025-07-29,87640,2025072904015366,CGH,Online Securities Pvt. Ltd.,Sani Securities Company Ltd.,272,1100.0,299200.0,2025-07-29 12:32:46.543268
2025-07-29,87639,2025072904015367,CGH,Trisul Securities & Invt. Ltd.,Sani Securities Company Ltd.,100,1100.0,110000.0,2025-07-29 12:32:46.543371
2025-07-29,87638,2025072904015368,CGH,Online Securities Pvt. Ltd.,Sani Securities Company Ltd.,182,1100.0,200200.0,2025-07-29 12:32:46.543462
2025-07-29,87637,2025072904015369,CGH,Nepal Stock House (PVT) Ltd.,Sani Securities Company Ltd.,50,1100.0,55000.0,2025-07-29 12:32:46.543557
2025-07-29,87636,2025072904015370,CGH,Naasa Securities Co. Ltd.,Sani Securities Company Ltd.,100,1100.0,110000.0,2025-07-29 12:32:46.543652
2025-07-29,87635,2025072904015371,CGH,Midas Stock Broking Company Private Limited,Sani Securities Company Ltd.,40,1100.0,44000.0,2025-07-29 12:32:46.543743
2025-07-29,87634,2025072904015372,CGH,Primo Securities (PVT) Ltd.,Sani Securities Company Ltd.,10,1100.0,11000.0,2025-07-29 12:32:46.543848
2025-07-29,87633,2025072904015373,CGH,Himalayan Brokerage Company Limited,Sani Securities Company Ltd.,766,1100.0,842600.0,2025-07-29 12:32:46.543946
2025-07-29,87357,2025072904015446,CGH,Himalayan Brokerage Company Limited,Secured Securities Ltd.,234,1100.0,257400.0,2025-07-29 12:33:10.876464
2025-07-29,87356,2025072904015447,CGH,Agrawal Securities (PVT) Ltd.,Secured Securities Ltd.,10,1100.0,11000.0,2025-07-29 12:33:10.876710
2025-07-29,87355,2025072904015448,CGH,Nepal Stock House (PVT) Ltd.,Secured Securities Ltd.,30,1100.0,33000.0,2025-07-29 12:33:10.876818
2025-07-29,87354,2025072904015449,CGH,Online Securities Pvt. Ltd.,Secured Securities Ltd.,126,1100.0,138600.0,2025-07-29 12:33:10.876919
2025-07-29,87308,2025072904015458,CGH,Online Securities Pvt. Ltd.,Thrive Brokerage House Pvt. Ltd,200,1100.0,220000.0,2025-07-29 12:33:14.941609
2025-07-29,86455,2025072904015638,CGH,Sundhara Securities Limited,Premier Securities Company Ltd.,100,1100.1,110010.0,2025-07-29 12:34:34.947880
2025-07-29,86454,2025072904015639,CGH,Online Securities Pvt. Ltd.,Premier Securities Company Ltd.,400,1100.0,440000.0,2025-07-29 12:34:34.947921
2025-07-29,85914,2025072904015776,CGH,Online Securities Pvt. Ltd.,Dipshikha Dhitopatra Karobar Co. Pvt Ltd.,22,1100.0,24200.0,2025-07-29 12:35:27.385888
2025-07-29,85651,2025072904015851,CGH,Nepal Stock House (PVT) Ltd.,Midas Stock Broking Company Private Limited,50,1105.0,55250.0,2025-07-29 12:35:52.481867
2025-07-29,85267,2025072904015936,CGH,Nepal Stock House (PVT) Ltd.,Arun Securities (PVT) Ltd.,10,1105.0,11050.0,2025-07-29 12:36:35.225127
2025-07-29,85072,2025072904015968,CGH,Nepal Stock House (PVT) Ltd.,Pragyan Securities (PVT) Ltd.,10,1105.0,11050.0,2025-07-29 12:36:46.815064
2025-07-29,84919,2025072904016018,CGH,Nepal Stock House (PVT) Ltd.,South Asian Bulls Pvt. Ltd.,100,1105.0,110500.0,2025-07-29 12:37:04.432536
2025-07-29,84807,2025072904016044,CGH,Nepal Stock House (PVT) Ltd.,Nepal Stock House (PVT) Ltd.,30,1105.0,33150.0,2025-07-29 12:37:18.380544
2025-07-29,84416,2025072904016172,CGH,Cristal Kanchanjanga Securites Pvt. Ltd.,Oxford Securities Pvt. Ltd.,10,1103.0,11030.0,2025-07-29 12:37:55.435069
2025-07-29,83459,2025072904016388,CGH,BHOLE GANESH SECURITIES LTD,Dakshinkali Investment & Securities Pvt. Ltd.,50,1105.0,55250.0,2025-07-29 12:39:30.183531
2025-07-29,83293,2025072904016434,CGH,Cristal Kanchanjanga Securites Pvt. Ltd.,Dakshinkali Investment & Securities Pvt. Ltd.,90,1105.0,99450.0,2025-07-29 12:39:41.827279
2025-07-29,82760,2025072904016558,CGH,Online Securities Pvt. Ltd.,Midas Stock Broking Company Private Limited,10,1104.0,11040.0,2025-07-29 12:40:38.318732
2025-07-29,82759,2025072904016559,CGH,Online Securities Pvt. Ltd.,Dakshinkali Investment & Securities Pvt. Ltd.,60,1105.0,66300.0,2025-07-29 12:40:38.319009
2025-07-29,82758,2025072904016560,CGH,Online Securities Pvt. Ltd.,Capital Max Securities Ltd,130,1105.9,143767.0,2025-07-29 12:40:38.319148
2025-07-29,81725,2025072904016774,CGH,Kohinoor Investment & Securities Pvt. Ltd.,Capital Max Securities Ltd,50,1105.9,55295.0,2025-07-29 12:42:05.743971
2025-07-29,81671,2025072904016813,CGH,Vision Securities Pvt. Ltd,Midas Stock Broking Company Private Limited,100,1105.0,110500.0,2025-07-29 12:42:08.852729
2025-07-29,81530,2025072904016836,CGH,Vision Securities Pvt. Ltd,Dynamic Money Managers Securities Pvt. Ltd.,40,1105.0,44200.0,2025-07-29 12:42:23.898379
2025-07-29,81529,2025072904016837,CGH,Online Securities Pvt. Ltd.,Dynamic Money Managers Securities Pvt. Ltd.,10,1105.0,11050.0,2025-07-29 12:42:23.898645
2025-07-29,81528,2025072904016838,CGH,Imperial Securities Company Pvt. Ltd.,Dynamic Money Managers Securities Pvt. Ltd.,100,1104.1,110410.0,2025-07-29 12:42:23.898758
2025-07-29,81527,2025072904016839,CGH,Kohinoor Investment & Securities Pvt. Ltd.,Dynamic Money Managers Securities Pvt. Ltd.,200,1104.0,220800.0,2025-07-29 12:42:23.898865
2025-07-29,81526,2025072904016840,CGH,Himalayan Brokerage Company Limited,Dynamic Money Managers Securities Pvt. Ltd.,200,1103.1,220620.0,2025-07-29 12:42:23.898973
2025-07-29,81525,2025072904016841,CGH,Midas Stock Broking Company Private Limited,Dynamic Money Managers Securities Pvt. Ltd.,200,1102.0,220400.0,2025-07-29 12:42:23.899081
2025-07-29,81524,2025072904016842,CGH,Online Securities Pvt. Ltd.,Dynamic Money Managers Securities Pvt. Ltd.,250,1101.0,275250.0,2025-07-29 12:42:23.899180
2025-07-29,80162,2025072904017089,CGH,Online Securities Pvt. Ltd.,Sani Securities Company Ltd.,100,1101.0,110100.0,2025-07-29 12:44:30.698340
2025-07-29,79997,2025072904017114,CGH,Vision Securities Pvt. Ltd,Vision Securities Pvt. Ltd,3000,1102.0,3306000.0,2025-07-29 12:44:45.375531
2025-07-29,79286,2025072904017273,CGH,Sri Hari Securities Pvt. Ltd.,Kohinoor Investment & Securities Pvt. Ltd.,83,1104.0,91632.0,2025-07-29 12:45:55.881568
2025-07-29,78617,2025072904017412,CGH,Capital Max Securities Ltd,Asian Securities Private Ltd.,10,1101.5,11015.0,2025-07-29 12:46:59.150542
2025-07-29,78441,2025072904017450,CGH,Linch Stock Market Ltd.,Siprabi Securities Pvt. Ltd.,10,1105.0,11050.0,2025-07-29 12:47:15.843581
2025-07-29,78440,2025072904017451,CGH,Linch Stock Market Ltd.,South Asian Bulls Pvt. Ltd.,40,1105.0,44200.0,2025-07-29 12:47:15.843864
2025-07-29,78318,2025072904017493,CGH,Aryatara Investment & Securities,South Asian Bulls Pvt. Ltd.,50,1105.0,55250.0,2025-07-29 12:47:26.342625
2025-07-29,78225,2025072904017520,CGH,Magnet Securities and Investment Company Private Limited,ABC Securities Private Limited,10,1102.0,11020.0,2025-07-29 12:47:36.226794
2025-07-29,77433,2025072904017692,CGH,Creative Securities Pvt Ltd,South Asian Bulls Pvt. Ltd.,10,1105.0,11050.0,2025-07-29 12:49:01.416258
2025-07-29,77432,2025072904017693,CGH,Creative Securities Pvt Ltd,Sipla Securities Private Limited,10,1105.0,11050.0,2025-07-29 12:49:01.416615
2025-07-29,77314,2025072904017721,CGH,Cristal Kanchanjanga Securites Pvt. Ltd.,Capital Max Securities Ltd,20,1105.9,22118.0,2025-07-29 12:49:15.816573
2025-07-29,77313,2025072904017722,CGH,Cristal Kanchanjanga Securites Pvt. Ltd.,Linch Stock Market Ltd.,80,1106.0,88480.0,2025-07-29 12:49:15.817154
2025-07-29,76901,2025072904017809,CGH,Premier Securities Company Ltd.,Linch Stock Market Ltd.,20,1106.0,22120.0,2025-07-29 12:50:01.179492
2025-07-29,76844,2025072904017819,CGH,Arun Securities (PVT) Ltd.,Sundhara Securities Limited,80,1106.5,88520.0,2025-07-29 12:50:11.660468
2025-07-29,76843,2025072904017820,CGH,Arun Securities (PVT) Ltd.,Siprabi Securities Pvt. Ltd.,50,1106.8,55340.0,2025-07-29 12:50:11.660743
2025-07-29,76842,2025072904017821,CGH,Arun Securities (PVT) Ltd.,Capital Max Securities Ltd,200,1107.9,221580.0,2025-07-29 12:50:11.660858
2025-07-29,76690,2025072904017858,CGH,Arun Securities (PVT) Ltd.,Secured Securities Ltd.,10,1107.9,11079.0,2025-07-29 12:50:31.867571
2025-07-29,76568,2025072904017903,CGH,Premier Securities Company Ltd.,Sani Securities Company Ltd.,50,1108.0,55400.0,2025-07-29 12:50:43.583108
2025-07-29,76385,2025072904017940,CGH,Arun Securities (PVT) Ltd.,Dipshikha Dhitopatra Karobar Co. Pvt Ltd.,160,1109.9,177584.0,2025-07-29 12:51:11.803501
2025-07-29,76314,2025072904017948,CGH,Premier Securities Company Ltd.,Indira securities pvt. ltd,10,1108.0,11080.0,2025-07-29 12:51:20.347268
2025-07-29,76313,2025072904017949,CGH,Creative Securities Pvt Ltd,Indira securities pvt. ltd,80,1105.0,88400.0,2025-07-29 12:51:20.347339
2025-07-29,76312,2025072904017950,CGH,Asian Securities Private Ltd.,Indira securities pvt. ltd,210,1104.0,231840.0,2025-07-29 12:51:20.347364
2025-07-29,76212,2025072904017995,CGH,Nagarik Stock Dealer ,Dipshikha Dhitopatra Karobar Co. Pvt Ltd.,10,1109.9,11099.0,2025-07-29 12:51:29.779130
2025-07-29,76211,2025072904017996,CGH,Nagarik Stock Dealer ,Himalayan Securities Limited,10,1109.9,11099.0,2025-07-29 12:51:29.779748
2025-07-29,76210,2025072904017997,CGH,Nagarik Stock Dealer ,South Asian Bulls Pvt. Ltd.,10,1110.0,11100.0,2025-07-29 12:51:29.780277
2025-07-29,76209,2025072904017998,CGH,Nagarik Stock Dealer ,Online Securities Pvt. Ltd.,10,1110.0,11100.0,2025-07-29 12:51:29.780795
2025-07-29,76156,2025072904018013,CGH,Nagarik Stock Dealer ,Trisul Securities & Invt. Ltd.,200,1110.0,222000.0,2025-07-29 12:51:35.477902
2025-07-29,75748,2025072904018087,CGH,Cristal Kanchanjanga Securites Pvt. Ltd.,Imperial Securities Company Pvt. Ltd.,100,1111.0,111100.0,2025-07-29 12:52:15.005595
2025-07-29,75479,2025072904018128,CGH,Asian Securities Private Ltd.,Naasa Securities Co. Ltd.,25,1111.0,27775.0,2025-07-29 12:52:54.511359
2025-07-29,75439,2025072904018137,CGH,Linch Stock Market Ltd.,Global IME Securities Limited,250,1112.0,278000.0,2025-07-29 12:52:58.444925
2025-07-29,75356,2025072904018148,CGH,Asian Securities Private Ltd.,Trisul Securities & Invt. Ltd.,65,1111.0,72215.0,2025-07-29 12:53:11.443656
2025-07-29,75355,2025072904018149,CGH,Nagarik Stock Dealer ,Trisul Securities & Invt. Ltd.,1235,1110.0,1370850.0,2025-07-29 12:53:11.443926
2025-07-29,75169,2025072904018176,CGH,Nagarik Stock Dealer ,Oxford Securities Pvt. Ltd.,100,1110.0,111000.0,2025-07-29 12:53:33.477424
2025-07-29,74900,2025072904018247,CGH,Nagarik Stock Dealer ,Neev Securities Pvt. Ltd.,60,1110.0,66600.0,2025-07-29 12:54:07.364728
2025-07-29,74482,2025072904018337,CGH,Nagarik Stock Dealer ,Himalayan Brokerage Company Limited,300,1110.0,333000.0,2025-07-29 12:54:47.844869
2025-07-29,73991,2025072904018414,CGH,Nagarik Stock Dealer ,Capital Max Securities Ltd,100,1110.0,111000.0,2025-07-29 12:55:37.805060
2025-07-29,73876,2025072904018435,CGH,Nagarik Stock Dealer ,Trisul Securities & Invt. Ltd.,1500,1110.0,1665000.0,2025-07-29 12:55:50.724848
2025-07-29,73715,2025072904018482,CGH,Nagarik Stock Dealer ,Sani Securities Company Ltd.,500,1110.0,555000.0,2025-07-29 12:56:10.098464
2025-07-29,73645,2025072904018496,CGH,Nagarik Stock Dealer ,Sani Securities Company Ltd.,10,1110.0,11100.0,2025-07-29 12:56:19.292226
2025-07-29,73435,2025072904018532,CGH,Nagarik Stock Dealer ,Agrawal Securities (PVT) Ltd.,270,1110.0,299700.0,2025-07-29 12:56:36.646749
2025-07-29,73343,2025072904018555,CGH,Nagarik Stock Dealer ,Oxford Securities Pvt. Ltd.,100,1110.0,111000.0,2025-07-29 12:56:52.629600
2025-07-29,73315,2025072904018569,CGH,Nagarik Stock Dealer ,Dynamic Money Managers Securities Pvt. Ltd.,40,1110.0,44400.0,2025-07-29 12:56:55.676396
2025-07-29,73286,2025072904018577,CGH,Nagarik Stock Dealer ,Global IME Securities Limited,545,1110.0,604950.0,2025-07-29 12:56:59.895249
2025-07-29,73285,2025072904018578,CGH,South Asian Bulls Pvt. Ltd.,Global IME Securities Limited,100,1110.0,111000.0,2025-07-29 12:56:59.895741
2025-07-29,70467,2025072904019131,CGH,Online Securities Pvt. Ltd.,South Asian Bulls Pvt. Ltd.,50,1105.0,55250.0,2025-07-29 13:01:26.977860
2025-07-29,70187,2025072904019182,CGH,Trisul Securities & Invt. Ltd.,Siprabi Securities Pvt. Ltd.,10,1108.0,11080.0,2025-07-29 13:01:56.825049
2025-07-29,70186,2025072904019183,CGH,Trisul Securities & Invt. Ltd.,Dakshinkali Investment & Securities Pvt. Ltd.,25,1109.0,27725.0,2025-07-29 13:01:56.825158
2025-07-29,70185,2025072904019184,CGH,Trisul Securities & Invt. Ltd.,Neev Securities Pvt. Ltd.,315,1109.0,349335.0,2025-07-29 13:01:56.825231
2025-07-29,70184,2025072904019185,CGH,Trisul Securities & Invt. Ltd.,Global IME Securities Limited,38,1110.0,42180.0,2025-07-29 13:01:56.825298
2025-07-29,70183,2025072904019186,CGH,Trisul Securities & Invt. Ltd.,Vision Securities Pvt. Ltd,612,1110.0,679320.0,2025-07-29 13:01:56.825395
2025-07-29,69840,2025072904019268,CGH,Sani Securities Company Ltd.,Arun Securities (PVT) Ltd.,10,1103.1,11031.0,2025-07-29 13:02:38.930654
2025-07-29,69457,2025072904019342,CGH,Asian Securities Private Ltd.,Ashutosh Brokerage & Securities (PVT) Ltd.,110,1109.9,122089.0,2025-07-29 13:03:17.550583
2025-07-29,69456,2025072904019343,CGH,Asian Securities Private Ltd.,Vision Securities Pvt. Ltd,88,1110.0,97680.0,2025-07-29 13:03:17.550914
2025-07-29,69455,2025072904019344,CGH,Asian Securities Private Ltd.,Aryatara Investment & Securities,10,1110.0,11100.0,2025-07-29 13:03:17.551041
2025-07-29,69454,2025072904019345,CGH,Asian Securities Private Ltd.,ABC Securities Private Limited,192,1110.0,213120.0,2025-07-29 13:03:17.551157
2025-07-29,68985,2025072904019453,CGH,Nabil Stock Dealer Ltd.,ABC Securities Private Limited,308,1110.0,341880.0,2025-07-29 13:04:10.759209
2025-07-29,68984,2025072904019454,CGH,Nabil Stock Dealer Ltd.,Imperial Securities Company Pvt. Ltd.,10,1110.0,11100.0,2025-07-29 13:04:10.759812
2025-07-29,68983,2025072904019455,CGH,Nabil Stock Dealer Ltd.,INDEX SECURITIES LIMITED,10,1110.0,11100.0,2025-07-29 13:04:10.760181
2025-07-29,68982,2025072904019456,CGH,Nabil Stock Dealer Ltd.,Sweta Securities Private Limited,200,1110.0,222000.0,2025-07-29 13:04:10.760544
2025-07-29,68981,2025072904019457,CGH,Nabil Stock Dealer Ltd.,Global IME Securities Limited,10,1110.0,11100.0,2025-07-29 13:04:10.760892
2025-07-29,68980,2025072904019458,CGH,Nabil Stock Dealer Ltd.,Midas Stock Broking Company Private Limited,10,1110.0,11100.0,2025-07-29 13:04:10.761222
2025-07-29,68979,2025072904019459,CGH,Nabil Stock Dealer Ltd.,Bhrikuti Stock Broking Co. Pvt. Ltd.,40,1110.0,44400.0,2025-07-29 13:04:10.761581
2025-07-29,68978,2025072904019460,CGH,Nabil Stock Dealer Ltd.,Sani Securities Company Ltd.,412,1110.0,457320.0,2025-07-29 13:04:10.761924
2025-07-29,67383,2025072904019818,CGH,Aryatara Investment & Securities,Sani Securities Company Ltd.,88,1110.0,97680.0,2025-07-29 13:07:30.995419
2025-07-29,67382,2025072904019819,CGH,Aryatara Investment & Securities,Imperial Securities Company Pvt. Ltd.,10,1110.0,11100.0,2025-07-29 13:07:30.995988
2025-07-29,66863,2025072904019944,CGH,Sundhara Securities Limited,ABC Securities Private Limited,30,1106.0,33180.0,2025-07-29 13:08:30.183719
2025-07-29,66607,2025072904019986,CGH,Sundhara Securities Limited,Sundhara Securities Limited,10,1106.0,11060.0,2025-07-29 13:09:05.965392
2025-07-29,66314,2025072904020045,CGH,Sani Securities Company Ltd.,Vision Securities Pvt. Ltd,100,1110.0,111000.0,2025-07-29 13:09:48.271707
2025-07-29,63521,2025072904020671,CGH,Deevyaa Securities & Stock House Pvt. Ltd,Kohinoor Investment & Securities Pvt. Ltd.,50,1109.9,55495.0,2025-07-29 13:15:33.295117
2025-07-29,63520,2025072904020672,CGH,Deevyaa Securities & Stock House Pvt. Ltd,Secured Securities Ltd.,10,1110.0,11100.0,2025-07-29 13:15:33.295475
2025-07-29,63519,2025072904020673,CGH,Deevyaa Securities & Stock House Pvt. Ltd,Imperial Securities Company Pvt. Ltd.,190,1110.0,210900.0,2025-07-29 13:15:33.295603
2025-07-29,63139,2025072904020781,CGH,Nepal Stock House (PVT) Ltd.,South Asian Bulls Pvt. Ltd.,50,1107.0,55350.0,2025-07-29 13:15:58.294589
2025-07-29,62449,2025072904020942,CGH,Naasa Securities Co. Ltd.,Vision Securities Pvt. Ltd,2,1099.0,2198.0,2025-07-29 13:17:18.735554
2025-07-29,58408,2025072904021788,CGH,Kalika Securities Pvt. Ltd.,Asian Securities Private Ltd.,70,1108.0,77560.0,2025-07-29 13:25:34.394522
2025-07-29,58407,2025072904021789,CGH,Kalika Securities Pvt. Ltd.,Online Securities Pvt. Ltd.,10,1108.0,11080.0,2025-07-29 13:25:34.394882
2025-07-29,58406,2025072904021790,CGH,Kalika Securities Pvt. Ltd.,Dipshikha Dhitopatra Karobar Co. Pvt Ltd.,20,1108.0,22160.0,2025-07-29 13:25:34.395032
2025-07-29,58316,2025072904021813,CGH,Cristal Kanchanjanga Securites Pvt. Ltd.,Dipshikha Dhitopatra Karobar Co. Pvt Ltd.,100,1108.0,110800.0,2025-07-29 13:25:48.962903
2025-07-29,58102,2025072904021876,CGH,Sani Securities Company Ltd.,Dipshikha Dhitopatra Karobar Co. Pvt Ltd.,100,1107.0,110700.0,2025-07-29 13:26:20.047911
2025-07-29,58101,2025072904021877,CGH,Sundhara Securities Limited,Dipshikha Dhitopatra Karobar Co. Pvt Ltd.,50,1106.0,55300.0,2025-07-29 13:26:20.047956
2025-07-29,58100,2025072904021878,CGH,Sani Securities Company Ltd.,Dipshikha Dhitopatra Karobar Co. Pvt Ltd.,78,1106.0,86268.0,2025-07-29 13:26:20.047988
2025-07-29,58099,2025072904021879,CGH,Capital Max Securities Ltd,Dipshikha Dhitopatra Karobar Co. Pvt Ltd.,90,1105.5,99495.0,2025-07-29 13:26:20.048016
2025-07-29,58098,2025072904021880,CGH,Dipshikha Dhitopatra Karobar Co. Pvt Ltd.,Dipshikha Dhitopatra Karobar Co. Pvt Ltd.,282,1105.1,311638.2,2025-07-29 13:26:20.048046
2025-07-29,56831,2025072904022071,CGH,Dynamic Money Managers Securities Pvt. Ltd.,Trisul Securities & Invt. Ltd.,20,1107.0,22140.0,2025-07-29 13:29:12.819512
2025-07-29,56585,2025072904022171,CGH,Nepal Investment And Securities Trading Private Limited,Dipshikha Dhitopatra Karobar Co. Pvt Ltd.,10,1108.0,11080.0,2025-07-29 13:29:42.727628
2025-07-29,56454,2025072904022216,CGH,Deevyaa Securities & Stock House Pvt. Ltd,Dipshikha Dhitopatra Karobar Co. Pvt Ltd.,30,1108.0,33240.0,2025-07-29 13:30:00.882482
2025-07-29,56337,2025072904022235,CGH,Dynamic Money Managers Securities Pvt. Ltd.,Imperial Securities Company Pvt. Ltd.,10,1107.0,11070.0,2025-07-29 13:30:15.273072
2025-07-29,56084,2025072904022297,CGH,Dynamic Money Managers Securities Pvt. Ltd.,Sumeru Securities Pvt. Ltd.,20,1107.0,22140.0,2025-07-29 13:30:54.366366
2025-07-29,56083,2025072904022298,CGH,Nepal Stock House (PVT) Ltd.,Sumeru Securities Pvt. Ltd.,80,1107.0,88560.0,2025-07-29 13:30:54.366705
2025-07-29,55890,2025072904022344,CGH,Nepal Stock House (PVT) Ltd.,Naasa Securities Co. Ltd.,20,1107.0,22140.0,2025-07-29 13:31:23.134343
2025-07-29,55889,2025072904022345,CGH,Online Securities Pvt. Ltd.,Naasa Securities Co. Ltd.,35,1107.0,38745.0,2025-07-29 13:31:23.134715
2025-07-29,55505,2025072904022433,CGH,ABC Securities Private Limited,Malla & Malla Stock Broking Company Pvt. Limited,10,1105.1,11051.0,2025-07-29 13:32:17.479999
2025-07-29,54966,2025072904022554,CGH,ABC Securities Private Limited,Neev Securities Pvt. Ltd.,10,1105.1,11051.0,2025-07-29 13:33:19.446378
2025-07-29,54679,2025072904022600,CGH,ABC Securities Private Limited,J.F. Securites (PVT) Ltd.,10,1105.1,11051.0,2025-07-29 13:33:46.648022
2025-07-29,54375,2025072904022654,CGH,ABC Securities Private Limited,Linch Stock Market Ltd.,10,1105.1,11051.0,2025-07-29 13:34:18.600369
2025-07-29,54206,2025072904022697,CGH,ABC Securities Private Limited,Naasa Securities Co. Ltd.,45,1105.1,49729.5,2025-07-29 13:34:39.657977
2025-07-29,52354,2025072904023172,CGH,ABC Securities Private Limited,Bhrikuti Stock Broking Co. Pvt. Ltd.,40,1105.1,44204.0,2025-07-29 13:37:41.736993
2025-07-29,52353,2025072904023173,CGH,Aryatara Investment & Securities,Bhrikuti Stock Broking Co. Pvt. Ltd.,60,1105.0,66300.0,2025-07-29 13:37:41.737384
2025-07-29,52331,2025072904023186,CGH,Aryatara Investment & Securities,Linch Stock Market Ltd.,150,1105.0,165750.0,2025-07-29 13:37:43.582338
2025-07-29,52179,2025072904023210,CGH,Aryatara Investment & Securities,Sumeru Securities Pvt. Ltd.,100,1105.0,110500.0,2025-07-29 13:37:57.356035
2025-07-29,51973,2025072904023265,CGH,Sani Securities Company Ltd.,Imperial Securities Company Pvt. Ltd.,9,1100.0,9900.0,2025-07-29 13:38:19.060812
2025-07-29,51643,2025072904023328,CGH,Aryatara Investment & Securities,Imperial Securities Company Pvt. Ltd.,190,1105.0,209950.0,2025-07-29 13:38:58.410388
2025-07-29,51254,2025072904023461,CGH,Primo Securities (PVT) Ltd.,Sweta Securities Private Limited,105,1104.0,115920.0,2025-07-29 13:39:43.002285
2025-07-29,51232,2025072904023473,CGH,Primo Securities (PVT) Ltd.,Secured Securities Ltd.,71,1104.0,78384.0,2025-07-29 13:39:44.707277
2025-07-29,51176,2025072904023479,CGH,Primo Securities (PVT) Ltd.,APPLE SECURITIES PRIVATE LIMITED,324,1104.0,357696.0,2025-07-29 13:39:50.935364
2025-07-29,51004,2025072904023505,CGH,Arun Securities (PVT) Ltd.,Dakshinkali Investment & Securities Pvt. Ltd.,10,1103.1,11031.0,2025-07-29 13:40:11.194411
2025-07-29,51003,2025072904023506,CGH,Magnet Securities and Investment Company Private Limited,Dakshinkali Investment & Securities Pvt. Ltd.,40,1102.0,44080.0,2025-07-29 13:40:11.194750
2025-07-29,50709,2025072904023578,CGH,Sani Securities Company Ltd.,Opal Securities Investment (PVT) Ltd.,4,1100.0,4400.0,2025-07-29 13:40:45.296092
2025-07-29,49938,2025072904023788,CGH,Vision Securities Pvt. Ltd,Linch Stock Market Ltd.,190,1101.3,209247.0,2025-07-29 13:42:09.438283
2025-07-29,49805,2025072904023840,CGH,Vision Securities Pvt. Ltd,Dynamic Money Managers Securities Pvt. Ltd.,10,1101.3,11013.0,2025-07-29 13:42:24.083960
2025-07-29,49572,2025072904023912,CGH,Vision Securities Pvt. Ltd,Imperial Securities Company Pvt. Ltd.,310,1101.1,341341.0,2025-07-29 13:42:49.370051
2025-07-29,49422,2025072904023938,CGH,Vision Securities Pvt. Ltd,Himalayan Brokerage Company Limited,70,1101.1,77077.0,2025-07-29 13:43:05.278181
2025-07-29,49215,2025072904023986,CGH,Deevyaa Securities & Stock House Pvt. Ltd,Imperial Securities Company Pvt. Ltd.,300,1101.2,330360.0,2025-07-29 13:43:28.047804
2025-07-29,49083,2025072904024050,CGH,Vision Securities Pvt. Ltd,Kumari Securities Private Limited,20,1101.1,22022.0,2025-07-29 13:43:49.291811
2025-07-29,49082,2025072904024051,CGH,Online Securities Pvt. Ltd.,Kumari Securities Private Limited,30,1101.0,33030.0,2025-07-29 13:43:49.292166
2025-07-29,49005,2025072904024067,CGH,Online Securities Pvt. Ltd.,Secured Securities Ltd.,10,1101.0,11010.0,2025-07-29 13:43:56.566782
2025-07-29,48951,2025072904024076,CGH,Online Securities Pvt. Ltd.,Trisul Securities & Invt. Ltd.,10,1101.0,11010.0,2025-07-29 13:44:01.375866
2025-07-29,48869,2025072904024093,CGH,Nepal Stock House (PVT) Ltd.,Linch Stock Market Ltd.,50,1101.1,55055.0,2025-07-29 13:44:11.837596
2025-07-29,48472,2025072904024189,CGH,Midas Stock Broking Company Private Limited,Imperial Securities Company Pvt. Ltd.,50,1100.1,55005.0,2025-07-29 13:44:49.631333
2025-07-29,48361,2025072904024223,CGH,Online Securities Pvt. Ltd.,Imperial Securities Company Pvt. Ltd.,250,1100.0,275000.0,2025-07-29 13:45:01.922126
2025-07-29,48346,2025072904024225,CGH,Naasa Securities Co. Ltd.,Imperial Securities Company Pvt. Ltd.,100,1100.0,110000.0,2025-07-29 13:45:03.981211
2025-07-29,48345,2025072904024226,CGH,Naasa Securities Co. Ltd.,Imperial Securities Company Pvt. Ltd.,100,1100.0,110000.0,2025-07-29 13:45:03.981526
2025-07-29,47647,2025072904024372,CGH,Deevyaa Securities & Stock House Pvt. Ltd,Oxford Securities Pvt. Ltd.,40,1101.0,44040.0,2025-07-29 13:46:06.313775
2025-07-29,47583,2025072904024383,CGH,Deevyaa Securities & Stock House Pvt. Ltd,Naasa Securities Co. Ltd.,40,1101.0,44040.0,2025-07-29 13:46:14.687851
2025-07-29,47450,2025072904024413,CGH,Online Securities Pvt. Ltd.,NIMB Stock Markets Limited,20,1101.1,22022.0,2025-07-29 13:46:26.294488
2025-07-29,47277,2025072904024481,CGH,Deevyaa Securities & Stock House Pvt. Ltd,Blue Chip Securities Ltd,50,1101.0,55050.0,2025-07-29 13:46:46.388597
2025-07-29,46740,2025072904024639,CGH,Deevyaa Securities & Stock House Pvt. Ltd,Imperial Securities Company Pvt. Ltd.,70,1101.0,77070.0,2025-07-29 13:47:49.539672
2025-07-29,46739,2025072904024640,CGH,Premier Securities Company Ltd.,Imperial Securities Company Pvt. Ltd.,100,1101.0,110100.0,2025-07-29 13:47:49.540003
2025-07-29,46738,2025072904024641,CGH,Premier Securities Company Ltd.,Imperial Securities Company Pvt. Ltd.,50,1100.1,55005.0,2025-07-29 13:47:49.540166
2025-07-29,46737,2025072904024642,CGH,Sajilo Broker Limited,Imperial Securities Company Pvt. Ltd.,80,1100.1,88008.0,2025-07-29 13:47:49.540306
2025-07-29,46369,2025072904024728,CGH,Sajilo Broker Limited,Aryatara Investment & Securities,20,1100.1,22002.0,2025-07-29 13:48:28.160394
2025-07-29,46368,2025072904024729,CGH,Naasa Securities Co. Ltd.,Aryatara Investment & Securities,10,1100.0,11000.0,2025-07-29 13:48:28.160718
2025-07-29,45893,2025072904024823,CGH,Asian Securities Private Ltd.,Shree Krishna Securities Ltd.,100,1103.0,110300.0,2025-07-29 13:49:16.058106
2025-07-29,44450,2025072904025158,CGH,Deevyaa Securities & Stock House Pvt. Ltd,Elite Stock House Limited,40,1102.0,44080.0,2025-07-29 13:52:17.757492
2025-07-29,44449,2025072904025159,CGH,Online Securities Pvt. Ltd.,Elite Stock House Limited,200,1102.0,220400.0,2025-07-29 13:52:17.758109
2025-07-29,44448,2025072904025160,CGH,Online Securities Pvt. Ltd.,Elite Stock House Limited,10,1101.0,11010.0,2025-07-29 13:52:17.758523
2025-07-29,44447,2025072904025161,CGH,Online Securities Pvt. Ltd.,Elite Stock House Limited,200,1101.0,220200.0,2025-07-29 13:52:17.758909
2025-07-29,44446,2025072904025162,CGH,Naasa Securities Co. Ltd.,Elite Stock House Limited,3450,1100.0,3795000.0,2025-07-29 13:52:17.759301
2025-07-29,44133,2025072904025262,CGH,Naasa Securities Co. Ltd.,APPLE SECURITIES PRIVATE LIMITED,176,1100.0,193600.0,2025-07-29 13:53:02.577618
2025-07-29,44058,2025072904025287,CGH,Sundhara Securities Limited,Online Securities Pvt. Ltd.,10,1103.0,11030.0,2025-07-29 13:53:13.725068
2025-07-29,43797,2025072904025357,CGH,Sundhara Securities Limited,Secured Securities Ltd.,80,1103.0,88240.0,2025-07-29 13:53:45.983166
2025-07-29,43161,2025072904025515,CGH,Sani Securities Company Ltd.,Cristal Kanchanjanga Securites Pvt. Ltd.,10,1104.0,11040.0,2025-07-29 13:55:01.441793
2025-07-29,42608,2025072904025640,CGH,Dipshikha Dhitopatra Karobar Co. Pvt Ltd.,SUN SECURITIES PVT LTD,10,1102.0,11020.0,2025-07-29 13:56:16.781721
2025-07-29,42607,2025072904025641,CGH,Online Securities Pvt. Ltd.,SUN SECURITIES PVT LTD,200,1102.0,220400.0,2025-07-29 13:56:16.782077
2025-07-29,42606,2025072904025642,CGH,Opal Securities Investment (PVT) Ltd.,SUN SECURITIES PVT LTD,20,1101.0,22020.0,2025-07-29 13:56:16.782239
2025-07-29,42605,2025072904025643,CGH,Online Securities Pvt. Ltd.,SUN SECURITIES PVT LTD,20,1101.0,22020.0,2025-07-29 13:56:16.782403
2025-07-29,42604,2025072904025644,CGH,Online Securities Pvt. Ltd.,SUN SECURITIES PVT LTD,500,1100.1,550050.0,2025-07-29 13:56:16.782554
2025-07-29,42603,2025072904025645,CGH,Sundhara Securities Limited,SUN SECURITIES PVT LTD,90,1100.1,99009.0,2025-07-29 13:56:16.782689
2025-07-29,42602,2025072904025646,CGH,Naasa Securities Co. Ltd.,SUN SECURITIES PVT LTD,160,1100.0,176000.0,2025-07-29 13:56:16.782830
2025-07-29,42436,2025072904025693,CGH,Naasa Securities Co. Ltd.,Magnet Securities and Investment Company Private Limited,100,1100.0,110000.0,2025-07-29 13:56:45.114698
2025-07-29,42205,2025072904025736,CGH,Naasa Securities Co. Ltd.,Sundhara Securities Limited,10,1100.0,11000.0,2025-07-29 13:57:23.863140
2025-07-29,41639,2025072904025865,CGH,Nepal Stock House (PVT) Ltd.,Sumeru Securities Pvt. Ltd.,10,1100.1,11001.0,2025-07-29 13:58:37.070703
2025-07-29,41214,2025072904025953,CGH,Nepal Stock House (PVT) Ltd.,Sharepro Securities Private Limited,90,1100.1,99009.0,2025-07-29 13:59:26.075826
2025-07-29,41213,2025072904025954,CGH,Nepal Stock House (PVT) Ltd.,Sharepro Securities Private Limited,400,1100.1,440040.0,2025-07-29 13:59:26.075881
2025-07-29,41212,2025072904025955,CGH,Naasa Securities Co. Ltd.,Sharepro Securities Private Limited,3994,1100.0,4393400.0,2025-07-29 13:59:26.075918
2025-07-29,41211,2025072904025956,CGH,Sani Securities Company Ltd.,Sharepro Securities Private Limited,10,1100.0,11000.0,2025-07-29 13:59:26.075948
2025-07-29,41210,2025072904025957,CGH,Himalayan Brokerage Company Limited,Sharepro Securities Private Limited,800,1100.0,880000.0,2025-07-29 13:59:26.075981
2025-07-29,41209,2025072904025958,CGH,Midas Stock Broking Company Private Limited,Sharepro Securities Private Limited,300,1100.0,330000.0,2025-07-29 13:59:26.076020
2025-07-29,41208,2025072904025959,CGH,Sani Securities Company Ltd.,Sharepro Securities Private Limited,100,1100.0,110000.0,2025-07-29 13:59:26.076047
2025-07-29,41207,2025072904025960,CGH,Midas Stock Broking Company Private Limited,Sharepro Securities Private Limited,50,1100.0,55000.0,2025-07-29 13:59:26.076078
2025-07-29,41206,2025072904025961,CGH,KALASH STOCK MARKET PVT. LTD.,Sharepro Securities Private Limited,200,1100.0,220000.0,2025-07-29 13:59:26.076107
2025-07-29,41205,2025072904025962,CGH,Nepal Investment And Securities Trading Private Limited,Sharepro Securities Private Limited,56,1098.0,61488.0,2025-07-29 13:59:26.076142
2025-07-29,39959,2025072904026290,CGH,Nepal Investment And Securities Trading Private Limited,Siprabi Securities Pvt. Ltd.,10,1098.0,10980.0,2025-07-29 14:02:10.591066
2025-07-29,39920,2025072904026291,CGH,Nepal Investment And Securities Trading Private Limited,Oxford Securities Pvt. Ltd.,34,1098.0,37332.0,2025-07-29 14:02:15.683111
2025-07-29,39919,2025072904026292,CGH,Online Securities Pvt. Ltd.,Oxford Securities Pvt. Ltd.,36,1098.0,39528.0,2025-07-29 14:02:15.683450
2025-07-29,39884,2025072904026300,CGH,Online Securities Pvt. Ltd.,Swarna Laxmi Securities Pvt. Ltd.,10,1098.0,10980.0,2025-07-29 14:02:18.696886
2025-07-29,38949,2025072904026484,CGH,Naasa Securities Co. Ltd.,Online Securities Pvt. Ltd.,10,1098.0,10980.0,2025-07-29 14:04:40.324392
2025-07-29,38572,2025072904026595,CGH,Vision Securities Pvt. Ltd,NIMB Stock Markets Limited,300,1097.6,329280.0,2025-07-29 14:05:24.801626
2025-07-29,38223,2025072904026664,CGH,Vision Securities Pvt. Ltd,Cristal Kanchanjanga Securites Pvt. Ltd.,90,1097.6,98784.0,2025-07-29 14:06:06.857440
2025-07-29,37816,2025072904026779,CGH,Vision Securities Pvt. Ltd,Thrive Brokerage House Pvt. Ltd,145,1097.6,159152.0,2025-07-29 14:06:47.134100
2025-07-29,36192,2025072904027194,CGH,Vision Securities Pvt. Ltd,Online Securities Pvt. Ltd.,465,1097.6,510384.0,2025-07-29 14:09:58.584527
2025-07-29,36191,2025072904027195,CGH,Trishakti Securities Public Limited,Online Securities Pvt. Ltd.,40,1097.6,43904.0,2025-07-29 14:09:58.584854
2025-07-29,36190,2025072904027196,CGH,Cristal Kanchanjanga Securites Pvt. Ltd.,Online Securities Pvt. Ltd.,500,1096.0,548000.0,2025-07-29 14:09:58.585041
2025-07-29,36189,2025072904027197,CGH,Indira securities pvt. ltd,Online Securities Pvt. Ltd.,234,1095.0,256230.0,2025-07-29 14:09:58.585183
2025-07-29,36023,2025072904027245,CGH,Indira securities pvt. ltd,Naasa Securities Co. Ltd.,10,1095.0,10950.0,2025-07-29 14:10:17.835694
2025-07-29,35812,2025072904027300,CGH,Indira securities pvt. ltd,Swarna Laxmi Securities Pvt. Ltd.,10,1095.0,10950.0,2025-07-29 14:10:42.773088
2025-07-29,33876,2025072904027826,CGH,Deevyaa Securities & Stock House Pvt. Ltd,SUN SECURITIES PVT LTD,100,1096.1,109610.0,2025-07-29 14:14:49.101973
2025-07-29,33837,2025072904027829,CGH,Deevyaa Securities & Stock House Pvt. Ltd,Oxford Securities Pvt. Ltd.,10,1096.0,10960.0,2025-07-29 14:14:53.912457
2025-07-29,32910,2025072904028034,CGH,Deevyaa Securities & Stock House Pvt. Ltd,Nepal Stock House (PVT) Ltd.,90,1096.0,98640.0,2025-07-29 14:16:35.650981
2025-07-29,32909,2025072904028035,CGH,Online Securities Pvt. Ltd.,Nepal Stock House (PVT) Ltd.,60,1095.2,65712.0,2025-07-29 14:16:35.651374
2025-07-29,32902,2025072904028040,CGH,Online Securities Pvt. Ltd.,Dipshikha Dhitopatra Karobar Co. Pvt Ltd.,40,1095.2,43808.0,2025-07-29 14:16:36.447287
2025-07-29,32901,2025072904028041,CGH,Opal Securities Investment (PVT) Ltd.,Dipshikha Dhitopatra Karobar Co. Pvt Ltd.,10,1095.1,10951.0,2025-07-29 14:16:36.447351
2025-07-29,32471,2025072904028137,CGH,Opal Securities Investment (PVT) Ltd.,Sani Securities Company Ltd.,100,1095.1,109510.0,2025-07-29 14:17:14.179851
2025-07-29,31040,2025072904028476,CGH,Opal Securities Investment (PVT) Ltd.,Dipshikha Dhitopatra Karobar Co. Pvt Ltd.,10,1095.5,10955.0,2025-07-29 14:20:01.496771
2025-07-29,30844,2025072904028516,CGH,Opal Securities Investment (PVT) Ltd.,Oxford Securities Pvt. Ltd.,70,1095.5,76685.0,2025-07-29 14:20:20.971835
2025-07-29,30829,2025072904028521,CGH,Opal Securities Investment (PVT) Ltd.,Imperial Securities Company Pvt. Ltd.,155,1095.5,169802.5,2025-07-29 14:20:23.167814
2025-07-29,30763,2025072904028541,CGH,Opal Securities Investment (PVT) Ltd.,Creative Securities Pvt Ltd,100,1095.5,109550.0,2025-07-29 14:20:31.989629
2025-07-29,29868,2025072904028762,CGH,Vision Securities Pvt. Ltd,Elite Stock House Limited,310,1097.0,340070.0,2025-07-29 14:22:09.934094
2025-07-29,28940,2025072904028965,CGH,Opal Securities Investment (PVT) Ltd.,Sani Securities Company Ltd.,155,1095.5,169802.5,2025-07-29 14:23:44.647837
2025-07-29,28939,2025072904028966,CGH,Online Securities Pvt. Ltd.,Sani Securities Company Ltd.,45,1095.4,49293.0,2025-07-29 14:23:44.648486
2025-07-29,27812,2025072904029221,CGH,Vision Securities Pvt. Ltd,Dipshikha Dhitopatra Karobar Co. Pvt Ltd.,100,1095.6,109560.0,2025-07-29 14:26:03.913467
2025-07-29,27767,2025072904029236,CGH,Vision Securities Pvt. Ltd,Siprabi Securities Pvt. Ltd.,15,1095.6,16434.0,2025-07-29 14:26:06.953126
2025-07-29,27566,2025072904029268,CGH,Vision Securities Pvt. Ltd,Dakshinkali Investment & Securities Pvt. Ltd.,100,1095.6,109560.0,2025-07-29 14:26:29.588322
2025-07-29,27028,2025072904029389,CGH,Vision Securities Pvt. Ltd,Oxford Securities Pvt. Ltd.,80,1095.6,87648.0,2025-07-29 14:27:30.324946
2025-07-29,26574,2025072904029463,CGH,Online Securities Pvt. Ltd.,Secured Securities Ltd.,12,1096.0,13152.0,2025-07-29 14:28:23.581608
2025-07-29,26515,2025072904029472,CGH,Capital Max Securities Ltd,Secured Securities Ltd.,188,1096.0,206048.0,2025-07-29 14:28:29.956716
2025-07-29,26132,2025072904029519,CGH,KALASH STOCK MARKET PVT. LTD.,Sharepro Securities Private Limited,15,1095.7,16435.5,2025-07-29 14:29:12.933866
2025-07-29,25930,2025072904029584,CGH,Vision Securities Pvt. Ltd,Ashutosh Brokerage & Securities (PVT) Ltd.,103,1095.6,112846.8,2025-07-29 14:29:26.472982
2025-07-29,25806,2025072904029613,CGH,Vision Securities Pvt. Ltd,Cristal Kanchanjanga Securites Pvt. Ltd.,149,1095.6,163244.4,2025-07-29 14:29:40.667361
2025-07-29,25650,2025072904029691,CGH,Online Securities Pvt. Ltd.,SUN SECURITIES PVT LTD,10,1095.3,10953.0,2025-07-29 14:29:48.392369
2025-07-29,25649,2025072904029692,CGH,Imperial Securities Company Pvt. Ltd.,SUN SECURITIES PVT LTD,240,1095.2,262848.0,2025-07-29 14:29:48.392417
2025-07-29,25585,2025072904029711,CGH,Indira securities pvt. ltd,Aryatara Investment & Securities,200,1095.0,219000.0,2025-07-29 14:29:55.697873
2025-07-29,25543,2025072904029716,CGH,Indira securities pvt. ltd,Stoxkarts Securities Limited,46,1095.0,50370.0,2025-07-29 14:30:02.115297
2025-07-29,25542,2025072904029717,CGH,Sani Securities Company Ltd.,Stoxkarts Securities Limited,100,1095.0,109500.0,2025-07-29 14:30:02.115420
2025-07-29,25541,2025072904029718,CGH,KALASH STOCK MARKET PVT. LTD.,Stoxkarts Securities Limited,15,1095.0,16425.0,2025-07-29 14:30:02.115532
2025-07-29,25540,2025072904029719,CGH,Online Securities Pvt. Ltd.,Stoxkarts Securities Limited,90,1095.0,98550.0,2025-07-29 14:30:02.115622
2025-07-29,25539,2025072904029720,CGH,Aryatara Investment & Securities,Stoxkarts Securities Limited,52,1095.0,56940.0,2025-07-29 14:30:02.115712
2025-07-29,25538,2025072904029721,CGH,Sani Securities Company Ltd.,Stoxkarts Securities Limited,10,1095.0,10950.0,2025-07-29 14:30:02.115804
2025-07-29,25537,2025072904029722,CGH,Imperial Securities Company Pvt. Ltd.,Stoxkarts Securities Limited,88,1095.0,96360.0,2025-07-29 14:30:02.115895
2025-07-29,25536,2025072904029723,CGH,Nepal Stock House (PVT) Ltd.,Stoxkarts Securities Limited,20,1093.1,21862.0,2025-07-29 14:30:02.115985
2025-07-29,25535,2025072904029724,CGH,Online Securities Pvt. Ltd.,Stoxkarts Securities Limited,10,1093.0,10930.0,2025-07-29 14:30:02.116059
2025-07-29,25534,2025072904029725,CGH,Capital Max Securities Ltd,Stoxkarts Securities Limited,400,1091.1,436440.0,2025-07-29 14:30:02.116161
2025-07-29,25533,2025072904029726,CGH,Capital Max Securities Ltd,Stoxkarts Securities Limited,369,1091.1,402615.9,2025-07-29 14:30:02.116257
2025-07-29,24898,2025072904029899,CGH,Agrawal Securities (PVT) Ltd.,Asian Securities Private Ltd.,50,1091.6,54580.0,2025-07-29 14:31:08.120022
2025-07-29,24897,2025072904029900,CGH,Deevyaa Securities & Stock House Pvt. Ltd,Asian Securities Private Ltd.,50,1091.2,54560.0,2025-07-29 14:31:08.120379
2025-07-29,24812,2025072904029927,CGH,Capital Max Securities Ltd,South Asian Bulls Pvt. Ltd.,10,1095.0,10950.0,2025-07-29 14:31:16.970124
2025-07-29,24811,2025072904029928,CGH,Capital Max Securities Ltd,Stoxkarts Securities Limited,25,1095.0,27375.0,2025-07-29 14:31:16.970455
2025-07-29,24335,2025072904030062,CGH,Deevyaa Securities & Stock House Pvt. Ltd,Trishakti Securities Public Limited,50,1091.2,54560.0,2025-07-29 14:32:02.418972
2025-07-29,24334,2025072904030063,CGH,Trishakti Securities Public Limited,Trishakti Securities Public Limited,100,1091.1,109110.0,2025-07-29 14:32:02.419351
2025-07-29,24333,2025072904030064,CGH,Aryatara Investment & Securities,Trishakti Securities Public Limited,330,1091.0,360030.0,2025-07-29 14:32:02.419495
2025-07-29,24022,2025072904030197,CGH,Primo Securities (PVT) Ltd.,Trishakti Securities Public Limited,12,1091.3,13095.6,2025-07-29 14:32:27.864712
2025-07-29,23908,2025072904030230,CGH,Vision Securities Pvt. Ltd,Stoxkarts Securities Limited,10,1095.0,10950.0,2025-07-29 14:32:39.130602
2025-07-29,23320,2025072904030374,CGH,NIMB Stock Markets Limited,APPLE SECURITIES PRIVATE LIMITED,222,1094.0,242868.0,2025-07-29 14:33:35.924664
2025-07-29,23316,2025072904030375,CGH,Sharepro Securities Private Limited,APPLE SECURITIES PRIVATE LIMITED,278,1094.0,304132.0,2025-07-29 14:33:36.645881
2025-07-29,23315,2025072904030376,CGH,Sharepro Securities Private Limited,Stoxkarts Securities Limited,965,1095.0,1056675.0,2025-07-29 14:33:36.645938
2025-07-29,23314,2025072904030377,CGH,Sharepro Securities Private Limited,Sundhara Securities Limited,50,1095.0,54750.0,2025-07-29 14:33:36.645966
2025-07-29,23313,2025072904030378,CGH,Sharepro Securities Private Limited,Cristal Kanchanjanga Securites Pvt. Ltd.,51,1095.6,55875.6,2025-07-29 14:33:36.646004
2025-07-29,23312,2025072904030379,CGH,Sharepro Securities Private Limited,Blue Chip Securities Ltd,50,1098.0,54900.0,2025-07-29 14:33:36.646039
2025-07-29,23311,2025072904030380,CGH,Sharepro Securities Private Limited,Investment Management Nepal Pvt. Ltd.,50,1099.9,54995.0,2025-07-29 14:33:36.646071
2025-07-29,23310,2025072904030381,CGH,Sharepro Securities Private Limited,Vision Securities Pvt. Ltd,56,1099.9,61594.4,2025-07-29 14:33:36.646102
2025-07-29,19720,2025072904031387,CGH,Swarna Laxmi Securities Pvt. Ltd.,Linch Stock Market Ltd.,30,1093.1,32793.0,2025-07-29 14:39:39.723796
2025-07-29,19715,2025072904031390,CGH,Midas Stock Broking Company Private Limited,Siprabi Securities Pvt. Ltd.,20,1098.0,21960.0,2025-07-29 14:39:41.232862
2025-07-29,19540,2025072904031417,CGH,Swarna Laxmi Securities Pvt. Ltd.,Sipla Securities Private Limited,200,1093.1,218620.0,2025-07-29 14:39:50.413167
2025-07-29,18937,2025072904031545,CGH,Asian Securities Private Ltd.,Sipla Securities Private Limited,30,1096.0,32880.0,2025-07-29 14:40:45.577448
2025-07-29,18284,2025072904031695,CGH,Imperial Securities Company Pvt. Ltd.,Sharepro Securities Private Limited,10,1097.0,10970.0,2025-07-29 14:41:51.312324
2025-07-29,18283,2025072904031696,CGH,Imperial Securities Company Pvt. Ltd.,Naasa Securities Co. Ltd.,43,1098.0,47214.0,2025-07-29 14:41:51.312723
2025-07-29,18120,2025072904031742,CGH,Imperial Securities Company Pvt. Ltd.,Sani Securities Company Ltd.,47,1099.0,51653.0,2025-07-29 14:42:09.107541
2025-07-29,18119,2025072904031743,CGH,Midas Stock Broking Company Private Limited,Sani Securities Company Ltd.,10,1097.0,10970.0,2025-07-29 14:42:09.108220
2025-07-29,17847,2025072904031822,CGH,Magnet Securities and Investment Company Private Limited,Sani Securities Company Ltd.,110,1097.0,120670.0,2025-07-29 14:42:33.313510
2025-07-29,17582,2025072904031890,CGH,Primo Securities (PVT) Ltd.,Sani Securities Company Ltd.,33,1097.0,36201.0,2025-07-29 14:42:57.563052
2025-07-29,17286,2025072904031969,CGH,Capital Max Securities Ltd,Vision Securities Pvt. Ltd,44,1099.9,48395.6,2025-07-29 14:43:29.097697
2025-07-29,17285,2025072904031970,CGH,Capital Max Securities Ltd,KALASH STOCK MARKET PVT. LTD.,70,1099.9,76993.0,2025-07-29 14:43:29.098096
2025-07-29,17284,2025072904031971,CGH,Capital Max Securities Ltd,Nepal Stock House (PVT) Ltd.,186,1100.0,204600.0,2025-07-29 14:43:29.098259
2025-07-29,17000,2025072904032052,CGH,Online Securities Pvt. Ltd.,Nepal Stock House (PVT) Ltd.,214,1100.0,235400.0,2025-07-29 14:43:48.348424
2025-07-29,16999,2025072904032053,CGH,Online Securities Pvt. Ltd.,Naasa Securities Co. Ltd.,30,1100.0,33000.0,2025-07-29 14:43:48.348808
2025-07-29,16998,2025072904032054,CGH,Online Securities Pvt. Ltd.,Kumari Securities Private Limited,10,1100.0,11000.0,2025-07-29 14:43:48.348973
2025-07-29,16997,2025072904032055,CGH,Online Securities Pvt. Ltd.,Dakshinkali Investment & Securities Pvt. Ltd.,91,1100.0,100100.0,2025-07-29 14:43:48.349116
2025-07-29,16894,2025072904032095,CGH,Asian Securities Private Ltd.,Neev Securities Pvt. Ltd.,10,1100.0,11000.0,2025-07-29 14:43:56.297074
2025-07-29,16893,2025072904032096,CGH,Asian Securities Private Ltd.,Opal Securities Investment (PVT) Ltd.,30,1100.0,33000.0,2025-07-29 14:43:56.297412
2025-07-29,16892,2025072904032097,CGH,Asian Securities Private Ltd.,Vision Securities Pvt. Ltd,80,1100.0,88000.0,2025-07-29 14:43:56.297561
2025-07-29,16861,2025072904032113,CGH,Capital Max Securities Ltd,Vision Securities Pvt. Ltd,300,1100.0,330000.0,2025-07-29 14:43:58.253940
2025-07-29,16597,2025072904032158,CGH,Capital Max Securities Ltd,Vision Securities Pvt. Ltd,120,1100.0,132000.0,2025-07-29 14:44:29.492118
2025-07-29,16596,2025072904032159,CGH,Capital Max Securities Ltd,Opal Securities Investment (PVT) Ltd.,10,1100.0,11000.0,2025-07-29 14:44:29.492504
2025-07-29,16595,2025072904032160,CGH,Capital Max Securities Ltd,Imperial Securities Company Pvt. Ltd.,20,1100.0,22000.0,2025-07-29 14:44:29.492673
2025-07-29,16260,2025072904032229,CGH,Oxford Securities Pvt. Ltd.,Imperial Securities Company Pvt. Ltd.,325,1100.0,357500.0,2025-07-29 14:44:50.784068
2025-07-29,16259,2025072904032230,CGH,Oxford Securities Pvt. Ltd.,Online Securities Pvt. Ltd.,75,1100.0,82500.0,2025-07-29 14:44:50.784446
2025-07-29,15125,2025072904032492,CGH,Nepal Stock House (PVT) Ltd.,Vision Securities Pvt. Ltd,100,1099.0,109900.0,2025-07-29 14:46:18.954417
2025-07-29,15124,2025072904032493,CGH,Nepal Stock House (PVT) Ltd.,Online Securities Pvt. Ltd.,125,1100.0,137500.0,2025-07-29 14:46:18.954791
2025-07-29,15123,2025072904032494,CGH,Nepal Stock House (PVT) Ltd.,Bhrikuti Stock Broking Co. Pvt. Ltd.,10,1100.0,11000.0,2025-07-29 14:46:18.954933
2025-07-29,15122,2025072904032495,CGH,Nepal Stock House (PVT) Ltd.,Dipshikha Dhitopatra Karobar Co. Pvt Ltd.,10,1100.0,11000.0,2025-07-29 14:46:18.955087
2025-07-29,15121,2025072904032496,CGH,Nepal Stock House (PVT) Ltd.,Citizens Share Broker Limited,50,1100.0,55000.0,2025-07-29 14:46:18.955241
2025-07-29,13239,2025072904032951,CGH,Oxford Securities Pvt. Ltd.,Trishakti Securities Public Limited,50,1100.0,55000.0,2025-07-29 14:48:55.396641
2025-07-29,13238,2025072904032952,CGH,Oxford Securities Pvt. Ltd.,Dakshinkali Investment & Securities Pvt. Ltd.,50,1100.0,55000.0,2025-07-29 14:48:55.397002
2025-07-29,10835,2025072904033570,CGH,Nepal Stock House (PVT) Ltd.,Naasa Securities Co. Ltd.,10,1099.0,10990.0,2025-07-29 14:51:59.247457
2025-07-29,10511,2025072904033641,CGH,Midas Stock Broking Company Private Limited,Miyo Securities Pvt Ltd,50,1098.2,54910.0,2025-07-29 14:52:19.453862
2025-07-29,10510,2025072904033642,CGH,Nepal Stock House (PVT) Ltd.,Miyo Securities Pvt Ltd,100,1098.1,109810.0,2025-07-29 14:52:19.454678
2025-07-29,10509,2025072904033643,CGH,Kohinoor Investment & Securities Pvt. Ltd.,Miyo Securities Pvt Ltd,50,1098.0,54900.0,2025-07-29 14:52:19.455196
2025-07-29,10446,2025072904033649,CGH,Kohinoor Investment & Securities Pvt. Ltd.,Online Securities Pvt. Ltd.,90,1098.0,98820.0,2025-07-29 14:52:22.483686
2025-07-29,9514,2025072904033952,CGH,Kohinoor Investment & Securities Pvt. Ltd.,South Asian Bulls Pvt. Ltd.,100,1098.0,109800.0,2025-07-29 14:53:13.860034
2025-07-29,9263,2025072904034031,CGH,Kohinoor Investment & Securities Pvt. Ltd.,KALASH STOCK MARKET PVT. LTD.,500,1098.0,549000.0,2025-07-29 14:53:29.818071
2025-07-29,8781,2025072904034152,CGH,Kohinoor Investment & Securities Pvt. Ltd.,Dakshinkali Investment & Securities Pvt. Ltd.,10,1098.0,10980.0,2025-07-29 14:53:54.163707
2025-07-29,8502,2025072904034217,CGH,Kohinoor Investment & Securities Pvt. Ltd.,Hatemalo Financial Services Private Limited,105,1098.0,115290.0,2025-07-29 14:54:07.932320
2025-07-29,8501,2025072904034218,CGH,Naasa Securities Co. Ltd.,Hatemalo Financial Services Private Limited,100,1098.0,109800.0,2025-07-29 14:54:07.932661
2025-07-29,8488,2025072904034222,CGH,Asian Securities Private Ltd.,Hatemalo Financial Services Private Limited,295,1098.0,323910.0,2025-07-29 14:54:09.374416
2025-07-29,8157,2025072904034343,CGH,Secured Securities Ltd.,Himalayan Brokerage Company Limited,400,1098.7,439480.0,2025-07-29 14:54:27.667828
2025-07-29,7259,2025072904034588,CGH,Online Securities Pvt. Ltd.,Himalayan Brokerage Company Limited,600,1098.7,659220.0,2025-07-29 14:55:22.137104
2025-07-29,7258,2025072904034589,CGH,Online Securities Pvt. Ltd.,Dakshinkali Investment & Securities Pvt. Ltd.,350,1098.9,384615.0,2025-07-29 14:55:22.137774
2025-07-29,7257,2025072904034590,CGH,Online Securities Pvt. Ltd.,Bhrikuti Stock Broking Co. Pvt. Ltd.,60,1099.0,65940.0,2025-07-29 14:55:22.138210
2025-07-29,7256,2025072904034591,CGH,Online Securities Pvt. Ltd.,Naasa Securities Co. Ltd.,10,1099.0,10990.0,2025-07-29 14:55:22.138644
2025-07-29,7255,2025072904034592,CGH,Online Securities Pvt. Ltd.,Online Securities Pvt. Ltd.,100,1099.0,109900.0,2025-07-29 14:55:22.139072
2025-07-29,7254,2025072904034593,CGH,Online Securities Pvt. Ltd.,Agrawal Securities (PVT) Ltd.,200,1099.0,219800.0,2025-07-29 14:55:22.139603
2025-07-29,7253,2025072904034594,CGH,Online Securities Pvt. Ltd.,Vision Securities Pvt. Ltd,100,1099.9,109990.0,2025-07-29 14:55:22.140180
2025-07-29,7252,2025072904034595,CGH,Online Securities Pvt. Ltd.,Market Securities & Exchange (PVT) Ltd.,20,1100.0,22000.0,2025-07-29 14:55:22.140733
2025-07-29,7251,2025072904034596,CGH,Online Securities Pvt. Ltd.,Trishakti Securities Public Limited,25,1100.0,27500.0,2025-07-29 14:55:22.140967
2025-07-29,7250,2025072904034597,CGH,Online Securities Pvt. Ltd.,Vision Securities Pvt. Ltd,50,1100.0,55000.0,2025-07-29 14:55:22.141116
2025-07-29,7249,2025072904034598,CGH,Online Securities Pvt. Ltd.,Online Securities Pvt. Ltd.,500,1100.0,550000.0,2025-07-29 14:55:22.141295
2025-07-29,7248,2025072904034599,CGH,Online Securities Pvt. Ltd.,ABC Securities Private Limited,100,1100.0,110000.0,2025-07-29 14:55:22.141482
2025-07-29,7247,2025072904034600,CGH,Online Securities Pvt. Ltd.,Sri Hari Securities Pvt. Ltd.,200,1100.0,220000.0,2025-07-29 14:55:22.141671
2025-07-29,7246,2025072904034601,CGH,Online Securities Pvt. Ltd.,Imperial Securities Company Pvt. Ltd.,250,1100.0,275000.0,2025-07-29 14:55:22.141844
2025-07-29,7245,2025072904034602,CGH,Online Securities Pvt. Ltd.,Kumari Securities Private Limited,60,1100.0,66000.0,2025-07-29 14:55:22.142018
2025-07-29,7244,2025072904034603,CGH,Online Securities Pvt. Ltd.,Kumari Securities Private Limited,10,1100.0,11000.0,2025-07-29 14:55:22.142189
2025-07-29,7243,2025072904034604,CGH,Online Securities Pvt. Ltd.,Naasa Securities Co. Ltd.,200,1100.0,220000.0,2025-07-29 14:55:22.142362
2025-07-29,7242,2025072904034605,CGH,Online Securities Pvt. Ltd.,Imperial Securities Company Pvt. Ltd.,165,1100.0,181500.0,2025-07-29 14:55:22.142543
2025-07-29,6984,2025072904034663,CGH,Siprabi Securities Pvt. Ltd.,Vision Securities Pvt. Ltd,10,1097.0,10970.0,2025-07-29 14:55:39.067421
2025-07-29,6487,2025072904034785,CGH,Siprabi Securities Pvt. Ltd.,Midas Stock Broking Company Private Limited,10,1097.0,10970.0,2025-07-29 14:56:07.440561
2025-07-29,6429,2025072904034799,CGH,Siprabi Securities Pvt. Ltd.,Dipshikha Dhitopatra Karobar Co. Pvt Ltd.,13,1097.0,14261.0,2025-07-29 14:56:10.815413
2025-07-29,6428,2025072904034800,CGH,Asian Securities Private Ltd.,Dipshikha Dhitopatra Karobar Co. Pvt Ltd.,105,1097.0,115185.0,2025-07-29 14:56:10.815733
2025-07-29,6343,2025072904034824,CGH,Nepal Stock House (PVT) Ltd.,Dipshikha Dhitopatra Karobar Co. Pvt Ltd.,62,1097.0,68014.0,2025-07-29 14:56:16.032808
2025-07-29,6342,2025072904034825,CGH,Nepal Stock House (PVT) Ltd.,Imperial Securities Company Pvt. Ltd.,35,1100.0,38500.0,2025-07-29 14:56:16.033133
2025-07-29,5288,2025072904035127,CGH,Himalayan Brokerage Company Limited,Trishakti Securities Public Limited,200,1100.0,220000.0,2025-07-29 14:57:05.005870
2025-07-29,4813,2025072904035228,CGH,Nabil Stock Dealer Ltd.,Trishakti Securities Public Limited,800,1100.0,880000.0,2025-07-29 14:57:26.989619
2025-07-29,4812,2025072904035229,CGH,Nabil Stock Dealer Ltd.,Aryatara Investment & Securities,50,1100.0,55000.0,2025-07-29 14:57:26.989964
2025-07-29,3798,2025072904035506,CGH,Imperial Securities Company Pvt. Ltd.,Agrawal Securities (PVT) Ltd.,10,1101.0,11010.0,2025-07-29 14:58:10.426718
2025-07-29,3571,2025072904035546,CGH,Nabil Stock Dealer Ltd.,Trisul Securities & Invt. Ltd.,10,1102.0,11020.0,2025-07-29 14:58:19.218441
2025-07-29,3570,2025072904035547,CGH,Nabil Stock Dealer Ltd.,Nepal Stock House (PVT) Ltd.,200,1102.9,220580.0,2025-07-29 14:58:19.218814
2025-07-29,3569,2025072904035548,CGH,Nabil Stock Dealer Ltd.,Citizens Share Broker Limited,100,1103.0,110300.0,2025-07-29 14:58:19.218969
2025-07-29,3568,2025072904035549,CGH,Nabil Stock Dealer Ltd.,Vision Securities Pvt. Ltd,300,1103.0,330900.0,2025-07-29 14:58:19.219123
2025-07-29,3567,2025072904035550,CGH,Nabil Stock Dealer Ltd.,Vision Securities Pvt. Ltd,100,1105.0,110500.0,2025-07-29 14:58:19.219287
2025-07-29,3566,2025072904035551,CGH,Nabil Stock Dealer Ltd.,Aryatara Investment & Securities,325,1105.0,359125.0,2025-07-29 14:58:19.219484
2025-07-29,3565,2025072904035552,CGH,Nabil Stock Dealer Ltd.,Secured Securities Ltd.,10,1105.0,11050.0,2025-07-29 14:58:19.219660
2025-07-29,3564,2025072904035553,CGH,Nabil Stock Dealer Ltd.,Opal Securities Investment (PVT) Ltd.,10,1105.0,11050.0,2025-07-29 14:58:19.219829
2025-07-29,3563,2025072904035554,CGH,Nabil Stock Dealer Ltd.,Elite Stock House Limited,10,1105.0,11050.0,2025-07-29 14:58:19.219997
2025-07-29,3562,2025072904035555,CGH,Nabil Stock Dealer Ltd.,South Asian Bulls Pvt. Ltd.,50,1105.0,55250.0,2025-07-29 14:58:19.220137
2025-07-29,3561,2025072904035556,CGH,Nabil Stock Dealer Ltd.,Primo Securities (PVT) Ltd.,35,1105.0,38675.0,2025-07-29 14:58:19.220309
2025-07-29,3476,2025072904035571,CGH,Himalayan Brokerage Company Limited,KALASH STOCK MARKET PVT. LTD.,100,1103.0,110300.0,2025-07-29 14:58:22.211864
2025-07-29,2979,2025072904035742,CGH,Imperial Securities Company Pvt. Ltd.,Sewa Securities Pvt. Ltd.,90,1101.0,99090.0,2025-07-29 14:58:39.922385
2025-07-29,2978,2025072904035743,CGH,Deevyaa Securities & Stock House Pvt. Ltd,Sewa Securities Pvt. Ltd.,121,1100.0,133100.0,2025-07-29 14:58:39.922709
2025-07-29,2382,2025072904035873,CGH,Deevyaa Securities & Stock House Pvt. Ltd,Sani Securities Company Ltd.,10,1100.0,11000.0,2025-07-29 14:59:02.745465
2025-07-29,2084,2025072904035959,CGH,Deevyaa Securities & Stock House Pvt. Ltd,Trisul Securities & Invt. Ltd.,769,1100.0,845900.0,2025-07-29 14:59:11.150414
2025-07-29,2083,2025072904035960,CGH,Trishakti Securities Public Limited,Trisul Securities & Invt. Ltd.,31,1098.0,34038.0,2025-07-29 14:59:11.150461
2025-07-29,726,2025072904036311,CGH,Trishakti Securities Public Limited,Oxford Securities Pvt. Ltd.,800,1098.0,878400.0,2025-07-29 14:59:45.768583
2025-07-29,567,2025072904036343,CGH,Trishakti Securities Public Limited,Trademow Securities Private Limited,1169,1098.0,1283562.0,2025-07-29 14:59:49.647978
2025-07-29,566,2025072904036344,CGH,Naasa Securities Co. Ltd.,Trademow Securities Private Limited,55,1098.0,60390.0,2025-07-29 14:59:49.648292
2025-07-29,565,2025072904036345,CGH,Citizens Share Broker Limited,Trademow Securities Private Limited,96,1096.0,105216.0,2025-07-29 14:59:49.648444
2025-07-29,564,2025072904036346,CGH,Sweta Securities Private Limited,Trademow Securities Private Limited,250,1095.6,273900.0,2025-07-29 14:59:49.648579
