Date,S.N.,Contract ID,Symbol,Buyer Broker,Seller Broker,quantity,rate,amount,transaction_time
2025-07-29,157383,2025072903000018,GBBL,Trishakti Securities Public Limited,Online Securities Pvt. Ltd.,1000,489.0,489000.0,2025-07-29 11:00:28.491175
2025-07-29,157070,2025072903000062,GBBL,Arun Securities (PVT) Ltd.,Sundhara Securities Limited,100,489.0,48900.0,2025-07-29 11:01:28.580392
2025-07-29,157069,2025072903000063,GBBL,Arun Securities (PVT) Ltd.,Malla & Malla Stock Broking Company Pvt. Limited,200,489.0,97800.0,2025-07-29 11:01:28.580469
2025-07-29,157035,2025072903000069,GBBL,Premier Securities Company Ltd.,Nepal Stock House (PVT) Ltd.,100,489.0,48900.0,2025-07-29 11:01:35.473048
2025-07-29,157034,2025072903000070,GBBL,Premier Securities Company Ltd.,Dynamic Money Managers Securities Pvt. Ltd.,200,489.0,97800.0,2025-07-29 11:01:35.473105
2025-07-29,156949,2025072903000093,GBBL,Nepal Stock House (PVT) Ltd.,Dynamic Money Managers Securities Pvt. Ltd.,50,489.0,24450.0,2025-07-29 11:01:48.897296
2025-07-29,156948,2025072903000094,GBBL,Nepal Stock House (PVT) Ltd.,Imperial Securities Company Pvt. Ltd.,500,489.2,244600.0,2025-07-29 11:01:48.897354
2025-07-29,156865,2025072903000100,GBBL,Nepal Stock House (PVT) Ltd.,Dakshinkali Investment & Securities Pvt. Ltd.,50,489.2,24460.0,2025-07-29 11:01:58.444490
2025-07-29,156687,2025072903000130,GBBL,Naasa Securities Co. Ltd.,Asian Securities Private Ltd.,100,497.0,49700.0,2025-07-29 11:02:18.948099
2025-07-29,156686,2025072903000131,GBBL,Naasa Securities Co. Ltd.,Oxford Securities Pvt. Ltd.,100,498.0,49800.0,2025-07-29 11:02:18.948265
2025-07-29,156685,2025072903000132,GBBL,Naasa Securities Co. Ltd.,Trisul Securities & Invt. Ltd.,100,498.0,49800.0,2025-07-29 11:02:18.948358
2025-07-29,156575,2025072903000148,GBBL,Kohinoor Investment & Securities Pvt. Ltd.,Sundhara Securities Limited,10,498.0,4980.0,2025-07-29 11:02:33.785398
2025-07-29,156574,2025072903000149,GBBL,Kohinoor Investment & Securities Pvt. Ltd.,Sundhara Securities Limited,212,498.0,105576.0,2025-07-29 11:02:33.785567
2025-07-29,156567,2025072903000151,GBBL,Premier Securities Company Ltd.,Investment Management Nepal Pvt. Ltd.,200,490.0,98000.0,2025-07-29 11:02:34.316310
2025-07-29,156566,2025072903000152,GBBL,Stoxkarts Securities Limited,Investment Management Nepal Pvt. Ltd.,300,490.0,147000.0,2025-07-29 11:02:34.316466
2025-07-29,156049,2025072903000262,GBBL,Dynamic Money Managers Securities Pvt. Ltd.,Nabil Stock Dealer Ltd.,100,496.9,49690.0,2025-07-29 11:03:33.243103
2025-07-29,155326,2025072903000398,GBBL,Kohinoor Investment & Securities Pvt. Ltd.,Neev Securities Pvt. Ltd.,100,494.0,49400.0,2025-07-29 11:04:46.944407
2025-07-29,155325,2025072903000399,GBBL,Kohinoor Investment & Securities Pvt. Ltd.,Online Securities Pvt. Ltd.,122,495.0,60390.0,2025-07-29 11:04:46.944497
2025-07-29,155198,2025072903000428,GBBL,Nepal Stock House (PVT) Ltd.,Sipla Securities Private Limited,20,492.0,9840.0,2025-07-29 11:04:59.524049
2025-07-29,155197,2025072903000429,GBBL,Vision Securities Pvt. Ltd,Sipla Securities Private Limited,50,491.0,24550.0,2025-07-29 11:04:59.524166
2025-07-29,155081,2025072903000453,GBBL,Sani Securities Company Ltd.,Premier Securities Company Ltd.,500,490.1,245050.0,2025-07-29 11:05:13.333965
2025-07-29,155080,2025072903000454,GBBL,K.B.L. Securities Limited ,Premier Securities Company Ltd.,500,490.1,245050.0,2025-07-29 11:05:13.334098
2025-07-29,154820,2025072903000538,GBBL,Sharepro Securities Private Limited,Kumari Securities Private Limited,300,494.8,148440.0,2025-07-29 11:05:41.079020
2025-07-29,154819,2025072903000539,GBBL,Sharepro Securities Private Limited,Premier Securities Company Ltd.,100,494.9,49490.0,2025-07-29 11:05:41.079145
2025-07-29,154818,2025072903000540,GBBL,Sharepro Securities Private Limited,Kohinoor Investment & Securities Pvt. Ltd.,30,494.9,14847.0,2025-07-29 11:05:41.079202
2025-07-29,154817,2025072903000541,GBBL,Sharepro Securities Private Limited,Vision Securities Pvt. Ltd,70,494.9,34643.0,2025-07-29 11:05:41.079276
2025-07-29,154612,2025072903000591,GBBL,Agrawal Securities (PVT) Ltd.,Vision Securities Pvt. Ltd,30,494.9,14847.0,2025-07-29 11:06:00.982057
2025-07-29,154611,2025072903000592,GBBL,Agrawal Securities (PVT) Ltd.,Investment Management Nepal Pvt. Ltd.,200,494.9,98980.0,2025-07-29 11:06:00.982164
2025-07-29,154610,2025072903000593,GBBL,Agrawal Securities (PVT) Ltd.,Oxford Securities Pvt. Ltd.,100,494.9,49490.0,2025-07-29 11:06:00.982231
2025-07-29,154609,2025072903000594,GBBL,Agrawal Securities (PVT) Ltd.,Online Securities Pvt. Ltd.,170,495.0,84150.0,2025-07-29 11:06:00.982282
2025-07-29,154381,2025072903000639,GBBL,Nepal Stock House (PVT) Ltd.,Sipla Securities Private Limited,150,491.0,73650.0,2025-07-29 11:06:19.639867
2025-07-29,154159,2025072903000682,GBBL,Vision Securities Pvt. Ltd,Infinity Securities Limited,100,491.1,49110.0,2025-07-29 11:06:39.065127
2025-07-29,154158,2025072903000683,GBBL,Nepal Stock House (PVT) Ltd.,Infinity Securities Limited,50,491.0,24550.0,2025-07-29 11:06:39.065246
2025-07-29,154157,2025072903000684,GBBL,Oxford Securities Pvt. Ltd.,Infinity Securities Limited,10,491.0,4910.0,2025-07-29 11:06:39.065301
2025-07-29,153933,2025072903000750,GBBL,Himalayan Brokerage Company Limited,Infinity Securities Limited,340,491.0,166940.0,2025-07-29 11:07:00.470617
2025-07-29,153795,2025072903000765,GBBL,Himalayan Brokerage Company Limited,Investment Management Nepal Pvt. Ltd.,160,491.0,78560.0,2025-07-29 11:07:10.233119
2025-07-29,153679,2025072903000801,GBBL,Sani Securities Company Ltd.,Ashutosh Brokerage & Securities (PVT) Ltd.,80,490.1,39208.0,2025-07-29 11:07:18.245953
2025-07-29,153678,2025072903000802,GBBL,Opal Securities Investment (PVT) Ltd.,Ashutosh Brokerage & Securities (PVT) Ltd.,40,490.1,19604.0,2025-07-29 11:07:18.246239
2025-07-29,153677,2025072903000803,GBBL,Stoxkarts Securities Limited,Ashutosh Brokerage & Securities (PVT) Ltd.,200,490.0,98000.0,2025-07-29 11:07:18.246423
2025-07-29,153676,2025072903000804,GBBL,Premier Securities Company Ltd.,Ashutosh Brokerage & Securities (PVT) Ltd.,80,490.0,39200.0,2025-07-29 11:07:18.246598
2025-07-29,153320,2025072903000854,GBBL,Nepal Stock House (PVT) Ltd.,Investment Management Nepal Pvt. Ltd.,140,491.0,68740.0,2025-07-29 11:07:48.145880
2025-07-29,153319,2025072903000855,GBBL,Nepal Stock House (PVT) Ltd.,MILKY WAY SHARE BROKER COMPANY LTD ,60,491.0,29460.0,2025-07-29 11:07:48.146008
2025-07-29,153318,2025072903000856,GBBL,Premier Securities Company Ltd.,ABC Securities Private Limited,700,490.0,343000.0,2025-07-29 11:07:48.384083
2025-07-29,153244,2025072903000873,GBBL,Premier Securities Company Ltd.,Sipla Securities Private Limited,20,490.0,9800.0,2025-07-29 11:07:55.778652
2025-07-29,153087,2025072903000905,GBBL,Premier Securities Company Ltd.,Sipla Securities Private Limited,130,490.0,63700.0,2025-07-29 11:08:11.800589
2025-07-29,153056,2025072903000910,GBBL,Nepal Stock House (PVT) Ltd.,MILKY WAY SHARE BROKER COMPANY LTD ,80,491.0,39280.0,2025-07-29 11:08:14.135689
2025-07-29,153048,2025072903000913,GBBL,Premier Securities Company Ltd.,Linch Stock Market Ltd.,50,490.0,24500.0,2025-07-29 11:08:16.000961
2025-07-29,152826,2025072903000964,GBBL,Premier Securities Company Ltd.,Imperial Securities Company Pvt. Ltd.,20,490.0,9800.0,2025-07-29 11:08:34.828318
2025-07-29,152825,2025072903000965,GBBL,Sundhara Securities Limited,Imperial Securities Company Pvt. Ltd.,50,490.0,24500.0,2025-07-29 11:08:34.828356
2025-07-29,152824,2025072903000966,GBBL,Asian Securities Private Ltd.,Imperial Securities Company Pvt. Ltd.,100,490.0,49000.0,2025-07-29 11:08:34.828378
2025-07-29,152823,2025072903000967,GBBL,Deevyaa Securities & Stock House Pvt. Ltd,Imperial Securities Company Pvt. Ltd.,100,489.0,48900.0,2025-07-29 11:08:34.828400
2025-07-29,152822,2025072903000968,GBBL,Secured Securities Ltd.,Imperial Securities Company Pvt. Ltd.,300,488.0,146400.0,2025-07-29 11:08:34.828435
2025-07-29,152821,2025072903000969,GBBL,Nabil Stock Dealer Ltd.,Imperial Securities Company Pvt. Ltd.,430,488.0,209840.0,2025-07-29 11:08:34.828467
2025-07-29,152574,2025072903001025,GBBL,Nabil Stock Dealer Ltd.,South Asian Bulls Pvt. Ltd.,20,488.0,9760.0,2025-07-29 11:08:54.345308
2025-07-29,152375,2025072903001061,GBBL,Nabil Stock Dealer Ltd.,J.F. Securites (PVT) Ltd.,50,488.0,24400.0,2025-07-29 11:09:08.158254
2025-07-29,152329,2025072903001069,GBBL,Oxford Securities Pvt. Ltd.,J.F. Securites (PVT) Ltd.,50,488.0,24400.0,2025-07-29 11:09:13.385323
2025-07-29,151827,2025072903001155,GBBL,Opal Securities Investment (PVT) Ltd.,Miyo Securities Pvt Ltd,50,487.0,24350.0,2025-07-29 11:09:51.552011
2025-07-29,151826,2025072903001156,GBBL,S.P.S.A. Securities Limited,Miyo Securities Pvt Ltd,500,486.0,243000.0,2025-07-29 11:09:51.552060
2025-07-29,151825,2025072903001157,GBBL,Naasa Securities Co. Ltd.,Miyo Securities Pvt Ltd,100,486.0,48600.0,2025-07-29 11:09:51.552086
2025-07-29,151824,2025072903001158,GBBL,ABC Securities Private Limited,Miyo Securities Pvt Ltd,950,486.0,461700.0,2025-07-29 11:09:51.552106
2025-07-29,151822,2025072903001160,GBBL,Thrive Brokerage House Pvt. Ltd,J.F. Securites (PVT) Ltd.,100,488.0,48800.0,2025-07-29 11:09:51.686750
2025-07-29,151745,2025072903001175,GBBL,Oxford Securities Pvt. Ltd.,J.F. Securites (PVT) Ltd.,10,487.0,4870.0,2025-07-29 11:09:57.631854
2025-07-29,151744,2025072903001176,GBBL,Oxford Securities Pvt. Ltd.,Blue Chip Securities Ltd,90,488.0,43920.0,2025-07-29 11:09:57.632003
2025-07-29,151097,2025072903001365,GBBL,INDEX SECURITIES LIMITED,Blue Chip Securities Ltd,220,488.0,107360.0,2025-07-29 11:10:49.820460
2025-07-29,151023,2025072903001386,GBBL,Aryatara Investment & Securities,Online Securities Pvt. Ltd.,25,487.0,12175.0,2025-07-29 11:10:53.999712
2025-07-29,150758,2025072903001442,GBBL,S.P.S.A. Securities Limited,Blue Chip Securities Ltd,100,488.0,48800.0,2025-07-29 11:11:17.120641
2025-07-29,150709,2025072903001460,GBBL,Aryatara Investment & Securities,KALASH STOCK MARKET PVT. LTD.,275,487.0,133925.0,2025-07-29 11:11:22.515941
2025-07-29,150708,2025072903001461,GBBL,ABC Securities Private Limited,KALASH STOCK MARKET PVT. LTD.,50,486.0,24300.0,2025-07-29 11:11:22.515999
2025-07-29,150707,2025072903001462,GBBL,ABC Securities Private Limited,KALASH STOCK MARKET PVT. LTD.,100,486.0,48600.0,2025-07-29 11:11:22.516030
2025-07-29,150706,2025072903001463,GBBL,SUN SECURITIES PVT LTD,KALASH STOCK MARKET PVT. LTD.,300,485.0,145500.0,2025-07-29 11:11:22.516061
2025-07-29,150705,2025072903001464,GBBL,Vision Securities Pvt. Ltd,KALASH STOCK MARKET PVT. LTD.,275,485.0,133375.0,2025-07-29 11:11:22.516092
2025-07-29,150587,2025072903001499,GBBL,Imperial Securities Company Pvt. Ltd.,Blue Chip Securities Ltd,90,488.0,43920.0,2025-07-29 11:11:32.529261
2025-07-29,150482,2025072903001521,GBBL,Imperial Securities Company Pvt. Ltd.,Primo Securities (PVT) Ltd.,10,488.0,4880.0,2025-07-29 11:11:40.647275
2025-07-29,150481,2025072903001522,GBBL,Vision Securities Pvt. Ltd,Primo Securities (PVT) Ltd.,137,485.0,66445.0,2025-07-29 11:11:40.647428
2025-07-29,150316,2025072903001553,GBBL,ABC Securities Private Limited,Sewa Securities Pvt. Ltd.,100,484.0,48400.0,2025-07-29 11:11:53.175668
2025-07-29,150177,2025072903001582,GBBL,ABC Securities Private Limited,Primo Securities (PVT) Ltd.,353,484.0,170852.0,2025-07-29 11:12:00.760582
2025-07-29,149847,2025072903001653,GBBL,Capital Max Securities Ltd,Primo Securities (PVT) Ltd.,250,484.0,121000.0,2025-07-29 11:12:30.900870
2025-07-29,149681,2025072903001684,GBBL,Nepal Stock House (PVT) Ltd.,Imperial Securities Company Pvt. Ltd.,20,484.5,9690.0,2025-07-29 11:12:47.473909
2025-07-29,149582,2025072903001709,GBBL,Nepal Stock House (PVT) Ltd.,Neev Securities Pvt. Ltd.,180,485.2,87336.0,2025-07-29 11:12:55.579622
2025-07-29,149306,2025072903001771,GBBL,Opal Securities Investment (PVT) Ltd.,South Asian Bulls Pvt. Ltd.,10,484.5,4845.0,2025-07-29 11:13:25.255097
2025-07-29,149157,2025072903001788,GBBL,Oxford Securities Pvt. Ltd.,Neev Securities Pvt. Ltd.,20,485.0,9700.0,2025-07-29 11:13:37.988095
2025-07-29,148904,2025072903001827,GBBL,Opal Securities Investment (PVT) Ltd.,Infinity Securities Limited,10,484.5,4845.0,2025-07-29 11:14:02.542898
2025-07-29,148903,2025072903001828,GBBL,Sani Securities Company Ltd.,Infinity Securities Limited,45,484.1,21784.5,2025-07-29 11:14:02.543062
2025-07-29,148902,2025072903001829,GBBL,Kumari Securities Private Limited,Infinity Securities Limited,30,484.0,14520.0,2025-07-29 11:14:02.543144
2025-07-29,148901,2025072903001830,GBBL,Oxford Securities Pvt. Ltd.,Infinity Securities Limited,100,484.0,48400.0,2025-07-29 11:14:02.543219
2025-07-29,148900,2025072903001831,GBBL,Sani Securities Company Ltd.,Infinity Securities Limited,185,484.0,89540.0,2025-07-29 11:14:02.543316
2025-07-29,148809,2025072903001852,GBBL,Sani Securities Company Ltd.,Trishakti Securities Public Limited,17,484.0,8228.0,2025-07-29 11:14:10.595500
2025-07-29,148719,2025072903001865,GBBL,Sani Securities Company Ltd.,Infinity Securities Limited,298,484.0,144232.0,2025-07-29 11:14:17.602058
2025-07-29,148527,2025072903001889,GBBL,Sharepro Securities Private Limited,Online Securities Pvt. Ltd.,20,483.0,9660.0,2025-07-29 11:14:35.854656
2025-07-29,147973,2025072903001993,GBBL,Kumari Securities Private Limited,Infinity Securities Limited,30,484.0,14520.0,2025-07-29 11:15:24.171381
2025-07-29,147854,2025072903002013,GBBL,Sharepro Securities Private Limited,Kohinoor Investment & Securities Pvt. Ltd.,280,483.0,135240.0,2025-07-29 11:15:32.268258
2025-07-29,147853,2025072903002014,GBBL,Nepal Stock House (PVT) Ltd.,Kohinoor Investment & Securities Pvt. Ltd.,70,483.0,33810.0,2025-07-29 11:15:32.268603
2025-07-29,147833,2025072903002023,GBBL,Nepal Stock House (PVT) Ltd.,Shree Krishna Securities Ltd.,30,483.0,14490.0,2025-07-29 11:15:35.121156
2025-07-29,147832,2025072903002024,GBBL,Asian Securities Private Ltd.,Shree Krishna Securities Ltd.,50,483.0,24150.0,2025-07-29 11:15:35.121331
2025-07-29,147831,2025072903002025,GBBL,Dipshikha Dhitopatra Karobar Co. Pvt Ltd.,Shree Krishna Securities Ltd.,920,483.0,444360.0,2025-07-29 11:15:35.121411
2025-07-29,147800,2025072903002029,GBBL,Asian Securities Private Ltd.,Infinity Securities Limited,50,484.0,24200.0,2025-07-29 11:15:36.752821
2025-07-29,147283,2025072903002161,GBBL,S.P.S.A. Securities Limited,Infinity Securities Limited,100,484.0,48400.0,2025-07-29 11:16:22.920981
2025-07-29,147048,2025072903002216,GBBL,Dipshikha Dhitopatra Karobar Co. Pvt Ltd.,Premier Securities Company Ltd.,80,483.0,38640.0,2025-07-29 11:16:42.643063
2025-07-29,146962,2025072903002236,GBBL,Sani Securities Company Ltd.,MILKY WAY SHARE BROKER COMPANY LTD ,920,482.2,443624.0,2025-07-29 11:16:49.325736
2025-07-29,146852,2025072903002260,GBBL,Sri Hari Securities Pvt. Ltd.,Sweta Securities Private Limited,273,483.9,132104.7,2025-07-29 11:17:02.226806
2025-07-29,146851,2025072903002261,GBBL,Sri Hari Securities Pvt. Ltd.,Infinity Securities Limited,522,484.0,252648.0,2025-07-29 11:17:02.226988
2025-07-29,146420,2025072903002329,GBBL,Premier Securities Company Ltd.,Neev Securities Pvt. Ltd.,200,485.0,97000.0,2025-07-29 11:17:41.095578
2025-07-29,146419,2025072903002330,GBBL,Sri Hari Securities Pvt. Ltd.,Neev Securities Pvt. Ltd.,100,485.0,48500.0,2025-07-29 11:17:41.182016
2025-07-29,146379,2025072903002336,GBBL,Vision Securities Pvt. Ltd,Opal Securities Investment (PVT) Ltd.,10,488.0,4880.0,2025-07-29 11:17:42.664937
2025-07-29,145908,2025072903002424,GBBL,Dipshikha Dhitopatra Karobar Co. Pvt Ltd.,Opal Securities Investment (PVT) Ltd.,200,488.0,97600.0,2025-07-29 11:18:27.744263
2025-07-29,145868,2025072903002429,GBBL,Sewa Securities Pvt. Ltd.,Opal Securities Investment (PVT) Ltd.,100,488.0,48800.0,2025-07-29 11:18:30.878447
2025-07-29,145504,2025072903002504,GBBL,SUN SECURITIES PVT LTD,Primo Securities (PVT) Ltd.,131,487.0,63797.0,2025-07-29 11:19:01.219150
2025-07-29,145426,2025072903002529,GBBL,Kumari Securities Private Limited,Dipshikha Dhitopatra Karobar Co. Pvt Ltd.,50,486.0,24300.0,2025-07-29 11:19:10.364301
2025-07-29,145425,2025072903002530,GBBL,Sri Hari Securities Pvt. Ltd.,Dipshikha Dhitopatra Karobar Co. Pvt Ltd.,200,485.0,97000.0,2025-07-29 11:19:10.364687
2025-07-29,145424,2025072903002531,GBBL,Sri Hari Securities Pvt. Ltd.,Dipshikha Dhitopatra Karobar Co. Pvt Ltd.,120,484.0,58080.0,2025-07-29 11:19:10.364978
2025-07-29,145274,2025072903002567,GBBL,Sri Hari Securities Pvt. Ltd.,Miyo Securities Pvt Ltd,527,484.0,255068.0,2025-07-29 11:19:29.775837
2025-07-29,145273,2025072903002568,GBBL,Imperial Securities Company Pvt. Ltd.,Miyo Securities Pvt Ltd,50,484.0,24200.0,2025-07-29 11:19:29.775884
2025-07-29,145272,2025072903002569,GBBL,Aryatara Investment & Securities,Miyo Securities Pvt Ltd,100,483.0,48300.0,2025-07-29 11:19:29.775912
2025-07-29,145271,2025072903002570,GBBL,Sani Securities Company Ltd.,Miyo Securities Pvt Ltd,80,482.2,38576.0,2025-07-29 11:19:29.775943
2025-07-29,145270,2025072903002571,GBBL,Secured Securities Ltd.,Miyo Securities Pvt Ltd,500,482.1,241050.0,2025-07-29 11:19:29.775985
2025-07-29,145269,2025072903002572,GBBL,SUN SECURITIES PVT LTD,Miyo Securities Pvt Ltd,1500,482.0,723000.0,2025-07-29 11:19:29.776019
2025-07-29,145268,2025072903002573,GBBL,Siprabi Securities Pvt. Ltd.,Miyo Securities Pvt Ltd,100,482.0,48200.0,2025-07-29 11:19:29.776052
2025-07-29,145267,2025072903002574,GBBL,Deevyaa Securities & Stock House Pvt. Ltd,Miyo Securities Pvt Ltd,143,482.0,68926.0,2025-07-29 11:19:29.776077
2025-07-29,144665,2025072903002675,GBBL,Online Securities Pvt. Ltd.,Siprabi Securities Pvt. Ltd.,10,484.0,4840.0,2025-07-29 11:20:28.378333
2025-07-29,144353,2025072903002743,GBBL,Sewa Securities Pvt. Ltd.,Agrawal Securities (PVT) Ltd.,20,485.0,9700.0,2025-07-29 11:20:59.793560
2025-07-29,144255,2025072903002755,GBBL,Sri Hari Securities Pvt. Ltd.,Kohinoor Investment & Securities Pvt. Ltd.,20,486.0,9720.0,2025-07-29 11:21:06.386806
2025-07-29,143960,2025072903002795,GBBL,Cristal Kanchanjanga Securites Pvt. Ltd.,Sani Securities Company Ltd.,67,487.0,32629.0,2025-07-29 11:21:33.459150
2025-07-29,143959,2025072903002796,GBBL,Cristal Kanchanjanga Securites Pvt. Ltd.,Premier Securities Company Ltd.,50,487.0,24350.0,2025-07-29 11:21:33.459368
2025-07-29,143464,2025072903002885,GBBL,Cristal Kanchanjanga Securites Pvt. Ltd.,Nepal Investment And Securities Trading Private Limited,20,487.0,9740.0,2025-07-29 11:22:13.752221
2025-07-29,143318,2025072903002925,GBBL,Cristal Kanchanjanga Securites Pvt. Ltd.,Nepal Investment And Securities Trading Private Limited,20,487.0,9740.0,2025-07-29 11:22:22.844250
2025-07-29,142752,2025072903003039,GBBL,Cristal Kanchanjanga Securites Pvt. Ltd.,Aryatara Investment & Securities,860,487.0,418820.0,2025-07-29 11:23:06.711948
2025-07-29,142742,2025072903003040,GBBL,Sri Hari Securities Pvt. Ltd.,Opal Securities Investment (PVT) Ltd.,480,488.0,234240.0,2025-07-29 11:23:07.828515
2025-07-29,142106,2025072903003191,GBBL,Naasa Securities Co. Ltd.,Opal Securities Investment (PVT) Ltd.,210,488.0,102480.0,2025-07-29 11:23:53.589919
2025-07-29,142105,2025072903003192,GBBL,Naasa Securities Co. Ltd.,Sundhara Securities Limited,100,488.0,48800.0,2025-07-29 11:23:53.590145
2025-07-29,142071,2025072903003201,GBBL,Linch Stock Market Ltd.,Sani Securities Company Ltd.,30,489.0,14670.0,2025-07-29 11:23:58.760907
2025-07-29,142070,2025072903003202,GBBL,Linch Stock Market Ltd.,Online Securities Pvt. Ltd.,20,489.0,9780.0,2025-07-29 11:23:58.761123
2025-07-29,141913,2025072903003229,GBBL,Aryatara Investment & Securities,Online Securities Pvt. Ltd.,120,489.0,58680.0,2025-07-29 11:24:06.753933
2025-07-29,141907,2025072903003232,GBBL,Vision Securities Pvt. Ltd,Online Securities Pvt. Ltd.,60,489.0,29340.0,2025-07-29 11:24:07.142379
2025-07-29,141906,2025072903003233,GBBL,Vision Securities Pvt. Ltd,Naasa Securities Co. Ltd.,50,489.0,24450.0,2025-07-29 11:24:07.142595
2025-07-29,141742,2025072903003269,GBBL,Vision Securities Pvt. Ltd,Agrawal Securities (PVT) Ltd.,100,489.0,48900.0,2025-07-29 11:24:18.055008
2025-07-29,141496,2025072903003329,GBBL,Naasa Securities Co. Ltd.,Online Securities Pvt. Ltd.,100,490.0,49000.0,2025-07-29 11:24:35.116407
2025-07-29,141495,2025072903003330,GBBL,Naasa Securities Co. Ltd.,Siprabi Securities Pvt. Ltd.,90,490.0,44100.0,2025-07-29 11:24:35.116639
2025-07-29,141472,2025072903003340,GBBL,Asian Securities Private Ltd.,Siprabi Securities Pvt. Ltd.,200,490.0,98000.0,2025-07-29 11:24:37.375558
2025-07-29,141339,2025072903003381,GBBL,Thrive Brokerage House Pvt. Ltd,Siprabi Securities Pvt. Ltd.,10,490.0,4900.0,2025-07-29 11:24:43.211234
2025-07-29,141150,2025072903003435,GBBL,Sewa Securities Pvt. Ltd.,Siprabi Securities Pvt. Ltd.,200,490.0,98000.0,2025-07-29 11:24:58.384858
2025-07-29,141149,2025072903003436,GBBL,Sewa Securities Pvt. Ltd.,South Asian Bulls Pvt. Ltd.,1000,490.0,490000.0,2025-07-29 11:24:58.385158
2025-07-29,141148,2025072903003437,GBBL,Sewa Securities Pvt. Ltd.,Midas Stock Broking Company Private Limited,20,490.0,9800.0,2025-07-29 11:24:58.385263
2025-07-29,141147,2025072903003438,GBBL,Sewa Securities Pvt. Ltd.,Imperial Securities Company Pvt. Ltd.,50,490.0,24500.0,2025-07-29 11:24:58.385360
2025-07-29,141146,2025072903003439,GBBL,Sewa Securities Pvt. Ltd.,Naasa Securities Co. Ltd.,50,490.0,24500.0,2025-07-29 11:24:58.385488
2025-07-29,141145,2025072903003440,GBBL,Sewa Securities Pvt. Ltd.,Imperial Securities Company Pvt. Ltd.,25,490.0,12250.0,2025-07-29 11:24:58.385608
2025-07-29,141144,2025072903003441,GBBL,Sewa Securities Pvt. Ltd.,Sani Securities Company Ltd.,500,490.0,245000.0,2025-07-29 11:24:58.385745
2025-07-29,141120,2025072903003447,GBBL,Sewa Securities Pvt. Ltd.,Sewa Securities Pvt. Ltd.,155,490.0,75950.0,2025-07-29 11:25:00.403869
2025-07-29,140955,2025072903003483,GBBL,Vision Securities Pvt. Ltd,Sani Securities Company Ltd.,190,489.0,92910.0,2025-07-29 11:25:09.510301
2025-07-29,140863,2025072903003507,GBBL,Thrive Brokerage House Pvt. Ltd,Sani Securities Company Ltd.,20,487.1,9742.0,2025-07-29 11:25:16.612178
2025-07-29,140862,2025072903003508,GBBL,Cristal Kanchanjanga Securites Pvt. Ltd.,Sani Securities Company Ltd.,483,487.0,235221.0,2025-07-29 11:25:16.612399
2025-07-29,140861,2025072903003509,GBBL,Opal Securities Investment (PVT) Ltd.,Sani Securities Company Ltd.,103,487.0,50161.0,2025-07-29 11:25:16.612495
2025-07-29,140860,2025072903003510,GBBL,Aryatara Investment & Securities,Sani Securities Company Ltd.,394,487.0,191878.0,2025-07-29 11:25:16.612588
2025-07-29,140242,2025072903003628,GBBL,Kohinoor Investment & Securities Pvt. Ltd.,Sani Securities Company Ltd.,160,489.0,78240.0,2025-07-29 11:26:12.212922
2025-07-29,139873,2025072903003715,GBBL,Sagarmatha Securities Private Limited,Miyo Securities Pvt Ltd,500,488.0,244000.0,2025-07-29 11:26:52.674653
2025-07-29,139800,2025072903003736,GBBL,Agrawal Securities (PVT) Ltd.,Sani Securities Company Ltd.,400,489.0,195600.0,2025-07-29 11:26:57.951194
2025-07-29,139262,2025072903003863,GBBL,Naasa Securities Co. Ltd.,Sani Securities Company Ltd.,200,489.0,97800.0,2025-07-29 11:27:46.752445
2025-07-29,139141,2025072903003887,GBBL,Deevyaa Securities & Stock House Pvt. Ltd,Sani Securities Company Ltd.,50,489.0,24450.0,2025-07-29 11:27:57.067233
2025-07-29,139140,2025072903003888,GBBL,Deevyaa Securities & Stock House Pvt. Ltd,Premier Securities Company Ltd.,330,489.0,161370.0,2025-07-29 11:27:57.067482
2025-07-29,138868,2025072903003953,GBBL,Sagarmatha Securities Private Limited,Miyo Securities Pvt Ltd,500,488.0,244000.0,2025-07-29 11:28:21.076707
2025-07-29,138867,2025072903003954,GBBL,Nagarik Stock Dealer ,Miyo Securities Pvt Ltd,100,488.0,48800.0,2025-07-29 11:28:21.076931
2025-07-29,138866,2025072903003955,GBBL,Nagarik Stock Dealer ,Miyo Securities Pvt Ltd,100,488.0,48800.0,2025-07-29 11:28:21.077036
2025-07-29,138671,2025072903003993,GBBL,Imperial Securities Company Pvt. Ltd.,Miyo Securities Pvt Ltd,100,488.0,48800.0,2025-07-29 11:28:34.912916
2025-07-29,138519,2025072903004010,GBBL,Deevyaa Securities & Stock House Pvt. Ltd,Bhrikuti Stock Broking Co. Pvt. Ltd.,140,487.1,68194.0,2025-07-29 11:28:47.227321
2025-07-29,138518,2025072903004011,GBBL,Aryatara Investment & Securities,Bhrikuti Stock Broking Co. Pvt. Ltd.,106,487.0,51622.0,2025-07-29 11:28:47.227556
2025-07-29,138517,2025072903004012,GBBL,Nepal Investment And Securities Trading Private Limited,Bhrikuti Stock Broking Co. Pvt. Ltd.,40,487.0,19480.0,2025-07-29 11:28:47.227670
2025-07-29,138516,2025072903004013,GBBL,Sani Securities Company Ltd.,Bhrikuti Stock Broking Co. Pvt. Ltd.,703,487.0,342361.0,2025-07-29 11:28:47.227765
2025-07-29,138201,2025072903004057,GBBL,Sani Securities Company Ltd.,Kohinoor Investment & Securities Pvt. Ltd.,20,487.0,9740.0,2025-07-29 11:29:14.006078
2025-07-29,137892,2025072903004119,GBBL,Nagarik Stock Dealer ,Opal Securities Investment (PVT) Ltd.,50,485.0,24250.0,2025-07-29 11:29:43.902120
2025-07-29,137426,2025072903004206,GBBL,Cristal Kanchanjanga Securites Pvt. Ltd.,Sundhara Securities Limited,10,485.0,4850.0,2025-07-29 11:30:29.647687
2025-07-29,137425,2025072903004207,GBBL,Sani Securities Company Ltd.,Sundhara Securities Limited,77,485.0,37345.0,2025-07-29 11:30:29.648152
2025-07-29,137424,2025072903004208,GBBL,Malla & Malla Stock Broking Company Pvt. Limited,Sundhara Securities Limited,113,485.0,54805.0,2025-07-29 11:30:29.648446
2025-07-29,137259,2025072903004234,GBBL,Sani Securities Company Ltd.,Sharepro Securities Private Limited,1000,484.1,484100.0,2025-07-29 11:30:46.187975
2025-07-29,137258,2025072903004235,GBBL,Online Securities Pvt. Ltd.,Sharepro Securities Private Limited,30,484.0,14520.0,2025-07-29 11:30:46.188037
2025-07-29,137257,2025072903004236,GBBL,Dipshikha Dhitopatra Karobar Co. Pvt Ltd.,Sharepro Securities Private Limited,200,484.0,96800.0,2025-07-29 11:30:46.188107
2025-07-29,137256,2025072903004237,GBBL,SUN SECURITIES PVT LTD,Sharepro Securities Private Limited,300,484.0,145200.0,2025-07-29 11:30:46.188136
2025-07-29,137255,2025072903004238,GBBL,Nabil Stock Dealer Ltd.,Sharepro Securities Private Limited,200,484.0,96800.0,2025-07-29 11:30:46.188169
2025-07-29,137254,2025072903004239,GBBL,Dipshikha Dhitopatra Karobar Co. Pvt Ltd.,Sharepro Securities Private Limited,1000,483.1,483100.0,2025-07-29 11:30:46.188222
2025-07-29,137253,2025072903004240,GBBL,Swarna Laxmi Securities Pvt. Ltd.,Sharepro Securities Private Limited,270,483.0,130410.0,2025-07-29 11:30:46.188268
2025-07-29,136755,2025072903004378,GBBL,Deevyaa Securities & Stock House Pvt. Ltd,Linch Stock Market Ltd.,150,483.1,72465.0,2025-07-29 11:31:36.251248
2025-07-29,136731,2025072903004381,GBBL,Vision Securities Pvt. Ltd,Agrawal Securities (PVT) Ltd.,100,485.0,48500.0,2025-07-29 11:31:37.601994
2025-07-29,136730,2025072903004382,GBBL,Vision Securities Pvt. Ltd,Dipshikha Dhitopatra Karobar Co. Pvt Ltd.,33,485.0,16005.0,2025-07-29 11:31:37.602449
2025-07-29,136350,2025072903004490,GBBL,Vision Securities Pvt. Ltd,Sani Securities Company Ltd.,367,485.0,177995.0,2025-07-29 11:32:08.571406
2025-07-29,136349,2025072903004491,GBBL,SUN SECURITIES PVT LTD,Sani Securities Company Ltd.,133,485.0,64505.0,2025-07-29 11:32:08.571863
2025-07-29,133730,2025072903005094,GBBL,SUN SECURITIES PVT LTD,Imperial Securities Company Pvt. Ltd.,67,485.0,32495.0,2025-07-29 11:35:52.875732
2025-07-29,133729,2025072903005095,GBBL,Imperial Securities Company Pvt. Ltd.,Imperial Securities Company Pvt. Ltd.,100,485.0,48500.0,2025-07-29 11:35:52.875828
2025-07-29,133728,2025072903005096,GBBL,Vision Securities Pvt. Ltd,Imperial Securities Company Pvt. Ltd.,500,485.0,242500.0,2025-07-29 11:35:52.875903
2025-07-29,133727,2025072903005097,GBBL,SUN SECURITIES PVT LTD,Imperial Securities Company Pvt. Ltd.,300,484.0,145200.0,2025-07-29 11:35:52.875978
2025-07-29,133726,2025072903005098,GBBL,Deevyaa Securities & Stock House Pvt. Ltd,Imperial Securities Company Pvt. Ltd.,33,483.1,15942.3,2025-07-29 11:35:52.876069
2025-07-29,132674,2025072903005359,GBBL,Deevyaa Securities & Stock House Pvt. Ltd,Nepal Stock House (PVT) Ltd.,89,483.3,43013.7,2025-07-29 11:37:20.689111
2025-07-29,132673,2025072903005360,GBBL,Nabil Stock Dealer Ltd.,Nepal Stock House (PVT) Ltd.,446,483.2,215507.2,2025-07-29 11:37:20.689587
2025-07-29,132648,2025072903005362,GBBL,Nabil Stock Dealer Ltd.,Sani Securities Company Ltd.,54,483.2,26092.8,2025-07-29 11:37:21.937986
2025-07-29,132647,2025072903005363,GBBL,Sharepro Securities Private Limited,Sani Securities Company Ltd.,300,483.0,144900.0,2025-07-29 11:37:21.938037
2025-07-29,132646,2025072903005364,GBBL,Imperial Securities Company Pvt. Ltd.,Sani Securities Company Ltd.,100,483.0,48300.0,2025-07-29 11:37:21.938065
2025-07-29,132645,2025072903005365,GBBL,Aryatara Investment & Securities,Sani Securities Company Ltd.,46,483.0,22218.0,2025-07-29 11:37:21.938092
2025-07-29,131930,2025072903005539,GBBL,Online Securities Pvt. Ltd.,Oxford Securities Pvt. Ltd.,24,483.2,11596.8,2025-07-29 11:38:14.086085
2025-07-29,131563,2025072903005645,GBBL,Online Securities Pvt. Ltd.,Sharepro Securities Private Limited,26,483.2,12563.2,2025-07-29 11:38:48.571043
2025-07-29,131562,2025072903005646,GBBL,Aryatara Investment & Securities,Sharepro Securities Private Limited,54,483.0,26082.0,2025-07-29 11:38:48.571123
2025-07-29,131561,2025072903005647,GBBL,Naasa Securities Co. Ltd.,Sharepro Securities Private Limited,400,483.0,193200.0,2025-07-29 11:38:48.571152
2025-07-29,131560,2025072903005648,GBBL,Thrive Brokerage House Pvt. Ltd,Sharepro Securities Private Limited,2500,482.6,1206500.0,2025-07-29 11:38:48.571180
2025-07-29,131559,2025072903005649,GBBL,Capital Max Securities Ltd,Sharepro Securities Private Limited,20,482.3,9646.0,2025-07-29 11:38:48.571205
2025-07-29,131032,2025072903005798,GBBL,Kumari Securities Private Limited,Opal Securities Investment (PVT) Ltd.,83,483.0,40089.0,2025-07-29 11:39:32.445210
2025-07-29,130781,2025072903005880,GBBL,Kumari Securities Private Limited,Deevyaa Securities & Stock House Pvt. Ltd,58,483.0,28014.0,2025-07-29 11:39:47.357148
2025-07-29,130447,2025072903005967,GBBL,Nabil Stock Dealer Ltd.,Dakshinkali Investment & Securities Pvt. Ltd.,500,483.1,241550.0,2025-07-29 11:40:17.534931
2025-07-29,130446,2025072903005968,GBBL,KALASH STOCK MARKET PVT. LTD.,Dakshinkali Investment & Securities Pvt. Ltd.,200,483.0,96600.0,2025-07-29 11:40:17.535449
2025-07-29,130330,2025072903005991,GBBL,Capital Max Securities Ltd,ABC Securities Private Limited,980,482.3,472654.0,2025-07-29 11:40:28.178388
2025-07-29,130329,2025072903005992,GBBL,Secured Securities Ltd.,ABC Securities Private Limited,500,482.1,241050.0,2025-07-29 11:40:28.178431
2025-07-29,130328,2025072903005993,GBBL,SUN SECURITIES PVT LTD,ABC Securities Private Limited,200,482.0,96400.0,2025-07-29 11:40:28.178468
2025-07-29,130327,2025072903005994,GBBL,Trademow Securities Private Limited,ABC Securities Private Limited,95,482.0,45790.0,2025-07-29 11:40:28.178499
2025-07-29,129487,2025072903006233,GBBL,Vision Securities Pvt. Ltd,Dakshinkali Investment & Securities Pvt. Ltd.,17,483.0,8211.0,2025-07-29 11:41:45.319783
2025-07-29,129433,2025072903006244,GBBL,Trademow Securities Private Limited,Sharepro Securities Private Limited,1405,482.0,677210.0,2025-07-29 11:41:50.801079
2025-07-29,129432,2025072903006245,GBBL,Nabil Stock Dealer Ltd.,Sharepro Securities Private Limited,2000,482.0,964000.0,2025-07-29 11:41:50.801119
2025-07-29,129431,2025072903006246,GBBL,Sewa Securities Pvt. Ltd.,Sharepro Securities Private Limited,1000,482.0,482000.0,2025-07-29 11:41:50.801144
2025-07-29,129430,2025072903006247,GBBL,Cristal Kanchanjanga Securites Pvt. Ltd.,Sharepro Securities Private Limited,100,482.0,48200.0,2025-07-29 11:41:50.801167
2025-07-29,129114,2025072903006336,GBBL,Stoxkarts Securities Limited,Prabhu Stock Market Limited,156,483.0,75348.0,2025-07-29 11:42:18.831562
2025-07-29,127694,2025072903006581,GBBL,Dynamic Money Managers Securities Pvt. Ltd.,Linch Stock Market Ltd.,200,484.0,96800.0,2025-07-29 11:44:22.766865
2025-07-29,126862,2025072903006752,GBBL,Vision Securities Pvt. Ltd,Linch Stock Market Ltd.,50,483.0,24150.0,2025-07-29 11:45:28.645360
2025-07-29,126480,2025072903006848,GBBL,Vision Securities Pvt. Ltd,Sunrise Securities Limited,33,483.0,15939.0,2025-07-29 11:46:03.065987
2025-07-29,126199,2025072903006891,GBBL,Dipshikha Dhitopatra Karobar Co. Pvt Ltd.,Deevyaa Securities & Stock House Pvt. Ltd,300,482.1,144630.0,2025-07-29 11:46:24.114906
2025-07-29,125647,2025072903007041,GBBL,Sumeru Securities Pvt. Ltd.,Sumeru Securities Pvt. Ltd.,200,482.5,96500.0,2025-07-29 11:47:09.653811
2025-07-29,125646,2025072903007042,GBBL,Sumeru Securities Pvt. Ltd.,Sunrise Securities Limited,300,483.0,144900.0,2025-07-29 11:47:09.653859
2025-07-29,125535,2025072903007072,GBBL,Sumeru Securities Pvt. Ltd.,Sunrise Securities Limited,167,483.0,80661.0,2025-07-29 11:47:18.719260
2025-07-29,125534,2025072903007073,GBBL,Sumeru Securities Pvt. Ltd.,Aryatara Investment & Securities,20,483.0,9660.0,2025-07-29 11:47:18.719305
2025-07-29,125533,2025072903007074,GBBL,Sumeru Securities Pvt. Ltd.,Linch Stock Market Ltd.,313,483.9,151460.7,2025-07-29 11:47:18.719334
2025-07-29,125445,2025072903007095,GBBL,Vision Securities Pvt. Ltd,Neev Securities Pvt. Ltd.,200,482.2,96440.0,2025-07-29 11:47:28.381963
2025-07-29,125444,2025072903007096,GBBL,Dipshikha Dhitopatra Karobar Co. Pvt Ltd.,Neev Securities Pvt. Ltd.,200,482.1,96420.0,2025-07-29 11:47:28.382268
2025-07-29,125443,2025072903007097,GBBL,Kohinoor Investment & Securities Pvt. Ltd.,Neev Securities Pvt. Ltd.,400,482.1,192840.0,2025-07-29 11:47:28.382425
2025-07-29,125442,2025072903007098,GBBL,Vision Securities Pvt. Ltd,Neev Securities Pvt. Ltd.,1000,482.1,482100.0,2025-07-29 11:47:28.382600
2025-07-29,125441,2025072903007099,GBBL,Sani Securities Company Ltd.,Neev Securities Pvt. Ltd.,2000,482.0,964000.0,2025-07-29 11:47:28.382747
2025-07-29,125440,2025072903007100,GBBL,Sani Securities Company Ltd.,Neev Securities Pvt. Ltd.,1200,482.0,578400.0,2025-07-29 11:47:28.382918
2025-07-29,125344,2025072903007128,GBBL,Sani Securities Company Ltd.,Miyo Securities Pvt Ltd,800,482.0,385600.0,2025-07-29 11:47:39.082981
2025-07-29,125343,2025072903007129,GBBL,Linch Stock Market Ltd.,Miyo Securities Pvt Ltd,250,482.0,120500.0,2025-07-29 11:47:39.083317
2025-07-29,125342,2025072903007130,GBBL,Midas Stock Broking Company Private Limited,Miyo Securities Pvt Ltd,153,482.0,73746.0,2025-07-29 11:47:39.083453
2025-07-29,125289,2025072903007137,GBBL,Ashutosh Brokerage & Securities (PVT) Ltd.,Miyo Securities Pvt Ltd,397,482.0,191354.0,2025-07-29 11:47:42.841530
2025-07-29,125040,2025072903007183,GBBL,Capital Max Securities Ltd,Deevyaa Securities & Stock House Pvt. Ltd,1,474.0,474.0,2025-07-29 11:48:04.075954
2025-07-29,124728,2025072903007266,GBBL,Ashutosh Brokerage & Securities (PVT) Ltd.,Nepal Investment And Securities Trading Private Limited,103,482.4,49687.2,2025-07-29 11:48:30.288080
2025-07-29,124515,2025072903007318,GBBL,Sani Securities Company Ltd.,Naasa Securities Co. Ltd.,250,482.0,120500.0,2025-07-29 11:48:53.387494
2025-07-29,124304,2025072903007376,GBBL,Linch Stock Market Ltd.,Online Securities Pvt. Ltd.,25,483.0,12075.0,2025-07-29 11:49:13.289618
2025-07-29,124303,2025072903007377,GBBL,Linch Stock Market Ltd.,Trishakti Securities Public Limited,205,483.0,99015.0,2025-07-29 11:49:13.289905
2025-07-29,123363,2025072903007585,GBBL,Vision Securities Pvt. Ltd,Dipshikha Dhitopatra Karobar Co. Pvt Ltd.,200,482.1,96420.0,2025-07-29 11:50:31.890650
2025-07-29,123362,2025072903007586,GBBL,Trisul Securities & Invt. Ltd.,Dipshikha Dhitopatra Karobar Co. Pvt Ltd.,500,482.1,241050.0,2025-07-29 11:50:31.890939
2025-07-29,123361,2025072903007587,GBBL,Trisul Securities & Invt. Ltd.,Dipshikha Dhitopatra Karobar Co. Pvt Ltd.,120,482.1,57852.0,2025-07-29 11:50:31.891084
2025-07-29,123360,2025072903007588,GBBL,Sani Securities Company Ltd.,Dipshikha Dhitopatra Karobar Co. Pvt Ltd.,180,482.0,86760.0,2025-07-29 11:50:31.891210
2025-07-29,123003,2025072903007662,GBBL,Sani Securities Company Ltd.,Asian Securities Private Ltd.,50,482.0,24100.0,2025-07-29 11:51:03.649245
2025-07-29,122871,2025072903007683,GBBL,Sani Securities Company Ltd.,Miyo Securities Pvt Ltd,100,482.0,48200.0,2025-07-29 11:51:12.997707
2025-07-29,122672,2025072903007736,GBBL,Sani Securities Company Ltd.,Miyo Securities Pvt Ltd,819,482.0,394758.0,2025-07-29 11:51:34.077832
2025-07-29,122659,2025072903007737,GBBL,Vision Securities Pvt. Ltd,Imperial Securities Company Pvt. Ltd.,200,483.0,96600.0,2025-07-29 11:51:34.469013
2025-07-29,122110,2025072903007878,GBBL,Vision Securities Pvt. Ltd,Nepal Stock House (PVT) Ltd.,150,483.0,72450.0,2025-07-29 11:52:28.108760
2025-07-29,122109,2025072903007879,GBBL,Vision Securities Pvt. Ltd,Nepal Investment And Securities Trading Private Limited,150,483.0,72450.0,2025-07-29 11:52:28.108813
2025-07-29,121650,2025072903008002,GBBL,Sri Hari Securities Pvt. Ltd.,Nepal Investment And Securities Trading Private Limited,50,483.0,24150.0,2025-07-29 11:53:05.057860
2025-07-29,121649,2025072903008003,GBBL,Sri Hari Securities Pvt. Ltd.,Siprabi Securities Pvt. Ltd.,50,483.0,24150.0,2025-07-29 11:53:05.058162
2025-07-29,121562,2025072903008022,GBBL,Thrive Brokerage House Pvt. Ltd,Prabhu Stock Market Limited,344,482.1,165842.4,2025-07-29 11:53:14.051505
2025-07-29,121262,2025072903008078,GBBL,Thrive Brokerage House Pvt. Ltd,Imperial Securities Company Pvt. Ltd.,67,482.1,32300.7,2025-07-29 11:53:43.563760
2025-07-29,120397,2025072903008285,GBBL,Himalayan Securities Limited,Siprabi Securities Pvt. Ltd.,165,483.0,79695.0,2025-07-29 11:55:04.544309
2025-07-29,120145,2025072903008338,GBBL,Himalayan Securities Limited,Blue Chip Securities Ltd,335,483.0,161805.0,2025-07-29 11:55:22.943595
2025-07-29,120144,2025072903008339,GBBL,Thrive Brokerage House Pvt. Ltd,Blue Chip Securities Ltd,589,482.1,283956.9,2025-07-29 11:55:22.943660
2025-07-29,120143,2025072903008340,GBBL,Sani Securities Company Ltd.,Blue Chip Securities Ltd,76,482.0,36632.0,2025-07-29 11:55:22.943689
2025-07-29,119767,2025072903008411,GBBL,Sani Securities Company Ltd.,Infinity Securities Limited,300,482.0,144600.0,2025-07-29 11:55:43.192546
2025-07-29,119743,2025072903008423,GBBL,Vision Securities Pvt. Ltd,Aryatara Investment & Securities,100,483.5,48350.0,2025-07-29 11:55:46.001743
2025-07-29,119742,2025072903008424,GBBL,Vision Securities Pvt. Ltd,Linch Stock Market Ltd.,400,483.9,193560.0,2025-07-29 11:55:46.001836
2025-07-29,119619,2025072903008442,GBBL,Vision Securities Pvt. Ltd,Linch Stock Market Ltd.,287,483.9,138879.3,2025-07-29 11:55:57.160477
2025-07-29,119618,2025072903008443,GBBL,Vision Securities Pvt. Ltd,Oxford Securities Pvt. Ltd.,213,484.0,103092.0,2025-07-29 11:55:57.160523
2025-07-29,119434,2025072903008475,GBBL,Sumeru Securities Pvt. Ltd.,Oxford Securities Pvt. Ltd.,50,484.0,24200.0,2025-07-29 11:56:13.348986
2025-07-29,118596,2025072903008618,GBBL,Midas Stock Broking Company Private Limited,Capital Max Securities Ltd,250,483.0,120750.0,2025-07-29 11:57:19.470612
2025-07-29,118405,2025072903008651,GBBL,Vision Securities Pvt. Ltd,Oxford Securities Pvt. Ltd.,200,484.0,96800.0,2025-07-29 11:57:35.365718
2025-07-29,118185,2025072903008680,GBBL,Midas Stock Broking Company Private Limited,Sumeru Securities Pvt. Ltd.,100,483.0,48300.0,2025-07-29 11:57:54.974961
2025-07-29,117904,2025072903008725,GBBL,Midas Stock Broking Company Private Limited,Blue Chip Securities Ltd,150,483.0,72450.0,2025-07-29 11:58:11.379205
2025-07-29,117903,2025072903008726,GBBL,Midas Stock Broking Company Private Limited,Blue Chip Securities Ltd,500,483.0,241500.0,2025-07-29 11:58:11.379344
2025-07-29,117673,2025072903008763,GBBL,ABC Securities Private Limited,Oxford Securities Pvt. Ltd.,37,484.0,17908.0,2025-07-29 11:58:34.131188
2025-07-29,117672,2025072903008764,GBBL,ABC Securities Private Limited,Sweta Securities Private Limited,10,484.0,4840.0,2025-07-29 11:58:34.131493
2025-07-29,117671,2025072903008765,GBBL,ABC Securities Private Limited,ABC Securities Private Limited,353,484.0,170852.0,2025-07-29 11:58:34.131634
2025-07-29,117413,2025072903008814,GBBL,Nepal Stock House (PVT) Ltd.,ABC Securities Private Limited,40,484.0,19360.0,2025-07-29 11:58:49.841003
2025-07-29,116658,2025072903008996,GBBL,Linch Stock Market Ltd.,Kohinoor Investment & Securities Pvt. Ltd.,100,483.0,48300.0,2025-07-29 11:59:41.177488
2025-07-29,116480,2025072903009022,GBBL,Bhrikuti Stock Broking Co. Pvt. Ltd.,Kumari Securities Private Limited,100,482.3,48230.0,2025-07-29 11:59:57.271305
2025-07-29,116479,2025072903009023,GBBL,Secured Securities Ltd.,Kumari Securities Private Limited,200,482.2,96440.0,2025-07-29 11:59:57.271607
2025-07-29,115523,2025072903009129,GBBL,Premier Securities Company Ltd.,Sumeru Securities Pvt. Ltd.,100,482.3,48230.0,2025-07-29 12:00:47.741176
2025-07-29,115522,2025072903009130,GBBL,Premier Securities Company Ltd.,Kohinoor Investment & Securities Pvt. Ltd.,400,483.0,193200.0,2025-07-29 12:00:47.741487
2025-07-29,113787,2025072903009483,GBBL,Thrive Brokerage House Pvt. Ltd,Sundhara Securities Limited,20,483.0,9660.0,2025-07-29 12:02:39.665395
2025-07-29,113786,2025072903009484,GBBL,Thrive Brokerage House Pvt. Ltd,Kohinoor Investment & Securities Pvt. Ltd.,380,483.0,183540.0,2025-07-29 12:02:39.665719
2025-07-29,113544,2025072903009540,GBBL,Vision Securities Pvt. Ltd,Kohinoor Investment & Securities Pvt. Ltd.,200,483.0,96600.0,2025-07-29 12:02:55.514468
2025-07-29,113128,2025072903009605,GBBL,Vision Securities Pvt. Ltd,Kohinoor Investment & Securities Pvt. Ltd.,400,483.0,193200.0,2025-07-29 12:03:20.901271
2025-07-29,112821,2025072903009664,GBBL,Kalika Securities Pvt. Ltd.,Kohinoor Investment & Securities Pvt. Ltd.,20,483.0,9660.0,2025-07-29 12:03:37.873301
2025-07-29,111955,2025072903009803,GBBL,Kalika Securities Pvt. Ltd.,Market Securities & Exchange (PVT) Ltd.,15,483.0,7245.0,2025-07-29 12:04:31.693545
2025-07-29,111652,2025072903009833,GBBL,Oxford Securities Pvt. Ltd.,Swarna Laxmi Securities Pvt. Ltd.,100,482.5,48250.0,2025-07-29 12:04:45.853070
2025-07-29,109802,2025072903010102,GBBL,Primo Securities (PVT) Ltd.,Blue Chip Securities Ltd,1000,483.0,483000.0,2025-07-29 12:06:47.770385
2025-07-29,109801,2025072903010103,GBBL,Dipshikha Dhitopatra Karobar Co. Pvt Ltd.,Blue Chip Securities Ltd,10,483.0,4830.0,2025-07-29 12:06:47.770454
2025-07-29,109800,2025072903010104,GBBL,Linch Stock Market Ltd.,Blue Chip Securities Ltd,300,483.0,144900.0,2025-07-29 12:06:47.770480
2025-07-29,109663,2025072903010129,GBBL,Sundhara Securities Limited,Secured Securities Ltd.,131,483.0,63273.0,2025-07-29 12:06:53.193311
2025-07-29,109469,2025072903010174,GBBL,Sundhara Securities Limited,Capital Max Securities Ltd,369,483.0,178227.0,2025-07-29 12:07:06.372194
2025-07-29,109468,2025072903010175,GBBL,Imperial Securities Company Pvt. Ltd.,Capital Max Securities Ltd,250,482.5,120625.0,2025-07-29 12:07:06.372337
2025-07-29,109467,2025072903010176,GBBL,S.P.S.A. Securities Limited,Capital Max Securities Ltd,150,482.4,72360.0,2025-07-29 12:07:06.372450
2025-07-29,109466,2025072903010177,GBBL,Bhrikuti Stock Broking Co. Pvt. Ltd.,Capital Max Securities Ltd,100,482.4,48240.0,2025-07-29 12:07:06.372559
2025-07-29,109465,2025072903010178,GBBL,Creative Securities Pvt Ltd,Capital Max Securities Ltd,131,482.3,63181.3,2025-07-29 12:07:06.372669
2025-07-29,108672,2025072903010362,GBBL,Secured Securities Ltd.,Sani Securities Company Ltd.,200,484.0,96800.0,2025-07-29 12:07:50.440014
2025-07-29,108671,2025072903010363,GBBL,Secured Securities Ltd.,Swarna Laxmi Securities Pvt. Ltd.,157,484.0,75988.0,2025-07-29 12:07:50.440362
2025-07-29,108670,2025072903010364,GBBL,Secured Securities Ltd.,Sani Securities Company Ltd.,10,484.0,4840.0,2025-07-29 12:07:50.440501
2025-07-29,108669,2025072903010365,GBBL,Secured Securities Ltd.,Aryatara Investment & Securities,110,484.0,53240.0,2025-07-29 12:07:50.440644
2025-07-29,108272,2025072903010440,GBBL,Secured Securities Ltd.,Creative Securities Pvt Ltd,50,484.0,24200.0,2025-07-29 12:08:17.536181
2025-07-29,107837,2025072903010540,GBBL,Secured Securities Ltd.,Bhrikuti Stock Broking Co. Pvt. Ltd.,300,484.0,145200.0,2025-07-29 12:08:40.557455
2025-07-29,107727,2025072903010558,GBBL,Secured Securities Ltd.,Secured Securities Ltd.,173,484.0,83732.0,2025-07-29 12:08:46.905426
2025-07-29,107564,2025072903010596,GBBL,Oxford Securities Pvt. Ltd.,Secured Securities Ltd.,150,484.0,72600.0,2025-07-29 12:08:57.573047
2025-07-29,105849,2025072903010932,GBBL,Dipshikha Dhitopatra Karobar Co. Pvt Ltd.,Secured Securities Ltd.,85,484.0,41140.0,2025-07-29 12:10:47.143690
2025-07-29,105848,2025072903010933,GBBL,Dipshikha Dhitopatra Karobar Co. Pvt Ltd.,Secured Securities Ltd.,215,484.0,104060.0,2025-07-29 12:10:47.143980
2025-07-29,105837,2025072903010936,GBBL,Vision Securities Pvt. Ltd,Secured Securities Ltd.,100,484.0,48400.0,2025-07-29 12:10:48.507166
2025-07-29,104231,2025072903011257,GBBL,Himalayan Securities Limited,Secured Securities Ltd.,500,484.0,242000.0,2025-07-29 12:12:33.078815
2025-07-29,103864,2025072903011320,GBBL,Sumeru Securities Pvt. Ltd.,Secured Securities Ltd.,50,484.0,24200.0,2025-07-29 12:12:56.841804
2025-07-29,103784,2025072903011328,GBBL,Miyo Securities Pvt Ltd,Secured Securities Ltd.,135,484.0,65340.0,2025-07-29 12:13:02.069083
2025-07-29,103783,2025072903011329,GBBL,Miyo Securities Pvt Ltd,ABC Securities Private Limited,65,484.0,31460.0,2025-07-29 12:13:02.069713
2025-07-29,103554,2025072903011372,GBBL,Nepal Investment And Securities Trading Private Limited,ABC Securities Private Limited,50,484.0,24200.0,2025-07-29 12:13:21.262270
2025-07-29,103474,2025072903011384,GBBL,Sumeru Securities Pvt. Ltd.,ABC Securities Private Limited,50,484.0,24200.0,2025-07-29 12:13:27.172581
2025-07-29,103312,2025072903011414,GBBL,Trishakti Securities Public Limited,ABC Securities Private Limited,270,484.0,130680.0,2025-07-29 12:13:38.614101
2025-07-29,103021,2025072903011457,GBBL,Trishakti Securities Public Limited,Primo Securities (PVT) Ltd.,50,484.0,24200.0,2025-07-29 12:13:58.120463
2025-07-29,102620,2025072903011555,GBBL,Miyo Securities Pvt Ltd,Dakshinkali Investment & Securities Pvt. Ltd.,10,484.8,4848.0,2025-07-29 12:14:23.410951
2025-07-29,102013,2025072903011688,GBBL,ABC Securities Private Limited,Oxford Securities Pvt. Ltd.,20,484.0,9680.0,2025-07-29 12:15:10.155677
2025-07-29,101775,2025072903011742,GBBL,Asian Securities Private Ltd.,K.B.L. Securities Limited ,350,484.1,169435.0,2025-07-29 12:15:31.451126
2025-07-29,101716,2025072903011761,GBBL,Trishakti Securities Public Limited,Premier Securities Company Ltd.,8,475.0,3800.0,2025-07-29 12:15:36.892318
2025-07-29,101612,2025072903011766,GBBL,Asian Securities Private Ltd.,J.F. Securites (PVT) Ltd.,117,484.1,56639.7,2025-07-29 12:15:44.808150
2025-07-29,101367,2025072903011793,GBBL,Trishakti Securities Public Limited,Dakshinkali Investment & Securities Pvt. Ltd.,290,484.8,140592.0,2025-07-29 12:16:03.127099
2025-07-29,101144,2025072903011812,GBBL,Asian Securities Private Ltd.,Neev Securities Pvt. Ltd.,33,484.1,15975.3,2025-07-29 12:16:12.641306
2025-07-29,100815,2025072903011894,GBBL,Bhrikuti Stock Broking Co. Pvt. Ltd.,Neev Securities Pvt. Ltd.,17,484.1,8229.7,2025-07-29 12:16:32.475642
2025-07-29,100814,2025072903011895,GBBL,Bhrikuti Stock Broking Co. Pvt. Ltd.,Dipshikha Dhitopatra Karobar Co. Pvt Ltd.,200,484.9,96980.0,2025-07-29 12:16:32.475981
2025-07-29,100813,2025072903011896,GBBL,Bhrikuti Stock Broking Co. Pvt. Ltd.,J.F. Securites (PVT) Ltd.,283,484.9,137226.7,2025-07-29 12:16:32.476250
2025-07-29,99658,2025072903012096,GBBL,ABC Securities Private Limited,Imperial Securities Company Pvt. Ltd.,25,484.0,12100.0,2025-07-29 12:18:11.120358
2025-07-29,98990,2025072903012225,GBBL,ABC Securities Private Limited,Kohinoor Investment & Securities Pvt. Ltd.,55,484.0,26620.0,2025-07-29 12:19:04.883247
2025-07-29,98643,2025072903012300,GBBL,Capital Hub P. Ltd,Vision Securities Pvt. Ltd,50,482.4,24120.0,2025-07-29 12:19:28.226905
2025-07-29,98537,2025072903012317,GBBL,Capital Hub P. Ltd,Cristal Kanchanjanga Securites Pvt. Ltd.,950,482.4,458280.0,2025-07-29 12:19:38.277925
2025-07-29,98536,2025072903012318,GBBL,Creative Securities Pvt Ltd,Cristal Kanchanjanga Securites Pvt. Ltd.,50,482.3,24115.0,2025-07-29 12:19:38.278270
2025-07-29,97908,2025072903012438,GBBL,Opal Securities Investment (PVT) Ltd.,Kohinoor Investment & Securities Pvt. Ltd.,50,484.0,24200.0,2025-07-29 12:20:15.801957
2025-07-29,97810,2025072903012462,GBBL,Pragyan Securities (PVT) Ltd.,Linch Stock Market Ltd.,320,483.0,154560.0,2025-07-29 12:20:22.921953
2025-07-29,97406,2025072903012531,GBBL,Pragyan Securities (PVT) Ltd.,Premier Securities Company Ltd.,80,483.0,38640.0,2025-07-29 12:20:50.497861
2025-07-29,97116,2025072903012595,GBBL,Dynamic Money Managers Securities Pvt. Ltd.,Premier Securities Company Ltd.,20,483.0,9660.0,2025-07-29 12:21:06.541702
2025-07-29,96482,2025072903012724,GBBL,Dynamic Money Managers Securities Pvt. Ltd.,Opal Securities Investment (PVT) Ltd.,80,483.0,38640.0,2025-07-29 12:21:53.588805
2025-07-29,95939,2025072903012802,GBBL,Oxford Securities Pvt. Ltd.,Opal Securities Investment (PVT) Ltd.,300,483.0,144900.0,2025-07-29 12:22:24.009139
2025-07-29,95734,2025072903012843,GBBL,Midas Stock Broking Company Private Limited,Opal Securities Investment (PVT) Ltd.,190,483.0,91770.0,2025-07-29 12:22:39.771640
2025-07-29,95733,2025072903012844,GBBL,Midas Stock Broking Company Private Limited,Asian Securities Private Ltd.,60,483.0,28980.0,2025-07-29 12:22:39.771965
2025-07-29,94022,2025072903013183,GBBL,Kumari Securities Private Limited,Asian Securities Private Ltd.,140,483.0,67620.0,2025-07-29 12:24:40.910769
2025-07-29,94021,2025072903013184,GBBL,Kumari Securities Private Limited,Opal Securities Investment (PVT) Ltd.,60,483.0,28980.0,2025-07-29 12:24:40.911117
2025-07-29,93685,2025072903013257,GBBL,Vision Securities Pvt. Ltd,Vision Securities Pvt. Ltd,100,483.0,48300.0,2025-07-29 12:25:06.662014
2025-07-29,93684,2025072903013258,GBBL,Vision Securities Pvt. Ltd,Premier Securities Company Ltd.,200,483.0,96600.0,2025-07-29 12:25:06.662436
2025-07-29,93683,2025072903013259,GBBL,Vision Securities Pvt. Ltd,Kohinoor Investment & Securities Pvt. Ltd.,45,484.0,21780.0,2025-07-29 12:25:06.662643
2025-07-29,93682,2025072903013260,GBBL,Vision Securities Pvt. Ltd,Malla & Malla Stock Broking Company Pvt. Limited,200,484.0,96800.0,2025-07-29 12:25:06.662866
2025-07-29,93681,2025072903013261,GBBL,Vision Securities Pvt. Ltd,Trisul Securities & Invt. Ltd.,405,484.0,196020.0,2025-07-29 12:25:06.663078
2025-07-29,92899,2025072903013426,GBBL,Siprabi Securities Pvt. Ltd.,Online Securities Pvt. Ltd.,1000,483.0,483000.0,2025-07-29 12:26:01.365510
2025-07-29,92080,2025072903013551,GBBL,Trishakti Securities Public Limited,Investment Management Nepal Pvt. Ltd.,200,482.5,96500.0,2025-07-29 12:27:00.629403
2025-07-29,91640,2025072903013612,GBBL,Trishakti Securities Public Limited,Neev Securities Pvt. Ltd.,380,482.5,183350.0,2025-07-29 12:27:38.429997
2025-07-29,91273,2025072903013663,GBBL,Trishakti Securities Public Limited,Malla & Malla Stock Broking Company Pvt. Limited,400,483.8,193520.0,2025-07-29 12:28:04.503318
2025-07-29,91253,2025072903013666,GBBL,Capital Max Securities Ltd,Naasa Securities Co. Ltd.,50,482.4,24120.0,2025-07-29 12:28:06.500202
2025-07-29,90991,2025072903013701,GBBL,BHOLE GANESH SECURITIES LTD,Trisul Securities & Invt. Ltd.,95,484.0,45980.0,2025-07-29 12:28:23.833338
2025-07-29,90990,2025072903013702,GBBL,BHOLE GANESH SECURITIES LTD,Naasa Securities Co. Ltd.,250,484.0,121000.0,2025-07-29 12:28:23.833676
2025-07-29,90989,2025072903013703,GBBL,BHOLE GANESH SECURITIES LTD,Midas Stock Broking Company Private Limited,123,484.0,59532.0,2025-07-29 12:28:23.833854
2025-07-29,90988,2025072903013704,GBBL,BHOLE GANESH SECURITIES LTD,Naasa Securities Co. Ltd.,32,484.0,15488.0,2025-07-29 12:28:23.834008
2025-07-29,89943,2025072903013901,GBBL,Naasa Securities Co. Ltd.,Neev Securities Pvt. Ltd.,50,483.8,24190.0,2025-07-29 12:29:38.772706
2025-07-29,89913,2025072903013904,GBBL,Capital Max Securities Ltd,Midas Stock Broking Company Private Limited,850,482.4,410040.0,2025-07-29 12:29:42.805900
2025-07-29,89912,2025072903013905,GBBL,Creative Securities Pvt Ltd,Midas Stock Broking Company Private Limited,19,482.3,9163.7,2025-07-29 12:29:42.806614
2025-07-29,89911,2025072903013906,GBBL,Asian Securities Private Ltd.,Midas Stock Broking Company Private Limited,40,482.3,19292.0,2025-07-29 12:29:42.807062
2025-07-29,89910,2025072903013907,GBBL,Imperial Securities Company Pvt. Ltd.,Midas Stock Broking Company Private Limited,100,482.3,48230.0,2025-07-29 12:29:42.807500
2025-07-29,89909,2025072903013908,GBBL,Secured Securities Ltd.,Midas Stock Broking Company Private Limited,300,482.2,144660.0,2025-07-29 12:29:42.807940
2025-07-29,89908,2025072903013909,GBBL,Online Securities Pvt. Ltd.,Midas Stock Broking Company Private Limited,200,482.2,96440.0,2025-07-29 12:29:42.808381
2025-07-29,89907,2025072903013910,GBBL,Opal Securities Investment (PVT) Ltd.,Midas Stock Broking Company Private Limited,176,482.2,84867.2,2025-07-29 12:29:42.808817
2025-07-29,89906,2025072903013911,GBBL,Sewa Securities Pvt. Ltd.,Midas Stock Broking Company Private Limited,1000,482.1,482100.0,2025-07-29 12:29:42.809263
2025-07-29,89905,2025072903013912,GBBL,Secured Securities Ltd.,Midas Stock Broking Company Private Limited,200,482.1,96420.0,2025-07-29 12:29:42.809699
2025-07-29,89904,2025072903013913,GBBL,Sani Securities Company Ltd.,Midas Stock Broking Company Private Limited,3115,482.0,1501430.0,2025-07-29 12:29:42.810145
2025-07-29,89311,2025072903014026,GBBL,Sani Securities Company Ltd.,Neev Securities Pvt. Ltd.,110,482.0,53020.0,2025-07-29 12:30:16.977284
2025-07-29,89310,2025072903014027,GBBL,Sani Securities Company Ltd.,Neev Securities Pvt. Ltd.,10,482.0,4820.0,2025-07-29 12:30:16.977975
2025-07-29,89265,2025072903014035,GBBL,Sani Securities Company Ltd.,Dipshikha Dhitopatra Karobar Co. Pvt Ltd.,500,482.0,241000.0,2025-07-29 12:30:21.604921
2025-07-29,88563,2025072903014175,GBBL,Sani Securities Company Ltd.,Linch Stock Market Ltd.,490,482.0,236180.0,2025-07-29 12:31:23.530687
2025-07-29,88562,2025072903014176,GBBL,Kohinoor Investment & Securities Pvt. Ltd.,Linch Stock Market Ltd.,10,482.0,4820.0,2025-07-29 12:31:23.531044
2025-07-29,88434,2025072903014208,GBBL,Kumari Securities Private Limited,Naasa Securities Co. Ltd.,9,483.0,4347.0,2025-07-29 12:31:32.660790
2025-07-29,87752,2025072903014344,GBBL,Kohinoor Investment & Securities Pvt. Ltd.,Malla & Malla Stock Broking Company Pvt. Limited,66,482.0,31812.0,2025-07-29 12:32:35.578234
2025-07-29,87667,2025072903014367,GBBL,Kohinoor Investment & Securities Pvt. Ltd.,Premier Securities Company Ltd.,24,482.0,11568.0,2025-07-29 12:32:44.952535
2025-07-29,87666,2025072903014368,GBBL,Nepal Stock House (PVT) Ltd.,Premier Securities Company Ltd.,230,482.0,110860.0,2025-07-29 12:32:44.953213
2025-07-29,87665,2025072903014369,GBBL,Siprabi Securities Pvt. Ltd.,Premier Securities Company Ltd.,100,482.0,48200.0,2025-07-29 12:32:44.953648
2025-07-29,87664,2025072903014370,GBBL,Sani Securities Company Ltd.,Premier Securities Company Ltd.,50,482.0,24100.0,2025-07-29 12:32:44.954092
2025-07-29,87663,2025072903014371,GBBL,Primo Securities (PVT) Ltd.,Premier Securities Company Ltd.,50,482.0,24100.0,2025-07-29 12:32:44.954523
2025-07-29,87662,2025072903014372,GBBL,Sani Securities Company Ltd.,Premier Securities Company Ltd.,30,482.0,14460.0,2025-07-29 12:32:44.954962
2025-07-29,87661,2025072903014373,GBBL,Arun Securities (PVT) Ltd.,Premier Securities Company Ltd.,16,482.0,7712.0,2025-07-29 12:32:44.955415
2025-07-29,87370,2025072903014434,GBBL,Arun Securities (PVT) Ltd.,Primo Securities (PVT) Ltd.,190,482.0,91580.0,2025-07-29 12:33:09.490948
2025-07-29,86538,2025072903014589,GBBL,Naasa Securities Co. Ltd.,Vision Securities Pvt. Ltd,100,481.9,48190.0,2025-07-29 12:34:25.809694
2025-07-29,86439,2025072903014614,GBBL,Sani Securities Company Ltd.,Aryatara Investment & Securities,55,481.7,26493.5,2025-07-29 12:34:36.268999
2025-07-29,86234,2025072903014667,GBBL,Sani Securities Company Ltd.,Primo Securities (PVT) Ltd.,10,481.7,4817.0,2025-07-29 12:34:57.216659
2025-07-29,85720,2025072903014755,GBBL,Malla & Malla Stock Broking Company Pvt. Limited,Vision Securities Pvt. Ltd,400,481.9,192760.0,2025-07-29 12:35:45.631554
2025-07-29,85101,2025072903014846,GBBL,Sani Securities Company Ltd.,Neev Securities Pvt. Ltd.,435,481.7,209539.5,2025-07-29 12:36:44.390383
2025-07-29,84897,2025072903014881,GBBL,Midas Stock Broking Company Private Limited,Imperial Securities Company Pvt. Ltd.,300,481.1,144330.0,2025-07-29 12:37:07.485228
2025-07-29,84731,2025072903014923,GBBL,Midas Stock Broking Company Private Limited,Sewa Securities Pvt. Ltd.,100,481.1,48110.0,2025-07-29 12:37:25.331234
2025-07-29,84172,2025072903015040,GBBL,Midas Stock Broking Company Private Limited,Sewa Securities Pvt. Ltd.,50,481.1,24055.0,2025-07-29 12:38:18.837092
2025-07-29,83018,2025072903015242,GBBL,Midas Stock Broking Company Private Limited,Primo Securities (PVT) Ltd.,50,481.1,24055.0,2025-07-29 12:40:13.395689
2025-07-29,83017,2025072903015243,GBBL,Bhrikuti Stock Broking Co. Pvt. Ltd.,Primo Securities (PVT) Ltd.,50,481.1,24055.0,2025-07-29 12:40:13.396038
2025-07-29,83016,2025072903015244,GBBL,Linch Stock Market Ltd.,Primo Securities (PVT) Ltd.,300,481.0,144300.0,2025-07-29 12:40:13.396195
2025-07-29,83015,2025072903015245,GBBL,Sani Securities Company Ltd.,Primo Securities (PVT) Ltd.,4600,481.0,2212600.0,2025-07-29 12:40:13.396343
2025-07-29,82212,2025072903015372,GBBL,Shree Krishna Securities Ltd.,Naasa Securities Co. Ltd.,54,481.0,25974.0,2025-07-29 12:41:20.473633
2025-07-29,81270,2025072903015567,GBBL,Sani Securities Company Ltd.,Sipla Securities Private Limited,150,481.1,72165.0,2025-07-29 12:42:52.524288
2025-07-29,81269,2025072903015568,GBBL,Imperial Securities Company Pvt. Ltd.,Sipla Securities Private Limited,100,481.1,48110.0,2025-07-29 12:42:52.524648
2025-07-29,81268,2025072903015569,GBBL,Shree Krishna Securities Ltd.,Sipla Securities Private Limited,96,481.0,46176.0,2025-07-29 12:42:52.524808
2025-07-29,81267,2025072903015570,GBBL,Imperial Securities Company Pvt. Ltd.,Sipla Securities Private Limited,50,481.0,24050.0,2025-07-29 12:42:52.524961
2025-07-29,81266,2025072903015571,GBBL,Sani Securities Company Ltd.,Sipla Securities Private Limited,1804,481.0,867724.0,2025-07-29 12:42:52.525127
2025-07-29,80326,2025072903015728,GBBL,Sani Securities Company Ltd.,Nagarik Stock Dealer ,613,481.0,294853.0,2025-07-29 12:44:17.168404
2025-07-29,79524,2025072903015825,GBBL,Sani Securities Company Ltd.,Trisul Securities & Invt. Ltd.,300,481.0,144300.0,2025-07-29 12:45:28.183493
2025-07-29,78396,2025072903016058,GBBL,Sewa Securities Pvt. Ltd.,Nabil Stock Dealer Ltd.,261,481.1,125567.1,2025-07-29 12:47:20.999797
2025-07-29,78385,2025072903016059,GBBL,Sewa Securities Pvt. Ltd.,Nepal Investment And Securities Trading Private Limited,500,481.1,240550.0,2025-07-29 12:47:22.034450
2025-07-29,77977,2025072903016142,GBBL,Agrawal Securities (PVT) Ltd.,Neev Securities Pvt. Ltd.,15,481.7,7225.5,2025-07-29 12:48:00.876622
2025-07-29,77976,2025072903016143,GBBL,Agrawal Securities (PVT) Ltd.,Primo Securities (PVT) Ltd.,537,481.9,258780.3,2025-07-29 12:48:00.877345
2025-07-29,77975,2025072903016144,GBBL,Agrawal Securities (PVT) Ltd.,MILKY WAY SHARE BROKER COMPANY LTD ,48,481.9,23131.2,2025-07-29 12:48:00.877789
2025-07-29,77780,2025072903016181,GBBL,Sewa Securities Pvt. Ltd.,ABC Securities Private Limited,50,481.1,24055.0,2025-07-29 12:48:21.912353
2025-07-29,77547,2025072903016219,GBBL,Ashutosh Brokerage & Securities (PVT) Ltd.,MILKY WAY SHARE BROKER COMPANY LTD ,500,481.9,240950.0,2025-07-29 12:48:46.268925
2025-07-29,77457,2025072903016238,GBBL,Sani Securities Company Ltd.,Sharepro Securities Private Limited,50,481.2,24060.0,2025-07-29 12:48:58.810145
2025-07-29,77437,2025072903016240,GBBL,Premier Securities Company Ltd.,MILKY WAY SHARE BROKER COMPANY LTD ,210,481.9,101199.0,2025-07-29 12:49:00.453833
2025-07-29,77179,2025072903016275,GBBL,Imperial Securities Company Pvt. Ltd.,MILKY WAY SHARE BROKER COMPANY LTD ,42,481.9,20239.8,2025-07-29 12:49:28.006687
2025-07-29,77178,2025072903016276,GBBL,Imperial Securities Company Pvt. Ltd.,Secured Securities Ltd.,500,482.0,241000.0,2025-07-29 12:49:28.007385
2025-07-29,77177,2025072903016277,GBBL,Imperial Securities Company Pvt. Ltd.,Sajilo Broker Limited,30,482.0,14460.0,2025-07-29 12:49:28.007851
2025-07-29,77176,2025072903016278,GBBL,Imperial Securities Company Pvt. Ltd.,Trishakti Securities Public Limited,147,482.0,70854.0,2025-07-29 12:49:28.008319
2025-07-29,77175,2025072903016279,GBBL,Imperial Securities Company Pvt. Ltd.,Sunrise Securities Limited,50,482.0,24100.0,2025-07-29 12:49:28.008763
2025-07-29,77086,2025072903016301,GBBL,Imperial Securities Company Pvt. Ltd.,Bhrikuti Stock Broking Co. Pvt. Ltd.,42,483.0,20286.0,2025-07-29 12:49:40.227135
2025-07-29,77085,2025072903016302,GBBL,Imperial Securities Company Pvt. Ltd.,Sani Securities Company Ltd.,190,483.0,91770.0,2025-07-29 12:49:40.227842
2025-07-29,77084,2025072903016303,GBBL,Imperial Securities Company Pvt. Ltd.,J.F. Securites (PVT) Ltd.,50,483.5,24175.0,2025-07-29 12:49:40.228323
2025-07-29,77083,2025072903016304,GBBL,Imperial Securities Company Pvt. Ltd.,Naasa Securities Co. Ltd.,111,484.0,53724.0,2025-07-29 12:49:40.228773
2025-07-29,77082,2025072903016305,GBBL,Imperial Securities Company Pvt. Ltd.,SUN SECURITIES PVT LTD,1000,484.0,484000.0,2025-07-29 12:49:40.229236
2025-07-29,77081,2025072903016306,GBBL,Imperial Securities Company Pvt. Ltd.,Opal Securities Investment (PVT) Ltd.,87,484.0,42108.0,2025-07-29 12:49:40.229673
2025-07-29,77080,2025072903016307,GBBL,Imperial Securities Company Pvt. Ltd.,Imperial Securities Company Pvt. Ltd.,17,484.0,8228.0,2025-07-29 12:49:40.230125
2025-07-29,76886,2025072903016350,GBBL,Imperial Securities Company Pvt. Ltd.,Nepal Stock House (PVT) Ltd.,13,484.0,6292.0,2025-07-29 12:50:04.011382
2025-07-29,76391,2025072903016438,GBBL,Imperial Securities Company Pvt. Ltd.,Nepal Investment And Securities Trading Private Limited,490,484.0,237160.0,2025-07-29 12:51:10.177325
2025-07-29,76283,2025072903016447,GBBL,Imperial Securities Company Pvt. Ltd.,Trisul Securities & Invt. Ltd.,40,482.0,19280.0,2025-07-29 12:51:22.328319
2025-07-29,76176,2025072903016465,GBBL,Imperial Securities Company Pvt. Ltd.,Dipshikha Dhitopatra Karobar Co. Pvt Ltd.,300,482.0,144600.0,2025-07-29 12:51:33.644090
2025-07-29,75902,2025072903016531,GBBL,Imperial Securities Company Pvt. Ltd.,Sharepro Securities Private Limited,100,482.0,48200.0,2025-07-29 12:51:55.824348
2025-07-29,75423,2025072903016638,GBBL,Imperial Securities Company Pvt. Ltd.,Dipshikha Dhitopatra Karobar Co. Pvt Ltd.,200,482.0,96400.0,2025-07-29 12:53:00.981095
2025-07-29,75111,2025072903016686,GBBL,Nepal Investment And Securities Trading Private Limited,Infinity Securities Limited,10,482.1,4821.0,2025-07-29 12:53:41.241937
2025-07-29,75110,2025072903016687,GBBL,Imperial Securities Company Pvt. Ltd.,Infinity Securities Limited,90,482.0,43380.0,2025-07-29 12:53:41.242400
2025-07-29,74947,2025072903016729,GBBL,Nepal Investment And Securities Trading Private Limited,Primo Securities (PVT) Ltd.,10,483.0,4830.0,2025-07-29 12:54:02.535765
2025-07-29,74665,2025072903016784,GBBL,Imperial Securities Company Pvt. Ltd.,Nepal Stock House (PVT) Ltd.,100,482.0,48200.0,2025-07-29 12:54:31.462168
2025-07-29,74276,2025072903016896,GBBL,Nepal Investment And Securities Trading Private Limited,Online Securities Pvt. Ltd.,10,482.1,4821.0,2025-07-29 12:55:04.081257
2025-07-29,74275,2025072903016897,GBBL,Imperial Securities Company Pvt. Ltd.,Online Securities Pvt. Ltd.,90,482.0,43380.0,2025-07-29 12:55:04.081641
2025-07-29,74143,2025072903016926,GBBL,Imperial Securities Company Pvt. Ltd.,Sharepro Securities Private Limited,100,482.0,48200.0,2025-07-29 12:55:21.213437
2025-07-29,73829,2025072903017006,GBBL,Imperial Securities Company Pvt. Ltd.,Sumeru Securities Pvt. Ltd.,211,482.0,101702.0,2025-07-29 12:55:56.098281
2025-07-29,73828,2025072903017007,GBBL,Online Securities Pvt. Ltd.,Sumeru Securities Pvt. Ltd.,289,482.0,139298.0,2025-07-29 12:55:56.099010
2025-07-29,72304,2025072903017360,GBBL,Midas Stock Broking Company Private Limited,Primo Securities (PVT) Ltd.,90,483.0,43470.0,2025-07-29 12:58:44.790171
2025-07-29,72303,2025072903017361,GBBL,Midas Stock Broking Company Private Limited,Oxford Securities Pvt. Ltd.,300,483.0,144900.0,2025-07-29 12:58:44.790538
2025-07-29,72302,2025072903017362,GBBL,Midas Stock Broking Company Private Limited,Imperial Securities Company Pvt. Ltd.,610,483.0,294630.0,2025-07-29 12:58:44.790699
2025-07-29,71134,2025072903017723,GBBL,Online Securities Pvt. Ltd.,Secured Securities Ltd.,11,482.0,5302.0,2025-07-29 13:00:28.182951
2025-07-29,70142,2025072903017889,GBBL,Sumeru Securities Pvt. Ltd.,Secured Securities Ltd.,50,481.3,24065.0,2025-07-29 13:02:02.464879
2025-07-29,70141,2025072903017890,GBBL,Opal Securities Investment (PVT) Ltd.,Secured Securities Ltd.,20,481.3,9626.0,2025-07-29 13:02:02.465275
2025-07-29,70140,2025072903017891,GBBL,Sani Securities Company Ltd.,Secured Securities Ltd.,18,481.2,8661.6,2025-07-29 13:02:02.465459
2025-07-29,69834,2025072903017960,GBBL,Indira securities pvt. ltd,Sharepro Securities Private Limited,200,482.0,96400.0,2025-07-29 13:02:40.032966
2025-07-29,69738,2025072903017984,GBBL,Indira securities pvt. ltd,Deevyaa Securities & Stock House Pvt. Ltd,20,482.0,9640.0,2025-07-29 13:02:50.336510
2025-07-29,68889,2025072903018161,GBBL,Naasa Securities Co. Ltd.,Imperial Securities Company Pvt. Ltd.,270,483.0,130410.0,2025-07-29 13:04:21.743719
2025-07-29,67883,2025072903018463,GBBL,Indira securities pvt. ltd,Imperial Securities Company Pvt. Ltd.,130,482.0,62660.0,2025-07-29 13:06:27.931339
2025-07-29,67882,2025072903018464,GBBL,Imperial Securities Company Pvt. Ltd.,Imperial Securities Company Pvt. Ltd.,70,482.0,33740.0,2025-07-29 13:06:27.931727
2025-07-29,67826,2025072903018471,GBBL,Imperial Securities Company Pvt. Ltd.,Sharepro Securities Private Limited,43,482.0,20726.0,2025-07-29 13:06:32.520247
2025-07-29,67772,2025072903018481,GBBL,Imperial Securities Company Pvt. Ltd.,Aryatara Investment & Securities,30,482.0,14460.0,2025-07-29 13:06:42.271688
2025-07-29,66883,2025072903018658,GBBL,Dakshinkali Investment & Securities Pvt. Ltd.,Blue Chip Securities Ltd,2000,482.1,964200.0,2025-07-29 13:08:27.890742
2025-07-29,66882,2025072903018659,GBBL,Sani Securities Company Ltd.,Blue Chip Securities Ltd,500,482.0,241000.0,2025-07-29 13:08:27.890791
2025-07-29,66708,2025072903018696,GBBL,Sweta Securities Private Limited,Thrive Brokerage House Pvt. Ltd,143,482.0,68926.0,2025-07-29 13:08:51.783239
2025-07-29,66365,2025072903018749,GBBL,Sweta Securities Private Limited,Blue Chip Securities Ltd,805,482.0,388010.0,2025-07-29 13:09:37.083552
2025-07-29,65708,2025072903018852,GBBL,Sweta Securities Private Limited,Premier Securities Company Ltd.,52,482.0,25064.0,2025-07-29 13:11:04.589036
2025-07-29,65538,2025072903018876,GBBL,Secured Securities Ltd.,Sumeru Securities Pvt. Ltd.,50,481.3,24065.0,2025-07-29 13:11:28.302861
2025-07-29,65537,2025072903018877,GBBL,Sani Securities Company Ltd.,Sumeru Securities Pvt. Ltd.,32,481.2,15398.4,2025-07-29 13:11:28.303267
2025-07-29,65536,2025072903018878,GBBL,Midas Stock Broking Company Private Limited,Sumeru Securities Pvt. Ltd.,500,481.2,240600.0,2025-07-29 13:11:28.303460
2025-07-29,65535,2025072903018879,GBBL,Sewa Securities Pvt. Ltd.,Sumeru Securities Pvt. Ltd.,189,481.1,90927.9,2025-07-29 13:11:28.303641
2025-07-29,65534,2025072903018880,GBBL,Sewa Securities Pvt. Ltd.,Sumeru Securities Pvt. Ltd.,1000,481.1,481100.0,2025-07-29 13:11:28.303836
2025-07-29,65533,2025072903018881,GBBL,Sewa Securities Pvt. Ltd.,Sumeru Securities Pvt. Ltd.,1000,481.1,481100.0,2025-07-29 13:11:28.304036
2025-07-29,65532,2025072903018882,GBBL,Sani Securities Company Ltd.,Sumeru Securities Pvt. Ltd.,283,481.0,136123.0,2025-07-29 13:11:28.304216
2025-07-29,65531,2025072903018883,GBBL,Property Wiard Limited,Sumeru Securities Pvt. Ltd.,1000,481.0,481000.0,2025-07-29 13:11:28.304380
2025-07-29,65530,2025072903018884,GBBL,Asian Securities Private Ltd.,Sumeru Securities Pvt. Ltd.,250,481.0,120250.0,2025-07-29 13:11:28.304551
2025-07-29,65529,2025072903018885,GBBL,Vision Securities Pvt. Ltd,Sumeru Securities Pvt. Ltd.,1000,481.0,481000.0,2025-07-29 13:11:28.304731
2025-07-29,65528,2025072903018886,GBBL,Sani Securities Company Ltd.,Sumeru Securities Pvt. Ltd.,437,480.8,210109.6,2025-07-29 13:11:28.304899
2025-07-29,65181,2025072903018956,GBBL,Creative Securities Pvt Ltd,Market Securities & Exchange (PVT) Ltd.,180,481.0,86580.0,2025-07-29 13:12:20.714279
2025-07-29,64783,2025072903019002,GBBL,Creative Securities Pvt Ltd,Sweta Securities Private Limited,100,481.0,48100.0,2025-07-29 13:12:59.115290
2025-07-29,64554,2025072903019050,GBBL,Creative Securities Pvt Ltd,Sumeru Securities Pvt. Ltd.,109,481.0,52429.0,2025-07-29 13:13:35.146768
2025-07-29,64024,2025072903019120,GBBL,Creative Securities Pvt Ltd,Sumeru Securities Pvt. Ltd.,611,481.0,293891.0,2025-07-29 13:14:37.538412
2025-07-29,64023,2025072903019121,GBBL,Naasa Securities Co. Ltd.,Sumeru Securities Pvt. Ltd.,106,481.0,50986.0,2025-07-29 13:14:37.539187
2025-07-29,63885,2025072903019150,GBBL,Naasa Securities Co. Ltd.,MILKY WAY SHARE BROKER COMPANY LTD ,296,481.0,142376.0,2025-07-29 13:14:53.673323
2025-07-29,63856,2025072903019155,GBBL,Naasa Securities Co. Ltd.,Online Securities Pvt. Ltd.,49,481.0,23569.0,2025-07-29 13:14:57.264692
2025-07-29,63746,2025072903019179,GBBL,Naasa Securities Co. Ltd.,Agrawal Securities (PVT) Ltd.,50,481.0,24050.0,2025-07-29 13:15:14.985209
2025-07-29,63673,2025072903019186,GBBL,Naasa Securities Co. Ltd.,Bhrikuti Stock Broking Co. Pvt. Ltd.,10,481.0,4810.0,2025-07-29 13:15:19.417927
2025-07-29,60683,2025072903019762,GBBL,Opal Securities Investment (PVT) Ltd.,Market Securities & Exchange (PVT) Ltd.,46,481.3,22139.8,2025-07-29 13:20:37.748867
2025-07-29,58911,2025072903020110,GBBL,Opal Securities Investment (PVT) Ltd.,Sri Hari Securities Pvt. Ltd.,94,481.3,45242.2,2025-07-29 13:24:37.106208
2025-07-29,58306,2025072903020246,GBBL,Opal Securities Investment (PVT) Ltd.,Dipshikha Dhitopatra Karobar Co. Pvt Ltd.,143,481.3,68825.9,2025-07-29 13:25:51.443514
2025-07-29,57669,2025072903020350,GBBL,Opal Securities Investment (PVT) Ltd.,Nepal Stock House (PVT) Ltd.,80,481.3,38504.0,2025-07-29 13:27:09.261683
2025-07-29,57274,2025072903020417,GBBL,Premier Securities Company Ltd.,Sri Hari Securities Pvt. Ltd.,55,481.4,26477.0,2025-07-29 13:28:08.370185
2025-07-29,56985,2025072903020466,GBBL,Premier Securities Company Ltd.,Kalika Securities Pvt. Ltd.,30,481.4,14442.0,2025-07-29 13:28:53.497877
2025-07-29,56968,2025072903020468,GBBL,Premier Securities Company Ltd.,Sunrise Securities Limited,15,481.4,7221.0,2025-07-29 13:28:55.529324
2025-07-29,56967,2025072903020469,GBBL,Opal Securities Investment (PVT) Ltd.,Sunrise Securities Limited,137,481.3,65938.1,2025-07-29 13:28:55.529703
2025-07-29,56966,2025072903020470,GBBL,Neev Securities Pvt. Ltd.,Sunrise Securities Limited,100,481.3,48130.0,2025-07-29 13:28:55.529868
2025-07-29,56965,2025072903020471,GBBL,Linch Stock Market Ltd.,Sunrise Securities Limited,248,481.2,119337.6,2025-07-29 13:28:55.530040
2025-07-29,56238,2025072903020591,GBBL,Linch Stock Market Ltd.,Premier Securities Company Ltd.,352,481.2,169382.4,2025-07-29 13:30:29.658413
2025-07-29,56237,2025072903020592,GBBL,Cristal Kanchanjanga Securites Pvt. Ltd.,Premier Securities Company Ltd.,100,481.0,48100.0,2025-07-29 13:30:29.658876
2025-07-29,56236,2025072903020593,GBBL,Naasa Securities Co. Ltd.,Premier Securities Company Ltd.,48,481.0,23088.0,2025-07-29 13:30:29.659053
2025-07-29,55965,2025072903020656,GBBL,Blue Chip Securities Ltd,Aryatara Investment & Securities,200,481.5,96300.0,2025-07-29 13:31:13.599573
2025-07-29,55604,2025072903020718,GBBL,Blue Chip Securities Ltd,J.F. Securites (PVT) Ltd.,300,481.1,144330.0,2025-07-29 13:32:01.668301
2025-07-29,55603,2025072903020719,GBBL,Naasa Securities Co. Ltd.,J.F. Securites (PVT) Ltd.,122,481.0,58682.0,2025-07-29 13:32:01.668719
2025-07-29,55504,2025072903020750,GBBL,Blue Chip Securities Ltd,Oxford Securities Pvt. Ltd.,1,471.7,471.7,2025-07-29 13:32:17.792851
2025-07-29,55372,2025072903020761,GBBL,Blue Chip Securities Ltd,Premier Securities Company Ltd.,1,472.0,472.0,2025-07-29 13:32:33.840659
2025-07-29,55253,2025072903020786,GBBL,Naasa Securities Co. Ltd.,Deevyaa Securities & Stock House Pvt. Ltd,30,481.0,14430.0,2025-07-29 13:32:47.078711
2025-07-29,55252,2025072903020787,GBBL,Bhrikuti Stock Broking Co. Pvt. Ltd.,Deevyaa Securities & Stock House Pvt. Ltd,150,481.0,72150.0,2025-07-29 13:32:47.079103
2025-07-29,55251,2025072903020788,GBBL,Online Securities Pvt. Ltd.,Deevyaa Securities & Stock House Pvt. Ltd,120,481.0,57720.0,2025-07-29 13:32:47.079266
2025-07-29,55245,2025072903020789,GBBL,Blue Chip Securities Ltd,Dipshikha Dhitopatra Karobar Co. Pvt Ltd.,1,472.8,472.8,2025-07-29 13:32:48.887555
2025-07-29,55083,2025072903020825,GBBL,Linch Stock Market Ltd.,J.F. Securites (PVT) Ltd.,100,480.9,48090.0,2025-07-29 13:33:04.387535
2025-07-29,55082,2025072903020826,GBBL,Kumari Securities Private Limited,J.F. Securites (PVT) Ltd.,100,480.9,48090.0,2025-07-29 13:33:04.387925
2025-07-29,55081,2025072903020827,GBBL,Sani Securities Company Ltd.,J.F. Securites (PVT) Ltd.,1300,480.8,625040.0,2025-07-29 13:33:04.388115
2025-07-29,54951,2025072903020845,GBBL,Siprabi Securities Pvt. Ltd.,Deevyaa Securities & Stock House Pvt. Ltd,50,481.0,24050.0,2025-07-29 13:33:21.743582
2025-07-29,54378,2025072903020976,GBBL,Sani Securities Company Ltd.,J.F. Securites (PVT) Ltd.,96,480.8,46156.8,2025-07-29 13:34:17.861797
2025-07-29,54146,2025072903021000,GBBL,Sani Securities Company Ltd.,Deevyaa Securities & Stock House Pvt. Ltd,500,480.8,240400.0,2025-07-29 13:34:47.550183
2025-07-29,53867,2025072903021034,GBBL,Sani Securities Company Ltd.,Imperial Securities Company Pvt. Ltd.,50,480.8,24040.0,2025-07-29 13:35:12.193075
2025-07-29,53490,2025072903021103,GBBL,Aryatara Investment & Securities,Secured Securities Ltd.,500,481.0,240500.0,2025-07-29 13:35:55.865787
2025-07-29,53489,2025072903021104,GBBL,South Asian Bulls Pvt. Ltd.,Secured Securities Ltd.,250,481.0,120250.0,2025-07-29 13:35:55.865847
2025-07-29,53488,2025072903021105,GBBL,Sani Securities Company Ltd.,Secured Securities Ltd.,250,480.8,120200.0,2025-07-29 13:35:55.865886
2025-07-29,52449,2025072903021262,GBBL,Sani Securities Company Ltd.,Kumari Securities Private Limited,200,480.8,96160.0,2025-07-29 13:37:32.833653
2025-07-29,52355,2025072903021273,GBBL,Sani Securities Company Ltd.,K.B.L. Securities Limited ,500,480.8,240400.0,2025-07-29 13:37:41.507285
2025-07-29,51756,2025072903021450,GBBL,Sani Securities Company Ltd.,Linch Stock Market Ltd.,376,480.8,180780.8,2025-07-29 13:38:42.422048
2025-07-29,51577,2025072903021472,GBBL,Sani Securities Company Ltd.,Premier Securities Company Ltd.,1291,480.8,620712.8,2025-07-29 13:39:04.109294
2025-07-29,51576,2025072903021473,GBBL,Sani Securities Company Ltd.,Premier Securities Company Ltd.,400,480.8,192320.0,2025-07-29 13:39:04.109369
2025-07-29,51575,2025072903021474,GBBL,Aryatara Investment & Securities,Premier Securities Company Ltd.,300,480.8,144240.0,2025-07-29 13:39:04.109400
2025-07-29,51574,2025072903021475,GBBL,Imperial Securities Company Pvt. Ltd.,Premier Securities Company Ltd.,100,480.2,48020.0,2025-07-29 13:39:04.109427
2025-07-29,51573,2025072903021476,GBBL,Imperial Securities Company Pvt. Ltd.,Premier Securities Company Ltd.,300,480.1,144030.0,2025-07-29 13:39:04.109458
2025-07-29,51572,2025072903021477,GBBL,Sagarmatha Securities Private Limited,Premier Securities Company Ltd.,20,480.0,9600.0,2025-07-29 13:39:04.109492
2025-07-29,51571,2025072903021478,GBBL,Property Wiard Limited,Premier Securities Company Ltd.,1000,480.0,480000.0,2025-07-29 13:39:04.109516
2025-07-29,51570,2025072903021479,GBBL,ABC Securities Private Limited,Premier Securities Company Ltd.,400,480.0,192000.0,2025-07-29 13:39:04.109537
2025-07-29,51569,2025072903021480,GBBL,Imperial Securities Company Pvt. Ltd.,Premier Securities Company Ltd.,20,480.0,9600.0,2025-07-29 13:39:04.109567
2025-07-29,51568,2025072903021481,GBBL,Infinity Securities Limited,Premier Securities Company Ltd.,100,480.0,48000.0,2025-07-29 13:39:04.109593
2025-07-29,51567,2025072903021482,GBBL,Imperial Securities Company Pvt. Ltd.,Premier Securities Company Ltd.,100,480.0,48000.0,2025-07-29 13:39:04.109614
2025-07-29,51566,2025072903021483,GBBL,Magnet Securities and Investment Company Private Limited,Premier Securities Company Ltd.,200,480.0,96000.0,2025-07-29 13:39:04.109640
2025-07-29,51565,2025072903021484,GBBL,Linch Stock Market Ltd.,Premier Securities Company Ltd.,200,480.0,96000.0,2025-07-29 13:39:04.109661
2025-07-29,51564,2025072903021485,GBBL,Deevyaa Securities & Stock House Pvt. Ltd,Premier Securities Company Ltd.,350,480.0,168000.0,2025-07-29 13:39:04.109702
2025-07-29,51563,2025072903021486,GBBL,Dipshikha Dhitopatra Karobar Co. Pvt Ltd.,Premier Securities Company Ltd.,219,480.0,105120.0,2025-07-29 13:39:04.109725
2025-07-29,51448,2025072903021507,GBBL,Dipshikha Dhitopatra Karobar Co. Pvt Ltd.,Premier Securities Company Ltd.,811,480.0,389280.0,2025-07-29 13:39:19.216391
2025-07-29,51447,2025072903021508,GBBL,Malla & Malla Stock Broking Company Pvt. Limited,Premier Securities Company Ltd.,100,480.0,48000.0,2025-07-29 13:39:19.216441
2025-07-29,51446,2025072903021509,GBBL,Sumeru Securities Pvt. Ltd.,Premier Securities Company Ltd.,250,480.0,120000.0,2025-07-29 13:39:19.216472
2025-07-29,51445,2025072903021510,GBBL,Sweta Securities Private Limited,Premier Securities Company Ltd.,50,480.0,24000.0,2025-07-29 13:39:19.216501
2025-07-29,51444,2025072903021511,GBBL,Naasa Securities Co. Ltd.,Premier Securities Company Ltd.,70,480.0,33600.0,2025-07-29 13:39:19.216532
2025-07-29,51443,2025072903021512,GBBL,Thrive Brokerage House Pvt. Ltd,Premier Securities Company Ltd.,55,480.0,26400.0,2025-07-29 13:39:19.216560
2025-07-29,51442,2025072903021513,GBBL,Bhrikuti Stock Broking Co. Pvt. Ltd.,Premier Securities Company Ltd.,1000,480.0,480000.0,2025-07-29 13:39:19.216613
2025-07-29,51441,2025072903021514,GBBL,S.P.S.A. Securities Limited,Premier Securities Company Ltd.,135,480.0,64800.0,2025-07-29 13:39:19.216657
2025-07-29,51440,2025072903021515,GBBL,Naasa Securities Co. Ltd.,Premier Securities Company Ltd.,20,480.0,9600.0,2025-07-29 13:39:19.216683
2025-07-29,51439,2025072903021516,GBBL,S.P.S.A. Securities Limited,Premier Securities Company Ltd.,129,480.0,61920.0,2025-07-29 13:39:19.216709
2025-07-29,51040,2025072903021594,GBBL,Neev Securities Pvt. Ltd.,Market Securities & Exchange (PVT) Ltd.,40,479.5,19180.0,2025-07-29 13:40:08.279369
2025-07-29,49565,2025072903021847,GBBL,Neev Securities Pvt. Ltd.,Imperial Securities Company Pvt. Ltd.,160,479.5,76720.0,2025-07-29 13:42:50.388962
2025-07-29,49564,2025072903021848,GBBL,Premier Securities Company Ltd.,Imperial Securities Company Pvt. Ltd.,50,479.5,23975.0,2025-07-29 13:42:50.389371
2025-07-29,48860,2025072903021977,GBBL,Blue Chip Securities Ltd,Imperial Securities Company Pvt. Ltd.,52,479.5,24934.0,2025-07-29 13:44:12.884029
2025-07-29,48735,2025072903021998,GBBL,Premier Securities Company Ltd.,ABC Securities Private Limited,300,479.3,143790.0,2025-07-29 13:44:22.782783
2025-07-29,48734,2025072903021999,GBBL,Imperial Securities Company Pvt. Ltd.,ABC Securities Private Limited,150,479.1,71865.0,2025-07-29 13:44:22.783163
2025-07-29,48733,2025072903022000,GBBL,Market Securities & Exchange (PVT) Ltd.,ABC Securities Private Limited,100,479.0,47900.0,2025-07-29 13:44:22.783320
2025-07-29,48732,2025072903022001,GBBL,Cristal Kanchanjanga Securites Pvt. Ltd.,ABC Securities Private Limited,100,479.0,47900.0,2025-07-29 13:44:22.783473
2025-07-29,48731,2025072903022002,GBBL,Dipshikha Dhitopatra Karobar Co. Pvt Ltd.,ABC Securities Private Limited,200,479.0,95800.0,2025-07-29 13:44:22.783624
2025-07-29,48730,2025072903022003,GBBL,Online Securities Pvt. Ltd.,ABC Securities Private Limited,150,479.0,71850.0,2025-07-29 13:44:22.783775
2025-07-29,48343,2025072903022096,GBBL,Online Securities Pvt. Ltd.,Aryatara Investment & Securities,100,479.0,47900.0,2025-07-29 13:45:04.538189
2025-07-29,48102,2025072903022133,GBBL,Online Securities Pvt. Ltd.,Neev Securities Pvt. Ltd.,76,479.0,36404.0,2025-07-29 13:45:22.431576
2025-07-29,47616,2025072903022236,GBBL,Online Securities Pvt. Ltd.,Premier Securities Company Ltd.,70,479.0,33530.0,2025-07-29 13:46:10.939834
2025-07-29,47421,2025072903022285,GBBL,Online Securities Pvt. Ltd.,Premier Securities Company Ltd.,396,479.0,189684.0,2025-07-29 13:46:30.116894
2025-07-29,47291,2025072903022304,GBBL,Online Securities Pvt. Ltd.,Malla & Malla Stock Broking Company Pvt. Limited,300,479.0,143700.0,2025-07-29 13:46:43.808121
2025-07-29,47072,2025072903022364,GBBL,Online Securities Pvt. Ltd.,Opal Securities Investment (PVT) Ltd.,51,479.0,24429.0,2025-07-29 13:47:08.700168
2025-07-29,47046,2025072903022369,GBBL,Online Securities Pvt. Ltd.,Blue Chip Securities Ltd,600,479.0,287400.0,2025-07-29 13:47:12.477500
2025-07-29,46414,2025072903022511,GBBL,Online Securities Pvt. Ltd.,Cristal Kanchanjanga Securites Pvt. Ltd.,160,479.0,76640.0,2025-07-29 13:48:22.527798
2025-07-29,45136,2025072903022732,GBBL,Online Securities Pvt. Ltd.,Imperial Securities Company Pvt. Ltd.,97,479.0,46463.0,2025-07-29 13:50:51.688392
2025-07-29,45135,2025072903022733,GBBL,Market Securities & Exchange (PVT) Ltd.,Imperial Securities Company Pvt. Ltd.,403,479.0,193037.0,2025-07-29 13:50:51.688751
2025-07-29,44330,2025072903022915,GBBL,Trisul Securities & Invt. Ltd.,Creative Securities Pvt Ltd,100,480.0,48000.0,2025-07-29 13:52:38.125251
2025-07-29,43765,2025072903023076,GBBL,Sweta Securities Private Limited,Creative Securities Pvt Ltd,200,480.0,96000.0,2025-07-29 13:53:50.362559
2025-07-29,42941,2025072903023227,GBBL,Market Securities & Exchange (PVT) Ltd.,Linch Stock Market Ltd.,97,479.0,46463.0,2025-07-29 13:55:29.650131
2025-07-29,42940,2025072903023228,GBBL,Imperial Securities Company Pvt. Ltd.,Linch Stock Market Ltd.,50,479.0,23950.0,2025-07-29 13:55:29.650183
2025-07-29,42939,2025072903023229,GBBL,Imperial Securities Company Pvt. Ltd.,Linch Stock Market Ltd.,10,479.0,4790.0,2025-07-29 13:55:29.650210
2025-07-29,42938,2025072903023230,GBBL,S.P.S.A. Securities Limited,Linch Stock Market Ltd.,11,479.0,5269.0,2025-07-29 13:55:29.650250
2025-07-29,42937,2025072903023231,GBBL,Kohinoor Investment & Securities Pvt. Ltd.,Linch Stock Market Ltd.,50,479.0,23950.0,2025-07-29 13:55:29.650290
2025-07-29,42936,2025072903023232,GBBL,Agrawal Securities (PVT) Ltd.,Linch Stock Market Ltd.,282,479.0,135078.0,2025-07-29 13:55:29.650319
2025-07-29,42696,2025072903023290,GBBL,Dynamic Money Managers Securities Pvt. Ltd.,Creative Securities Pvt Ltd,140,480.0,67200.0,2025-07-29 13:56:04.177669
2025-07-29,42505,2025072903023338,GBBL,J.F. Securites (PVT) Ltd.,Creative Securities Pvt Ltd,60,480.0,28800.0,2025-07-29 13:56:30.660596
2025-07-29,42504,2025072903023339,GBBL,J.F. Securites (PVT) Ltd.,Trishakti Securities Public Limited,40,480.0,19200.0,2025-07-29 13:56:30.661008
2025-07-29,42093,2025072903023428,GBBL,South Asian Bulls Pvt. Ltd.,Trishakti Securities Public Limited,100,479.5,47950.0,2025-07-29 13:57:38.460599
2025-07-29,41919,2025072903023467,GBBL,Agrawal Securities (PVT) Ltd.,Trishakti Securities Public Limited,150,479.0,71850.0,2025-07-29 13:58:03.859149
2025-07-29,41826,2025072903023509,GBBL,Agrawal Securities (PVT) Ltd.,Trishakti Securities Public Limited,50,479.0,23950.0,2025-07-29 13:58:12.949424
2025-07-29,41298,2025072903023632,GBBL,Market Securities & Exchange (PVT) Ltd.,Aryatara Investment & Securities,301,479.2,144239.2,2025-07-29 13:59:16.493350
2025-07-29,40699,2025072903023723,GBBL,Sani Securities Company Ltd.,Kumari Securities Private Limited,100,479.5,47950.0,2025-07-29 14:00:33.275515
2025-07-29,40604,2025072903023744,GBBL,Sewa Securities Pvt. Ltd.,Kumari Securities Private Limited,1000,479.5,479500.0,2025-07-29 14:00:45.520347
2025-07-29,39882,2025072903023871,GBBL,Market Securities & Exchange (PVT) Ltd.,Dipshikha Dhitopatra Karobar Co. Pvt Ltd.,199,479.2,95360.8,2025-07-29 14:02:19.096983
2025-07-29,39478,2025072903023942,GBBL,Agrawal Securities (PVT) Ltd.,Vision Securities Pvt. Ltd,18,479.0,8622.0,2025-07-29 14:03:14.119289
2025-07-29,39477,2025072903023943,GBBL,Aakashbhairab Securities Ltd.,Vision Securities Pvt. Ltd,39,479.0,18681.0,2025-07-29 14:03:14.119974
2025-07-29,39216,2025072903023980,GBBL,Blue Chip Securities Ltd,Dipshikha Dhitopatra Karobar Co. Pvt Ltd.,145,478.4,69368.0,2025-07-29 14:03:57.770058
2025-07-29,39215,2025072903023981,GBBL,J.F. Securites (PVT) Ltd.,Dipshikha Dhitopatra Karobar Co. Pvt Ltd.,100,478.4,47840.0,2025-07-29 14:03:57.770100
2025-07-29,39214,2025072903023982,GBBL,Sewa Securities Pvt. Ltd.,Dipshikha Dhitopatra Karobar Co. Pvt Ltd.,56,478.3,26784.8,2025-07-29 14:03:57.770143
2025-07-29,38556,2025072903024110,GBBL,Linch Stock Market Ltd.,Vision Securities Pvt. Ltd,43,479.0,20597.0,2025-07-29 14:05:25.768087
2025-07-29,38555,2025072903024111,GBBL,Linch Stock Market Ltd.,Trisul Securities & Invt. Ltd.,11,479.0,5269.0,2025-07-29 14:05:25.768480
2025-07-29,38193,2025072903024201,GBBL,Trishakti Securities Public Limited,ABC Securities Private Limited,24,479.0,11496.0,2025-07-29 14:06:09.620969
2025-07-29,37329,2025072903024373,GBBL,Oxford Securities Pvt. Ltd.,ABC Securities Private Limited,210,479.0,100590.0,2025-07-29 14:07:51.664899
2025-07-29,36767,2025072903024474,GBBL,Sewa Securities Pvt. Ltd.,ABC Securities Private Limited,46,478.3,22001.8,2025-07-29 14:08:46.614253
2025-07-29,36475,2025072903024550,GBBL,Blue Chip Securities Ltd,Kalika Securities Pvt. Ltd.,9,476.0,4284.0,2025-07-29 14:09:22.686284
2025-07-29,36230,2025072903024609,GBBL,Sewa Securities Pvt. Ltd.,Trisul Securities & Invt. Ltd.,100,478.3,47830.0,2025-07-29 14:09:54.126147
2025-07-29,35492,2025072903024727,GBBL,Sewa Securities Pvt. Ltd.,Kumari Securities Private Limited,798,478.3,381683.4,2025-07-29 14:11:28.383215
2025-07-29,35491,2025072903024728,GBBL,Investment Management Nepal Pvt. Ltd.,Kumari Securities Private Limited,202,478.0,96556.0,2025-07-29 14:11:28.383610
2025-07-29,35441,2025072903024730,GBBL,Midas Stock Broking Company Private Limited,Naasa Securities Co. Ltd.,139,479.0,66581.0,2025-07-29 14:11:36.555171
2025-07-29,35210,2025072903024772,GBBL,Investment Management Nepal Pvt. Ltd.,Sani Securities Company Ltd.,298,478.0,142444.0,2025-07-29 14:12:03.998239
2025-07-29,35209,2025072903024773,GBBL,Primo Securities (PVT) Ltd.,Sani Securities Company Ltd.,50,478.0,23900.0,2025-07-29 14:12:03.998644
2025-07-29,35208,2025072903024774,GBBL,S.P.S.A. Securities Limited,Sani Securities Company Ltd.,530,478.0,253340.0,2025-07-29 14:12:03.998810
2025-07-29,35207,2025072903024775,GBBL,Cristal Kanchanjanga Securites Pvt. Ltd.,Sani Securities Company Ltd.,100,478.0,47800.0,2025-07-29 14:12:03.998974
2025-07-29,35206,2025072903024776,GBBL,SHUBHAKAMANA SECURITIES PVT. LTD,Sani Securities Company Ltd.,22,478.0,10516.0,2025-07-29 14:12:03.999146
2025-07-29,34336,2025072903024947,GBBL,Sani Securities Company Ltd.,Imperial Securities Company Pvt. Ltd.,100,478.5,47850.0,2025-07-29 14:13:54.296904
2025-07-29,34335,2025072903024948,GBBL,Bhrikuti Stock Broking Co. Pvt. Ltd.,Imperial Securities Company Pvt. Ltd.,100,478.4,47840.0,2025-07-29 14:13:54.297800
2025-07-29,34334,2025072903024949,GBBL,SHUBHAKAMANA SECURITIES PVT. LTD,Imperial Securities Company Pvt. Ltd.,478,478.0,228484.0,2025-07-29 14:13:54.298594
2025-07-29,34333,2025072903024950,GBBL,Premier Securities Company Ltd.,Imperial Securities Company Pvt. Ltd.,10,478.0,4780.0,2025-07-29 14:13:54.299354
2025-07-29,33841,2025072903025089,GBBL,Dynamic Money Managers Securities Pvt. Ltd.,Miyo Securities Pvt Ltd,300,477.3,143190.0,2025-07-29 14:14:53.579215
2025-07-29,33840,2025072903025090,GBBL,Cristal Kanchanjanga Securites Pvt. Ltd.,Miyo Securities Pvt Ltd,100,477.0,47700.0,2025-07-29 14:14:53.579306
2025-07-29,33839,2025072903025091,GBBL,Kohinoor Investment & Securities Pvt. Ltd.,Miyo Securities Pvt Ltd,100,477.0,47700.0,2025-07-29 14:14:53.579338
2025-07-29,33543,2025072903025137,GBBL,Bhrikuti Stock Broking Co. Pvt. Ltd.,Naasa Securities Co. Ltd.,200,477.0,95400.0,2025-07-29 14:15:26.169420
2025-07-29,33542,2025072903025138,GBBL,Deevyaa Securities & Stock House Pvt. Ltd,Naasa Securities Co. Ltd.,20,477.0,9540.0,2025-07-29 14:15:26.169789
2025-07-29,33541,2025072903025139,GBBL,Dipshikha Dhitopatra Karobar Co. Pvt Ltd.,Naasa Securities Co. Ltd.,50,477.0,23850.0,2025-07-29 14:15:26.169950
2025-07-29,33540,2025072903025140,GBBL,Vision Securities Pvt. Ltd,Naasa Securities Co. Ltd.,170,477.0,81090.0,2025-07-29 14:15:26.170120
2025-07-29,33498,2025072903025155,GBBL,Vision Securities Pvt. Ltd,Sundhara Securities Limited,200,477.0,95400.0,2025-07-29 14:15:29.996526
2025-07-29,33390,2025072903025167,GBBL,Vision Securities Pvt. Ltd,Dipshikha Dhitopatra Karobar Co. Pvt Ltd.,500,477.0,238500.0,2025-07-29 14:15:38.302662
2025-07-29,33073,2025072903025237,GBBL,Vision Securities Pvt. Ltd,Kumari Securities Private Limited,130,477.0,62010.0,2025-07-29 14:16:14.553668
2025-07-29,32558,2025072903025369,GBBL,Blue Chip Securities Ltd,Kumari Securities Private Limited,91,476.2,43334.2,2025-07-29 14:17:10.016265
2025-07-29,32557,2025072903025370,GBBL,Aryatara Investment & Securities,Kumari Securities Private Limited,500,476.1,238050.0,2025-07-29 14:17:10.016672
2025-07-29,32556,2025072903025371,GBBL,Creative Securities Pvt Ltd,Kumari Securities Private Limited,100,476.0,47600.0,2025-07-29 14:17:10.016841
2025-07-29,32555,2025072903025372,GBBL,Kohinoor Investment & Securities Pvt. Ltd.,Kumari Securities Private Limited,34,476.0,16184.0,2025-07-29 14:17:10.017014
2025-07-29,32252,2025072903025422,GBBL,Kohinoor Investment & Securities Pvt. Ltd.,Premier Securities Company Ltd.,66,476.0,31416.0,2025-07-29 14:17:42.617552
2025-07-29,32251,2025072903025423,GBBL,Pragyan Securities (PVT) Ltd.,Premier Securities Company Ltd.,40,476.0,19040.0,2025-07-29 14:17:42.617921
2025-07-29,32250,2025072903025424,GBBL,South Asian Bulls Pvt. Ltd.,Premier Securities Company Ltd.,250,476.0,119000.0,2025-07-29 14:17:42.618093
2025-07-29,32249,2025072903025425,GBBL,Premier Securities Company Ltd.,Premier Securities Company Ltd.,40,476.0,19040.0,2025-07-29 14:17:42.618269
2025-07-29,31469,2025072903025576,GBBL,Kohinoor Investment & Securities Pvt. Ltd.,Premier Securities Company Ltd.,200,476.0,95200.0,2025-07-29 14:19:09.103634
2025-07-29,31200,2025072903025636,GBBL,Secured Securities Ltd.,Naasa Securities Co. Ltd.,10,476.0,4760.0,2025-07-29 14:19:40.308645
2025-07-29,29916,2025072903025878,GBBL,Secured Securities Ltd.,ABC Securities Private Limited,50,476.0,23800.0,2025-07-29 14:22:02.778881
2025-07-29,29198,2025072903026006,GBBL,Secured Securities Ltd.,Imperial Securities Company Pvt. Ltd.,40,476.0,19040.0,2025-07-29 14:23:16.651425
2025-07-29,29197,2025072903026007,GBBL,Linch Stock Market Ltd.,Imperial Securities Company Pvt. Ltd.,200,476.0,95200.0,2025-07-29 14:23:16.651795
2025-07-29,29022,2025072903026029,GBBL,Dynamic Money Managers Securities Pvt. Ltd.,Naasa Securities Co. Ltd.,123,475.3,58461.9,2025-07-29 14:23:37.102873
2025-07-29,28799,2025072903026068,GBBL,Dynamic Money Managers Securities Pvt. Ltd.,Imperial Securities Company Pvt. Ltd.,72,475.3,34221.6,2025-07-29 14:24:08.684522
2025-07-29,28744,2025072903026070,GBBL,Blue Chip Securities Ltd,Primo Securities (PVT) Ltd.,1,472.0,472.0,2025-07-29 14:24:13.452625
2025-07-29,28487,2025072903026117,GBBL,Dynamic Money Managers Securities Pvt. Ltd.,Investment Management Nepal Pvt. Ltd.,170,475.3,80801.0,2025-07-29 14:24:44.187405
2025-07-29,28050,2025072903026218,GBBL,Dynamic Money Managers Securities Pvt. Ltd.,Sani Securities Company Ltd.,135,475.3,64165.5,2025-07-29 14:25:33.204745
2025-07-29,28049,2025072903026219,GBBL,Imperial Securities Company Pvt. Ltd.,Sani Securities Company Ltd.,100,475.3,47530.0,2025-07-29 14:25:33.204835
2025-07-29,28048,2025072903026220,GBBL,Imperial Securities Company Pvt. Ltd.,Sani Securities Company Ltd.,50,475.3,23765.0,2025-07-29 14:25:33.204886
2025-07-29,28047,2025072903026221,GBBL,Vision Securities Pvt. Ltd,Sani Securities Company Ltd.,215,475.2,102168.0,2025-07-29 14:25:33.204915
2025-07-29,27649,2025072903026296,GBBL,Blue Chip Securities Ltd,Trisul Securities & Invt. Ltd.,99,475.3,47054.7,2025-07-29 14:26:20.797995
2025-07-29,27442,2025072903026337,GBBL,Vision Securities Pvt. Ltd,Midas Stock Broking Company Private Limited,785,475.2,373032.0,2025-07-29 14:26:45.554253
2025-07-29,27441,2025072903026338,GBBL,Kohinoor Investment & Securities Pvt. Ltd.,Midas Stock Broking Company Private Limited,215,475.2,102168.0,2025-07-29 14:26:45.554349
2025-07-29,26545,2025072903026545,GBBL,Linch Stock Market Ltd.,Premier Securities Company Ltd.,20,476.2,9524.0,2025-07-29 14:28:27.231483
2025-07-29,25485,2025072903026815,GBBL,Shree Krishna Securities Ltd.,Online Securities Pvt. Ltd.,25,477.2,11930.0,2025-07-29 14:30:06.347823
2025-07-29,25484,2025072903026816,GBBL,Shree Krishna Securities Ltd.,Dakshinkali Investment & Securities Pvt. Ltd.,75,477.3,35797.5,2025-07-29 14:30:06.348229
2025-07-29,25349,2025072903026842,GBBL,Imperial Securities Company Pvt. Ltd.,Dakshinkali Investment & Securities Pvt. Ltd.,43,477.3,20523.9,2025-07-29 14:30:18.135834
2025-07-29,24561,2025072903027022,GBBL,Sewa Securities Pvt. Ltd.,Opal Securities Investment (PVT) Ltd.,68,475.1,32306.8,2025-07-29 14:31:42.286157
2025-07-29,24459,2025072903027044,GBBL,Capital Hub P. Ltd,Sweta Securities Private Limited,100,476.0,47600.0,2025-07-29 14:31:52.166563
2025-07-29,24338,2025072903027078,GBBL,Machhapuchchhre Securities Limited,Vision Securities Pvt. Ltd,500,475.2,237600.0,2025-07-29 14:32:02.273869
2025-07-29,23993,2025072903027142,GBBL,Sewa Securities Pvt. Ltd.,Blue Chip Securities Ltd,932,475.1,442793.2,2025-07-29 14:32:32.014754
2025-07-29,23992,2025072903027143,GBBL,Linch Stock Market Ltd.,Blue Chip Securities Ltd,200,475.1,95020.0,2025-07-29 14:32:32.015129
2025-07-29,23991,2025072903027144,GBBL,Nagarik Stock Dealer ,Blue Chip Securities Ltd,100,475.0,47500.0,2025-07-29 14:32:32.015292
2025-07-29,23990,2025072903027145,GBBL,Imperial Securities Company Pvt. Ltd.,Blue Chip Securities Ltd,100,475.0,47500.0,2025-07-29 14:32:32.015451
2025-07-29,23989,2025072903027146,GBBL,KALASH STOCK MARKET PVT. LTD.,Blue Chip Securities Ltd,100,475.0,47500.0,2025-07-29 14:32:32.015603
2025-07-29,23988,2025072903027147,GBBL,Asian Securities Private Ltd.,Blue Chip Securities Ltd,500,475.0,237500.0,2025-07-29 14:32:32.015753
2025-07-29,23987,2025072903027148,GBBL,Kohinoor Investment & Securities Pvt. Ltd.,Blue Chip Securities Ltd,222,475.0,105450.0,2025-07-29 14:32:32.015908
2025-07-29,23986,2025072903027149,GBBL,Imperial Securities Company Pvt. Ltd.,Blue Chip Securities Ltd,1000,475.0,475000.0,2025-07-29 14:32:32.016071
2025-07-29,23985,2025072903027150,GBBL,Imperial Securities Company Pvt. Ltd.,Blue Chip Securities Ltd,100,475.0,47500.0,2025-07-29 14:32:32.016240
2025-07-29,23984,2025072903027151,GBBL,Aryatara Investment & Securities,Blue Chip Securities Ltd,200,475.0,95000.0,2025-07-29 14:32:32.016397
2025-07-29,23983,2025072903027152,GBBL,Creative Securities Pvt Ltd,Blue Chip Securities Ltd,400,475.0,190000.0,2025-07-29 14:32:32.016573
2025-07-29,23982,2025072903027153,GBBL,Linch Stock Market Ltd.,Blue Chip Securities Ltd,100,475.0,47500.0,2025-07-29 14:32:32.016732
2025-07-29,23981,2025072903027154,GBBL,Imperial Securities Company Pvt. Ltd.,Blue Chip Securities Ltd,900,475.0,427500.0,2025-07-29 14:32:32.016892
2025-07-29,23980,2025072903027155,GBBL,Linch Stock Market Ltd.,Blue Chip Securities Ltd,10,475.0,4750.0,2025-07-29 14:32:32.017057
2025-07-29,23979,2025072903027156,GBBL,Deevyaa Securities & Stock House Pvt. Ltd,Blue Chip Securities Ltd,50,475.0,23750.0,2025-07-29 14:32:32.017212
2025-07-29,23978,2025072903027157,GBBL,Online Securities Pvt. Ltd.,Blue Chip Securities Ltd,1000,475.0,475000.0,2025-07-29 14:32:32.017363
2025-07-29,23977,2025072903027158,GBBL,Naasa Securities Co. Ltd.,Blue Chip Securities Ltd,86,475.0,40850.0,2025-07-29 14:32:32.017518
2025-07-29,23881,2025072903027181,GBBL,Naasa Securities Co. Ltd.,Capital Hub P. Ltd,114,475.0,54150.0,2025-07-29 14:32:43.325654
2025-07-29,23880,2025072903027182,GBBL,Siprabi Securities Pvt. Ltd.,Capital Hub P. Ltd,60,475.0,28500.0,2025-07-29 14:32:43.326040
2025-07-29,23879,2025072903027183,GBBL,Kohinoor Investment & Securities Pvt. Ltd.,Capital Hub P. Ltd,25,475.0,11875.0,2025-07-29 14:32:43.326258
2025-07-29,23878,2025072903027184,GBBL,Dipshikha Dhitopatra Karobar Co. Pvt Ltd.,Capital Hub P. Ltd,201,475.0,95475.0,2025-07-29 14:32:43.326416
2025-07-29,23594,2025072903027229,GBBL,Creative Securities Pvt Ltd,Kohinoor Investment & Securities Pvt. Ltd.,100,475.1,47510.0,2025-07-29 14:33:08.530190
2025-07-29,23593,2025072903027230,GBBL,Dipshikha Dhitopatra Karobar Co. Pvt Ltd.,Kohinoor Investment & Securities Pvt. Ltd.,59,475.0,28025.0,2025-07-29 14:33:08.530547
2025-07-29,23555,2025072903027239,GBBL,Dipshikha Dhitopatra Karobar Co. Pvt Ltd.,ABC Securities Private Limited,50,475.0,23750.0,2025-07-29 14:33:11.322323
2025-07-29,23481,2025072903027254,GBBL,Dipshikha Dhitopatra Karobar Co. Pvt Ltd.,Sweta Securities Private Limited,450,475.0,213750.0,2025-07-29 14:33:22.963157
2025-07-29,23304,2025072903027279,GBBL,Capital Max Securities Ltd,Naasa Securities Co. Ltd.,86,476.0,40936.0,2025-07-29 14:33:37.663583
2025-07-29,22960,2025072903027329,GBBL,Capital Max Securities Ltd,Opal Securities Investment (PVT) Ltd.,94,476.0,44744.0,2025-07-29 14:34:06.610095
2025-07-29,22653,2025072903027381,GBBL,Capital Max Securities Ltd,Opal Securities Investment (PVT) Ltd.,50,476.0,23800.0,2025-07-29 14:34:31.812097
2025-07-29,22255,2025072903027459,GBBL,Capital Max Securities Ltd,Dipshikha Dhitopatra Karobar Co. Pvt Ltd.,247,476.0,117572.0,2025-07-29 14:35:14.611289
2025-07-29,22235,2025072903027467,GBBL,Sharepro Securities Private Limited,Dakshinkali Investment & Securities Pvt. Ltd.,1000,478.0,478000.0,2025-07-29 14:35:17.120707
2025-07-29,22234,2025072903027468,GBBL,Sharepro Securities Private Limited,Sumeru Securities Pvt. Ltd.,160,479.0,76640.0,2025-07-29 14:35:17.120752
2025-07-29,22233,2025072903027469,GBBL,Sharepro Securities Private Limited,Linch Stock Market Ltd.,10,479.0,4790.0,2025-07-29 14:35:17.120780
2025-07-29,22232,2025072903027470,GBBL,Sharepro Securities Private Limited,Trishakti Securities Public Limited,198,480.0,95040.0,2025-07-29 14:35:17.120805
2025-07-29,22231,2025072903027471,GBBL,Sharepro Securities Private Limited,ABC Securities Private Limited,405,480.0,194400.0,2025-07-29 14:35:17.120841
2025-07-29,22230,2025072903027472,GBBL,Sharepro Securities Private Limited,Imperial Securities Company Pvt. Ltd.,500,480.0,240000.0,2025-07-29 14:35:17.120873
2025-07-29,22229,2025072903027473,GBBL,Sharepro Securities Private Limited,Malla & Malla Stock Broking Company Pvt. Limited,100,480.0,48000.0,2025-07-29 14:35:17.120903
2025-07-29,22228,2025072903027474,GBBL,Sharepro Securities Private Limited,J.F. Securites (PVT) Ltd.,100,480.0,48000.0,2025-07-29 14:35:17.120927
2025-07-29,22227,2025072903027475,GBBL,Sharepro Securities Private Limited,Market Securities & Exchange (PVT) Ltd.,50,480.0,24000.0,2025-07-29 14:35:17.120954
2025-07-29,22226,2025072903027476,GBBL,Sharepro Securities Private Limited,Sri Hari Securities Pvt. Ltd.,30,480.0,14400.0,2025-07-29 14:35:17.120981
2025-07-29,22225,2025072903027477,GBBL,Sharepro Securities Private Limited,Sumeru Securities Pvt. Ltd.,447,480.0,214560.0,2025-07-29 14:35:17.121028
2025-07-29,21908,2025072903027530,GBBL,Capital Max Securities Ltd,KALASH STOCK MARKET PVT. LTD.,280,476.0,133280.0,2025-07-29 14:35:59.337843
