Date,S.N.,Contract ID,Symbol,Buyer Broker,Seller Broker,quantity,rate,amount,transaction_time
2025-07-29,157457,2025072901000007,GBIME,Siprabi Securities Pvt. Ltd.,Vision Securities Pvt. Ltd,10,270.0,2700.0,2025-07-29 10:46:00.078781
2025-07-29,157368,2025072901000061,GBIME,Trademow Securities Private Limited,Vision Securities Pvt. Ltd,137,268.6,36798.2,2025-07-29 11:00:33.716480
2025-07-29,157164,2025072901000142,GBIME,Trademow Securities Private Limited,Secured Securities Ltd.,1000,269.0,269000.0,2025-07-29 11:01:11.212252
2025-07-29,157141,2025072901000148,GBIME,Trademow Securities Private Limited,Pragyan Securities (PVT) Ltd.,350,269.0,94150.0,2025-07-29 11:01:14.932275
2025-07-29,157136,2025072901000151,GBIME,Trishakti Securities Public Limited,Trishakti Securities Public Limited,10,270.0,2700.0,2025-07-29 11:01:16.762743
2025-07-29,157079,2025072901000164,GBIME,Trademow Securities Private Limited,Secured Securities Ltd.,13,269.0,3497.0,2025-07-29 11:01:25.493999
2025-07-29,157071,2025072901000166,GBIME,Vision Securities Pvt. Ltd,Secured Securities Ltd.,487,269.0,131003.0,2025-07-29 11:01:27.187590
2025-07-29,157032,2025072901000176,GBIME,Dynamic Money Managers Securities Pvt. Ltd.,Trishakti Securities Public Limited,30,270.0,8100.0,2025-07-29 11:01:35.658454
2025-07-29,156978,2025072901000192,GBIME,Vision Securities Pvt. Ltd,Secured Securities Ltd.,13,269.0,3497.0,2025-07-29 11:01:46.328231
2025-07-29,156977,2025072901000193,GBIME,Aryatara Investment & Securities,Secured Securities Ltd.,100,269.0,26900.0,2025-07-29 11:01:46.328310
2025-07-29,156976,2025072901000194,GBIME,Sani Securities Company Ltd.,Secured Securities Ltd.,75,269.0,20175.0,2025-07-29 11:01:46.328346
2025-07-29,156971,2025072901000197,GBIME,ABC Securities Private Limited,Secured Securities Ltd.,500,269.0,134500.0,2025-07-29 11:01:46.851723
2025-07-29,156815,2025072901000260,GBIME,Vision Securities Pvt. Ltd,Secured Securities Ltd.,312,269.0,83928.0,2025-07-29 11:02:04.200868
2025-07-29,156814,2025072901000261,GBIME,Vision Securities Pvt. Ltd,Sundhara Securities Limited,100,269.0,26900.0,2025-07-29 11:02:04.200920
2025-07-29,156813,2025072901000262,GBIME,Vision Securities Pvt. Ltd,Trishakti Securities Public Limited,140,270.0,37800.0,2025-07-29 11:02:04.200949
2025-07-29,156812,2025072901000263,GBIME,Vision Securities Pvt. Ltd,Agrawal Securities (PVT) Ltd.,248,270.0,66960.0,2025-07-29 11:02:04.200976
2025-07-29,156776,2025072901000268,GBIME,Naasa Securities Co. Ltd.,Agrawal Securities (PVT) Ltd.,369,270.0,99630.0,2025-07-29 11:02:06.451494
2025-07-29,156565,2025072901000331,GBIME,K.B.L. Securities Limited ,Miyo Securities Pvt Ltd,500,269.0,134500.0,2025-07-29 11:02:34.354308
2025-07-29,156315,2025072901000389,GBIME,Secured Securities Ltd.,Agrawal Securities (PVT) Ltd.,383,270.0,103410.0,2025-07-29 11:03:05.585981
2025-07-29,156314,2025072901000390,GBIME,Secured Securities Ltd.,Dipshikha Dhitopatra Karobar Co. Pvt Ltd.,117,270.0,31590.0,2025-07-29 11:03:05.586162
2025-07-29,156198,2025072901000434,GBIME,Online Securities Pvt. Ltd.,Dipshikha Dhitopatra Karobar Co. Pvt Ltd.,83,270.0,22410.0,2025-07-29 11:03:16.647851
2025-07-29,156197,2025072901000435,GBIME,Online Securities Pvt. Ltd.,Sani Securities Company Ltd.,100,270.0,27000.0,2025-07-29 11:03:16.647939
2025-07-29,156070,2025072901000458,GBIME,Online Securities Pvt. Ltd.,Cristal Kanchanjanga Securites Pvt. Ltd.,17,270.0,4590.0,2025-07-29 11:03:31.705151
2025-07-29,156008,2025072901000479,GBIME,Aryatara Investment & Securities,Cristal Kanchanjanga Securites Pvt. Ltd.,500,270.0,135000.0,2025-07-29 11:03:38.612543
2025-07-29,155921,2025072901000514,GBIME,ABC Securities Private Limited,Cristal Kanchanjanga Securites Pvt. Ltd.,483,270.0,130410.0,2025-07-29 11:03:47.820860
2025-07-29,155920,2025072901000515,GBIME,ABC Securities Private Limited,Vision Securities Pvt. Ltd,17,270.0,4590.0,2025-07-29 11:03:47.821042
2025-07-29,155447,2025072901000647,GBIME,Dynamic Money Managers Securities Pvt. Ltd.,Aakashbhairab Securities Ltd.,20,269.0,5380.0,2025-07-29 11:04:37.827654
2025-07-29,155446,2025072901000648,GBIME,Online Securities Pvt. Ltd.,Aakashbhairab Securities Ltd.,180,269.0,48420.0,2025-07-29 11:04:37.827762
2025-07-29,155421,2025072901000652,GBIME,Online Securities Pvt. Ltd.,Investment Management Nepal Pvt. Ltd.,54,269.0,14526.0,2025-07-29 11:04:39.326248
2025-07-29,155393,2025072901000663,GBIME,Online Securities Pvt. Ltd.,Deevyaa Securities & Stock House Pvt. Ltd,454,269.0,122126.0,2025-07-29 11:04:42.008742
2025-07-29,154840,2025072901000762,GBIME,Naasa Securities Co. Ltd.,Vision Securities Pvt. Ltd,2983,270.0,805410.0,2025-07-29 11:05:38.982391
2025-07-29,154839,2025072901000763,GBIME,Naasa Securities Co. Ltd.,Kohinoor Investment & Securities Pvt. Ltd.,17,270.0,4590.0,2025-07-29 11:05:38.982428
2025-07-29,154369,2025072901000881,GBIME,Online Securities Pvt. Ltd.,Miyo Securities Pvt Ltd,500,269.1,134550.0,2025-07-29 11:06:20.941595
2025-07-29,154221,2025072901000921,GBIME,Online Securities Pvt. Ltd.,Nepal Stock House (PVT) Ltd.,20,269.1,5382.0,2025-07-29 11:06:31.897823
2025-07-29,154064,2025072901000980,GBIME,Online Securities Pvt. Ltd.,Opal Securities Investment (PVT) Ltd.,792,269.1,213127.2,2025-07-29 11:06:48.282632
2025-07-29,154052,2025072901000985,GBIME,Agrawal Securities (PVT) Ltd.,Sumeru Securities Pvt. Ltd.,10,269.0,2690.0,2025-07-29 11:06:50.427305
2025-07-29,154051,2025072901000986,GBIME,Naasa Securities Co. Ltd.,Sumeru Securities Pvt. Ltd.,148,269.0,39812.0,2025-07-29 11:06:50.427533
2025-07-29,153983,2025072901001006,GBIME,Trishakti Securities Public Limited,Kohinoor Investment & Securities Pvt. Ltd.,10,270.0,2700.0,2025-07-29 11:06:55.451580
2025-07-29,153907,2025072901001025,GBIME,Capital Max Securities Ltd,Nepal Stock House (PVT) Ltd.,200,269.9,53980.0,2025-07-29 11:07:01.337949
2025-07-29,153906,2025072901001026,GBIME,Capital Max Securities Ltd,Kohinoor Investment & Securities Pvt. Ltd.,23,270.0,6210.0,2025-07-29 11:07:01.338220
2025-07-29,153905,2025072901001027,GBIME,Capital Max Securities Ltd,Deevyaa Securities & Stock House Pvt. Ltd,39,270.0,10530.0,2025-07-29 11:07:01.338410
2025-07-29,153904,2025072901001028,GBIME,Capital Max Securities Ltd,Miyo Securities Pvt Ltd,38,270.0,10260.0,2025-07-29 11:07:01.338588
2025-07-29,153897,2025072901001029,GBIME,Naasa Securities Co. Ltd.,Nepal Investment And Securities Trading Private Limited,114,269.0,30666.0,2025-07-29 11:07:02.105162
2025-07-29,153896,2025072901001030,GBIME,SUN SECURITIES PVT LTD,Nepal Investment And Securities Trading Private Limited,192,269.0,51648.0,2025-07-29 11:07:02.105285
2025-07-29,153891,2025072901001033,GBIME,Dipshikha Dhitopatra Karobar Co. Pvt Ltd.,Miyo Securities Pvt Ltd,10,270.0,2700.0,2025-07-29 11:07:02.316472
2025-07-29,153154,2025072901001255,GBIME,Linch Stock Market Ltd.,Thrive Brokerage House Pvt. Ltd,30,269.5,8085.0,2025-07-29 11:08:05.721241
2025-07-29,153153,2025072901001256,GBIME,Linch Stock Market Ltd.,Sweta Securities Private Limited,77,269.9,20782.3,2025-07-29 11:08:05.721379
2025-07-29,152660,2025072901001381,GBIME,Sani Securities Company Ltd.,Sweta Securities Private Limited,480,269.9,129552.0,2025-07-29 11:08:46.719422
2025-07-29,152659,2025072901001382,GBIME,Property Wiard Limited,Naasa Securities Co. Ltd.,20,269.3,5386.0,2025-07-29 11:08:46.751161
2025-07-29,152658,2025072901001383,GBIME,Secured Securities Ltd.,Naasa Securities Co. Ltd.,350,269.3,94255.0,2025-07-29 11:08:46.751282
2025-07-29,152657,2025072901001384,GBIME,Online Securities Pvt. Ltd.,Naasa Securities Co. Ltd.,1000,269.1,269100.0,2025-07-29 11:08:46.751355
2025-07-29,152656,2025072901001385,GBIME,SUN SECURITIES PVT LTD,Naasa Securities Co. Ltd.,130,269.0,34970.0,2025-07-29 11:08:46.751418
2025-07-29,152607,2025072901001391,GBIME,SUN SECURITIES PVT LTD,Naasa Securities Co. Ltd.,1478,269.0,397582.0,2025-07-29 11:08:51.033355
2025-07-29,152606,2025072901001392,GBIME,SUN SECURITIES PVT LTD,Naasa Securities Co. Ltd.,22,269.0,5918.0,2025-07-29 11:08:51.033648
2025-07-29,152475,2025072901001411,GBIME,SUN SECURITIES PVT LTD,Naasa Securities Co. Ltd.,1500,269.0,403500.0,2025-07-29 11:09:01.293877
2025-07-29,152389,2025072901001422,GBIME,SUN SECURITIES PVT LTD,Naasa Securities Co. Ltd.,278,269.0,74782.0,2025-07-29 11:09:07.473180
2025-07-29,152388,2025072901001423,GBIME,SUN SECURITIES PVT LTD,Naasa Securities Co. Ltd.,1222,269.0,328718.0,2025-07-29 11:09:07.473317
2025-07-29,152326,2025072901001436,GBIME,SUN SECURITIES PVT LTD,Naasa Securities Co. Ltd.,578,269.0,155482.0,2025-07-29 11:09:13.635538
2025-07-29,152325,2025072901001437,GBIME,SUN SECURITIES PVT LTD,Naasa Securities Co. Ltd.,922,269.0,248018.0,2025-07-29 11:09:13.635673
2025-07-29,152250,2025072901001456,GBIME,SUN SECURITIES PVT LTD,Dynamic Money Managers Securities Pvt. Ltd.,878,269.0,236182.0,2025-07-29 11:09:18.610487
2025-07-29,152085,2025072901001492,GBIME,ABC Securities Private Limited,Sani Securities Company Ltd.,250,268.3,67075.0,2025-07-29 11:09:29.856299
2025-07-29,151556,2025072901001623,GBIME,Kumari Securities Private Limited,Dynamic Money Managers Securities Pvt. Ltd.,30,269.0,8070.0,2025-07-29 11:10:10.502220
2025-07-29,151347,2025072901001669,GBIME,ABC Securities Private Limited,Sweta Securities Private Limited,250,268.3,67075.0,2025-07-29 11:10:29.467828
2025-07-29,151346,2025072901001670,GBIME,Nepal Stock House (PVT) Ltd.,Sweta Securities Private Limited,193,268.1,51743.3,2025-07-29 11:10:29.467864
2025-07-29,150117,2025072901001997,GBIME,Aryatara Investment & Securities,Dipshikha Dhitopatra Karobar Co. Pvt Ltd.,100,268.5,26850.0,2025-07-29 11:12:05.905584
2025-07-29,150082,2025072901002016,GBIME,Trishakti Securities Public Limited,Dipshikha Dhitopatra Karobar Co. Pvt Ltd.,10,268.9,2689.0,2025-07-29 11:12:08.218389
2025-07-29,149687,2025072901002127,GBIME,KALASH STOCK MARKET PVT. LTD.,Dipshikha Dhitopatra Karobar Co. Pvt Ltd.,90,268.9,24201.0,2025-07-29 11:12:46.705971
2025-07-29,149686,2025072901002128,GBIME,KALASH STOCK MARKET PVT. LTD.,Asian Securities Private Ltd.,410,268.9,110249.0,2025-07-29 11:12:46.706148
2025-07-29,148851,2025072901002373,GBIME,Property Wiard Limited,Trishakti Securities Public Limited,11,268.6,2954.6,2025-07-29 11:14:06.561246
2025-07-29,148832,2025072901002384,GBIME,Property Wiard Limited,Aryatara Investment & Securities,19,268.6,5103.4,2025-07-29 11:14:07.826925
2025-07-29,148771,2025072901002408,GBIME,Sani Securities Company Ltd.,Aryatara Investment & Securities,11,268.6,2954.6,2025-07-29 11:14:13.868731
2025-07-29,148770,2025072901002409,GBIME,Sani Securities Company Ltd.,Asian Securities Private Ltd.,590,268.9,158651.0,2025-07-29 11:14:13.868770
2025-07-29,148769,2025072901002410,GBIME,Sani Securities Company Ltd.,Bhrikuti Stock Broking Co. Pvt. Ltd.,50,268.9,13445.0,2025-07-29 11:14:13.868815
2025-07-29,148768,2025072901002411,GBIME,Sani Securities Company Ltd.,Dynamic Money Managers Securities Pvt. Ltd.,92,269.0,24748.0,2025-07-29 11:14:13.868839
2025-07-29,148767,2025072901002412,GBIME,Sani Securities Company Ltd.,Dipshikha Dhitopatra Karobar Co. Pvt Ltd.,100,269.0,26900.0,2025-07-29 11:14:13.868861
2025-07-29,148766,2025072901002413,GBIME,Sani Securities Company Ltd.,Thrive Brokerage House Pvt. Ltd,100,269.0,26900.0,2025-07-29 11:14:13.868883
2025-07-29,148765,2025072901002414,GBIME,Sani Securities Company Ltd.,Premier Securities Company Ltd.,57,269.0,15333.0,2025-07-29 11:14:13.868906
2025-07-29,148452,2025072901002502,GBIME,Dipshikha Dhitopatra Karobar Co. Pvt Ltd.,Opal Securities Investment (PVT) Ltd.,50,268.5,13425.0,2025-07-29 11:14:39.442776
2025-07-29,148451,2025072901002503,GBIME,Vision Securities Pvt. Ltd,Opal Securities Investment (PVT) Ltd.,450,268.1,120645.0,2025-07-29 11:14:39.442961
2025-07-29,148362,2025072901002524,GBIME,SUN SECURITIES PVT LTD,Premier Securities Company Ltd.,234,269.0,62946.0,2025-07-29 11:14:49.375795
2025-07-29,147319,2025072901002871,GBIME,Naasa Securities Co. Ltd.,Creative Securities Pvt Ltd,1,264.0,264.0,2025-07-29 11:16:19.139842
2025-07-29,146943,2025072901002970,GBIME,Property Wiard Limited,Sweta Securities Private Limited,30,268.4,8052.0,2025-07-29 11:16:50.687506
2025-07-29,146942,2025072901002971,GBIME,Secured Securities Ltd.,Sweta Securities Private Limited,340,268.3,91222.0,2025-07-29 11:16:50.687937
2025-07-29,146890,2025072901002993,GBIME,Secured Securities Ltd.,Neev Securities Pvt. Ltd.,30,268.3,8049.0,2025-07-29 11:16:57.399723
2025-07-29,146889,2025072901002994,GBIME,Naasa Securities Co. Ltd.,Naasa Securities Co. Ltd.,1,263.7,263.7,2025-07-29 11:16:57.741313
2025-07-29,146698,2025072901003057,GBIME,Vision Securities Pvt. Ltd,Sundhara Securities Limited,20,268.1,5362.0,2025-07-29 11:17:17.332330
2025-07-29,146565,2025072901003093,GBIME,KALASH STOCK MARKET PVT. LTD.,Neev Securities Pvt. Ltd.,300,268.3,80490.0,2025-07-29 11:17:31.413404
2025-07-29,146526,2025072901003111,GBIME,Vision Securities Pvt. Ltd,Dipshikha Dhitopatra Karobar Co. Pvt Ltd.,30,268.1,8043.0,2025-07-29 11:17:33.023530
2025-07-29,146525,2025072901003112,GBIME,Kohinoor Investment & Securities Pvt. Ltd.,Dipshikha Dhitopatra Karobar Co. Pvt Ltd.,200,268.1,53620.0,2025-07-29 11:17:33.023744
2025-07-29,146524,2025072901003113,GBIME,Naasa Securities Co. Ltd.,Dipshikha Dhitopatra Karobar Co. Pvt Ltd.,600,268.0,160800.0,2025-07-29 11:17:33.023845
2025-07-29,146523,2025072901003114,GBIME,Market Securities & Exchange (PVT) Ltd.,Dipshikha Dhitopatra Karobar Co. Pvt Ltd.,10,268.0,2680.0,2025-07-29 11:17:33.023942
2025-07-29,146522,2025072901003115,GBIME,ABC Securities Private Limited,Dipshikha Dhitopatra Karobar Co. Pvt Ltd.,216,268.0,57888.0,2025-07-29 11:17:33.024043
2025-07-29,146344,2025072901003159,GBIME,ABC Securities Private Limited,Dipshikha Dhitopatra Karobar Co. Pvt Ltd.,50,268.0,13400.0,2025-07-29 11:17:45.134688
2025-07-29,146133,2025072901003232,GBIME,Naasa Securities Co. Ltd.,Kohinoor Investment & Securities Pvt. Ltd.,1,263.6,263.6,2025-07-29 11:18:05.111847
2025-07-29,145825,2025072901003340,GBIME,Property Wiard Limited,Sani Securities Company Ltd.,20,268.2,5364.0,2025-07-29 11:18:34.936827
2025-07-29,145824,2025072901003341,GBIME,Kumari Securities Private Limited,Sani Securities Company Ltd.,100,268.1,26810.0,2025-07-29 11:18:34.937063
2025-07-29,145823,2025072901003342,GBIME,ABC Securities Private Limited,Sani Securities Company Ltd.,88,268.0,23584.0,2025-07-29 11:18:34.937164
2025-07-29,145725,2025072901003366,GBIME,ABC Securities Private Limited,Trisul Securities & Invt. Ltd.,646,268.0,173128.0,2025-07-29 11:18:45.040464
2025-07-29,145724,2025072901003367,GBIME,BHOLE GANESH SECURITIES LTD,Trisul Securities & Invt. Ltd.,354,268.0,94872.0,2025-07-29 11:18:45.040709
2025-07-29,145593,2025072901003405,GBIME,BHOLE GANESH SECURITIES LTD,Market Securities & Exchange (PVT) Ltd.,100,268.0,26800.0,2025-07-29 11:18:55.927015
2025-07-29,145401,2025072901003454,GBIME,BHOLE GANESH SECURITIES LTD,Primo Securities (PVT) Ltd.,546,268.0,146328.0,2025-07-29 11:19:12.929174
2025-07-29,145400,2025072901003455,GBIME,Himalayan Brokerage Company Limited,Primo Securities (PVT) Ltd.,21,268.0,5628.0,2025-07-29 11:19:12.929403
2025-07-29,145025,2025072901003565,GBIME,Himalayan Brokerage Company Limited,Sani Securities Company Ltd.,35,268.0,9380.0,2025-07-29 11:19:55.634793
2025-07-29,144854,2025072901003645,GBIME,Nepal Investment And Securities Trading Private Limited,Sweta Securities Private Limited,50,268.1,13405.0,2025-07-29 11:20:11.088972
2025-07-29,144853,2025072901003646,GBIME,Himalayan Brokerage Company Limited,Sweta Securities Private Limited,44,268.0,11792.0,2025-07-29 11:20:11.089226
2025-07-29,144852,2025072901003647,GBIME,Global IME Securities Limited,Sweta Securities Private Limited,10,268.0,2680.0,2025-07-29 11:20:11.089333
2025-07-29,144851,2025072901003648,GBIME,Dipshikha Dhitopatra Karobar Co. Pvt Ltd.,Sweta Securities Private Limited,300,268.0,80400.0,2025-07-29 11:20:11.089439
2025-07-29,144850,2025072901003649,GBIME,ABC Securities Private Limited,Sweta Securities Private Limited,96,268.0,25728.0,2025-07-29 11:20:11.089546
2025-07-29,144819,2025072901003654,GBIME,ABC Securities Private Limited,Sundhara Securities Limited,249,268.0,66732.0,2025-07-29 11:20:13.948335
2025-07-29,144642,2025072901003729,GBIME,Trishakti Securities Public Limited,Neev Securities Pvt. Ltd.,25,268.3,6707.5,2025-07-29 11:20:30.379635
2025-07-29,144641,2025072901003730,GBIME,Trishakti Securities Public Limited,Kumari Securities Private Limited,100,268.9,26890.0,2025-07-29 11:20:30.379694
2025-07-29,143996,2025072901003952,GBIME,Online Securities Pvt. Ltd.,Naasa Securities Co. Ltd.,200,268.9,53780.0,2025-07-29 11:21:30.509498
2025-07-29,143591,2025072901004077,GBIME,ABC Securities Private Limited,Premier Securities Company Ltd.,709,269.0,190721.0,2025-07-29 11:22:08.488252
2025-07-29,143590,2025072901004078,GBIME,ABC Securities Private Limited,Bhrikuti Stock Broking Co. Pvt. Ltd.,900,269.0,242100.0,2025-07-29 11:22:08.488515
2025-07-29,143589,2025072901004079,GBIME,ABC Securities Private Limited,Trisul Securities & Invt. Ltd.,1000,269.0,269000.0,2025-07-29 11:22:08.488629
2025-07-29,143588,2025072901004080,GBIME,ABC Securities Private Limited,Thrive Brokerage House Pvt. Ltd,50,269.0,13450.0,2025-07-29 11:22:08.488742
2025-07-29,143587,2025072901004081,GBIME,ABC Securities Private Limited,Dipshikha Dhitopatra Karobar Co. Pvt Ltd.,200,269.0,53800.0,2025-07-29 11:22:08.488851
2025-07-29,143586,2025072901004082,GBIME,ABC Securities Private Limited,Oxford Securities Pvt. Ltd.,281,269.0,75589.0,2025-07-29 11:22:08.488964
2025-07-29,143585,2025072901004083,GBIME,ABC Securities Private Limited,Nepal Investment And Securities Trading Private Limited,101,269.0,27169.0,2025-07-29 11:22:08.489082
2025-07-29,143584,2025072901004084,GBIME,ABC Securities Private Limited,Kalika Securities Pvt. Ltd.,200,269.8,53960.0,2025-07-29 11:22:08.489194
2025-07-29,143583,2025072901004085,GBIME,ABC Securities Private Limited,Deevyaa Securities & Stock House Pvt. Ltd,350,269.9,94465.0,2025-07-29 11:22:08.489308
2025-07-29,143582,2025072901004086,GBIME,ABC Securities Private Limited,South Asian Bulls Pvt. Ltd.,200,269.9,53980.0,2025-07-29 11:22:08.489420
2025-07-29,143581,2025072901004087,GBIME,ABC Securities Private Limited,Bhrikuti Stock Broking Co. Pvt. Ltd.,5000,269.9,1349500.0,2025-07-29 11:22:08.489565
2025-07-29,143580,2025072901004088,GBIME,ABC Securities Private Limited,Trisul Securities & Invt. Ltd.,4606,269.9,1243159.4,2025-07-29 11:22:08.489698
2025-07-29,143579,2025072901004089,GBIME,ABC Securities Private Limited,Agrawal Securities (PVT) Ltd.,1000,269.9,269900.0,2025-07-29 11:22:08.489808
2025-07-29,143578,2025072901004090,GBIME,ABC Securities Private Limited,Miyo Securities Pvt Ltd,252,270.0,68040.0,2025-07-29 11:22:08.489935
2025-07-29,143577,2025072901004091,GBIME,ABC Securities Private Limited,Kalika Securities Pvt. Ltd.,211,270.0,56970.0,2025-07-29 11:22:08.490057
2025-07-29,143576,2025072901004092,GBIME,ABC Securities Private Limited,Dakshinkali Investment & Securities Pvt. Ltd.,527,270.0,142290.0,2025-07-29 11:22:08.490170
2025-07-29,143575,2025072901004093,GBIME,ABC Securities Private Limited,Naasa Securities Co. Ltd.,211,270.0,56970.0,2025-07-29 11:22:08.490301
2025-07-29,143574,2025072901004094,GBIME,ABC Securities Private Limited,Market Securities & Exchange (PVT) Ltd.,20,270.0,5400.0,2025-07-29 11:22:08.490418
2025-07-29,143573,2025072901004095,GBIME,ABC Securities Private Limited,Shree Krishna Securities Ltd.,2000,270.0,540000.0,2025-07-29 11:22:08.490552
2025-07-29,143572,2025072901004096,GBIME,ABC Securities Private Limited,Sani Securities Company Ltd.,80,270.0,21600.0,2025-07-29 11:22:08.490679
2025-07-29,143571,2025072901004097,GBIME,ABC Securities Private Limited,Imperial Securities Company Pvt. Ltd.,1660,270.0,448200.0,2025-07-29 11:22:08.490787
2025-07-29,143570,2025072901004098,GBIME,ABC Securities Private Limited,Trisul Securities & Invt. Ltd.,1000,270.0,270000.0,2025-07-29 11:22:08.490917
2025-07-29,143569,2025072901004099,GBIME,ABC Securities Private Limited,Sani Securities Company Ltd.,250,270.0,67500.0,2025-07-29 11:22:08.491019
2025-07-29,143568,2025072901004100,GBIME,ABC Securities Private Limited,Imperial Securities Company Pvt. Ltd.,30,270.0,8100.0,2025-07-29 11:22:08.491137
2025-07-29,143567,2025072901004101,GBIME,ABC Securities Private Limited,Bhrikuti Stock Broking Co. Pvt. Ltd.,235,270.0,63450.0,2025-07-29 11:22:08.491298
2025-07-29,143566,2025072901004102,GBIME,ABC Securities Private Limited,Opal Securities Investment (PVT) Ltd.,200,270.0,54000.0,2025-07-29 11:22:08.491400
2025-07-29,143565,2025072901004103,GBIME,ABC Securities Private Limited,Bhrikuti Stock Broking Co. Pvt. Ltd.,500,270.0,135000.0,2025-07-29 11:22:08.491533
2025-07-29,143564,2025072901004104,GBIME,ABC Securities Private Limited,Nepal Stock House (PVT) Ltd.,500,270.0,135000.0,2025-07-29 11:22:08.491654
2025-07-29,143563,2025072901004105,GBIME,ABC Securities Private Limited,Sumeru Securities Pvt. Ltd.,5384,270.0,1453680.0,2025-07-29 11:22:08.491766
2025-07-29,143562,2025072901004106,GBIME,ABC Securities Private Limited,Naasa Securities Co. Ltd.,30,270.0,8100.0,2025-07-29 11:22:08.491864
2025-07-29,143561,2025072901004107,GBIME,ABC Securities Private Limited,J.F. Securites (PVT) Ltd.,1000,270.0,270000.0,2025-07-29 11:22:08.491973
2025-07-29,143560,2025072901004108,GBIME,ABC Securities Private Limited,Sewa Securities Pvt. Ltd.,20,270.0,5400.0,2025-07-29 11:22:08.492094
2025-07-29,143559,2025072901004109,GBIME,ABC Securities Private Limited,Kalika Securities Pvt. Ltd.,60,270.0,16200.0,2025-07-29 11:22:08.492203
2025-07-29,143558,2025072901004110,GBIME,ABC Securities Private Limited,Sumeru Securities Pvt. Ltd.,500,270.0,135000.0,2025-07-29 11:22:08.492312
2025-07-29,143557,2025072901004111,GBIME,ABC Securities Private Limited,Sani Securities Company Ltd.,100,270.0,27000.0,2025-07-29 11:22:08.492432
2025-07-29,143556,2025072901004112,GBIME,ABC Securities Private Limited,Naasa Securities Co. Ltd.,40,270.0,10800.0,2025-07-29 11:22:08.492573
2025-07-29,143555,2025072901004113,GBIME,ABC Securities Private Limited,Naasa Securities Co. Ltd.,50,270.0,13500.0,2025-07-29 11:22:08.492668
2025-07-29,143554,2025072901004114,GBIME,ABC Securities Private Limited,Nepal Stock House (PVT) Ltd.,543,270.0,146610.0,2025-07-29 11:22:08.492788
2025-07-29,143256,2025072901004192,GBIME,Naasa Securities Co. Ltd.,Nepal Investment And Securities Trading Private Limited,8,265.0,2120.0,2025-07-29 11:22:29.374704
2025-07-29,142341,2025072901004466,GBIME,Naasa Securities Co. Ltd.,Agrawal Securities (PVT) Ltd.,370,269.8,99826.0,2025-07-29 11:23:36.424844
2025-07-29,142340,2025072901004467,GBIME,Naasa Securities Co. Ltd.,Nepal Stock House (PVT) Ltd.,130,270.0,35100.0,2025-07-29 11:23:36.425093
2025-07-29,142271,2025072901004483,GBIME,ABC Securities Private Limited,Nepal Stock House (PVT) Ltd.,427,270.0,115290.0,2025-07-29 11:23:41.488432
2025-07-29,142270,2025072901004484,GBIME,ABC Securities Private Limited,Sani Securities Company Ltd.,80,270.0,21600.0,2025-07-29 11:23:41.488744
2025-07-29,142269,2025072901004485,GBIME,ABC Securities Private Limited,Capital Hub P. Ltd,500,270.0,135000.0,2025-07-29 11:23:41.488854
2025-07-29,142268,2025072901004486,GBIME,ABC Securities Private Limited,Kohinoor Investment & Securities Pvt. Ltd.,40,270.0,10800.0,2025-07-29 11:23:41.488967
2025-07-29,142267,2025072901004487,GBIME,ABC Securities Private Limited,Trisul Securities & Invt. Ltd.,500,270.0,135000.0,2025-07-29 11:23:41.489085
2025-07-29,142266,2025072901004488,GBIME,ABC Securities Private Limited,Dipshikha Dhitopatra Karobar Co. Pvt Ltd.,100,270.0,27000.0,2025-07-29 11:23:41.489324
2025-07-29,142265,2025072901004489,GBIME,ABC Securities Private Limited,Miyo Securities Pvt Ltd,100,270.0,27000.0,2025-07-29 11:23:41.489436
2025-07-29,142264,2025072901004490,GBIME,ABC Securities Private Limited,Online Securities Pvt. Ltd.,30,270.0,8100.0,2025-07-29 11:23:41.489538
2025-07-29,142263,2025072901004491,GBIME,ABC Securities Private Limited,Himalayan Brokerage Company Limited,500,270.0,135000.0,2025-07-29 11:23:41.489638
2025-07-29,142262,2025072901004492,GBIME,ABC Securities Private Limited,Citizens Share Broker Limited,647,270.0,174690.0,2025-07-29 11:23:41.489749
2025-07-29,142261,2025072901004493,GBIME,ABC Securities Private Limited,Aryatara Investment & Securities,50,270.0,13500.0,2025-07-29 11:23:41.489849
2025-07-29,142260,2025072901004494,GBIME,ABC Securities Private Limited,Online Securities Pvt. Ltd.,400,270.0,108000.0,2025-07-29 11:23:41.489950
2025-07-29,142259,2025072901004495,GBIME,ABC Securities Private Limited,Creative Securities Pvt Ltd,1000,270.0,270000.0,2025-07-29 11:23:41.490060
2025-07-29,142146,2025072901004526,GBIME,Naasa Securities Co. Ltd.,Kalika Securities Pvt. Ltd.,4,265.0,1060.0,2025-07-29 11:23:49.216637
2025-07-29,141973,2025072901004618,GBIME,ABC Securities Private Limited,Sweta Securities Private Limited,500,270.0,135000.0,2025-07-29 11:24:02.258898
2025-07-29,141959,2025072901004620,GBIME,Kohinoor Investment & Securities Pvt. Ltd.,Sani Securities Company Ltd.,112,270.3,30273.6,2025-07-29 11:24:03.989608
2025-07-29,141958,2025072901004621,GBIME,Kohinoor Investment & Securities Pvt. Ltd.,Trishakti Securities Public Limited,100,270.5,27050.0,2025-07-29 11:24:03.989712
2025-07-29,141957,2025072901004622,GBIME,Kohinoor Investment & Securities Pvt. Ltd.,Nepal Stock House (PVT) Ltd.,300,270.7,81210.0,2025-07-29 11:24:03.989791
2025-07-29,141956,2025072901004623,GBIME,Kohinoor Investment & Securities Pvt. Ltd.,Online Securities Pvt. Ltd.,100,270.7,27070.0,2025-07-29 11:24:03.989864
2025-07-29,141955,2025072901004624,GBIME,Kohinoor Investment & Securities Pvt. Ltd.,Aryatara Investment & Securities,382,270.7,103407.4,2025-07-29 11:24:03.989933
2025-07-29,141900,2025072901004652,GBIME,ABC Securities Private Limited,Sani Securities Company Ltd.,108,270.0,29160.0,2025-07-29 11:24:08.221221
2025-07-29,141375,2025072901004778,GBIME,Trishakti Securities Public Limited,Deevyaa Securities & Stock House Pvt. Ltd,10,270.9,2709.0,2025-07-29 11:24:40.637671
2025-07-29,141106,2025072901004840,GBIME,ABC Securities Private Limited,Primo Securities (PVT) Ltd.,18,270.0,4860.0,2025-07-29 11:25:01.700868
2025-07-29,141103,2025072901004841,GBIME,Nepal Investment And Securities Trading Private Limited,Stoxkarts Securities Limited,200,270.0,54000.0,2025-07-29 11:25:02.167991
2025-07-29,141102,2025072901004842,GBIME,Creative Securities Pvt Ltd,Stoxkarts Securities Limited,300,270.0,81000.0,2025-07-29 11:25:02.168475
2025-07-29,140937,2025072901004928,GBIME,Trishakti Securities Public Limited,Vision Securities Pvt. Ltd,50,270.8,13540.0,2025-07-29 11:25:11.963605
2025-07-29,140936,2025072901004929,GBIME,Trishakti Securities Public Limited,Deevyaa Securities & Stock House Pvt. Ltd,50,270.9,13545.0,2025-07-29 11:25:11.963641
2025-07-29,140795,2025072901004961,GBIME,Sani Securities Company Ltd.,Deevyaa Securities & Stock House Pvt. Ltd,74,270.9,20046.6,2025-07-29 11:25:22.750524
2025-07-29,140738,2025072901004988,GBIME,Agrawal Securities (PVT) Ltd.,Deevyaa Securities & Stock House Pvt. Ltd,216,270.9,58514.4,2025-07-29 11:25:28.365572
2025-07-29,140737,2025072901004989,GBIME,Agrawal Securities (PVT) Ltd.,Dipshikha Dhitopatra Karobar Co. Pvt Ltd.,100,270.9,27090.0,2025-07-29 11:25:28.365818
2025-07-29,140736,2025072901004990,GBIME,Agrawal Securities (PVT) Ltd.,Dipshikha Dhitopatra Karobar Co. Pvt Ltd.,84,270.9,22755.6,2025-07-29 11:25:28.365931
2025-07-29,140634,2025072901005018,GBIME,ABC Securities Private Limited,Dipshikha Dhitopatra Karobar Co. Pvt Ltd.,116,270.9,31424.4,2025-07-29 11:25:36.862015
2025-07-29,140633,2025072901005019,GBIME,ABC Securities Private Limited,Malla & Malla Stock Broking Company Pvt. Limited,484,270.9,131115.6,2025-07-29 11:25:36.862269
2025-07-29,140306,2025072901005111,GBIME,Trishakti Securities Public Limited,Malla & Malla Stock Broking Company Pvt. Limited,16,270.9,4334.4,2025-07-29 11:26:04.520201
2025-07-29,140305,2025072901005112,GBIME,Trishakti Securities Public Limited,Capital Max Securities Ltd,73,270.9,19775.7,2025-07-29 11:26:04.520250
2025-07-29,140304,2025072901005113,GBIME,Trishakti Securities Public Limited,Aryatara Investment & Securities,33,270.9,8939.7,2025-07-29 11:26:04.520281
2025-07-29,140303,2025072901005114,GBIME,Trishakti Securities Public Limited,J.F. Securites (PVT) Ltd.,132,270.9,35758.8,2025-07-29 11:26:04.520316
2025-07-29,140302,2025072901005115,GBIME,Trishakti Securities Public Limited,Nepal Investment And Securities Trading Private Limited,174,270.9,47136.6,2025-07-29 11:26:04.520347
2025-07-29,140301,2025072901005116,GBIME,Trishakti Securities Public Limited,Bhrikuti Stock Broking Co. Pvt. Ltd.,72,271.0,19512.0,2025-07-29 11:26:04.520389
2025-07-29,140094,2025072901005168,GBIME,Creative Securities Pvt Ltd,Vision Securities Pvt. Ltd,100,270.0,27000.0,2025-07-29 11:26:28.896587
2025-07-29,140093,2025072901005169,GBIME,Online Securities Pvt. Ltd.,Vision Securities Pvt. Ltd,500,270.0,135000.0,2025-07-29 11:26:28.896841
2025-07-29,140092,2025072901005170,GBIME,Deevyaa Securities & Stock House Pvt. Ltd,Vision Securities Pvt. Ltd,3900,270.0,1053000.0,2025-07-29 11:26:28.896961
2025-07-29,139993,2025072901005190,GBIME,Deevyaa Securities & Stock House Pvt. Ltd,Linch Stock Market Ltd.,1000,270.0,270000.0,2025-07-29 11:26:39.859557
2025-07-29,139903,2025072901005210,GBIME,ABC Securities Private Limited,Bhrikuti Stock Broking Co. Pvt. Ltd.,225,271.0,60975.0,2025-07-29 11:26:49.638353
2025-07-29,139902,2025072901005211,GBIME,ABC Securities Private Limited,Thrive Brokerage House Pvt. Ltd,303,271.0,82113.0,2025-07-29 11:26:49.638611
2025-07-29,139901,2025072901005212,GBIME,ABC Securities Private Limited,Aryatara Investment & Securities,972,271.0,263412.0,2025-07-29 11:26:49.638730
2025-07-29,139838,2025072901005234,GBIME,Kumari Securities Private Limited,Aryatara Investment & Securities,74,271.0,20054.0,2025-07-29 11:26:54.616965
2025-07-29,139519,2025072901005311,GBIME,ABC Securities Private Limited,Aryatara Investment & Securities,4349,271.0,1178579.0,2025-07-29 11:27:21.112613
2025-07-29,139518,2025072901005312,GBIME,ABC Securities Private Limited,Trishakti Securities Public Limited,39,271.0,10569.0,2025-07-29 11:27:21.112661
2025-07-29,139517,2025072901005313,GBIME,ABC Securities Private Limited,Oxford Securities Pvt. Ltd.,100,271.0,27100.0,2025-07-29 11:27:21.112691
2025-07-29,139516,2025072901005314,GBIME,ABC Securities Private Limited,Investment Management Nepal Pvt. Ltd.,500,271.0,135500.0,2025-07-29 11:27:21.112717
2025-07-29,139515,2025072901005315,GBIME,ABC Securities Private Limited,Trisul Securities & Invt. Ltd.,50,271.0,13550.0,2025-07-29 11:27:21.112763
2025-07-29,139514,2025072901005316,GBIME,ABC Securities Private Limited,Malla & Malla Stock Broking Company Pvt. Limited,100,271.0,27100.0,2025-07-29 11:27:21.112792
2025-07-29,139513,2025072901005317,GBIME,ABC Securities Private Limited,Ashutosh Brokerage & Securities (PVT) Ltd.,330,271.0,89430.0,2025-07-29 11:27:21.112841
2025-07-29,139512,2025072901005318,GBIME,ABC Securities Private Limited,Sani Securities Company Ltd.,100,271.0,27100.0,2025-07-29 11:27:21.112870
2025-07-29,139511,2025072901005319,GBIME,ABC Securities Private Limited,Market Securities & Exchange (PVT) Ltd.,20,271.0,5420.0,2025-07-29 11:27:21.112899
2025-07-29,139510,2025072901005320,GBIME,ABC Securities Private Limited,Nepal Stock House (PVT) Ltd.,2412,271.0,653652.0,2025-07-29 11:27:21.112928
2025-07-29,139422,2025072901005347,GBIME,Sani Securities Company Ltd.,Nepal Stock House (PVT) Ltd.,52,271.0,14092.0,2025-07-29 11:27:31.105789
2025-07-29,139175,2025072901005427,GBIME,Sani Securities Company Ltd.,Sundhara Securities Limited,42,270.1,11344.2,2025-07-29 11:27:53.591668
2025-07-29,139165,2025072901005434,GBIME,Primo Securities (PVT) Ltd.,Nepal Stock House (PVT) Ltd.,733,271.0,198643.0,2025-07-29 11:27:55.037737
2025-07-29,139164,2025072901005435,GBIME,Primo Securities (PVT) Ltd.,Naasa Securities Co. Ltd.,25,271.0,6775.0,2025-07-29 11:27:55.038014
2025-07-29,139163,2025072901005436,GBIME,Primo Securities (PVT) Ltd.,Online Securities Pvt. Ltd.,34,271.0,9214.0,2025-07-29 11:27:55.038164
2025-07-29,139162,2025072901005437,GBIME,Primo Securities (PVT) Ltd.,ABC Securities Private Limited,2111,271.0,572081.0,2025-07-29 11:27:55.038347
2025-07-29,139161,2025072901005438,GBIME,Primo Securities (PVT) Ltd.,Trishakti Securities Public Limited,97,271.0,26287.0,2025-07-29 11:27:55.038527
2025-07-29,139032,2025072901005481,GBIME,Trishakti Securities Public Limited,Secured Securities Ltd.,10,271.1,2711.0,2025-07-29 11:28:07.527569
2025-07-29,139031,2025072901005482,GBIME,Trishakti Securities Public Limited,Linch Stock Market Ltd.,20,271.2,5424.0,2025-07-29 11:28:07.527616
2025-07-29,139030,2025072901005483,GBIME,Trishakti Securities Public Limited,Dipshikha Dhitopatra Karobar Co. Pvt Ltd.,100,271.7,27170.0,2025-07-29 11:28:07.527644
2025-07-29,139029,2025072901005484,GBIME,Trishakti Securities Public Limited,Dynamic Money Managers Securities Pvt. Ltd.,10,271.8,2718.0,2025-07-29 11:28:07.527668
2025-07-29,139019,2025072901005492,GBIME,Creative Securities Pvt Ltd,Sani Securities Company Ltd.,1000,270.5,270500.0,2025-07-29 11:28:08.842804
2025-07-29,139018,2025072901005493,GBIME,Sani Securities Company Ltd.,Sani Securities Company Ltd.,48,270.1,12964.8,2025-07-29 11:28:08.842854
2025-07-29,139017,2025072901005494,GBIME,Aakashbhairab Securities Ltd.,Sani Securities Company Ltd.,102,270.1,27550.2,2025-07-29 11:28:08.842905
2025-07-29,138955,2025072901005507,GBIME,Aakashbhairab Securities Ltd.,Naasa Securities Co. Ltd.,249,270.1,67254.9,2025-07-29 11:28:13.357884
2025-07-29,138943,2025072901005509,GBIME,Trishakti Securities Public Limited,Dynamic Money Managers Securities Pvt. Ltd.,10,271.8,2718.0,2025-07-29 11:28:14.659337
2025-07-29,138548,2025072901005577,GBIME,Aakashbhairab Securities Ltd.,Secured Securities Ltd.,1100,270.1,297110.0,2025-07-29 11:28:44.065216
2025-07-29,138335,2025072901005670,GBIME,Vision Securities Pvt. Ltd,Trisul Securities & Invt. Ltd.,500,271.5,135750.0,2025-07-29 11:29:04.414375
2025-07-29,138014,2025072901005795,GBIME,Opal Securities Investment (PVT) Ltd.,Imperial Securities Company Pvt. Ltd.,100,271.0,27100.0,2025-07-29 11:29:31.905992
2025-07-29,137894,2025072901005823,GBIME,Sundhara Securities Limited,Secured Securities Ltd.,10,271.1,2711.0,2025-07-29 11:29:43.783259
2025-07-29,137893,2025072901005824,GBIME,Opal Securities Investment (PVT) Ltd.,Secured Securities Ltd.,900,271.0,243900.0,2025-07-29 11:29:43.783551
2025-07-29,137523,2025072901005925,GBIME,Aakashbhairab Securities Ltd.,INDEX SECURITIES LIMITED,41,270.1,11074.1,2025-07-29 11:30:19.135872
2025-07-29,137432,2025072901005947,GBIME,Deevyaa Securities & Stock House Pvt. Ltd,Investment Management Nepal Pvt. Ltd.,100,270.0,27000.0,2025-07-29 11:30:28.782910
2025-07-29,137431,2025072901005948,GBIME,Trisul Securities & Invt. Ltd.,Investment Management Nepal Pvt. Ltd.,37,270.0,9990.0,2025-07-29 11:30:28.783215
2025-07-29,137144,2025072901006029,GBIME,Machhapuchchhre Securities Limited,Midas Stock Broking Company Private Limited,150,270.1,40515.0,2025-07-29 11:30:56.173015
2025-07-29,137095,2025072901006035,GBIME,Machhapuchchhre Securities Limited,Kalika Securities Pvt. Ltd.,58,270.1,15665.8,2025-07-29 11:31:00.869082
2025-07-29,137094,2025072901006036,GBIME,Trisul Securities & Invt. Ltd.,Kalika Securities Pvt. Ltd.,63,270.0,17010.0,2025-07-29 11:31:00.869411
2025-07-29,137093,2025072901006037,GBIME,Creative Securities Pvt Ltd,Kalika Securities Pvt. Ltd.,16,270.0,4320.0,2025-07-29 11:31:00.869600
2025-07-29,137082,2025072901006038,GBIME,Nepal Stock House (PVT) Ltd.,Secured Securities Ltd.,20,271.0,5420.0,2025-07-29 11:31:01.352343
2025-07-29,137043,2025072901006051,GBIME,Creative Securities Pvt Ltd,Online Securities Pvt. Ltd.,75,270.0,20250.0,2025-07-29 11:31:06.091967
2025-07-29,136655,2025072901006166,GBIME,Creative Securities Pvt Ltd,Malla & Malla Stock Broking Company Pvt. Limited,32,270.0,8640.0,2025-07-29 11:31:41.862923
2025-07-29,136463,2025072901006224,GBIME,Agrawal Securities (PVT) Ltd.,Malla & Malla Stock Broking Company Pvt. Limited,49,270.1,13234.9,2025-07-29 11:31:57.776012
2025-07-29,136462,2025072901006225,GBIME,Agrawal Securities (PVT) Ltd.,Naasa Securities Co. Ltd.,111,270.1,29981.1,2025-07-29 11:31:57.776314
2025-07-29,136461,2025072901006226,GBIME,Aakashbhairab Securities Ltd.,Naasa Securities Co. Ltd.,8,270.1,2160.8,2025-07-29 11:31:57.776417
2025-07-29,136329,2025072901006257,GBIME,Creative Securities Pvt Ltd,Dipshikha Dhitopatra Karobar Co. Pvt Ltd.,14,270.0,3780.0,2025-07-29 11:32:09.435040
2025-07-29,136326,2025072901006258,GBIME,Creative Securities Pvt Ltd,Siprabi Securities Pvt. Ltd.,133,270.0,35910.0,2025-07-29 11:32:09.668949
2025-07-29,136311,2025072901006260,GBIME,Dakshinkali Investment & Securities Pvt. Ltd.,Secured Securities Ltd.,70,271.0,18970.0,2025-07-29 11:32:10.770313
2025-07-29,136310,2025072901006261,GBIME,Dakshinkali Investment & Securities Pvt. Ltd.,Opal Securities Investment (PVT) Ltd.,10,271.0,2710.0,2025-07-29 11:32:10.770649
2025-07-29,136309,2025072901006262,GBIME,Dakshinkali Investment & Securities Pvt. Ltd.,Agrawal Securities (PVT) Ltd.,22,271.0,5962.0,2025-07-29 11:32:10.770804
2025-07-29,136030,2025072901006326,GBIME,Creative Securities Pvt Ltd,Cristal Kanchanjanga Securites Pvt. Ltd.,81,270.0,21870.0,2025-07-29 11:32:30.817781
2025-07-29,135931,2025072901006358,GBIME,Sajilo Broker Limited,Trisul Securities & Invt. Ltd.,500,270.5,135250.0,2025-07-29 11:32:40.381572
2025-07-29,135925,2025072901006360,GBIME,Creative Securities Pvt Ltd,ABC Securities Private Limited,137,270.0,36990.0,2025-07-29 11:32:41.550345
2025-07-29,135924,2025072901006361,GBIME,Creative Securities Pvt Ltd,Agrawal Securities (PVT) Ltd.,300,270.0,81000.0,2025-07-29 11:32:41.581563
2025-07-29,135760,2025072901006399,GBIME,Creative Securities Pvt Ltd,Online Securities Pvt. Ltd.,166,270.0,44820.0,2025-07-29 11:32:57.573764
2025-07-29,135290,2025072901006631,GBIME,Creative Securities Pvt Ltd,Dakshinkali Investment & Securities Pvt. Ltd.,46,270.0,12420.0,2025-07-29 11:33:28.445767
2025-07-29,135289,2025072901006632,GBIME,Naasa Securities Co. Ltd.,Dakshinkali Investment & Securities Pvt. Ltd.,405,270.0,109350.0,2025-07-29 11:33:28.446118
2025-07-29,135288,2025072901006633,GBIME,Sani Securities Company Ltd.,Dakshinkali Investment & Securities Pvt. Ltd.,25,270.0,6750.0,2025-07-29 11:33:28.446293
2025-07-29,135287,2025072901006634,GBIME,Online Securities Pvt. Ltd.,Dakshinkali Investment & Securities Pvt. Ltd.,1000,270.0,270000.0,2025-07-29 11:33:28.446489
2025-07-29,135286,2025072901006635,GBIME,Imperial Securities Company Pvt. Ltd.,Dakshinkali Investment & Securities Pvt. Ltd.,11,270.0,2970.0,2025-07-29 11:33:28.446708
2025-07-29,135285,2025072901006636,GBIME,Linch Stock Market Ltd.,Dakshinkali Investment & Securities Pvt. Ltd.,250,270.0,67500.0,2025-07-29 11:33:28.446895
2025-07-29,135073,2025072901006706,GBIME,Primo Securities (PVT) Ltd.,Dakshinkali Investment & Securities Pvt. Ltd.,2000,270.0,540000.0,2025-07-29 11:33:51.958534
2025-07-29,134863,2025072901006769,GBIME,ABC Securities Private Limited,Aryatara Investment & Securities,900,269.1,242190.0,2025-07-29 11:34:11.814463
2025-07-29,134767,2025072901006800,GBIME,ABC Securities Private Limited,Dipshikha Dhitopatra Karobar Co. Pvt Ltd.,11,269.1,2960.1,2025-07-29 11:34:17.830651
2025-07-29,133598,2025072901007067,GBIME,Naasa Securities Co. Ltd.,Naasa Securities Co. Ltd.,100,269.2,26920.0,2025-07-29 11:35:59.137394
2025-07-29,133597,2025072901007068,GBIME,ABC Securities Private Limited,Naasa Securities Co. Ltd.,100,269.1,26910.0,2025-07-29 11:35:59.138116
2025-07-29,133432,2025072901007095,GBIME,ABC Securities Private Limited,Nepal Investment And Securities Trading Private Limited,489,269.1,131589.9,2025-07-29 11:36:12.591645
2025-07-29,133431,2025072901007096,GBIME,Trishakti Securities Public Limited,Nepal Investment And Securities Trading Private Limited,11,269.0,2959.0,2025-07-29 11:36:12.592455
2025-07-29,133244,2025072901007151,GBIME,Trishakti Securities Public Limited,SHUBHAKAMANA SECURITIES PVT. LTD,189,269.0,50841.0,2025-07-29 11:36:24.675345
2025-07-29,133243,2025072901007152,GBIME,Imperial Securities Company Pvt. Ltd.,SHUBHAKAMANA SECURITIES PVT. LTD,311,269.0,83659.0,2025-07-29 11:36:24.675385
2025-07-29,133047,2025072901007190,GBIME,Pragyan Securities (PVT) Ltd.,Imperial Securities Company Pvt. Ltd.,300,269.8,80940.0,2025-07-29 11:36:43.063207
2025-07-29,133046,2025072901007191,GBIME,Pragyan Securities (PVT) Ltd.,Dakshinkali Investment & Securities Pvt. Ltd.,68,270.0,18360.0,2025-07-29 11:36:43.063572
2025-07-29,133021,2025072901007198,GBIME,Sharepro Securities Private Limited,Dakshinkali Investment & Securities Pvt. Ltd.,1195,270.0,322650.0,2025-07-29 11:36:46.008330
2025-07-29,133020,2025072901007199,GBIME,Sharepro Securities Private Limited,Aryatara Investment & Securities,367,270.0,99090.0,2025-07-29 11:36:46.008431
2025-07-29,133019,2025072901007200,GBIME,Sharepro Securities Private Limited,Sweta Securities Private Limited,20,270.0,5400.0,2025-07-29 11:36:46.008506
2025-07-29,133018,2025072901007201,GBIME,Sharepro Securities Private Limited,Dynamic Money Managers Securities Pvt. Ltd.,70,270.0,18900.0,2025-07-29 11:36:46.008580
2025-07-29,133017,2025072901007202,GBIME,Sharepro Securities Private Limited,Premier Securities Company Ltd.,603,270.0,162810.0,2025-07-29 11:36:46.008657
2025-07-29,133016,2025072901007203,GBIME,Sharepro Securities Private Limited,Thrive Brokerage House Pvt. Ltd,52,270.0,14040.0,2025-07-29 11:36:46.008753
2025-07-29,133015,2025072901007204,GBIME,Sharepro Securities Private Limited,Kumari Securities Private Limited,500,270.0,135000.0,2025-07-29 11:36:46.008827
2025-07-29,133014,2025072901007205,GBIME,Sharepro Securities Private Limited,Online Securities Pvt. Ltd.,942,270.0,254340.0,2025-07-29 11:36:46.008900
2025-07-29,133013,2025072901007206,GBIME,Sharepro Securities Private Limited,Oxford Securities Pvt. Ltd.,1130,270.0,305100.0,2025-07-29 11:36:46.008971
2025-07-29,133012,2025072901007207,GBIME,Sharepro Securities Private Limited,Aryatara Investment & Securities,109,270.4,29473.6,2025-07-29 11:36:46.009063
2025-07-29,133011,2025072901007208,GBIME,Sharepro Securities Private Limited,Secured Securities Ltd.,12,270.4,3244.8,2025-07-29 11:36:46.009137
2025-07-29,132889,2025072901007240,GBIME,Imperial Securities Company Pvt. Ltd.,Sani Securities Company Ltd.,20,269.0,5380.0,2025-07-29 11:37:00.930613
2025-07-29,132847,2025072901007261,GBIME,Secured Securities Ltd.,Thrive Brokerage House Pvt. Ltd,75,269.7,20227.5,2025-07-29 11:37:05.422588
2025-07-29,132625,2025072901007306,GBIME,Dipshikha Dhitopatra Karobar Co. Pvt Ltd.,Thrive Brokerage House Pvt. Ltd,20,269.7,5394.0,2025-07-29 11:37:22.997946
2025-07-29,132521,2025072901007341,GBIME,Imperial Securities Company Pvt. Ltd.,Aryatara Investment & Securities,669,269.0,179961.0,2025-07-29 11:37:32.330323
2025-07-29,132520,2025072901007342,GBIME,Sajilo Broker Limited,Aryatara Investment & Securities,700,269.0,188300.0,2025-07-29 11:37:32.331238
2025-07-29,132519,2025072901007343,GBIME,Asian Securities Private Ltd.,Aryatara Investment & Securities,131,269.0,35239.0,2025-07-29 11:37:32.331945
2025-07-29,132518,2025072901007344,GBIME,Naasa Securities Co. Ltd.,Thrive Brokerage House Pvt. Ltd,10,269.7,2697.0,2025-07-29 11:37:32.422782
2025-07-29,132226,2025072901007419,GBIME,Asian Securities Private Ltd.,Aryatara Investment & Securities,369,269.0,99261.0,2025-07-29 11:37:51.727217
2025-07-29,132225,2025072901007420,GBIME,Naasa Securities Co. Ltd.,Aryatara Investment & Securities,130,269.0,34970.0,2025-07-29 11:37:51.727568
2025-07-29,131944,2025072901007477,GBIME,Sani Securities Company Ltd.,Aryatara Investment & Securities,501,269.0,134769.0,2025-07-29 11:38:13.156641
2025-07-29,131943,2025072901007478,GBIME,Sani Securities Company Ltd.,Thrive Brokerage House Pvt. Ltd,95,269.7,25621.5,2025-07-29 11:38:13.156683
2025-07-29,131942,2025072901007479,GBIME,Sani Securities Company Ltd.,Trisul Securities & Invt. Ltd.,14,270.0,3780.0,2025-07-29 11:38:13.156712
2025-07-29,131772,2025072901007518,GBIME,ABC Securities Private Limited,Kumari Securities Private Limited,500,268.7,134350.0,2025-07-29 11:38:27.704061
2025-07-29,131771,2025072901007519,GBIME,Online Securities Pvt. Ltd.,Kumari Securities Private Limited,1000,268.6,268600.0,2025-07-29 11:38:27.704837
2025-07-29,131770,2025072901007520,GBIME,Nepal Stock House (PVT) Ltd.,Kumari Securities Private Limited,300,268.6,80580.0,2025-07-29 11:38:27.705403
2025-07-29,131769,2025072901007521,GBIME,Kumari Securities Private Limited,Kumari Securities Private Limited,200,268.5,53700.0,2025-07-29 11:38:27.705966
2025-07-29,131707,2025072901007543,GBIME,Global IME Securities Limited,Linch Stock Market Ltd.,4,270.0,1080.0,2025-07-29 11:38:32.100357
2025-07-29,131620,2025072901007571,GBIME,Kumari Securities Private Limited,Siprabi Securities Pvt. Ltd.,6,264.0,1584.0,2025-07-29 11:38:41.992371
2025-07-29,131422,2025072901007634,GBIME,Cristal Kanchanjanga Securites Pvt. Ltd.,Siprabi Securities Pvt. Ltd.,23,269.0,6187.0,2025-07-29 11:39:02.419371
2025-07-29,131273,2025072901007679,GBIME,Dipshikha Dhitopatra Karobar Co. Pvt Ltd.,Trisul Securities & Invt. Ltd.,10,270.0,2700.0,2025-07-29 11:39:16.402313
2025-07-29,130709,2025072901007841,GBIME,Naasa Securities Co. Ltd.,Trishakti Securities Public Limited,5,266.0,1330.0,2025-07-29 11:39:53.372228
2025-07-29,130339,2025072901007966,GBIME,Cristal Kanchanjanga Securites Pvt. Ltd.,Trisul Securities & Invt. Ltd.,500,270.0,135000.0,2025-07-29 11:40:27.148833
2025-07-29,129919,2025072901008089,GBIME,Vision Securities Pvt. Ltd,Online Securities Pvt. Ltd.,100,269.0,26900.0,2025-07-29 11:41:08.607915
2025-07-29,129701,2025072901008138,GBIME,Naasa Securities Co. Ltd.,Vision Securities Pvt. Ltd,1,263.8,263.8,2025-07-29 11:41:27.911101
2025-07-29,129699,2025072901008139,GBIME,Thrive Brokerage House Pvt. Ltd,Shree Krishna Securities Ltd.,1,265.0,265.0,2025-07-29 11:41:28.034359
2025-07-29,129569,2025072901008168,GBIME,Vision Securities Pvt. Ltd,Nepal Stock House (PVT) Ltd.,301,269.0,80969.0,2025-07-29 11:41:37.008444
2025-07-29,129556,2025072901008174,GBIME,Oxford Securities Pvt. Ltd.,Sundhara Securities Limited,300,269.5,80850.0,2025-07-29 11:41:38.415085
2025-07-29,129555,2025072901008175,GBIME,Oxford Securities Pvt. Ltd.,Trisul Securities & Invt. Ltd.,476,270.0,128520.0,2025-07-29 11:41:38.415488
2025-07-29,129554,2025072901008176,GBIME,Oxford Securities Pvt. Ltd.,Nepal Stock House (PVT) Ltd.,20,270.0,5400.0,2025-07-29 11:41:38.415721
2025-07-29,129553,2025072901008177,GBIME,Oxford Securities Pvt. Ltd.,Oxford Securities Pvt. Ltd.,204,270.0,55080.0,2025-07-29 11:41:38.415939
2025-07-29,129422,2025072901008219,GBIME,Naasa Securities Co. Ltd.,Malla & Malla Stock Broking Company Pvt. Limited,1,265.0,265.0,2025-07-29 11:41:51.811354
2025-07-29,129277,2025072901008244,GBIME,Thrive Brokerage House Pvt. Ltd,Sumeru Securities Pvt. Ltd.,1,265.0,265.0,2025-07-29 11:42:04.303884
2025-07-29,129077,2025072901008293,GBIME,Vision Securities Pvt. Ltd,Primo Securities (PVT) Ltd.,73,269.0,19637.0,2025-07-29 11:42:22.237354
2025-07-29,128665,2025072901008426,GBIME,Thrive Brokerage House Pvt. Ltd,Asian Securities Private Ltd.,1,266.0,266.0,2025-07-29 11:42:59.617331
2025-07-29,128656,2025072901008429,GBIME,Nepal Stock House (PVT) Ltd.,J.F. Securites (PVT) Ltd.,400,269.1,107640.0,2025-07-29 11:43:01.286961
2025-07-29,128478,2025072901008511,GBIME,Kohinoor Investment & Securities Pvt. Ltd.,Kumari Securities Private Limited,100,269.9,26990.0,2025-07-29 11:43:16.740972
2025-07-29,128477,2025072901008512,GBIME,Kohinoor Investment & Securities Pvt. Ltd.,Kalika Securities Pvt. Ltd.,500,269.9,134950.0,2025-07-29 11:43:16.741868
2025-07-29,128140,2025072901008628,GBIME,Naasa Securities Co. Ltd.,Swarna Laxmi Securities Pvt. Ltd.,1,265.0,265.0,2025-07-29 11:43:47.541805
2025-07-29,127968,2025072901008730,GBIME,Kohinoor Investment & Securities Pvt. Ltd.,Sewa Securities Pvt. Ltd.,50,269.9,13495.0,2025-07-29 11:43:55.655803
2025-07-29,127383,2025072901008933,GBIME,Kohinoor Investment & Securities Pvt. Ltd.,Oxford Securities Pvt. Ltd.,46,269.9,12415.4,2025-07-29 11:44:47.701991
2025-07-29,127349,2025072901008945,GBIME,Kohinoor Investment & Securities Pvt. Ltd.,Imperial Securities Company Pvt. Ltd.,10,269.9,2699.0,2025-07-29 11:44:52.154501
2025-07-29,127275,2025072901008957,GBIME,Kohinoor Investment & Securities Pvt. Ltd.,Kalika Securities Pvt. Ltd.,294,269.9,79350.6,2025-07-29 11:44:57.886939
2025-07-29,127005,2025072901009044,GBIME,Global IME Securities Limited,Kalika Securities Pvt. Ltd.,10,269.9,2699.0,2025-07-29 11:45:19.304497
2025-07-29,126888,2025072901009066,GBIME,Oxford Securities Pvt. Ltd.,Kalika Securities Pvt. Ltd.,15,269.9,4048.5,2025-07-29 11:45:27.065047
2025-07-29,126777,2025072901009112,GBIME,Nepal Stock House (PVT) Ltd.,Asian Securities Private Ltd.,82,269.1,22066.2,2025-07-29 11:45:36.315524
2025-07-29,126214,2025072901009280,GBIME,Thrive Brokerage House Pvt. Ltd,Vision Securities Pvt. Ltd,1,266.0,266.0,2025-07-29 11:46:21.734888
2025-07-29,126147,2025072901009295,GBIME,Kohinoor Investment & Securities Pvt. Ltd.,Sani Securities Company Ltd.,268,269.2,72145.6,2025-07-29 11:46:28.870972
2025-07-29,125873,2025072901009376,GBIME,Kohinoor Investment & Securities Pvt. Ltd.,Shree Krishna Securities Ltd.,732,269.2,197054.4,2025-07-29 11:46:53.388859
2025-07-29,125872,2025072901009377,GBIME,Sundhara Securities Limited,Shree Krishna Securities Ltd.,100,269.2,26920.0,2025-07-29 11:46:53.388906
2025-07-29,125871,2025072901009378,GBIME,Nepal Stock House (PVT) Ltd.,Shree Krishna Securities Ltd.,518,269.1,139393.8,2025-07-29 11:46:53.388945
2025-07-29,125870,2025072901009379,GBIME,Vision Securities Pvt. Ltd,Shree Krishna Securities Ltd.,26,269.0,6994.0,2025-07-29 11:46:53.388974
2025-07-29,125869,2025072901009380,GBIME,Sani Securities Company Ltd.,Shree Krishna Securities Ltd.,100,269.0,26900.0,2025-07-29 11:46:53.389011
2025-07-29,125868,2025072901009381,GBIME,Primo Securities (PVT) Ltd.,Shree Krishna Securities Ltd.,500,269.0,134500.0,2025-07-29 11:46:53.389087
2025-07-29,125867,2025072901009382,GBIME,Linch Stock Market Ltd.,Shree Krishna Securities Ltd.,10,269.0,2690.0,2025-07-29 11:46:53.389143
2025-07-29,125866,2025072901009383,GBIME,Kalika Securities Pvt. Ltd.,Shree Krishna Securities Ltd.,1814,269.0,487966.0,2025-07-29 11:46:53.389170
2025-07-29,125581,2025072901009466,GBIME,Thrive Brokerage House Pvt. Ltd,Naasa Securities Co. Ltd.,4,269.0,1076.0,2025-07-29 11:47:16.101798
2025-07-29,124988,2025072901009612,GBIME,Kalika Securities Pvt. Ltd.,Online Securities Pvt. Ltd.,186,269.0,50034.0,2025-07-29 11:48:07.908199
2025-07-29,124682,2025072901009735,GBIME,Kumari Securities Private Limited,Primo Securities (PVT) Ltd.,555,268.5,149017.5,2025-07-29 11:48:37.505092
2025-07-29,124053,2025072901009914,GBIME,Kumari Securities Private Limited,Online Securities Pvt. Ltd.,303,268.5,81355.5,2025-07-29 11:49:34.844701
2025-07-29,123629,2025072901010118,GBIME,Dipshikha Dhitopatra Karobar Co. Pvt Ltd.,Sajilo Broker Limited,10,269.0,2690.0,2025-07-29 11:50:08.302497
2025-07-29,123382,2025072901010208,GBIME,Kohinoor Investment & Securities Pvt. Ltd.,Sajilo Broker Limited,60,269.0,16140.0,2025-07-29 11:50:28.557381
2025-07-29,123381,2025072901010209,GBIME,Kohinoor Investment & Securities Pvt. Ltd.,Sewa Securities Pvt. Ltd.,84,269.0,22596.0,2025-07-29 11:50:28.557843
2025-07-29,123024,2025072901010343,GBIME,Kohinoor Investment & Securities Pvt. Ltd.,Thrive Brokerage House Pvt. Ltd,61,269.0,16409.0,2025-07-29 11:51:01.687526
2025-07-29,122836,2025072901010427,GBIME,Siprabi Securities Pvt. Ltd.,Midas Stock Broking Company Private Limited,10,269.7,2697.0,2025-07-29 11:51:16.574105
2025-07-29,122625,2025072901010499,GBIME,Secured Securities Ltd.,Midas Stock Broking Company Private Limited,43,269.7,11597.1,2025-07-29 11:51:37.677090
2025-07-29,122619,2025072901010500,GBIME,Secured Securities Ltd.,Linch Stock Market Ltd.,12,269.7,3236.4,2025-07-29 11:51:37.970483
2025-07-29,122387,2025072901010549,GBIME,Secured Securities Ltd.,Dynamic Money Managers Securities Pvt. Ltd.,500,269.7,134850.0,2025-07-29 11:52:02.296894
2025-07-29,122320,2025072901010559,GBIME,Secured Securities Ltd.,Investment Management Nepal Pvt. Ltd.,111,269.7,29936.7,2025-07-29 11:52:08.295370
2025-07-29,122276,2025072901010580,GBIME,Secured Securities Ltd.,Aryatara Investment & Securities,200,269.7,53940.0,2025-07-29 11:52:12.622352
2025-07-29,122159,2025072901010608,GBIME,Secured Securities Ltd.,Creative Securities Pvt Ltd,814,269.7,219535.8,2025-07-29 11:52:24.269317
2025-07-29,122158,2025072901010609,GBIME,Kohinoor Investment & Securities Pvt. Ltd.,Creative Securities Pvt Ltd,95,269.0,25555.0,2025-07-29 11:52:24.269819
2025-07-29,122157,2025072901010610,GBIME,Online Securities Pvt. Ltd.,Creative Securities Pvt Ltd,91,269.0,24479.0,2025-07-29 11:52:24.270106
2025-07-29,121551,2025072901010811,GBIME,SHUBHAKAMANA SECURITIES PVT. LTD,Naasa Securities Co. Ltd.,1500,269.5,404250.0,2025-07-29 11:53:14.812501
2025-07-29,121246,2025072901010934,GBIME,Online Securities Pvt. Ltd.,Thrive Brokerage House Pvt. Ltd,100,269.0,26900.0,2025-07-29 11:53:45.592695
2025-07-29,121216,2025072901010939,GBIME,Sumeru Securities Pvt. Ltd.,Naasa Securities Co. Ltd.,28,269.5,7546.0,2025-07-29 11:53:49.274567
2025-07-29,121013,2025072901011029,GBIME,Online Securities Pvt. Ltd.,Vision Securities Pvt. Ltd,179,269.0,48151.0,2025-07-29 11:54:09.423059
2025-07-29,121012,2025072901011030,GBIME,Online Securities Pvt. Ltd.,Vision Securities Pvt. Ltd,831,269.0,223539.0,2025-07-29 11:54:09.424094
2025-07-29,120638,2025072901011138,GBIME,Siprabi Securities Pvt. Ltd.,Neev Securities Pvt. Ltd.,10,269.4,2694.0,2025-07-29 11:54:44.092296
2025-07-29,120521,2025072901011182,GBIME,Oxford Securities Pvt. Ltd.,Neev Securities Pvt. Ltd.,41,269.4,11045.4,2025-07-29 11:54:52.819626
2025-07-29,120520,2025072901011183,GBIME,Oxford Securities Pvt. Ltd.,Naasa Securities Co. Ltd.,125,269.5,33687.5,2025-07-29 11:54:52.820685
2025-07-29,119611,2025072901011518,GBIME,Agrawal Securities (PVT) Ltd.,Opal Securities Investment (PVT) Ltd.,100,269.1,26910.0,2025-07-29 11:55:57.641461
2025-07-29,119610,2025072901011519,GBIME,Online Securities Pvt. Ltd.,Opal Securities Investment (PVT) Ltd.,141,269.0,37929.0,2025-07-29 11:55:57.642564
2025-07-29,119511,2025072901011551,GBIME,Thrive Brokerage House Pvt. Ltd,Sumeru Securities Pvt. Ltd.,1,264.2,264.2,2025-07-29 11:56:05.358289
2025-07-29,119448,2025072901011583,GBIME,Online Securities Pvt. Ltd.,Nepal Investment And Securities Trading Private Limited,28,269.0,7532.0,2025-07-29 11:56:12.125697
2025-07-29,119447,2025072901011584,GBIME,Naasa Securities Co. Ltd.,Nepal Investment And Securities Trading Private Limited,10,269.0,2690.0,2025-07-29 11:56:12.126787
2025-07-29,119446,2025072901011585,GBIME,Opal Securities Investment (PVT) Ltd.,Nepal Investment And Securities Trading Private Limited,142,269.0,38198.0,2025-07-29 11:56:12.127628
2025-07-29,119389,2025072901011609,GBIME,Trishakti Securities Public Limited,Naasa Securities Co. Ltd.,100,269.5,26950.0,2025-07-29 11:56:17.153577
2025-07-29,119345,2025072901011630,GBIME,Naasa Securities Co. Ltd.,Shree Krishna Securities Ltd.,4,267.0,1068.0,2025-07-29 11:56:22.230925
2025-07-29,119121,2025072901011739,GBIME,Naasa Securities Co. Ltd.,Primo Securities (PVT) Ltd.,3,268.0,804.0,2025-07-29 11:56:41.928472
2025-07-29,118869,2025072901011853,GBIME,Opal Securities Investment (PVT) Ltd.,Creative Securities Pvt Ltd,43,269.0,11567.0,2025-07-29 11:57:00.539624
2025-07-29,118868,2025072901011854,GBIME,Sri Hari Securities Pvt. Ltd.,Creative Securities Pvt Ltd,157,269.0,42233.0,2025-07-29 11:57:00.540704
2025-07-29,118695,2025072901011929,GBIME,Trishakti Securities Public Limited,Naasa Securities Co. Ltd.,100,269.5,26950.0,2025-07-29 11:57:09.770669
2025-07-29,118627,2025072901011960,GBIME,Dakshinkali Investment & Securities Pvt. Ltd.,Naasa Securities Co. Ltd.,10,269.5,2695.0,2025-07-29 11:57:15.207140
2025-07-29,118590,2025072901011973,GBIME,Sri Hari Securities Pvt. Ltd.,Siprabi Securities Pvt. Ltd.,143,269.0,38467.0,2025-07-29 11:57:19.802412
2025-07-29,118415,2025072901012052,GBIME,ABC Securities Private Limited,Siprabi Securities Pvt. Ltd.,200,269.0,53800.0,2025-07-29 11:57:34.476263
2025-07-29,117846,2025072901012270,GBIME,Trishakti Securities Public Limited,Siprabi Securities Pvt. Ltd.,57,269.0,15333.0,2025-07-29 11:58:16.305422
2025-07-29,117845,2025072901012271,GBIME,Trishakti Securities Public Limited,Naasa Securities Co. Ltd.,43,269.5,11588.5,2025-07-29 11:58:16.305461
2025-07-29,117826,2025072901012273,GBIME,Kumari Securities Private Limited,Online Securities Pvt. Ltd.,13,268.5,3490.5,2025-07-29 11:58:17.576087
2025-07-29,117702,2025072901012301,GBIME,Trishakti Securities Public Limited,Sewa Securities Pvt. Ltd.,100,269.5,26950.0,2025-07-29 11:58:30.485940
2025-07-29,117701,2025072901012302,GBIME,Kumari Securities Private Limited,Trishakti Securities Public Limited,123,268.5,33025.5,2025-07-29 11:58:30.488544
2025-07-29,117693,2025072901012306,GBIME,Kumari Securities Private Limited,Linch Stock Market Ltd.,316,268.5,84846.0,2025-07-29 11:58:32.420496
2025-07-29,117418,2025072901012377,GBIME,Trishakti Securities Public Limited,Sewa Securities Pvt. Ltd.,100,269.5,26950.0,2025-07-29 11:58:49.697377
2025-07-29,116501,2025072901012681,GBIME,Vision Securities Pvt. Ltd,Primo Securities (PVT) Ltd.,500,268.6,134300.0,2025-07-29 11:59:55.141428
2025-07-29,115854,2025072901012932,GBIME,Dipshikha Dhitopatra Karobar Co. Pvt Ltd.,Imperial Securities Company Pvt. Ltd.,50,268.9,13445.0,2025-07-29 12:00:30.794277
2025-07-29,115324,2025072901013052,GBIME,Naasa Securities Co. Ltd.,Infinity Securities Limited,300,269.0,80700.0,2025-07-29 12:01:00.062894
2025-07-29,115323,2025072901013053,GBIME,Naasa Securities Co. Ltd.,Secured Securities Ltd.,300,269.0,80700.0,2025-07-29 12:01:00.063449
2025-07-29,114417,2025072901013367,GBIME,Naasa Securities Co. Ltd.,Oxford Securities Pvt. Ltd.,50,269.0,13450.0,2025-07-29 12:01:59.982230
2025-07-29,114409,2025072901013369,GBIME,ABC Securities Private Limited,Oxford Securities Pvt. Ltd.,215,269.0,57835.0,2025-07-29 12:02:00.856606
2025-07-29,114408,2025072901013370,GBIME,ABC Securities Private Limited,Sewa Securities Pvt. Ltd.,12,269.5,3234.0,2025-07-29 12:02:00.857149
2025-07-29,114407,2025072901013371,GBIME,ABC Securities Private Limited,Midas Stock Broking Company Private Limited,112,269.5,30184.0,2025-07-29 12:02:00.857445
2025-07-29,114406,2025072901013372,GBIME,ABC Securities Private Limited,Vision Securities Pvt. Ltd,661,269.5,178139.5,2025-07-29 12:02:00.857750
2025-07-29,114286,2025072901013402,GBIME,Trishakti Securities Public Limited,Vision Securities Pvt. Ltd,478,269.5,128821.0,2025-07-29 12:02:07.769172
2025-07-29,114285,2025072901013403,GBIME,Trishakti Securities Public Limited,Sani Securities Company Ltd.,20,269.5,5390.0,2025-07-29 12:02:07.769218
2025-07-29,114284,2025072901013404,GBIME,Trishakti Securities Public Limited,Online Securities Pvt. Ltd.,40,269.5,10780.0,2025-07-29 12:02:07.769248
2025-07-29,114283,2025072901013405,GBIME,Trishakti Securities Public Limited,Sweta Securities Private Limited,62,269.7,16721.4,2025-07-29 12:02:07.769278
2025-07-29,114236,2025072901013416,GBIME,Agrawal Securities (PVT) Ltd.,South Asian Bulls Pvt. Ltd.,94,269.0,25286.0,2025-07-29 12:02:10.646792
2025-07-29,114088,2025072901013458,GBIME,Trishakti Securities Public Limited,Sweta Securities Private Limited,100,269.7,26970.0,2025-07-29 12:02:22.908165
2025-07-29,113282,2025072901013766,GBIME,Aryatara Investment & Securities,ABC Securities Private Limited,283,269.1,76155.3,2025-07-29 12:03:11.670637
2025-07-29,113066,2025072901013844,GBIME,Naasa Securities Co. Ltd.,Vision Securities Pvt. Ltd,500,269.5,134750.0,2025-07-29 12:03:25.384823
2025-07-29,112952,2025072901013890,GBIME,Online Securities Pvt. Ltd.,Nepal Stock House (PVT) Ltd.,500,269.4,134700.0,2025-07-29 12:03:30.557888
2025-07-29,112911,2025072901013914,GBIME,Thrive Brokerage House Pvt. Ltd,Cristal Kanchanjanga Securites Pvt. Ltd.,4,265.0,1060.0,2025-07-29 12:03:32.938512
2025-07-29,112449,2025072901014067,GBIME,Thrive Brokerage House Pvt. Ltd,Sani Securities Company Ltd.,7,265.0,1855.0,2025-07-29 12:03:59.064467
2025-07-29,112310,2025072901014124,GBIME,Cristal Kanchanjanga Securites Pvt. Ltd.,Nepal Stock House (PVT) Ltd.,500,269.4,134700.0,2025-07-29 12:04:09.485970
2025-07-29,112179,2025072901014164,GBIME,Sweta Securities Private Limited,Naasa Securities Co. Ltd.,255,269.2,68646.0,2025-07-29 12:04:16.802898
2025-07-29,112021,2025072901014235,GBIME,Sweta Securities Private Limited,Linch Stock Market Ltd.,138,269.2,37149.6,2025-07-29 12:04:25.802935
2025-07-29,111994,2025072901014251,GBIME,Sweta Securities Private Limited,Kumari Securities Private Limited,11,269.2,2961.2,2025-07-29 12:04:28.187145
2025-07-29,111981,2025072901014253,GBIME,Trishakti Securities Public Limited,Nepal Stock House (PVT) Ltd.,55,269.4,14817.0,2025-07-29 12:04:29.092733
2025-07-29,111980,2025072901014254,GBIME,Trishakti Securities Public Limited,Malla & Malla Stock Broking Company Pvt. Limited,110,269.4,29634.0,2025-07-29 12:04:29.092845
2025-07-29,111979,2025072901014255,GBIME,Trishakti Securities Public Limited,Vision Securities Pvt. Ltd,35,269.5,9432.5,2025-07-29 12:04:29.092943
2025-07-29,111506,2025072901014454,GBIME,Property Wiard Limited,Imperial Securities Company Pvt. Ltd.,50,269.3,13465.0,2025-07-29 12:04:56.763358
2025-07-29,111473,2025072901014476,GBIME,Sewa Securities Pvt. Ltd.,Vision Securities Pvt. Ltd,500,269.5,134750.0,2025-07-29 12:04:58.066268
2025-07-29,111356,2025072901014525,GBIME,Vision Securities Pvt. Ltd,Vision Securities Pvt. Ltd,430,269.5,115885.0,2025-07-29 12:05:03.328361
2025-07-29,111347,2025072901014532,GBIME,Market Securities & Exchange (PVT) Ltd.,Vision Securities Pvt. Ltd,35,269.5,9432.5,2025-07-29 12:05:03.913539
2025-07-29,111346,2025072901014533,GBIME,Market Securities & Exchange (PVT) Ltd.,Asian Securities Private Ltd.,65,269.5,17517.5,2025-07-29 12:05:03.914102
2025-07-29,111333,2025072901014540,GBIME,Naasa Securities Co. Ltd.,Asian Securities Private Ltd.,315,269.5,84892.5,2025-07-29 12:05:05.373179
2025-07-29,111332,2025072901014541,GBIME,Naasa Securities Co. Ltd.,Agrawal Securities (PVT) Ltd.,95,269.5,25602.5,2025-07-29 12:05:05.373742
2025-07-29,111308,2025072901014546,GBIME,Vision Securities Pvt. Ltd,Online Securities Pvt. Ltd.,1000,269.6,269600.0,2025-07-29 12:05:08.398975
2025-07-29,111307,2025072901014547,GBIME,Vision Securities Pvt. Ltd,Naasa Securities Co. Ltd.,50,269.6,13480.0,2025-07-29 12:05:08.399102
2025-07-29,111306,2025072901014548,GBIME,Vision Securities Pvt. Ltd,Sweta Securities Private Limited,38,269.7,10248.6,2025-07-29 12:05:08.399177
2025-07-29,111305,2025072901014549,GBIME,Vision Securities Pvt. Ltd,Sumeru Securities Pvt. Ltd.,50,269.7,13485.0,2025-07-29 12:05:08.399247
2025-07-29,111304,2025072901014550,GBIME,Vision Securities Pvt. Ltd,Shree Krishna Securities Ltd.,862,269.7,232481.4,2025-07-29 12:05:08.399314
2025-07-29,111232,2025072901014581,GBIME,Sani Securities Company Ltd.,Shree Krishna Securities Ltd.,500,269.7,134850.0,2025-07-29 12:05:12.934733
2025-07-29,111092,2025072901014657,GBIME,Aryatara Investment & Securities,Shree Krishna Securities Ltd.,638,269.7,172068.6,2025-07-29 12:05:22.353839
2025-07-29,111091,2025072901014658,GBIME,Aryatara Investment & Securities,Primo Securities (PVT) Ltd.,79,269.7,21306.3,2025-07-29 12:05:22.355010
2025-07-29,110961,2025072901014720,GBIME,Siprabi Securities Pvt. Ltd.,Primo Securities (PVT) Ltd.,421,269.7,113543.7,2025-07-29 12:05:31.849330
2025-07-29,110960,2025072901014721,GBIME,Siprabi Securities Pvt. Ltd.,Dipshikha Dhitopatra Karobar Co. Pvt Ltd.,79,269.7,21306.3,2025-07-29 12:05:31.849869
2025-07-29,110844,2025072901014771,GBIME,Trisul Securities & Invt. Ltd.,Agrawal Securities (PVT) Ltd.,10,269.6,2696.0,2025-07-29 12:05:43.244857
2025-07-29,110660,2025072901014846,GBIME,Trisul Securities & Invt. Ltd.,South Asian Bulls Pvt. Ltd.,990,269.6,266904.0,2025-07-29 12:05:54.683035
2025-07-29,110659,2025072901014847,GBIME,Naasa Securities Co. Ltd.,South Asian Bulls Pvt. Ltd.,107,269.5,28836.5,2025-07-29 12:05:54.683556
2025-07-29,110471,2025072901014932,GBIME,K.B.L. Securities Limited ,Dipshikha Dhitopatra Karobar Co. Pvt Ltd.,4973,269.7,1341218.1,2025-07-29 12:06:06.440993
2025-07-29,110470,2025072901014933,GBIME,K.B.L. Securities Limited ,Deevyaa Securities & Stock House Pvt. Ltd,148,269.7,39915.6,2025-07-29 12:06:06.441550
2025-07-29,110469,2025072901014934,GBIME,K.B.L. Securities Limited ,Sani Securities Company Ltd.,879,269.8,237154.2,2025-07-29 12:06:06.441879
2025-07-29,110418,2025072901014947,GBIME,Vision Securities Pvt. Ltd,Sani Securities Company Ltd.,121,269.8,32645.8,2025-07-29 12:06:07.477967
2025-07-29,110417,2025072901014948,GBIME,Vision Securities Pvt. Ltd,Kalika Securities Pvt. Ltd.,31,269.9,8366.9,2025-07-29 12:06:07.478033
2025-07-29,110416,2025072901014949,GBIME,Vision Securities Pvt. Ltd,Midas Stock Broking Company Private Limited,11,269.9,2968.9,2025-07-29 12:06:07.478064
2025-07-29,110415,2025072901014950,GBIME,Vision Securities Pvt. Ltd,Deevyaa Securities & Stock House Pvt. Ltd,350,269.9,94465.0,2025-07-29 12:06:07.478098
2025-07-29,110414,2025072901014951,GBIME,Vision Securities Pvt. Ltd,Agrawal Securities (PVT) Ltd.,487,269.9,131441.3,2025-07-29 12:06:07.478121
2025-07-29,110111,2025072901015075,GBIME,Dynamic Money Managers Securities Pvt. Ltd.,Capital Hub P. Ltd,19,269.7,5124.3,2025-07-29 12:06:27.848656
2025-07-29,110110,2025072901015076,GBIME,Dynamic Money Managers Securities Pvt. Ltd.,Capital Hub P. Ltd,15,269.7,4045.5,2025-07-29 12:06:27.849273
2025-07-29,110109,2025072901015077,GBIME,Naasa Securities Co. Ltd.,Capital Hub P. Ltd,983,269.5,264918.5,2025-07-29 12:06:27.849585
2025-07-29,110108,2025072901015078,GBIME,Vision Securities Pvt. Ltd,Capital Hub P. Ltd,240,269.5,64680.0,2025-07-29 12:06:27.849881
2025-07-29,110107,2025072901015079,GBIME,Elite Stock House Limited,Capital Hub P. Ltd,1500,269.5,404250.0,2025-07-29 12:06:27.850198
2025-07-29,110106,2025072901015080,GBIME,Kalika Securities Pvt. Ltd.,Capital Hub P. Ltd,243,269.5,65488.5,2025-07-29 12:06:27.850491
2025-07-29,110075,2025072901015087,GBIME,Sharepro Securities Private Limited,Agrawal Securities (PVT) Ltd.,513,269.9,138458.7,2025-07-29 12:06:30.836873
2025-07-29,110074,2025072901015088,GBIME,Sharepro Securities Private Limited,Ashutosh Brokerage & Securities (PVT) Ltd.,200,269.9,53980.0,2025-07-29 12:06:30.836919
2025-07-29,110073,2025072901015089,GBIME,Sharepro Securities Private Limited,Imperial Securities Company Pvt. Ltd.,29,269.9,7827.1,2025-07-29 12:06:30.836950
2025-07-29,110072,2025072901015090,GBIME,Sharepro Securities Private Limited,Sani Securities Company Ltd.,466,270.0,125820.0,2025-07-29 12:06:30.836985
2025-07-29,110071,2025072901015091,GBIME,Sharepro Securities Private Limited,Naasa Securities Co. Ltd.,900,270.0,243000.0,2025-07-29 12:06:30.837039
2025-07-29,110070,2025072901015092,GBIME,Sharepro Securities Private Limited,Oxford Securities Pvt. Ltd.,25,270.0,6750.0,2025-07-29 12:06:30.837062
2025-07-29,110069,2025072901015093,GBIME,Sharepro Securities Private Limited,Deevyaa Securities & Stock House Pvt. Ltd,50,270.0,13500.0,2025-07-29 12:06:30.837082
2025-07-29,110068,2025072901015094,GBIME,Sharepro Securities Private Limited,Naasa Securities Co. Ltd.,100,270.0,27000.0,2025-07-29 12:06:30.837104
2025-07-29,110067,2025072901015095,GBIME,Sharepro Securities Private Limited,Imperial Securities Company Pvt. Ltd.,30,270.0,8100.0,2025-07-29 12:06:30.837135
2025-07-29,110066,2025072901015096,GBIME,Sharepro Securities Private Limited,Vision Securities Pvt. Ltd,500,270.0,135000.0,2025-07-29 12:06:30.837176
2025-07-29,110065,2025072901015097,GBIME,Sharepro Securities Private Limited,Bhrikuti Stock Broking Co. Pvt. Ltd.,50,270.0,13500.0,2025-07-29 12:06:30.837207
2025-07-29,110064,2025072901015098,GBIME,Sharepro Securities Private Limited,Naasa Securities Co. Ltd.,26,270.0,7020.0,2025-07-29 12:06:30.837238
2025-07-29,110063,2025072901015099,GBIME,Sharepro Securities Private Limited,Aryatara Investment & Securities,10000,270.0,2700000.0,2025-07-29 12:06:30.837269
2025-07-29,110062,2025072901015100,GBIME,Sharepro Securities Private Limited,Global IME Securities Limited,125,270.0,33750.0,2025-07-29 12:06:30.837302
2025-07-29,110061,2025072901015101,GBIME,Sharepro Securities Private Limited,Online Securities Pvt. Ltd.,205,270.0,55350.0,2025-07-29 12:06:30.837333
2025-07-29,110060,2025072901015102,GBIME,Sharepro Securities Private Limited,Linch Stock Market Ltd.,24,270.0,6480.0,2025-07-29 12:06:30.837366
2025-07-29,110059,2025072901015103,GBIME,Sharepro Securities Private Limited,Vision Securities Pvt. Ltd,1000,270.0,270000.0,2025-07-29 12:06:30.837396
2025-07-29,110058,2025072901015104,GBIME,Sharepro Securities Private Limited,Agrawal Securities (PVT) Ltd.,150,270.0,40500.0,2025-07-29 12:06:30.837429
2025-07-29,110057,2025072901015105,GBIME,Sharepro Securities Private Limited,Dipshikha Dhitopatra Karobar Co. Pvt Ltd.,15,270.0,4050.0,2025-07-29 12:06:30.837459
2025-07-29,110056,2025072901015106,GBIME,Sharepro Securities Private Limited,Linch Stock Market Ltd.,100,270.0,27000.0,2025-07-29 12:06:30.837492
2025-07-29,110055,2025072901015107,GBIME,Sharepro Securities Private Limited,Sani Securities Company Ltd.,39,270.0,10530.0,2025-07-29 12:06:30.837521
2025-07-29,110054,2025072901015108,GBIME,Sharepro Securities Private Limited,Naasa Securities Co. Ltd.,300,270.0,81000.0,2025-07-29 12:06:30.837557
2025-07-29,110053,2025072901015109,GBIME,Sharepro Securities Private Limited,Imperial Securities Company Pvt. Ltd.,5000,270.0,1350000.0,2025-07-29 12:06:30.837588
2025-07-29,110052,2025072901015110,GBIME,Sharepro Securities Private Limited,Premier Securities Company Ltd.,10,270.0,2700.0,2025-07-29 12:06:30.837630
2025-07-29,110051,2025072901015111,GBIME,Sharepro Securities Private Limited,Sani Securities Company Ltd.,50,270.0,13500.0,2025-07-29 12:06:30.837660
2025-07-29,110050,2025072901015112,GBIME,Sharepro Securities Private Limited,Agrawal Securities (PVT) Ltd.,68,270.0,18360.0,2025-07-29 12:06:30.837693
2025-07-29,110049,2025072901015113,GBIME,Sharepro Securities Private Limited,Kohinoor Investment & Securities Pvt. Ltd.,100,270.0,27000.0,2025-07-29 12:06:30.837725
2025-07-29,110048,2025072901015114,GBIME,Sharepro Securities Private Limited,Imperial Securities Company Pvt. Ltd.,137,270.0,36990.0,2025-07-29 12:06:30.837755
2025-07-29,110047,2025072901015115,GBIME,Sharepro Securities Private Limited,Sri Hari Securities Pvt. Ltd.,100,270.0,27000.0,2025-07-29 12:06:30.837792
2025-07-29,110046,2025072901015116,GBIME,Sharepro Securities Private Limited,Oxford Securities Pvt. Ltd.,300,270.0,81000.0,2025-07-29 12:06:30.837825
2025-07-29,110045,2025072901015117,GBIME,Sharepro Securities Private Limited,Online Securities Pvt. Ltd.,50,270.0,13500.0,2025-07-29 12:06:30.837868
2025-07-29,110044,2025072901015118,GBIME,Sharepro Securities Private Limited,Linch Stock Market Ltd.,300,270.0,81000.0,2025-07-29 12:06:30.837901
2025-07-29,110043,2025072901015119,GBIME,Sharepro Securities Private Limited,Creative Securities Pvt Ltd,38,270.0,10260.0,2025-07-29 12:06:30.837931
2025-07-29,109750,2025072901015234,GBIME,Sweta Securities Private Limited,Malla & Malla Stock Broking Company Pvt. Limited,500,269.9,134950.0,2025-07-29 12:06:50.451967
2025-07-29,109583,2025072901015308,GBIME,Dynamic Money Managers Securities Pvt. Ltd.,Online Securities Pvt. Ltd.,1000,269.9,269900.0,2025-07-29 12:06:58.085188
2025-07-29,109582,2025072901015309,GBIME,Dynamic Money Managers Securities Pvt. Ltd.,Kohinoor Investment & Securities Pvt. Ltd.,501,270.0,135270.0,2025-07-29 12:06:58.085698
2025-07-29,109581,2025072901015310,GBIME,Dynamic Money Managers Securities Pvt. Ltd.,Vision Securities Pvt. Ltd,1055,270.0,284850.0,2025-07-29 12:06:58.085986
2025-07-29,109580,2025072901015311,GBIME,Dynamic Money Managers Securities Pvt. Ltd.,Sani Securities Company Ltd.,100,270.0,27000.0,2025-07-29 12:06:58.086281
2025-07-29,109403,2025072901015390,GBIME,Kohinoor Investment & Securities Pvt. Ltd.,Pragyan Securities (PVT) Ltd.,225,270.1,60772.5,2025-07-29 12:07:08.624395
2025-07-29,109402,2025072901015391,GBIME,Kohinoor Investment & Securities Pvt. Ltd.,Secured Securities Ltd.,109,270.4,29473.6,2025-07-29 12:07:08.624447
2025-07-29,109401,2025072901015392,GBIME,Kohinoor Investment & Securities Pvt. Ltd.,Trisul Securities & Invt. Ltd.,500,270.5,135250.0,2025-07-29 12:07:08.624488
2025-07-29,109400,2025072901015393,GBIME,Kohinoor Investment & Securities Pvt. Ltd.,Nepal Stock House (PVT) Ltd.,1500,270.6,405900.0,2025-07-29 12:07:08.624511
2025-07-29,109399,2025072901015394,GBIME,Kohinoor Investment & Securities Pvt. Ltd.,Agrawal Securities (PVT) Ltd.,78,271.0,21138.0,2025-07-29 12:07:08.624537
2025-07-29,109398,2025072901015395,GBIME,Kohinoor Investment & Securities Pvt. Ltd.,Online Securities Pvt. Ltd.,24,271.0,6504.0,2025-07-29 12:07:08.624561
2025-07-29,109397,2025072901015396,GBIME,Kohinoor Investment & Securities Pvt. Ltd.,Online Securities Pvt. Ltd.,61,271.0,16531.0,2025-07-29 12:07:08.624586
2025-07-29,109396,2025072901015397,GBIME,Kohinoor Investment & Securities Pvt. Ltd.,Kumari Securities Private Limited,70,271.0,18970.0,2025-07-29 12:07:08.624607
2025-07-29,109395,2025072901015398,GBIME,Kohinoor Investment & Securities Pvt. Ltd.,Thrive Brokerage House Pvt. Ltd,375,271.0,101625.0,2025-07-29 12:07:08.624630
2025-07-29,109394,2025072901015399,GBIME,Kohinoor Investment & Securities Pvt. Ltd.,Online Securities Pvt. Ltd.,2500,271.0,677500.0,2025-07-29 12:07:08.624651
2025-07-29,109393,2025072901015400,GBIME,Kohinoor Investment & Securities Pvt. Ltd.,Midas Stock Broking Company Private Limited,11,271.0,2981.0,2025-07-29 12:07:08.624672
2025-07-29,109392,2025072901015401,GBIME,Kohinoor Investment & Securities Pvt. Ltd.,Kohinoor Investment & Securities Pvt. Ltd.,501,271.0,135771.0,2025-07-29 12:07:08.624701
2025-07-29,109391,2025072901015402,GBIME,Kohinoor Investment & Securities Pvt. Ltd.,Kohinoor Investment & Securities Pvt. Ltd.,50,271.0,13550.0,2025-07-29 12:07:08.624730
2025-07-29,109390,2025072901015403,GBIME,Kohinoor Investment & Securities Pvt. Ltd.,Deevyaa Securities & Stock House Pvt. Ltd,50,271.0,13550.0,2025-07-29 12:07:08.624760
2025-07-29,109389,2025072901015404,GBIME,Kohinoor Investment & Securities Pvt. Ltd.,Dipshikha Dhitopatra Karobar Co. Pvt Ltd.,317,271.0,85907.0,2025-07-29 12:07:08.624780
2025-07-29,109388,2025072901015405,GBIME,Kohinoor Investment & Securities Pvt. Ltd.,Sani Securities Company Ltd.,200,271.0,54200.0,2025-07-29 12:07:08.624804
2025-07-29,109387,2025072901015406,GBIME,Kohinoor Investment & Securities Pvt. Ltd.,Aryatara Investment & Securities,400,271.0,108400.0,2025-07-29 12:07:08.624823
2025-07-29,109386,2025072901015407,GBIME,Kohinoor Investment & Securities Pvt. Ltd.,Imperial Securities Company Pvt. Ltd.,175,271.0,47425.0,2025-07-29 12:07:08.624844
2025-07-29,109385,2025072901015408,GBIME,Kohinoor Investment & Securities Pvt. Ltd.,ABC Securities Private Limited,200,271.0,54200.0,2025-07-29 12:07:08.624868
2025-07-29,109384,2025072901015409,GBIME,Kohinoor Investment & Securities Pvt. Ltd.,Linch Stock Market Ltd.,1000,271.0,271000.0,2025-07-29 12:07:08.624900
2025-07-29,109383,2025072901015410,GBIME,Kohinoor Investment & Securities Pvt. Ltd.,Dipshikha Dhitopatra Karobar Co. Pvt Ltd.,1654,271.0,448234.0,2025-07-29 12:07:08.624924
2025-07-29,109275,2025072901015455,GBIME,Naasa Securities Co. Ltd.,Dipshikha Dhitopatra Karobar Co. Pvt Ltd.,1000,271.0,271000.0,2025-07-29 12:07:16.311307
2025-07-29,109232,2025072901015460,GBIME,Sumeru Securities Pvt. Ltd.,Dipshikha Dhitopatra Karobar Co. Pvt Ltd.,1146,271.0,310566.0,2025-07-29 12:07:19.312647
2025-07-29,109231,2025072901015461,GBIME,Sumeru Securities Pvt. Ltd.,Himalayan Brokerage Company Limited,30,271.0,8130.0,2025-07-29 12:07:19.313797
2025-07-29,109230,2025072901015462,GBIME,Sumeru Securities Pvt. Ltd.,Aryatara Investment & Securities,50,271.0,13550.0,2025-07-29 12:07:19.314638
2025-07-29,109229,2025072901015463,GBIME,Sumeru Securities Pvt. Ltd.,Trishakti Securities Public Limited,100,271.0,27100.0,2025-07-29 12:07:19.315455
2025-07-29,109228,2025072901015464,GBIME,Sumeru Securities Pvt. Ltd.,Aryatara Investment & Securities,112,271.0,30352.0,2025-07-29 12:07:19.316276
2025-07-29,109227,2025072901015465,GBIME,Sumeru Securities Pvt. Ltd.,Trisul Securities & Invt. Ltd.,100,271.0,27100.0,2025-07-29 12:07:19.317129
2025-07-29,109226,2025072901015466,GBIME,Sumeru Securities Pvt. Ltd.,Miyo Securities Pvt Ltd,500,271.0,135500.0,2025-07-29 12:07:19.317957
2025-07-29,109225,2025072901015467,GBIME,Sumeru Securities Pvt. Ltd.,Asian Securities Private Ltd.,500,271.0,135500.0,2025-07-29 12:07:19.318778
2025-07-29,109224,2025072901015468,GBIME,Sumeru Securities Pvt. Ltd.,Vision Securities Pvt. Ltd,200,271.0,54200.0,2025-07-29 12:07:19.319612
2025-07-29,109223,2025072901015469,GBIME,Sumeru Securities Pvt. Ltd.,Nepal Stock House (PVT) Ltd.,135,271.0,36585.0,2025-07-29 12:07:19.320432
2025-07-29,109222,2025072901015470,GBIME,Sumeru Securities Pvt. Ltd.,Opal Securities Investment (PVT) Ltd.,137,271.0,37127.0,2025-07-29 12:07:19.321252
2025-07-29,109221,2025072901015471,GBIME,Sumeru Securities Pvt. Ltd.,Dipshikha Dhitopatra Karobar Co. Pvt Ltd.,100,271.0,27100.0,2025-07-29 12:07:19.322046
2025-07-29,109220,2025072901015472,GBIME,Sumeru Securities Pvt. Ltd.,Aryatara Investment & Securities,100,271.0,27100.0,2025-07-29 12:07:19.322491
2025-07-29,109219,2025072901015473,GBIME,Sumeru Securities Pvt. Ltd.,Sundhara Securities Limited,80,271.0,21680.0,2025-07-29 12:07:19.322759
2025-07-29,109218,2025072901015474,GBIME,Sumeru Securities Pvt. Ltd.,Dynamic Money Managers Securities Pvt. Ltd.,100,271.0,27100.0,2025-07-29 12:07:19.323030
2025-07-29,109217,2025072901015475,GBIME,Sumeru Securities Pvt. Ltd.,Capital Hub P. Ltd,500,271.0,135500.0,2025-07-29 12:07:19.323296
2025-07-29,109216,2025072901015476,GBIME,Sumeru Securities Pvt. Ltd.,Imperial Securities Company Pvt. Ltd.,100,271.0,27100.0,2025-07-29 12:07:19.323562
2025-07-29,109097,2025072901015594,GBIME,Sumeru Securities Pvt. Ltd.,Agrawal Securities (PVT) Ltd.,362,271.0,98102.0,2025-07-29 12:07:19.902224
2025-07-29,108852,2025072901015671,GBIME,Sumeru Securities Pvt. Ltd.,ABC Securities Private Limited,200,271.0,54200.0,2025-07-29 12:07:40.698164
2025-07-29,108755,2025072901015707,GBIME,Agrawal Securities (PVT) Ltd.,Thrive Brokerage House Pvt. Ltd,226,271.2,61291.2,2025-07-29 12:07:45.537332
2025-07-29,108754,2025072901015708,GBIME,Agrawal Securities (PVT) Ltd.,Thrive Brokerage House Pvt. Ltd,100,271.3,27130.0,2025-07-29 12:07:45.537861
2025-07-29,108753,2025072901015709,GBIME,Agrawal Securities (PVT) Ltd.,Vision Securities Pvt. Ltd,30,271.3,8139.0,2025-07-29 12:07:45.538149
2025-07-29,108752,2025072901015710,GBIME,Agrawal Securities (PVT) Ltd.,Dynamic Money Managers Securities Pvt. Ltd.,644,271.3,174717.2,2025-07-29 12:07:45.538421
2025-07-29,108705,2025072901015719,GBIME,Sumeru Securities Pvt. Ltd.,Siprabi Securities Pvt. Ltd.,11,271.0,2981.0,2025-07-29 12:07:48.605921
2025-07-29,108512,2025072901015770,GBIME,Trisul Securities & Invt. Ltd.,Shree Krishna Securities Ltd.,50,271.1,13555.0,2025-07-29 12:08:00.694291
2025-07-29,108370,2025072901015829,GBIME,Agrawal Securities (PVT) Ltd.,Shree Krishna Securities Ltd.,1000,271.1,271100.0,2025-07-29 12:08:12.026156
2025-07-29,108243,2025072901015861,GBIME,Sumeru Securities Pvt. Ltd.,Nepal Stock House (PVT) Ltd.,400,271.0,108400.0,2025-07-29 12:08:18.581964
2025-07-29,108090,2025072901015907,GBIME,Naasa Securities Co. Ltd.,Shree Krishna Securities Ltd.,2950,271.1,799745.0,2025-07-29 12:08:28.458376
2025-07-29,108089,2025072901015908,GBIME,Naasa Securities Co. Ltd.,Dynamic Money Managers Securities Pvt. Ltd.,1541,271.3,418073.3,2025-07-29 12:08:28.458418
2025-07-29,108088,2025072901015909,GBIME,Naasa Securities Co. Ltd.,Online Securities Pvt. Ltd.,100,271.4,27140.0,2025-07-29 12:08:28.458457
2025-07-29,108087,2025072901015910,GBIME,Naasa Securities Co. Ltd.,Siprabi Securities Pvt. Ltd.,300,271.4,81420.0,2025-07-29 12:08:28.458490
2025-07-29,108086,2025072901015911,GBIME,Naasa Securities Co. Ltd.,Trisul Securities & Invt. Ltd.,500,271.5,135750.0,2025-07-29 12:08:28.458519
2025-07-29,108085,2025072901015912,GBIME,Naasa Securities Co. Ltd.,Linch Stock Market Ltd.,1000,271.5,271500.0,2025-07-29 12:08:28.458547
2025-07-29,108084,2025072901015913,GBIME,Naasa Securities Co. Ltd.,Ashutosh Brokerage & Securities (PVT) Ltd.,100,271.5,27150.0,2025-07-29 12:08:28.458577
2025-07-29,108083,2025072901015914,GBIME,Naasa Securities Co. Ltd.,Dynamic Money Managers Securities Pvt. Ltd.,980,271.8,266364.0,2025-07-29 12:08:28.458615
2025-07-29,108082,2025072901015915,GBIME,Naasa Securities Co. Ltd.,Online Securities Pvt. Ltd.,100,271.8,27180.0,2025-07-29 12:08:28.458646
2025-07-29,108081,2025072901015916,GBIME,Naasa Securities Co. Ltd.,Asian Securities Private Ltd.,200,271.8,54360.0,2025-07-29 12:08:28.458676
2025-07-29,108080,2025072901015917,GBIME,Naasa Securities Co. Ltd.,Nepal Stock House (PVT) Ltd.,400,271.9,108760.0,2025-07-29 12:08:28.458709
2025-07-29,108079,2025072901015918,GBIME,Naasa Securities Co. Ltd.,Imperial Securities Company Pvt. Ltd.,141,271.9,38337.9,2025-07-29 12:08:28.458742
2025-07-29,108078,2025072901015919,GBIME,Naasa Securities Co. Ltd.,Cristal Kanchanjanga Securites Pvt. Ltd.,200,271.9,54380.0,2025-07-29 12:08:28.458767
2025-07-29,108077,2025072901015920,GBIME,Naasa Securities Co. Ltd.,Sani Securities Company Ltd.,500,271.9,135950.0,2025-07-29 12:08:28.458798
2025-07-29,108076,2025072901015921,GBIME,Naasa Securities Co. Ltd.,Dipshikha Dhitopatra Karobar Co. Pvt Ltd.,200,271.9,54380.0,2025-07-29 12:08:28.458826
2025-07-29,108075,2025072901015922,GBIME,Naasa Securities Co. Ltd.,Siprabi Securities Pvt. Ltd.,500,272.0,136000.0,2025-07-29 12:08:28.458866
2025-07-29,108074,2025072901015923,GBIME,Naasa Securities Co. Ltd.,Kumari Securities Private Limited,288,272.0,78336.0,2025-07-29 12:08:28.458896
2025-07-29,107901,2025072901015978,GBIME,Sumeru Securities Pvt. Ltd.,Asian Securities Private Ltd.,21,271.0,5691.0,2025-07-29 12:08:38.206371
2025-07-29,107806,2025072901016017,GBIME,Secured Securities Ltd.,Kumari Securities Private Limited,212,272.0,57664.0,2025-07-29 12:08:42.483601
2025-07-29,107805,2025072901016018,GBIME,Secured Securities Ltd.,Imperial Securities Company Pvt. Ltd.,10,272.0,2720.0,2025-07-29 12:08:42.484121
2025-07-29,107804,2025072901016019,GBIME,Secured Securities Ltd.,Midas Stock Broking Company Private Limited,50,272.0,13600.0,2025-07-29 12:08:42.484391
2025-07-29,107803,2025072901016020,GBIME,Secured Securities Ltd.,Linch Stock Market Ltd.,200,272.0,54400.0,2025-07-29 12:08:42.484652
2025-07-29,107802,2025072901016021,GBIME,Secured Securities Ltd.,Sri Hari Securities Pvt. Ltd.,28,272.0,7616.0,2025-07-29 12:08:42.484912
2025-07-29,107793,2025072901016022,GBIME,Sumeru Securities Pvt. Ltd.,Malla & Malla Stock Broking Company Pvt. Limited,16,271.0,4336.0,2025-07-29 12:08:43.251225
2025-07-29,107632,2025072901016075,GBIME,Vision Securities Pvt. Ltd,Deevyaa Securities & Stock House Pvt. Ltd,50,270.2,13510.0,2025-07-29 12:08:53.315205
2025-07-29,107631,2025072901016076,GBIME,Sharepro Securities Private Limited,Deevyaa Securities & Stock House Pvt. Ltd,160,270.2,43232.0,2025-07-29 12:08:53.315695
2025-07-29,107219,2025072901016198,GBIME,Sharepro Securities Private Limited,Creative Securities Pvt Ltd,51,270.2,13780.2,2025-07-29 12:09:20.059139
2025-07-29,107153,2025072901016224,GBIME,Trishakti Securities Public Limited,Siprabi Securities Pvt. Ltd.,281,270.8,76094.8,2025-07-29 12:09:26.040923
2025-07-29,107152,2025072901016225,GBIME,Trishakti Securities Public Limited,Malla & Malla Stock Broking Company Pvt. Limited,34,271.0,9214.0,2025-07-29 12:09:26.040964
2025-07-29,107151,2025072901016226,GBIME,Trishakti Securities Public Limited,Shree Krishna Securities Ltd.,41,271.9,11147.9,2025-07-29 12:09:26.040991
2025-07-29,106993,2025072901016286,GBIME,South Asian Bulls Pvt. Ltd.,Asian Securities Private Ltd.,201,271.8,54631.8,2025-07-29 12:09:36.090913
2025-07-29,106974,2025072901016292,GBIME,South Asian Bulls Pvt. Ltd.,Thrive Brokerage House Pvt. Ltd,100,271.8,27180.0,2025-07-29 12:09:37.555081
2025-07-29,106573,2025072901016409,GBIME,South Asian Bulls Pvt. Ltd.,Shree Krishna Securities Ltd.,499,271.9,135678.1,2025-07-29 12:09:57.992843
2025-07-29,106535,2025072901016421,GBIME,Sundhara Securities Limited,Shree Krishna Securities Ltd.,660,271.9,179454.0,2025-07-29 12:10:00.954777
2025-07-29,106446,2025072901016447,GBIME,South Asian Bulls Pvt. Ltd.,Sri Hari Securities Pvt. Ltd.,68,272.0,18496.0,2025-07-29 12:10:07.057068
2025-07-29,106078,2025072901016596,GBIME,Cristal Kanchanjanga Securites Pvt. Ltd.,Dynamic Money Managers Securities Pvt. Ltd.,50,271.9,13595.0,2025-07-29 12:10:29.568047
2025-07-29,106077,2025072901016597,GBIME,Cristal Kanchanjanga Securites Pvt. Ltd.,Sri Hari Securities Pvt. Ltd.,266,272.0,72352.0,2025-07-29 12:10:29.568575
2025-07-29,106076,2025072901016598,GBIME,Cristal Kanchanjanga Securites Pvt. Ltd.,Dynamic Money Managers Securities Pvt. Ltd.,90,272.0,24480.0,2025-07-29 12:10:29.568925
2025-07-29,106075,2025072901016599,GBIME,Cristal Kanchanjanga Securites Pvt. Ltd.,Online Securities Pvt. Ltd.,94,272.0,25568.0,2025-07-29 12:10:29.569231
2025-07-29,105838,2025072901016726,GBIME,Naasa Securities Co. Ltd.,Shree Krishna Securities Ltd.,400,271.9,108760.0,2025-07-29 12:10:48.426010
2025-07-29,105763,2025072901016740,GBIME,Naasa Securities Co. Ltd.,Dipshikha Dhitopatra Karobar Co. Pvt Ltd.,2,267.0,534.0,2025-07-29 12:10:51.005828
2025-07-29,105325,2025072901016865,GBIME,Imperial Securities Company Pvt. Ltd.,Aryatara Investment & Securities,50,270.5,13525.0,2025-07-29 12:11:17.954564
2025-07-29,105324,2025072901016866,GBIME,Sundhara Securities Limited,Aryatara Investment & Securities,10,270.3,2703.0,2025-07-29 12:11:17.955040
2025-07-29,105310,2025072901016869,GBIME,Naasa Securities Co. Ltd.,ABC Securities Private Limited,5,268.0,1340.0,2025-07-29 12:11:18.749870
2025-07-29,105300,2025072901016876,GBIME,South Asian Bulls Pvt. Ltd.,Shree Krishna Securities Ltd.,97,271.9,26374.3,2025-07-29 12:11:19.186594
2025-07-29,105106,2025072901016972,GBIME,Sundhara Securities Limited,Naasa Securities Co. Ltd.,38,270.3,10271.4,2025-07-29 12:11:27.300777
2025-07-29,104833,2025072901017054,GBIME,Sundhara Securities Limited,Midas Stock Broking Company Private Limited,140,270.3,37842.0,2025-07-29 12:11:46.873840
2025-07-29,104686,2025072901017129,GBIME,Sundhara Securities Limited,Kohinoor Investment & Securities Pvt. Ltd.,12,270.3,3243.6,2025-07-29 12:11:57.583759
2025-07-29,104473,2025072901017229,GBIME,Asian Securities Private Ltd.,Online Securities Pvt. Ltd.,100,271.0,27100.0,2025-07-29 12:12:12.844543
2025-07-29,104472,2025072901017230,GBIME,Asian Securities Private Ltd.,Naasa Securities Co. Ltd.,10,271.0,2710.0,2025-07-29 12:12:12.845183
2025-07-29,104379,2025072901017271,GBIME,Malla & Malla Stock Broking Company Pvt. Limited,Naasa Securities Co. Ltd.,25,271.0,6775.0,2025-07-29 12:12:23.749414
2025-07-29,104130,2025072901017346,GBIME,Dipshikha Dhitopatra Karobar Co. Pvt Ltd.,Naasa Securities Co. Ltd.,10,271.8,2718.0,2025-07-29 12:12:42.306541
2025-07-29,103886,2025072901017428,GBIME,Ashutosh Brokerage & Securities (PVT) Ltd.,Kumari Securities Private Limited,50,271.0,13550.0,2025-07-29 12:12:54.116243
2025-07-29,103885,2025072901017429,GBIME,Ashutosh Brokerage & Securities (PVT) Ltd.,Naasa Securities Co. Ltd.,50,271.8,13590.0,2025-07-29 12:12:54.117352
2025-07-29,103555,2025072901017538,GBIME,Cristal Kanchanjanga Securites Pvt. Ltd.,Oxford Securities Pvt. Ltd.,100,271.0,27100.0,2025-07-29 12:13:21.045594
2025-07-29,103447,2025072901017582,GBIME,Dynamic Money Managers Securities Pvt. Ltd.,Oxford Securities Pvt. Ltd.,150,271.0,40650.0,2025-07-29 12:13:30.086349
2025-07-29,103446,2025072901017583,GBIME,Dynamic Money Managers Securities Pvt. Ltd.,Imperial Securities Company Pvt. Ltd.,42,271.0,11382.0,2025-07-29 12:13:30.087482
2025-07-29,103445,2025072901017584,GBIME,Dynamic Money Managers Securities Pvt. Ltd.,Creative Securities Pvt Ltd,60,271.0,16260.0,2025-07-29 12:13:30.088384
2025-07-29,103308,2025072901017625,GBIME,Dynamic Money Managers Securities Pvt. Ltd.,Imperial Securities Company Pvt. Ltd.,86,271.0,23306.0,2025-07-29 12:13:38.835807
2025-07-29,103102,2025072901017753,GBIME,Dynamic Money Managers Securities Pvt. Ltd.,Dipshikha Dhitopatra Karobar Co. Pvt Ltd.,12,271.0,3252.0,2025-07-29 12:13:49.395361
2025-07-29,103071,2025072901017762,GBIME,Cristal Kanchanjanga Securites Pvt. Ltd.,Kalika Securities Pvt. Ltd.,100,271.7,27170.0,2025-07-29 12:13:53.234980
2025-07-29,102960,2025072901017808,GBIME,Trishakti Securities Public Limited,Naasa Securities Co. Ltd.,100,271.8,27180.0,2025-07-29 12:14:00.846906
2025-07-29,102317,2025072901018044,GBIME,Dipshikha Dhitopatra Karobar Co. Pvt Ltd.,Dipshikha Dhitopatra Karobar Co. Pvt Ltd.,14,271.2,3796.8,2025-07-29 12:14:48.480677
2025-07-29,102236,2025072901018081,GBIME,Dipshikha Dhitopatra Karobar Co. Pvt Ltd.,Primo Securities (PVT) Ltd.,36,271.2,9763.2,2025-07-29 12:14:57.678914
2025-07-29,102235,2025072901018082,GBIME,Aryatara Investment & Securities,Primo Securities (PVT) Ltd.,64,271.1,17350.4,2025-07-29 12:14:57.679465
2025-07-29,102150,2025072901018120,GBIME,Linch Stock Market Ltd.,Trisul Securities & Invt. Ltd.,250,271.5,67875.0,2025-07-29 12:15:02.831467
2025-07-29,101995,2025072901018167,GBIME,Trisul Securities & Invt. Ltd.,Trisul Securities & Invt. Ltd.,750,271.5,203625.0,2025-07-29 12:15:11.479230
2025-07-29,101987,2025072901018171,GBIME,Trisul Securities & Invt. Ltd.,Trisul Securities & Invt. Ltd.,250,271.5,67875.0,2025-07-29 12:15:12.489825
2025-07-29,101717,2025072901018256,GBIME,Aryatara Investment & Securities,Naasa Securities Co. Ltd.,74,271.1,20061.4,2025-07-29 12:15:36.742566
2025-07-29,100930,2025072901018634,GBIME,Aryatara Investment & Securities,Oxford Securities Pvt. Ltd.,14,271.1,3795.4,2025-07-29 12:16:23.024102
2025-07-29,100436,2025072901018816,GBIME,Aryatara Investment & Securities,Linch Stock Market Ltd.,12,271.1,3253.2,2025-07-29 12:17:04.267643
2025-07-29,100432,2025072901018819,GBIME,Aryatara Investment & Securities,Dakshinkali Investment & Securities Pvt. Ltd.,299,271.1,81058.9,2025-07-29 12:17:04.348725
2025-07-29,100420,2025072901018827,GBIME,Aryatara Investment & Securities,Kumari Securities Private Limited,200,271.1,54220.0,2025-07-29 12:17:06.205295
2025-07-29,100172,2025072901018913,GBIME,Property Wiard Limited,Midas Stock Broking Company Private Limited,422,271.2,114446.4,2025-07-29 12:17:23.659500
2025-07-29,100119,2025072901018928,GBIME,Property Wiard Limited,Investment Management Nepal Pvt. Ltd.,394,271.2,106852.8,2025-07-29 12:17:29.870311
2025-07-29,100076,2025072901018944,GBIME,Property Wiard Limited,Linch Stock Market Ltd.,184,271.2,49900.8,2025-07-29 12:17:32.693320
2025-07-29,99792,2025072901019070,GBIME,Sharepro Securities Private Limited,Trisul Securities & Invt. Ltd.,750,271.4,203550.0,2025-07-29 12:18:00.548695
2025-07-29,99791,2025072901019071,GBIME,Sharepro Securities Private Limited,Naasa Securities Co. Ltd.,39,271.4,10584.6,2025-07-29 12:18:00.549285
2025-07-29,99758,2025072901019087,GBIME,Aryatara Investment & Securities,Naasa Securities Co. Ltd.,161,271.4,43695.4,2025-07-29 12:18:02.982527
2025-07-29,99757,2025072901019088,GBIME,Aryatara Investment & Securities,Nepal Stock House (PVT) Ltd.,39,271.4,10584.6,2025-07-29 12:18:02.984071
2025-07-29,99688,2025072901019115,GBIME,Dynamic Money Managers Securities Pvt. Ltd.,Premier Securities Company Ltd.,130,271.2,35256.0,2025-07-29 12:18:09.048389
2025-07-29,99666,2025072901019123,GBIME,Dynamic Money Managers Securities Pvt. Ltd.,Thrive Brokerage House Pvt. Ltd,500,271.2,135600.0,2025-07-29 12:18:10.713422
2025-07-29,99577,2025072901019154,GBIME,Sharepro Securities Private Limited,Nepal Stock House (PVT) Ltd.,461,271.4,125115.4,2025-07-29 12:18:17.615078
2025-07-29,99576,2025072901019155,GBIME,Sharepro Securities Private Limited,Secured Securities Ltd.,503,271.6,136614.8,2025-07-29 12:18:17.615703
2025-07-29,99575,2025072901019156,GBIME,Sharepro Securities Private Limited,Imperial Securities Company Pvt. Ltd.,36,271.7,9781.2,2025-07-29 12:18:17.616046
2025-07-29,99560,2025072901019160,GBIME,Dynamic Money Managers Securities Pvt. Ltd.,ABC Securities Private Limited,20,271.2,5424.0,2025-07-29 12:18:19.407262
2025-07-29,99353,2025072901019253,GBIME,Aryatara Investment & Securities,Kohinoor Investment & Securities Pvt. Ltd.,50,271.1,13555.0,2025-07-29 12:18:34.505269
2025-07-29,99313,2025072901019271,GBIME,Sharepro Securities Private Limited,ABC Securities Private Limited,117,271.2,31730.4,2025-07-29 12:18:38.762958
2025-07-29,99251,2025072901019298,GBIME,Sharepro Securities Private Limited,Linch Stock Market Ltd.,10,271.2,2712.0,2025-07-29 12:18:45.656418
2025-07-29,98938,2025072901019406,GBIME,Aryatara Investment & Securities,Imperial Securities Company Pvt. Ltd.,100,271.7,27170.0,2025-07-29 12:19:09.257105
2025-07-29,98903,2025072901019427,GBIME,Sweta Securities Private Limited,J.F. Securites (PVT) Ltd.,150,271.4,40710.0,2025-07-29 12:19:10.125201
2025-07-29,98749,2025072901019483,GBIME,Sweta Securities Private Limited,Kalika Securities Pvt. Ltd.,100,271.4,27140.0,2025-07-29 12:19:21.181611
2025-07-29,98417,2025072901019623,GBIME,Sharepro Securities Private Limited,Siprabi Securities Pvt. Ltd.,20,271.2,5424.0,2025-07-29 12:19:45.457847
2025-07-29,98412,2025072901019624,GBIME,Sharepro Securities Private Limited,ABC Securities Private Limited,604,271.2,163804.8,2025-07-29 12:19:45.554514
2025-07-29,98307,2025072901019674,GBIME,Naasa Securities Co. Ltd.,Kalika Securities Pvt. Ltd.,100,271.4,27140.0,2025-07-29 12:19:50.292684
2025-07-29,98262,2025072901019693,GBIME,Sundhara Securities Limited,Property Wiard Limited,50,271.3,13565.0,2025-07-29 12:19:53.459878
2025-07-29,98004,2025072901019788,GBIME,Trishakti Securities Public Limited,Imperial Securities Company Pvt. Ltd.,10,271.7,2717.0,2025-07-29 12:20:10.085065
2025-07-29,97968,2025072901019797,GBIME,KALASH STOCK MARKET PVT. LTD.,Imperial Securities Company Pvt. Ltd.,41,271.7,11139.7,2025-07-29 12:20:12.615842
2025-07-29,97744,2025072901019875,GBIME,Sundhara Securities Limited,Nepal Investment And Securities Trading Private Limited,42,271.4,11398.8,2025-07-29 12:20:27.918800
2025-07-29,97711,2025072901019892,GBIME,Linch Stock Market Ltd.,Asian Securities Private Ltd.,150,271.6,40740.0,2025-07-29 12:20:29.994761
2025-07-29,97710,2025072901019893,GBIME,Linch Stock Market Ltd.,Imperial Securities Company Pvt. Ltd.,63,271.7,17117.1,2025-07-29 12:20:29.994897
2025-07-29,97709,2025072901019894,GBIME,Linch Stock Market Ltd.,Kumari Securities Private Limited,100,271.7,27170.0,2025-07-29 12:20:29.994996
2025-07-29,97708,2025072901019895,GBIME,Linch Stock Market Ltd.,Naasa Securities Co. Ltd.,1187,271.8,322626.6,2025-07-29 12:20:29.995099
2025-07-29,97462,2025072901020008,GBIME,Siprabi Securities Pvt. Ltd.,Sipla Securities Private Limited,500,271.3,135650.0,2025-07-29 12:20:47.568129
2025-07-29,97461,2025072901020009,GBIME,Sharepro Securities Private Limited,Sipla Securities Private Limited,249,271.2,67528.8,2025-07-29 12:20:47.568734
2025-07-29,97460,2025072901020010,GBIME,Naasa Securities Co. Ltd.,Sipla Securities Private Limited,100,271.2,27120.0,2025-07-29 12:20:47.569099
2025-07-29,97459,2025072901020011,GBIME,Aryatara Investment & Securities,Sipla Securities Private Limited,1087,271.1,294685.7,2025-07-29 12:20:47.569442
2025-07-29,97458,2025072901020012,GBIME,Naasa Securities Co. Ltd.,Sipla Securities Private Limited,100,271.0,27100.0,2025-07-29 12:20:47.569775
2025-07-29,97457,2025072901020013,GBIME,Malla & Malla Stock Broking Company Pvt. Limited,Sipla Securities Private Limited,20,271.0,5420.0,2025-07-29 12:20:47.570114
2025-07-29,97456,2025072901020014,GBIME,Ashutosh Brokerage & Securities (PVT) Ltd.,Sipla Securities Private Limited,944,271.0,255824.0,2025-07-29 12:20:47.570447
2025-07-29,97404,2025072901020024,GBIME,Online Securities Pvt. Ltd.,Sumeru Securities Pvt. Ltd.,750,271.7,203775.0,2025-07-29 12:20:50.646610
2025-07-29,97278,2025072901020067,GBIME,Trishakti Securities Public Limited,Sumeru Securities Pvt. Ltd.,250,271.7,67925.0,2025-07-29 12:20:57.706528
2025-07-29,97277,2025072901020068,GBIME,Trishakti Securities Public Limited,Midas Stock Broking Company Private Limited,100,271.7,27170.0,2025-07-29 12:20:57.707162
2025-07-29,97276,2025072901020069,GBIME,Trishakti Securities Public Limited,ABC Securities Private Limited,100,271.7,27170.0,2025-07-29 12:20:57.707666
2025-07-29,97275,2025072901020070,GBIME,Trishakti Securities Public Limited,Sweta Securities Private Limited,1615,271.7,438795.5,2025-07-29 12:20:57.708083
2025-07-29,97274,2025072901020071,GBIME,Trishakti Securities Public Limited,Naasa Securities Co. Ltd.,68,271.8,18482.4,2025-07-29 12:20:57.708546
2025-07-29,97273,2025072901020072,GBIME,Trishakti Securities Public Limited,Naasa Securities Co. Ltd.,20,271.8,5436.0,2025-07-29 12:20:57.708994
2025-07-29,97272,2025072901020073,GBIME,Trishakti Securities Public Limited,Agrawal Securities (PVT) Ltd.,220,271.8,59796.0,2025-07-29 12:20:57.709418
2025-07-29,97271,2025072901020074,GBIME,Trishakti Securities Public Limited,Agrawal Securities (PVT) Ltd.,2000,271.8,543600.0,2025-07-29 12:20:57.709860
2025-07-29,97270,2025072901020075,GBIME,Trishakti Securities Public Limited,Linch Stock Market Ltd.,1000,271.9,271900.0,2025-07-29 12:20:57.710282
2025-07-29,97269,2025072901020076,GBIME,Trishakti Securities Public Limited,Midas Stock Broking Company Private Limited,100,271.9,27190.0,2025-07-29 12:20:57.710700
2025-07-29,97268,2025072901020077,GBIME,Trishakti Securities Public Limited,Siprabi Securities Pvt. Ltd.,14,271.9,3806.6,2025-07-29 12:20:57.711106
2025-07-29,97267,2025072901020078,GBIME,Trishakti Securities Public Limited,Deevyaa Securities & Stock House Pvt. Ltd,200,271.9,54380.0,2025-07-29 12:20:57.711503
2025-07-29,97266,2025072901020079,GBIME,Trishakti Securities Public Limited,Sri Hari Securities Pvt. Ltd.,14,271.9,3806.6,2025-07-29 12:20:57.711906
2025-07-29,97265,2025072901020080,GBIME,Trishakti Securities Public Limited,South Asian Bulls Pvt. Ltd.,603,272.0,164016.0,2025-07-29 12:20:57.712316
2025-07-29,97264,2025072901020081,GBIME,Trishakti Securities Public Limited,Kalika Securities Pvt. Ltd.,50,272.0,13600.0,2025-07-29 12:20:57.712730
2025-07-29,97263,2025072901020082,GBIME,Trishakti Securities Public Limited,Nepal Investment And Securities Trading Private Limited,200,272.0,54400.0,2025-07-29 12:20:57.713153
2025-07-29,97262,2025072901020083,GBIME,Trishakti Securities Public Limited,Online Securities Pvt. Ltd.,1000,272.0,272000.0,2025-07-29 12:20:57.713577
2025-07-29,97261,2025072901020084,GBIME,Trishakti Securities Public Limited,Deevyaa Securities & Stock House Pvt. Ltd,50,272.0,13600.0,2025-07-29 12:20:57.714042
2025-07-29,97260,2025072901020085,GBIME,Trishakti Securities Public Limited,Sani Securities Company Ltd.,500,272.0,136000.0,2025-07-29 12:20:57.714478
2025-07-29,97259,2025072901020086,GBIME,Trishakti Securities Public Limited,Investment Management Nepal Pvt. Ltd.,300,272.0,81600.0,2025-07-29 12:20:57.714897
2025-07-29,97258,2025072901020087,GBIME,Trishakti Securities Public Limited,Sweta Securities Private Limited,460,272.0,125120.0,2025-07-29 12:20:57.715359
2025-07-29,97257,2025072901020088,GBIME,Trishakti Securities Public Limited,Naasa Securities Co. Ltd.,300,272.0,81600.0,2025-07-29 12:20:57.715762
