Date,S.N.,contract_id,symbol,buyer_broker,seller_broker,volume,price,amount,transaction_time
2025-07-29,156449,2025072903000174,GRDBL,Aryatara Investment & Securities,Naasa Securities Co. Ltd.,50,1313.0,65650.0,2025-07-29 11:02:48.046289
2025-07-29,155034,2025072903000473,GRDBL,Linch Stock Market Ltd.,Kumari Securities Private Limited,60,1329.0,79740.0,2025-07-29 11:05:17.665088
2025-07-29,155033,2025072903000474,GRDBL,Linch Stock Market Ltd.,SHUBHAKAMANA SECURITIES PVT. LTD,10,1331.0,13310.0,2025-07-29 11:05:17.665141
2025-07-29,155032,2025072903000475,GRDBL,Linch Stock Market Ltd.,Kumari Securities Private Limited,20,1333.0,26660.0,2025-07-29 11:05:17.665169
2025-07-29,155031,2025072903000476,GRDBL,Linch Stock Market Ltd.,Kohinoor Investment & Securities Pvt. Ltd.,10,1334.8,13348.0,2025-07-29 11:05:17.665221
2025-07-29,155030,2025072903000477,GRDBL,Linch Stock Market Ltd.,Shree Krishna Securities Ltd.,120,1334.8,160176.0,2025-07-29 11:05:17.665252
2025-07-29,155029,2025072903000478,GRDBL,Linch Stock Market Ltd.,Kohinoor Investment & Securities Pvt. Ltd.,20,1334.8,26696.0,2025-07-29 11:05:17.665274
2025-07-29,155028,2025072903000479,GRDBL,Linch Stock Market Ltd.,Kumari Securities Private Limited,90,1339.0,120510.0,2025-07-29 11:05:17.665297
2025-07-29,155027,2025072903000480,GRDBL,Linch Stock Market Ltd.,Cristal Kanchanjanga Securites Pvt. Ltd.,200,1339.2,267840.0,2025-07-29 11:05:17.665320
2025-07-29,155026,2025072903000481,GRDBL,Linch Stock Market Ltd.,Sumeru Securities Pvt. Ltd.,200,1339.2,267840.0,2025-07-29 11:05:17.665342
2025-07-29,154892,2025072903000526,GRDBL,ABC Securities Private Limited,Linch Stock Market Ltd.,10,1316.0,13160.0,2025-07-29 11:05:33.783925
2025-07-29,154089,2025072903000702,GRDBL,ABC Securities Private Limited,Linch Stock Market Ltd.,10,1316.0,13160.0,2025-07-29 11:06:46.770307
2025-07-29,153480,2025072903000831,GRDBL,Linch Stock Market Ltd.,Imperial Securities Company Pvt. Ltd.,20,1341.0,26820.0,2025-07-29 11:07:35.458294
2025-07-29,153479,2025072903000832,GRDBL,Linch Stock Market Ltd.,Kumari Securities Private Limited,100,1342.0,134200.0,2025-07-29 11:07:35.458364
2025-07-29,153478,2025072903000833,GRDBL,Linch Stock Market Ltd.,Creative Securities Pvt Ltd,50,1342.0,67100.0,2025-07-29 11:07:35.458400
2025-07-29,153477,2025072903000834,GRDBL,Linch Stock Market Ltd.,Vision Securities Pvt. Ltd,100,1342.0,134200.0,2025-07-29 11:07:35.458443
2025-07-29,153476,2025072903000835,GRDBL,Linch Stock Market Ltd.,Kalika Securities Pvt. Ltd.,280,1342.0,375760.0,2025-07-29 11:07:35.458471
2025-07-29,153475,2025072903000836,GRDBL,Linch Stock Market Ltd.,Kohinoor Investment & Securities Pvt. Ltd.,140,1342.3,187922.0,2025-07-29 11:07:35.458495
2025-07-29,153474,2025072903000837,GRDBL,Linch Stock Market Ltd.,Vision Securities Pvt. Ltd,1733,1365.0,2365545.0,2025-07-29 11:07:35.458517
2025-07-29,153473,2025072903000838,GRDBL,Linch Stock Market Ltd.,Shree Krishna Securities Ltd.,200,1365.9,273180.0,2025-07-29 11:07:35.458541
2025-07-29,153321,2025072903000853,GRDBL,Online Securities Pvt. Ltd.,Linch Stock Market Ltd.,10,1316.1,13161.0,2025-07-29 11:07:47.602304
2025-07-29,153074,2025072903000909,GRDBL,Vision Securities Pvt. Ltd,Sumeru Securities Pvt. Ltd.,500,1316.2,658100.0,2025-07-29 11:08:13.141116
2025-07-29,152921,2025072903000948,GRDBL,Online Securities Pvt. Ltd.,Linch Stock Market Ltd.,10,1316.1,13161.0,2025-07-29 11:08:26.328054
2025-07-29,148160,2025072903001954,GRDBL,Dipshikha Dhitopatra Karobar Co. Pvt Ltd.,Trishakti Securities Public Limited,20,1339.0,26780.0,2025-07-29 11:15:06.187672
2025-07-29,146353,2025072903002347,GRDBL,Primo Securities (PVT) Ltd.,Trishakti Securities Public Limited,100,1330.0,133000.0,2025-07-29 11:17:44.544591
2025-07-29,146352,2025072903002348,GRDBL,Primo Securities (PVT) Ltd.,Imperial Securities Company Pvt. Ltd.,10,1337.0,13370.0,2025-07-29 11:17:44.544827
2025-07-29,146351,2025072903002349,GRDBL,Primo Securities (PVT) Ltd.,Online Securities Pvt. Ltd.,10,1337.0,13370.0,2025-07-29 11:17:44.544923
2025-07-29,146350,2025072903002350,GRDBL,Primo Securities (PVT) Ltd.,Vision Securities Pvt. Ltd,80,1338.0,107040.0,2025-07-29 11:17:44.544969
2025-07-29,146009,2025072903002412,GRDBL,Thrive Brokerage House Pvt. Ltd,SHUBHAKAMANA SECURITIES PVT. LTD,16,1317.9,21086.4,2025-07-29 11:18:17.375149
2025-07-29,144592,2025072903002687,GRDBL,Vision Securities Pvt. Ltd,Trishakti Securities Public Limited,34,1320.0,44880.0,2025-07-29 11:20:37.459427
2025-07-29,141976,2025072903003214,GRDBL,Thrive Brokerage House Pvt. Ltd,Hatemalo Financial Services Private Limited,20,1320.4,26408.0,2025-07-29 11:24:02.253330
2025-07-29,141975,2025072903003215,GRDBL,Thrive Brokerage House Pvt. Ltd,Hatemalo Financial Services Private Limited,14,1320.3,18484.2,2025-07-29 11:24:02.253457
2025-07-29,141974,2025072903003216,GRDBL,Sani Securities Company Ltd.,Hatemalo Financial Services Private Limited,52,1320.0,68640.0,2025-07-29 11:24:02.253516
2025-07-29,140062,2025072903003674,GRDBL,Cristal Kanchanjanga Securites Pvt. Ltd.,Malla & Malla Stock Broking Company Pvt. Limited,10,1324.0,13240.0,2025-07-29 11:26:31.380116
2025-07-29,140051,2025072903003676,GRDBL,Deevyaa Securities & Stock House Pvt. Ltd,Malla & Malla Stock Broking Company Pvt. Limited,10,1324.0,13240.0,2025-07-29 11:26:33.244546
2025-07-29,139875,2025072903003714,GRDBL,Vision Securities Pvt. Ltd,Trishakti Securities Public Limited,100,1328.0,132800.0,2025-07-29 11:26:52.347841
2025-07-29,139634,2025072903003777,GRDBL,Deevyaa Securities & Stock House Pvt. Ltd,Shree Krishna Securities Ltd.,10,1324.0,13240.0,2025-07-29 11:27:13.441219
2025-07-29,139633,2025072903003778,GRDBL,Midas Stock Broking Company Private Limited,Shree Krishna Securities Ltd.,500,1321.0,660500.0,2025-07-29 11:27:13.441320
2025-07-29,139632,2025072903003779,GRDBL,Vision Securities Pvt. Ltd,Shree Krishna Securities Ltd.,490,1320.2,646898.0,2025-07-29 11:27:13.441371
2025-07-29,138441,2025072903004027,GRDBL,Nabil Stock Dealer Ltd.,Trishakti Securities Public Limited,30,1323.0,39690.0,2025-07-29 11:28:54.937855
2025-07-29,138192,2025072903004058,GRDBL,Aryatara Investment & Securities,Vision Securities Pvt. Ltd,75,1321.0,99075.0,2025-07-29 11:29:14.523660
2025-07-29,138191,2025072903004059,GRDBL,Vision Securities Pvt. Ltd,Vision Securities Pvt. Ltd,10,1320.2,13202.0,2025-07-29 11:29:14.523718
2025-07-29,138190,2025072903004060,GRDBL,Sani Securities Company Ltd.,Vision Securities Pvt. Ltd,19,1320.0,25080.0,2025-07-29 11:29:14.523747
2025-07-29,138085,2025072903004091,GRDBL,Sani Securities Company Ltd.,Trishakti Securities Public Limited,304,1320.0,401280.0,2025-07-29 11:29:24.290730
2025-07-29,134522,2025072903004860,GRDBL,Online Securities Pvt. Ltd.,Asian Securities Private Ltd.,35,1320.0,46200.0,2025-07-29 11:34:44.823468
2025-07-29,134519,2025072903004861,GRDBL,Asian Securities Private Ltd.,Kalika Securities Pvt. Ltd.,50,1317.0,65850.0,2025-07-29 11:34:45.057399
2025-07-29,133117,2025072903005223,GRDBL,Online Securities Pvt. Ltd.,SHUBHAKAMANA SECURITIES PVT. LTD,10,1316.6,13166.0,2025-07-29 11:36:40.728018
2025-07-29,133116,2025072903005224,GRDBL,Thrive Brokerage House Pvt. Ltd,SHUBHAKAMANA SECURITIES PVT. LTD,10,1316.5,13165.0,2025-07-29 11:36:40.728159
2025-07-29,133115,2025072903005225,GRDBL,Online Securities Pvt. Ltd.,SHUBHAKAMANA SECURITIES PVT. LTD,35,1316.4,46074.0,2025-07-29 11:36:40.728226
2025-07-29,133114,2025072903005226,GRDBL,Pragyan Securities (PVT) Ltd.,SHUBHAKAMANA SECURITIES PVT. LTD,100,1316.1,131610.0,2025-07-29 11:36:40.728274
2025-07-29,133113,2025072903005227,GRDBL,ABC Securities Private Limited,SHUBHAKAMANA SECURITIES PVT. LTD,80,1316.0,105280.0,2025-07-29 11:36:40.728321
2025-07-29,133112,2025072903005228,GRDBL,Online Securities Pvt. Ltd.,SHUBHAKAMANA SECURITIES PVT. LTD,100,1316.0,131600.0,2025-07-29 11:36:40.728365
2025-07-29,133111,2025072903005229,GRDBL,Naasa Securities Co. Ltd.,SHUBHAKAMANA SECURITIES PVT. LTD,16,1316.0,21056.0,2025-07-29 11:36:40.728408
2025-07-29,133110,2025072903005230,GRDBL,Deevyaa Securities & Stock House Pvt. Ltd,SHUBHAKAMANA SECURITIES PVT. LTD,100,1315.0,131500.0,2025-07-29 11:36:40.728453
2025-07-29,133109,2025072903005231,GRDBL,Aryatara Investment & Securities,SHUBHAKAMANA SECURITIES PVT. LTD,40,1315.0,52600.0,2025-07-29 11:36:40.728499
2025-07-29,132908,2025072903005293,GRDBL,Aryatara Investment & Securities,Trishakti Securities Public Limited,100,1315.0,131500.0,2025-07-29 11:36:57.951153
2025-07-29,132191,2025072903005472,GRDBL,Kohinoor Investment & Securities Pvt. Ltd.,Kumari Securities Private Limited,10,1318.0,13180.0,2025-07-29 11:37:53.348608
2025-07-29,130457,2025072903005965,GRDBL,Aryatara Investment & Securities,Imperial Securities Company Pvt. Ltd.,25,1318.0,32950.0,2025-07-29 11:40:16.775279
2025-07-29,130309,2025072903006003,GRDBL,Online Securities Pvt. Ltd.,Imperial Securities Company Pvt. Ltd.,25,1318.0,32950.0,2025-07-29 11:40:30.163752
2025-07-29,129391,2025072903006259,GRDBL,Pragyan Securities (PVT) Ltd.,Imperial Securities Company Pvt. Ltd.,10,1318.0,13180.0,2025-07-29 11:41:54.744981
2025-07-29,128363,2025072903006451,GRDBL,Imperial Securities Company Pvt. Ltd.,Trishakti Securities Public Limited,200,1319.0,263800.0,2025-07-29 11:43:28.328674
2025-07-29,127152,2025072903006697,GRDBL,Online Securities Pvt. Ltd.,Trishakti Securities Public Limited,10,1314.1,13141.0,2025-07-29 11:45:08.133690
2025-07-29,127151,2025072903006698,GRDBL,Primo Securities (PVT) Ltd.,Trishakti Securities Public Limited,60,1314.1,78846.0,2025-07-29 11:45:08.133956
2025-07-29,126837,2025072903006756,GRDBL,Dipshikha Dhitopatra Karobar Co. Pvt Ltd.,Trishakti Securities Public Limited,92,1314.0,120888.0,2025-07-29 11:45:31.365355
2025-07-29,125665,2025072903007038,GRDBL,Nabil Stock Dealer Ltd.,Asian Securities Private Ltd.,65,1314.1,85416.5,2025-07-29 11:47:08.437291
2025-07-29,125016,2025072903007189,GRDBL,Siprabi Securities Pvt. Ltd.,Sumeru Securities Pvt. Ltd.,250,1315.0,328750.0,2025-07-29 11:48:05.107732
2025-07-29,124916,2025072903007213,GRDBL,MILKY WAY SHARE BROKER COMPANY LTD ,ABC Securities Private Limited,10,1319.0,13190.0,2025-07-29 11:48:14.094508
2025-07-29,124915,2025072903007214,GRDBL,MILKY WAY SHARE BROKER COMPANY LTD ,Online Securities Pvt. Ltd.,20,1319.9,26398.0,2025-07-29 11:48:14.094647
2025-07-29,124914,2025072903007215,GRDBL,MILKY WAY SHARE BROKER COMPANY LTD ,Kohinoor Investment & Securities Pvt. Ltd.,10,1320.0,13200.0,2025-07-29 11:48:14.094694
2025-07-29,124913,2025072903007216,GRDBL,MILKY WAY SHARE BROKER COMPANY LTD ,Citizens Share Broker Limited,300,1324.0,397200.0,2025-07-29 11:48:14.094740
2025-07-29,124912,2025072903007217,GRDBL,MILKY WAY SHARE BROKER COMPANY LTD ,Naasa Securities Co. Ltd.,100,1325.0,132500.0,2025-07-29 11:48:14.094785
2025-07-29,124838,2025072903007225,GRDBL,MILKY WAY SHARE BROKER COMPANY LTD ,Nagarik Stock Dealer ,60,1325.0,79500.0,2025-07-29 11:48:20.461668
2025-07-29,124837,2025072903007226,GRDBL,Siprabi Securities Pvt. Ltd.,Nagarik Stock Dealer ,100,1315.0,131500.0,2025-07-29 11:48:20.461868
2025-07-29,124836,2025072903007227,GRDBL,Nabil Stock Dealer Ltd.,Nagarik Stock Dealer ,74,1314.1,97243.4,2025-07-29 11:48:20.462068
2025-07-29,124835,2025072903007228,GRDBL,Dipshikha Dhitopatra Karobar Co. Pvt Ltd.,Nagarik Stock Dealer ,58,1314.0,76212.0,2025-07-29 11:48:20.462203
2025-07-29,124834,2025072903007229,GRDBL,Siprabi Securities Pvt. Ltd.,Nagarik Stock Dealer ,76,1313.0,99788.0,2025-07-29 11:48:20.462364
2025-07-29,124833,2025072903007230,GRDBL,Imperial Securities Company Pvt. Ltd.,Nagarik Stock Dealer ,60,1313.0,78780.0,2025-07-29 11:48:20.462479
2025-07-29,124832,2025072903007231,GRDBL,ABC Securities Private Limited,Nagarik Stock Dealer ,20,1311.0,26220.0,2025-07-29 11:48:20.462607
2025-07-29,124831,2025072903007232,GRDBL,ABC Securities Private Limited,Nagarik Stock Dealer ,10,1310.5,13105.0,2025-07-29 11:48:20.462772
2025-07-29,117346,2025072903008838,GRDBL,Imperial Securities Company Pvt. Ltd.,ABC Securities Private Limited,10,1310.5,13105.0,2025-07-29 11:58:54.490905
2025-07-29,114015,2025072903009430,GRDBL,Citizens Share Broker Limited,Investment Management Nepal Pvt. Ltd.,10,1316.0,13160.0,2025-07-29 12:02:27.099688
2025-07-29,114014,2025072903009431,GRDBL,Citizens Share Broker Limited,ABC Securities Private Limited,10,1317.0,13170.0,2025-07-29 12:02:27.099749
2025-07-29,114013,2025072903009432,GRDBL,Citizens Share Broker Limited,Kalika Securities Pvt. Ltd.,30,1319.0,39570.0,2025-07-29 12:02:27.099776
2025-07-29,113068,2025072903009622,GRDBL,Cristal Kanchanjanga Securites Pvt. Ltd.,Kalika Securities Pvt. Ltd.,20,1319.0,26380.0,2025-07-29 12:03:25.208210
2025-07-29,111389,2025072903009888,GRDBL,Imperial Securities Company Pvt. Ltd.,SHUBHAKAMANA SECURITIES PVT. LTD,10,1313.0,13130.0,2025-07-29 12:05:02.806901
2025-07-29,111388,2025072903009889,GRDBL,Vision Securities Pvt. Ltd,SHUBHAKAMANA SECURITIES PVT. LTD,240,1312.0,314880.0,2025-07-29 12:05:02.807249
2025-07-29,107692,2025072903010566,GRDBL,Vision Securities Pvt. Ltd,SHUBHAKAMANA SECURITIES PVT. LTD,10,1312.0,13120.0,2025-07-29 12:08:49.580489
2025-07-29,107691,2025072903010567,GRDBL,Thrive Brokerage House Pvt. Ltd,SHUBHAKAMANA SECURITIES PVT. LTD,10,1312.0,13120.0,2025-07-29 12:08:49.580730
2025-07-29,107690,2025072903010568,GRDBL,Hatemalo Financial Services Private Limited,SHUBHAKAMANA SECURITIES PVT. LTD,50,1312.0,65600.0,2025-07-29 12:08:49.580872
2025-07-29,107689,2025072903010569,GRDBL,Imperial Securities Company Pvt. Ltd.,SHUBHAKAMANA SECURITIES PVT. LTD,10,1311.0,13110.0,2025-07-29 12:08:49.581003
2025-07-29,107688,2025072903010570,GRDBL,Dipshikha Dhitopatra Karobar Co. Pvt Ltd.,SHUBHAKAMANA SECURITIES PVT. LTD,500,1311.0,655500.0,2025-07-29 12:08:49.581154
2025-07-29,107687,2025072903010571,GRDBL,South Asian Bulls Pvt. Ltd.,SHUBHAKAMANA SECURITIES PVT. LTD,40,1310.0,52400.0,2025-07-29 12:08:49.581308
2025-07-29,107686,2025072903010572,GRDBL,Dipshikha Dhitopatra Karobar Co. Pvt Ltd.,SHUBHAKAMANA SECURITIES PVT. LTD,380,1310.0,497800.0,2025-07-29 12:08:49.581444
2025-07-29,106454,2025072903010794,GRDBL,Dakshinkali Investment & Securities Pvt. Ltd.,Shree Krishna Securities Ltd.,3,1292.0,3876.0,2025-07-29 12:10:05.962817
2025-07-29,105649,2025072903010967,GRDBL,Dakshinkali Investment & Securities Pvt. Ltd.,Ashutosh Brokerage & Securities (PVT) Ltd.,4,1293.0,5172.0,2025-07-29 12:10:57.612539
2025-07-29,104825,2025072903011153,GRDBL,Dakshinkali Investment & Securities Pvt. Ltd.,Online Securities Pvt. Ltd.,3,1293.6,3880.8,2025-07-29 12:11:47.292872
2025-07-29,104129,2025072903011277,GRDBL,Dipshikha Dhitopatra Karobar Co. Pvt Ltd.,SHUBHAKAMANA SECURITIES PVT. LTD,20,1310.0,26200.0,2025-07-29 12:12:42.322106
2025-07-29,104128,2025072903011278,GRDBL,Primo Securities (PVT) Ltd.,SHUBHAKAMANA SECURITIES PVT. LTD,60,1308.1,78486.0,2025-07-29 12:12:42.322348
2025-07-29,103382,2025072903011407,GRDBL,Imperial Securities Company Pvt. Ltd.,Sumeru Securities Pvt. Ltd.,10,1307.0,13070.0,2025-07-29 12:13:33.213674
2025-07-29,103107,2025072903011448,GRDBL,Imperial Securities Company Pvt. Ltd.,Sumeru Securities Pvt. Ltd.,10,1306.0,13060.0,2025-07-29 12:13:48.329669
2025-07-29,101132,2025072903011818,GRDBL,Oxford Securities Pvt. Ltd.,Citizens Share Broker Limited,25,1305.0,32625.0,2025-07-29 12:16:13.386820
2025-07-29,101131,2025072903011819,GRDBL,Himalayan Securities Limited,Citizens Share Broker Limited,10,1305.0,13050.0,2025-07-29 12:16:13.386922
2025-07-29,101130,2025072903011820,GRDBL,Dynamic Money Managers Securities Pvt. Ltd.,Citizens Share Broker Limited,10,1305.0,13050.0,2025-07-29 12:16:13.386992
2025-07-29,101129,2025072903011821,GRDBL,Primo Securities (PVT) Ltd.,Citizens Share Broker Limited,60,1303.1,78186.0,2025-07-29 12:16:13.387084
2025-07-29,101128,2025072903011822,GRDBL,Thrive Brokerage House Pvt. Ltd,Citizens Share Broker Limited,10,1301.3,13013.0,2025-07-29 12:16:13.387153
2025-07-29,101127,2025072903011823,GRDBL,Secured Securities Ltd.,Citizens Share Broker Limited,100,1301.1,130110.0,2025-07-29 12:16:13.387222
2025-07-29,101126,2025072903011824,GRDBL,Vision Securities Pvt. Ltd,Citizens Share Broker Limited,300,1300.0,390000.0,2025-07-29 12:16:13.387291
2025-07-29,101125,2025072903011825,GRDBL,Thrive Brokerage House Pvt. Ltd,Citizens Share Broker Limited,10,1300.0,13000.0,2025-07-29 12:16:13.387372
2025-07-29,101124,2025072903011826,GRDBL,Online Securities Pvt. Ltd.,Citizens Share Broker Limited,10,1300.0,13000.0,2025-07-29 12:16:13.387454
2025-07-29,101123,2025072903011827,GRDBL,Kohinoor Investment & Securities Pvt. Ltd.,Citizens Share Broker Limited,20,1299.0,25980.0,2025-07-29 12:16:13.387519
2025-07-29,101122,2025072903011828,GRDBL,Pragyan Securities (PVT) Ltd.,Citizens Share Broker Limited,50,1296.0,64800.0,2025-07-29 12:16:13.387582
2025-07-29,101121,2025072903011829,GRDBL,Aryatara Investment & Securities,Citizens Share Broker Limited,200,1294.0,258800.0,2025-07-29 12:16:13.387651
2025-07-29,101120,2025072903011830,GRDBL,Arun Securities (PVT) Ltd.,Citizens Share Broker Limited,10,1294.0,12940.0,2025-07-29 12:16:13.387721
2025-07-29,101119,2025072903011831,GRDBL,Premier Securities Company Ltd.,Citizens Share Broker Limited,20,1293.6,25872.0,2025-07-29 12:16:13.387801
2025-07-29,101118,2025072903011832,GRDBL,Thrive Brokerage House Pvt. Ltd,Citizens Share Broker Limited,10,1291.7,12917.0,2025-07-29 12:16:13.387866
2025-07-29,101117,2025072903011833,GRDBL,Online Securities Pvt. Ltd.,Citizens Share Broker Limited,35,1290.0,45150.0,2025-07-29 12:16:13.387930
2025-07-29,101116,2025072903011834,GRDBL,Primo Securities (PVT) Ltd.,Citizens Share Broker Limited,120,1290.0,154800.0,2025-07-29 12:16:13.387996
2025-07-29,99398,2025072903012157,GRDBL,Imperial Securities Company Pvt. Ltd.,SHUBHAKAMANA SECURITIES PVT. LTD,10,1301.0,13010.0,2025-07-29 12:18:32.472967
2025-07-29,90995,2025072903013698,GRDBL,Online Securities Pvt. Ltd.,Asian Securities Private Ltd.,14,1306.0,18284.0,2025-07-29 12:28:23.081306
2025-07-29,90620,2025072903013785,GRDBL,Nabil Stock Dealer Ltd.,Asian Securities Private Ltd.,35,1307.0,45745.0,2025-07-29 12:28:55.384143
2025-07-29,89621,2025072903013952,GRDBL,Nabil Stock Dealer Ltd.,ABC Securities Private Limited,10,1307.0,13070.0,2025-07-29 12:29:59.405871
2025-07-29,89620,2025072903013953,GRDBL,Nabil Stock Dealer Ltd.,Online Securities Pvt. Ltd.,4,1307.0,5228.0,2025-07-29 12:29:59.405982
2025-07-29,89594,2025072903013968,GRDBL,Dynamic Money Managers Securities Pvt. Ltd.,Primo Securities (PVT) Ltd.,10,1308.0,13080.0,2025-07-29 12:30:01.294948
2025-07-29,88516,2025072903014184,GRDBL,Online Securities Pvt. Ltd.,ABC Securities Private Limited,10,1300.1,13001.0,2025-07-29 12:31:25.712375
2025-07-29,86365,2025072903014643,GRDBL,Nabil Stock Dealer Ltd.,SHUBHAKAMANA SECURITIES PVT. LTD,40,1300.1,52004.0,2025-07-29 12:34:43.860492
2025-07-29,86358,2025072903014646,GRDBL,Nabil Stock Dealer Ltd.,Aryatara Investment & Securities,99,1300.1,128709.9,2025-07-29 12:34:44.444009
2025-07-29,86339,2025072903014649,GRDBL,Thrive Brokerage House Pvt. Ltd,Primo Securities (PVT) Ltd.,75,1300.0,97500.0,2025-07-29 12:34:45.126610
2025-07-29,85406,2025072903014805,GRDBL,Naasa Securities Co. Ltd.,Primo Securities (PVT) Ltd.,15,1300.0,19500.0,2025-07-29 12:36:18.116250
2025-07-29,85405,2025072903014806,GRDBL,Naasa Securities Co. Ltd.,Premier Securities Company Ltd.,200,1300.0,260000.0,2025-07-29 12:36:18.116505
2025-07-29,83697,2025072903015138,GRDBL,Oxford Securities Pvt. Ltd.,ABC Securities Private Limited,20,1300.0,26000.0,2025-07-29 12:39:05.131879
2025-07-29,80986,2025072903015602,GRDBL,Linch Stock Market Ltd.,Sumeru Securities Pvt. Ltd.,10,1306.0,13060.0,2025-07-29 12:43:19.109299
2025-07-29,80534,2025072903015684,GRDBL,Imperial Securities Company Pvt. Ltd.,Sumeru Securities Pvt. Ltd.,10,1306.0,13060.0,2025-07-29 12:43:56.323686
2025-07-29,76791,2025072903016365,GRDBL,Naasa Securities Co. Ltd.,Secured Securities Ltd.,50,1305.0,65250.0,2025-07-29 12:50:19.412763
2025-07-29,76704,2025072903016386,GRDBL,Cristal Kanchanjanga Securites Pvt. Ltd.,Secured Securities Ltd.,60,1305.0,78300.0,2025-07-29 12:50:30.313221
2025-07-29,76487,2025072903016424,GRDBL,Cristal Kanchanjanga Securites Pvt. Ltd.,Sumeru Securities Pvt. Ltd.,45,1306.0,58770.0,2025-07-29 12:50:54.452371
2025-07-29,76465,2025072903016428,GRDBL,Kohinoor Investment & Securities Pvt. Ltd.,Naasa Securities Co. Ltd.,1,1280.0,1280.0,2025-07-29 12:50:56.743454
2025-07-29,74355,2025072903016887,GRDBL,Kohinoor Investment & Securities Pvt. Ltd.,Sani Securities Company Ltd.,1,1290.0,1290.0,2025-07-29 12:54:57.020552
2025-07-29,72768,2025072903017216,GRDBL,Imperial Securities Company Pvt. Ltd.,Kohinoor Investment & Securities Pvt. Ltd.,10,1303.0,13030.0,2025-07-29 12:57:58.496572
2025-07-29,72375,2025072903017348,GRDBL,Vision Securities Pvt. Ltd,ABC Securities Private Limited,20,1303.0,26060.0,2025-07-29 12:58:37.004154
2025-07-29,72374,2025072903017349,GRDBL,Vision Securities Pvt. Ltd,Online Securities Pvt. Ltd.,65,1304.0,84760.0,2025-07-29 12:58:37.004191
2025-07-29,72373,2025072903017350,GRDBL,Vision Securities Pvt. Ltd,Sumeru Securities Pvt. Ltd.,15,1306.0,19590.0,2025-07-29 12:58:37.004220
2025-07-29,71733,2025072903017624,GRDBL,Oxford Securities Pvt. Ltd.,Online Securities Pvt. Ltd.,10,1305.0,13050.0,2025-07-29 12:59:19.390814
2025-07-29,71732,2025072903017625,GRDBL,Oxford Securities Pvt. Ltd.,Sumeru Securities Pvt. Ltd.,20,1306.0,26120.0,2025-07-29 12:59:19.391117
2025-07-29,71731,2025072903017626,GRDBL,Oxford Securities Pvt. Ltd.,Sumeru Securities Pvt. Ltd.,50,1306.0,65300.0,2025-07-29 12:59:19.391289
2025-07-29,68116,2025072903018394,GRDBL,Nabil Stock Dealer Ltd.,Sri Hari Securities Pvt. Ltd.,30,1301.5,39045.0,2025-07-29 13:05:58.610993
2025-07-29,68115,2025072903018395,GRDBL,Garima Securities Limited,Sri Hari Securities Pvt. Ltd.,23,1301.0,29923.0,2025-07-29 13:05:58.611150
2025-07-29,67108,2025072903018617,GRDBL,Oxford Securities Pvt. Ltd.,SHUBHAKAMANA SECURITIES PVT. LTD,73,1301.1,94980.3,2025-07-29 13:08:02.529493
2025-07-29,67107,2025072903018618,GRDBL,Garima Securities Limited,SHUBHAKAMANA SECURITIES PVT. LTD,177,1301.0,230277.0,2025-07-29 13:08:02.529808
2025-07-29,67106,2025072903018619,GRDBL,Dynamic Money Managers Securities Pvt. Ltd.,SHUBHAKAMANA SECURITIES PVT. LTD,50,1300.0,65000.0,2025-07-29 13:08:02.529976
2025-07-29,65066,2025072903018973,GRDBL,Kohinoor Investment & Securities Pvt. Ltd.,Oxford Securities Pvt. Ltd.,3,1277.0,3831.0,2025-07-29 13:12:38.818511
2025-07-29,64786,2025072903019000,GRDBL,Kohinoor Investment & Securities Pvt. Ltd.,Malla & Malla Stock Broking Company Pvt. Limited,1,1274.0,1274.0,2025-07-29 13:12:58.972317
2025-07-29,61174,2025072903019651,GRDBL,Dynamic Money Managers Securities Pvt. Ltd.,SHUBHAKAMANA SECURITIES PVT. LTD,70,1301.1,91077.0,2025-07-29 13:19:38.034966
2025-07-29,61173,2025072903019652,GRDBL,Dipshikha Dhitopatra Karobar Co. Pvt Ltd.,SHUBHAKAMANA SECURITIES PVT. LTD,130,1300.0,169000.0,2025-07-29 13:19:38.035163
2025-07-29,59939,2025072903019875,GRDBL,Imperial Securities Company Pvt. Ltd.,Naasa Securities Co. Ltd.,10,1301.0,13010.0,2025-07-29 13:22:09.159534
2025-07-29,59938,2025072903019876,GRDBL,Oxford Securities Pvt. Ltd.,Naasa Securities Co. Ltd.,17,1301.0,22117.0,2025-07-29 13:22:09.159677
2025-07-29,59759,2025072903019913,GRDBL,Oxford Securities Pvt. Ltd.,SHUBHAKAMANA SECURITIES PVT. LTD,483,1301.0,628383.0,2025-07-29 13:22:38.959968
2025-07-29,59758,2025072903019914,GRDBL,Sani Securities Company Ltd.,SHUBHAKAMANA SECURITIES PVT. LTD,26,1300.1,33802.6,2025-07-29 13:22:38.960127
2025-07-29,58170,2025072903020273,GRDBL,Oxford Securities Pvt. Ltd.,Premier Securities Company Ltd.,15,1301.0,19515.0,2025-07-29 13:26:11.463578
2025-07-29,57874,2025072903020322,GRDBL,Sri Hari Securities Pvt. Ltd.,Aryatara Investment & Securities,2,1307.0,2614.0,2025-07-29 13:26:43.033555
2025-07-29,57663,2025072903020351,GRDBL,Sani Securities Company Ltd.,Vision Securities Pvt. Ltd,50,1305.0,65250.0,2025-07-29 13:27:09.967153
2025-07-29,57500,2025072903020382,GRDBL,Sani Securities Company Ltd.,SHUBHAKAMANA SECURITIES PVT. LTD,10,1304.0,13040.0,2025-07-29 13:27:38.961160
2025-07-29,57499,2025072903020383,GRDBL,Miyo Securities Pvt Ltd,SHUBHAKAMANA SECURITIES PVT. LTD,20,1303.0,26060.0,2025-07-29 13:27:38.961449
2025-07-29,57498,2025072903020384,GRDBL,Oxford Securities Pvt. Ltd.,SHUBHAKAMANA SECURITIES PVT. LTD,145,1301.0,188645.0,2025-07-29 13:27:38.961626
2025-07-29,57497,2025072903020385,GRDBL,Agrawal Securities (PVT) Ltd.,SHUBHAKAMANA SECURITIES PVT. LTD,250,1300.2,325050.0,2025-07-29 13:27:38.961802
2025-07-29,57496,2025072903020386,GRDBL,Sani Securities Company Ltd.,SHUBHAKAMANA SECURITIES PVT. LTD,14,1300.1,18201.4,2025-07-29 13:27:38.961969
2025-07-29,57495,2025072903020387,GRDBL,Dipshikha Dhitopatra Karobar Co. Pvt Ltd.,SHUBHAKAMANA SECURITIES PVT. LTD,61,1300.0,79300.0,2025-07-29 13:27:38.962154
2025-07-29,56426,2025072903020555,GRDBL,Dipshikha Dhitopatra Karobar Co. Pvt Ltd.,Dipshikha Dhitopatra Karobar Co. Pvt Ltd.,50,1300.0,65000.0,2025-07-29 13:30:05.692133
2025-07-29,56053,2025072903020633,GRDBL,Dipshikha Dhitopatra Karobar Co. Pvt Ltd.,Trishakti Securities Public Limited,10,1300.0,13000.0,2025-07-29 13:30:58.554807
2025-07-29,54153,2025072903020998,GRDBL,Dipshikha Dhitopatra Karobar Co. Pvt Ltd.,Deevyaa Securities & Stock House Pvt. Ltd,20,1300.0,26000.0,2025-07-29 13:34:46.542513
2025-07-29,54152,2025072903020999,GRDBL,Premier Securities Company Ltd.,Deevyaa Securities & Stock House Pvt. Ltd,25,1300.0,32500.0,2025-07-29 13:34:46.925380
2025-07-29,53846,2025072903021043,GRDBL,Kohinoor Investment & Securities Pvt. Ltd.,Dipshikha Dhitopatra Karobar Co. Pvt Ltd.,7,1275.0,8925.0,2025-07-29 13:35:17.539403
2025-07-29,52072,2025072903021342,GRDBL,Kohinoor Investment & Securities Pvt. Ltd.,SHUBHAKAMANA SECURITIES PVT. LTD,100,1300.0,130000.0,2025-07-29 13:38:07.451590
2025-07-29,49331,2025072903021905,GRDBL,Sani Securities Company Ltd.,Vision Securities Pvt. Ltd,20,1300.0,26000.0,2025-07-29 13:43:12.727131
2025-07-29,48247,2025072903022109,GRDBL,NIMB Stock Markets Limited,SHUBHAKAMANA SECURITIES PVT. LTD,100,1300.0,130000.0,2025-07-29 13:45:13.524554
2025-07-29,47529,2025072903022269,GRDBL,Kohinoor Investment & Securities Pvt. Ltd.,Imperial Securities Company Pvt. Ltd.,7,1275.0,8925.0,2025-07-29 13:46:19.446379
2025-07-29,47398,2025072903022292,GRDBL,Ashutosh Brokerage & Securities (PVT) Ltd.,SHUBHAKAMANA SECURITIES PVT. LTD,50,1300.0,65000.0,2025-07-29 13:46:32.132974
2025-07-29,43498,2025072903023119,GRDBL,Imperial Securities Company Pvt. Ltd.,Hatemalo Financial Services Private Limited,10,1301.0,13010.0,2025-07-29 13:54:19.948431
2025-07-29,42736,2025072903023285,GRDBL,Ashutosh Brokerage & Securities (PVT) Ltd.,Secured Securities Ltd.,44,1300.1,57204.4,2025-07-29 13:55:59.984652
2025-07-29,40545,2025072903023761,GRDBL,Secured Securities Ltd.,Vision Securities Pvt. Ltd,30,1303.8,39114.0,2025-07-29 14:00:50.271959
2025-07-29,40004,2025072903023860,GRDBL,Naasa Securities Co. Ltd.,Sumeru Securities Pvt. Ltd.,12,1303.9,15646.8,2025-07-29 14:02:05.164132
2025-07-29,39332,2025072903023962,GRDBL,KALASH STOCK MARKET PVT. LTD.,Sumeru Securities Pvt. Ltd.,10,1303.9,13039.0,2025-07-29 14:03:35.685137
2025-07-29,38553,2025072903024112,GRDBL,NIMB Stock Markets Limited,Vision Securities Pvt. Ltd,30,1305.0,39150.0,2025-07-29 14:05:25.918911
2025-07-29,38279,2025072903024179,GRDBL,NIMB Stock Markets Limited,Sumeru Securities Pvt. Ltd.,70,1306.0,91420.0,2025-07-29 14:06:00.803938
2025-07-29,37543,2025072903024321,GRDBL,Secured Securities Ltd.,Himalayan Securities Limited,95,1303.8,123861.0,2025-07-29 14:07:24.056604
2025-07-29,37542,2025072903024322,GRDBL,Ashutosh Brokerage & Securities (PVT) Ltd.,Himalayan Securities Limited,25,1300.1,32502.5,2025-07-29 14:07:24.056714
2025-07-29,37541,2025072903024323,GRDBL,Imperial Securities Company Pvt. Ltd.,Himalayan Securities Limited,10,1297.0,12970.0,2025-07-29 14:07:24.056741
2025-07-29,37540,2025072903024324,GRDBL,Sweta Securities Private Limited,Himalayan Securities Limited,10,1297.0,12970.0,2025-07-29 14:07:24.056766
2025-07-29,37539,2025072903024325,GRDBL,Online Securities Pvt. Ltd.,Himalayan Securities Limited,110,1296.0,142560.0,2025-07-29 14:07:24.056790
2025-07-29,37538,2025072903024326,GRDBL,Sundhara Securities Limited,Himalayan Securities Limited,50,1295.1,64755.0,2025-07-29 14:07:24.056820
2025-07-29,37537,2025072903024327,GRDBL,Midas Stock Broking Company Private Limited,Himalayan Securities Limited,35,1295.0,45325.0,2025-07-29 14:07:24.056856
2025-07-29,37536,2025072903024328,GRDBL,Sani Securities Company Ltd.,Himalayan Securities Limited,65,1295.0,84175.0,2025-07-29 14:07:24.056880
2025-07-29,37389,2025072903024365,GRDBL,Hatemalo Financial Services Private Limited,Online Securities Pvt. Ltd.,50,1307.0,65350.0,2025-07-29 14:07:39.321430
2025-07-29,37200,2025072903024412,GRDBL,NIMB Stock Markets Limited,Online Securities Pvt. Ltd.,450,1307.0,588150.0,2025-07-29 14:08:06.429882
2025-07-29,35105,2025072903024797,GRDBL,Arun Securities (PVT) Ltd.,ABC Securities Private Limited,99,1297.1,128412.9,2025-07-29 14:12:16.646443
2025-07-29,34909,2025072903024821,GRDBL,Arun Securities (PVT) Ltd.,ABC Securities Private Limited,100,1297.1,129710.0,2025-07-29 14:12:39.508121
2025-07-29,33545,2025072903025136,GRDBL,Dipshikha Dhitopatra Karobar Co. Pvt Ltd.,SHUBHAKAMANA SECURITIES PVT. LTD,10,1298.0,12980.0,2025-07-29 14:15:26.025369
2025-07-29,32981,2025072903025260,GRDBL,Imperial Securities Company Pvt. Ltd.,SHUBHAKAMANA SECURITIES PVT. LTD,20,1298.0,25960.0,2025-07-29 14:16:26.272785
2025-07-29,32436,2025072903025382,GRDBL,Bhrikuti Stock Broking Co. Pvt. Ltd.,Dynamic Money Managers Securities Pvt. Ltd.,10,1300.0,13000.0,2025-07-29 14:17:21.236475
2025-07-29,30621,2025072903025739,GRDBL,SHUBHAKAMANA SECURITIES PVT. LTD,Deevyaa Securities & Stock House Pvt. Ltd,24,1306.0,31344.0,2025-07-29 14:20:45.707899
2025-07-29,30543,2025072903025763,GRDBL,SHUBHAKAMANA SECURITIES PVT. LTD,Deevyaa Securities & Stock House Pvt. Ltd,106,1306.0,138436.0,2025-07-29 14:20:55.740985
2025-07-29,30542,2025072903025764,GRDBL,SHUBHAKAMANA SECURITIES PVT. LTD,Kumari Securities Private Limited,100,1306.0,130600.0,2025-07-29 14:20:55.741051
2025-07-29,27897,2025072903026239,GRDBL,Hatemalo Financial Services Private Limited,INDEX SECURITIES LIMITED,30,1298.0,38940.0,2025-07-29 14:25:51.324388
2025-07-29,27896,2025072903026240,GRDBL,Arun Securities (PVT) Ltd.,INDEX SECURITIES LIMITED,761,1296.0,986256.0,2025-07-29 14:25:51.324449
2025-07-29,27895,2025072903026241,GRDBL,Cristal Kanchanjanga Securites Pvt. Ltd.,INDEX SECURITIES LIMITED,10,1295.0,12950.0,2025-07-29 14:25:51.324482
2025-07-29,27894,2025072903026242,GRDBL,Dynamic Money Managers Securities Pvt. Ltd.,INDEX SECURITIES LIMITED,10,1294.0,12940.0,2025-07-29 14:25:51.324510
2025-07-29,27893,2025072903026243,GRDBL,Naasa Securities Co. Ltd.,INDEX SECURITIES LIMITED,10,1294.0,12940.0,2025-07-29 14:25:51.324540
2025-07-29,27892,2025072903026244,GRDBL,Sweta Securities Private Limited,INDEX SECURITIES LIMITED,179,1293.0,231447.0,2025-07-29 14:25:51.324569
2025-07-29,27568,2025072903026305,GRDBL,Sweta Securities Private Limited,Sumeru Securities Pvt. Ltd.,250,1293.0,323250.0,2025-07-29 14:26:29.179883
2025-07-29,23613,2025072903027220,GRDBL,Sweta Securities Private Limited,SHUBHAKAMANA SECURITIES PVT. LTD,31,1295.0,40145.0,2025-07-29 14:33:06.807202
2025-07-29,23612,2025072903027221,GRDBL,Pragyan Securities (PVT) Ltd.,SHUBHAKAMANA SECURITIES PVT. LTD,10,1293.2,12932.0,2025-07-29 14:33:06.807248
2025-07-29,23611,2025072903027222,GRDBL,Imperial Securities Company Pvt. Ltd.,SHUBHAKAMANA SECURITIES PVT. LTD,10,1293.1,12931.0,2025-07-29 14:33:06.807279
2025-07-29,23610,2025072903027223,GRDBL,Imperial Securities Company Pvt. Ltd.,SHUBHAKAMANA SECURITIES PVT. LTD,10,1293.0,12930.0,2025-07-29 14:33:06.807310
2025-07-29,23609,2025072903027224,GRDBL,KALASH STOCK MARKET PVT. LTD.,SHUBHAKAMANA SECURITIES PVT. LTD,439,1293.0,567627.0,2025-07-29 14:33:06.807353
2025-07-29,22890,2025072903027341,GRDBL,KALASH STOCK MARKET PVT. LTD.,Nagarik Stock Dealer ,32,1293.0,41376.0,2025-07-29 14:34:12.445180
2025-07-29,22693,2025072903027372,GRDBL,KALASH STOCK MARKET PVT. LTD.,Nagarik Stock Dealer ,10,1293.0,12930.0,2025-07-29 14:34:26.511163
2025-07-29,22024,2025072903027506,GRDBL,Aryatara Investment & Securities,SHUBHAKAMANA SECURITIES PVT. LTD,100,1307.8,130780.0,2025-07-29 14:35:42.471240
2025-07-29,21674,2025072903027587,GRDBL,Imperial Securities Company Pvt. Ltd.,Capital Hub P. Ltd,10,1293.0,12930.0,2025-07-29 14:36:22.232189
2025-07-29,21673,2025072903027588,GRDBL,Oxford Securities Pvt. Ltd.,Capital Hub P. Ltd,490,1293.0,633570.0,2025-07-29 14:36:22.232353
2025-07-29,18790,2025072903028101,GRDBL,Trishakti Securities Public Limited,Vision Securities Pvt. Ltd,25,1293.2,32330.0,2025-07-29 14:41:04.311960
2025-07-29,18789,2025072903028102,GRDBL,Pragyan Securities (PVT) Ltd.,Vision Securities Pvt. Ltd,10,1293.1,12931.0,2025-07-29 14:41:04.311990
2025-07-29,18788,2025072903028103,GRDBL,Oxford Securities Pvt. Ltd.,Vision Securities Pvt. Ltd,510,1293.0,659430.0,2025-07-29 14:41:04.312017
2025-07-29,18787,2025072903028104,GRDBL,Agrawal Securities (PVT) Ltd.,Vision Securities Pvt. Ltd,20,1293.0,25860.0,2025-07-29 14:41:04.312048
2025-07-29,18786,2025072903028105,GRDBL,KALASH STOCK MARKET PVT. LTD.,Vision Securities Pvt. Ltd,435,1292.2,562107.0,2025-07-29 14:41:04.312071
2025-07-29,18599,2025072903028144,GRDBL,KALASH STOCK MARKET PVT. LTD.,Linch Stock Market Ltd.,160,1292.2,206752.0,2025-07-29 14:41:23.042433
2025-07-29,18598,2025072903028145,GRDBL,Hatemalo Financial Services Private Limited,Linch Stock Market Ltd.,50,1292.1,64605.0,2025-07-29 14:41:23.042532
2025-07-29,18597,2025072903028146,GRDBL,Cristal Kanchanjanga Securites Pvt. Ltd.,Linch Stock Market Ltd.,10,1291.0,12910.0,2025-07-29 14:41:23.042605
2025-07-29,18596,2025072903028147,GRDBL,Hatemalo Financial Services Private Limited,Linch Stock Market Ltd.,50,1290.5,64525.0,2025-07-29 14:41:23.042678
2025-07-29,18595,2025072903028148,GRDBL,Imperial Securities Company Pvt. Ltd.,Linch Stock Market Ltd.,10,1290.0,12900.0,2025-07-29 14:41:23.042750
2025-07-29,18594,2025072903028149,GRDBL,Nepal Stock House (PVT) Ltd.,Linch Stock Market Ltd.,30,1290.0,38700.0,2025-07-29 14:41:23.042826
2025-07-29,18593,2025072903028150,GRDBL,Ashutosh Brokerage & Securities (PVT) Ltd.,Linch Stock Market Ltd.,20,1290.0,25800.0,2025-07-29 14:41:23.042924
2025-07-29,18592,2025072903028151,GRDBL,Naasa Securities Co. Ltd.,Linch Stock Market Ltd.,10,1290.0,12900.0,2025-07-29 14:41:23.042987
2025-07-29,18591,2025072903028152,GRDBL,Sweta Securities Private Limited,Linch Stock Market Ltd.,10,1288.0,12880.0,2025-07-29 14:41:23.043100
2025-07-29,18590,2025072903028153,GRDBL,Trishakti Securities Public Limited,Linch Stock Market Ltd.,100,1287.0,128700.0,2025-07-29 14:41:23.043165
2025-07-29,18589,2025072903028154,GRDBL,Naasa Securities Co. Ltd.,Linch Stock Market Ltd.,100,1285.0,128500.0,2025-07-29 14:41:23.043247
2025-07-29,18588,2025072903028155,GRDBL,Hatemalo Financial Services Private Limited,Linch Stock Market Ltd.,100,1285.0,128500.0,2025-07-29 14:41:23.043328
2025-07-29,18587,2025072903028156,GRDBL,Linch Stock Market Ltd.,Linch Stock Market Ltd.,20,1285.0,25700.0,2025-07-29 14:41:23.043426
2025-07-29,18586,2025072903028157,GRDBL,Dynamic Money Managers Securities Pvt. Ltd.,Linch Stock Market Ltd.,50,1285.0,64250.0,2025-07-29 14:41:23.043501
2025-07-29,18585,2025072903028158,GRDBL,Kohinoor Investment & Securities Pvt. Ltd.,Linch Stock Market Ltd.,40,1285.0,51400.0,2025-07-29 14:41:23.043614
2025-07-29,18584,2025072903028159,GRDBL,Pragyan Securities (PVT) Ltd.,Linch Stock Market Ltd.,10,1285.0,12850.0,2025-07-29 14:41:23.043685
2025-07-29,18583,2025072903028160,GRDBL,Sweta Securities Private Limited,Linch Stock Market Ltd.,20,1284.0,25680.0,2025-07-29 14:41:23.043744
2025-07-29,18582,2025072903028161,GRDBL,Dipshikha Dhitopatra Karobar Co. Pvt Ltd.,Linch Stock Market Ltd.,20,1282.0,25640.0,2025-07-29 14:41:23.043814
2025-07-29,18581,2025072903028162,GRDBL,Sweta Securities Private Limited,Linch Stock Market Ltd.,20,1281.0,25620.0,2025-07-29 14:41:23.043895
2025-07-29,18580,2025072903028163,GRDBL,Kohinoor Investment & Securities Pvt. Ltd.,Linch Stock Market Ltd.,40,1280.0,51200.0,2025-07-29 14:41:23.043950
2025-07-29,18579,2025072903028164,GRDBL,Nepal Investment And Securities Trading Private Limited,Linch Stock Market Ltd.,100,1280.0,128000.0,2025-07-29 14:41:23.044074
2025-07-29,18578,2025072903028165,GRDBL,Thrive Brokerage House Pvt. Ltd,Linch Stock Market Ltd.,30,1280.0,38400.0,2025-07-29 14:41:23.044159
2025-07-29,16849,2025072903028414,GRDBL,Miyo Securities Pvt Ltd,Premier Securities Company Ltd.,10,1300.0,13000.0,2025-07-29 14:43:59.276177
2025-07-29,16332,2025072903028495,GRDBL,Blue Chip Securities Ltd,Premier Securities Company Ltd.,390,1300.0,507000.0,2025-07-29 14:44:49.266559
2025-07-29,16331,2025072903028496,GRDBL,Blue Chip Securities Ltd,SHUBHAKAMANA SECURITIES PVT. LTD,100,1305.0,130500.0,2025-07-29 14:44:49.266609
2025-07-29,16330,2025072903028497,GRDBL,Blue Chip Securities Ltd,Dakshinkali Investment & Securities Pvt. Ltd.,60,1306.0,78360.0,2025-07-29 14:44:49.266635
2025-07-29,16329,2025072903028498,GRDBL,Blue Chip Securities Ltd,Sundhara Securities Limited,10,1306.9,13069.0,2025-07-29 14:44:49.266663
2025-07-29,16328,2025072903028499,GRDBL,Blue Chip Securities Ltd,Dakshinkali Investment & Securities Pvt. Ltd.,50,1307.0,65350.0,2025-07-29 14:44:49.266699
2025-07-29,16327,2025072903028500,GRDBL,Blue Chip Securities Ltd,Dakshinkali Investment & Securities Pvt. Ltd.,50,1307.0,65350.0,2025-07-29 14:44:49.266727
2025-07-29,16326,2025072903028501,GRDBL,Blue Chip Securities Ltd,Dakshinkali Investment & Securities Pvt. Ltd.,40,1307.0,52280.0,2025-07-29 14:44:49.266750
2025-07-29,16325,2025072903028502,GRDBL,Blue Chip Securities Ltd,ABC Securities Private Limited,100,1307.9,130790.0,2025-07-29 14:44:49.266789
2025-07-29,16324,2025072903028503,GRDBL,Blue Chip Securities Ltd,Secured Securities Ltd.,17,1308.0,22236.0,2025-07-29 14:44:49.266824
2025-07-29,16323,2025072903028504,GRDBL,Blue Chip Securities Ltd,Oxford Securities Pvt. Ltd.,50,1310.0,65500.0,2025-07-29 14:44:49.266850
2025-07-29,16322,2025072903028505,GRDBL,Blue Chip Securities Ltd,Agrawal Securities (PVT) Ltd.,19,1310.0,24890.0,2025-07-29 14:44:49.266874
2025-07-29,16321,2025072903028506,GRDBL,Blue Chip Securities Ltd,Imperial Securities Company Pvt. Ltd.,16,1310.0,20960.0,2025-07-29 14:44:49.266900
2025-07-29,16320,2025072903028507,GRDBL,Blue Chip Securities Ltd,Online Securities Pvt. Ltd.,50,1310.0,65500.0,2025-07-29 14:44:49.266924
2025-07-29,16319,2025072903028508,GRDBL,Blue Chip Securities Ltd,Online Securities Pvt. Ltd.,300,1315.0,394500.0,2025-07-29 14:44:49.266950
2025-07-29,16318,2025072903028509,GRDBL,Blue Chip Securities Ltd,Agrawal Securities (PVT) Ltd.,53,1315.0,69695.0,2025-07-29 14:44:49.266980
2025-07-29,16317,2025072903028510,GRDBL,Blue Chip Securities Ltd,Thrive Brokerage House Pvt. Ltd,10,1315.8,13158.0,2025-07-29 14:44:49.267006
2025-07-29,16316,2025072903028511,GRDBL,Blue Chip Securities Ltd,Hatemalo Financial Services Private Limited,10,1318.8,13188.0,2025-07-29 14:44:49.267046
2025-07-29,16315,2025072903028512,GRDBL,Blue Chip Securities Ltd,Dipshikha Dhitopatra Karobar Co. Pvt Ltd.,15,1320.0,19800.0,2025-07-29 14:44:49.267090
2025-07-29,16314,2025072903028513,GRDBL,Blue Chip Securities Ltd,Agrawal Securities (PVT) Ltd.,100,1320.0,132000.0,2025-07-29 14:44:49.267113
2025-07-29,16313,2025072903028514,GRDBL,Blue Chip Securities Ltd,Naasa Securities Co. Ltd.,50,1325.0,66250.0,2025-07-29 14:44:49.267135
2025-07-29,16312,2025072903028515,GRDBL,Blue Chip Securities Ltd,Trishakti Securities Public Limited,200,1326.0,265200.0,2025-07-29 14:44:49.267164
2025-07-29,16311,2025072903028516,GRDBL,Blue Chip Securities Ltd,Citizens Share Broker Limited,50,1326.0,66300.0,2025-07-29 14:44:49.267192
2025-07-29,16310,2025072903028517,GRDBL,Blue Chip Securities Ltd,Citizens Share Broker Limited,100,1326.0,132600.0,2025-07-29 14:44:49.267215
2025-07-29,16309,2025072903028518,GRDBL,Blue Chip Securities Ltd,Imperial Securities Company Pvt. Ltd.,20,1326.0,26520.0,2025-07-29 14:44:49.267242
2025-07-29,16308,2025072903028519,GRDBL,Blue Chip Securities Ltd,Bhrikuti Stock Broking Co. Pvt. Ltd.,200,1326.0,265200.0,2025-07-29 14:44:49.267264
2025-07-29,16307,2025072903028520,GRDBL,Blue Chip Securities Ltd,Online Securities Pvt. Ltd.,53,1327.0,70331.0,2025-07-29 14:44:49.267289
2025-07-29,16306,2025072903028521,GRDBL,Blue Chip Securities Ltd,Vision Securities Pvt. Ltd,50,1330.0,66500.0,2025-07-29 14:44:49.267323
2025-07-29,16305,2025072903028522,GRDBL,Blue Chip Securities Ltd,Dipshikha Dhitopatra Karobar Co. Pvt Ltd.,27,1330.0,35910.0,2025-07-29 14:44:49.267348
2025-07-29,16304,2025072903028523,GRDBL,Blue Chip Securities Ltd,Kumari Securities Private Limited,50,1330.0,66500.0,2025-07-29 14:44:49.267380
2025-07-29,16303,2025072903028524,GRDBL,Blue Chip Securities Ltd,Investment Management Nepal Pvt. Ltd.,138,1330.0,183540.0,2025-07-29 14:44:49.267405
2025-07-29,16302,2025072903028525,GRDBL,Blue Chip Securities Ltd,Online Securities Pvt. Ltd.,51,1330.0,67830.0,2025-07-29 14:44:49.267430
2025-07-29,16301,2025072903028526,GRDBL,Blue Chip Securities Ltd,Online Securities Pvt. Ltd.,50,1332.0,66600.0,2025-07-29 14:44:49.267467
2025-07-29,16300,2025072903028527,GRDBL,Blue Chip Securities Ltd,Hatemalo Financial Services Private Limited,100,1332.0,133200.0,2025-07-29 14:44:49.267491
2025-07-29,16299,2025072903028528,GRDBL,Blue Chip Securities Ltd,Thrive Brokerage House Pvt. Ltd,10,1332.0,13320.0,2025-07-29 14:44:49.267510
2025-07-29,16298,2025072903028529,GRDBL,Blue Chip Securities Ltd,Imperial Securities Company Pvt. Ltd.,30,1332.0,39960.0,2025-07-29 14:44:49.267536
2025-07-29,16297,2025072903028530,GRDBL,Blue Chip Securities Ltd,Midas Stock Broking Company Private Limited,200,1332.0,266400.0,2025-07-29 14:44:49.267560
2025-07-29,16296,2025072903028531,GRDBL,Blue Chip Securities Ltd,Shree Krishna Securities Ltd.,350,1333.1,466585.0,2025-07-29 14:44:49.267584
2025-07-29,16295,2025072903028532,GRDBL,Blue Chip Securities Ltd,Naasa Securities Co. Ltd.,50,1335.0,66750.0,2025-07-29 14:44:49.267608
2025-07-29,16294,2025072903028533,GRDBL,Blue Chip Securities Ltd,Vision Securities Pvt. Ltd,20,1338.0,26760.0,2025-07-29 14:44:49.267635
2025-07-29,16293,2025072903028534,GRDBL,Blue Chip Securities Ltd,Aryatara Investment & Securities,200,1339.0,267800.0,2025-07-29 14:44:49.267663
2025-07-29,16292,2025072903028535,GRDBL,Blue Chip Securities Ltd,Deevyaa Securities & Stock House Pvt. Ltd,20,1339.0,26780.0,2025-07-29 14:44:49.267688
2025-07-29,16291,2025072903028536,GRDBL,Blue Chip Securities Ltd,Aryatara Investment & Securities,300,1340.0,402000.0,2025-07-29 14:44:49.267710
2025-07-29,16290,2025072903028537,GRDBL,Blue Chip Securities Ltd,Sani Securities Company Ltd.,12,1340.0,16080.0,2025-07-29 14:44:49.267754
2025-07-29,16289,2025072903028538,GRDBL,Blue Chip Securities Ltd,Bhrikuti Stock Broking Co. Pvt. Ltd.,100,1340.0,134000.0,2025-07-29 14:44:49.267787
2025-07-29,16288,2025072903028539,GRDBL,Blue Chip Securities Ltd,Bhrikuti Stock Broking Co. Pvt. Ltd.,100,1340.0,134000.0,2025-07-29 14:44:49.267818
2025-07-29,16287,2025072903028540,GRDBL,Blue Chip Securities Ltd,Bhrikuti Stock Broking Co. Pvt. Ltd.,173,1340.0,231820.0,2025-07-29 14:44:49.267844
2025-07-29,16286,2025072903028541,GRDBL,Blue Chip Securities Ltd,South Asian Bulls Pvt. Ltd.,20,1340.0,26800.0,2025-07-29 14:44:49.267862
2025-07-29,16285,2025072903028542,GRDBL,Blue Chip Securities Ltd,SUN SECURITIES PVT LTD,100,1342.0,134200.0,2025-07-29 14:44:49.267887
2025-07-29,16284,2025072903028543,GRDBL,Blue Chip Securities Ltd,Kohinoor Investment & Securities Pvt. Ltd.,10,1342.0,13420.0,2025-07-29 14:44:49.267912
2025-07-29,16283,2025072903028544,GRDBL,Blue Chip Securities Ltd,Naasa Securities Co. Ltd.,70,1342.0,93940.0,2025-07-29 14:44:49.267936
2025-07-29,16282,2025072903028545,GRDBL,Blue Chip Securities Ltd,Thrive Brokerage House Pvt. Ltd,10,1344.3,13443.0,2025-07-29 14:44:49.267960
2025-07-29,16281,2025072903028546,GRDBL,Blue Chip Securities Ltd,Cristal Kanchanjanga Securites Pvt. Ltd.,100,1345.0,134500.0,2025-07-29 14:44:49.267984
2025-07-29,16280,2025072903028547,GRDBL,Blue Chip Securities Ltd,Aryatara Investment & Securities,50,1345.3,67265.0,2025-07-29 14:44:49.268008
2025-07-29,16279,2025072903028548,GRDBL,Blue Chip Securities Ltd,Nepal Investment And Securities Trading Private Limited,100,1346.0,134600.0,2025-07-29 14:44:49.268046
2025-07-29,16278,2025072903028549,GRDBL,Blue Chip Securities Ltd,Kumari Securities Private Limited,30,1346.0,40380.0,2025-07-29 14:44:49.268076
2025-07-29,16277,2025072903028550,GRDBL,Blue Chip Securities Ltd,Kohinoor Investment & Securities Pvt. Ltd.,10,1346.0,13460.0,2025-07-29 14:44:49.268112
2025-07-29,16276,2025072903028551,GRDBL,Blue Chip Securities Ltd,South Asian Bulls Pvt. Ltd.,10,1346.0,13460.0,2025-07-29 14:44:49.268134
2025-07-29,16275,2025072903028552,GRDBL,Blue Chip Securities Ltd,Shree Krishna Securities Ltd.,20,1346.0,26920.0,2025-07-29 14:44:49.268154
2025-07-29,16274,2025072903028553,GRDBL,Blue Chip Securities Ltd,Dakshinkali Investment & Securities Pvt. Ltd.,100,1346.4,134640.0,2025-07-29 14:44:49.268178
2025-07-29,16273,2025072903028554,GRDBL,Blue Chip Securities Ltd,Naasa Securities Co. Ltd.,23,1350.0,31050.0,2025-07-29 14:44:49.268202
2025-07-29,16272,2025072903028555,GRDBL,Blue Chip Securities Ltd,Thrive Brokerage House Pvt. Ltd,40,1350.0,54000.0,2025-07-29 14:44:49.268233
2025-07-29,16271,2025072903028556,GRDBL,Blue Chip Securities Ltd,Creative Securities Pvt Ltd,50,1364.0,68200.0,2025-07-29 14:44:49.268255
2025-07-29,16270,2025072903028557,GRDBL,Blue Chip Securities Ltd,Opal Securities Investment (PVT) Ltd.,52,1365.0,70980.0,2025-07-29 14:44:49.268279
2025-07-29,16269,2025072903028558,GRDBL,Blue Chip Securities Ltd,Naasa Securities Co. Ltd.,61,1365.0,83265.0,2025-07-29 14:44:49.268302
2025-07-29,16252,2025072903028560,GRDBL,Trishakti Securities Public Limited,Linch Stock Market Ltd.,10,1287.2,12872.0,2025-07-29 14:44:51.965348
2025-07-29,15235,2025072903028735,GRDBL,Blue Chip Securities Ltd,Naasa Securities Co. Ltd.,10,1365.0,13650.0,2025-07-29 14:46:07.511139
2025-07-29,15113,2025072903028759,GRDBL,Secured Securities Ltd.,Linch Stock Market Ltd.,10,1287.2,12872.0,2025-07-29 14:46:19.339863
2025-07-29,15112,2025072903028760,GRDBL,Secured Securities Ltd.,Linch Stock Market Ltd.,10,1287.2,12872.0,2025-07-29 14:46:19.344163
2025-07-29,14468,2025072903028904,GRDBL,Capital Max Securities Ltd,Dakshinkali Investment & Securities Pvt. Ltd.,100,1310.0,131000.0,2025-07-29 14:47:12.712715
2025-07-29,14298,2025072903028936,GRDBL,Premier Securities Company Ltd.,Linch Stock Market Ltd.,10,1290.0,12900.0,2025-07-29 14:47:26.464594
2025-07-29,14297,2025072903028937,GRDBL,Sani Securities Company Ltd.,Linch Stock Market Ltd.,10,1288.0,12880.0,2025-07-29 14:47:26.497218
2025-07-29,12403,2025072903029228,GRDBL,Capital Max Securities Ltd,Swarna Laxmi Securities Pvt. Ltd.,50,1313.0,65650.0,2025-07-29 14:50:09.331345
2025-07-29,12050,2025072903029335,GRDBL,Sani Securities Company Ltd.,Linch Stock Market Ltd.,10,1295.0,12950.0,2025-07-29 14:50:32.187841
2025-07-29,11095,2025072903029525,GRDBL,Linch Stock Market Ltd.,Swarna Laxmi Securities Pvt. Ltd.,10,1320.0,13200.0,2025-07-29 14:51:40.559370
2025-07-29,11094,2025072903029526,GRDBL,Linch Stock Market Ltd.,SHUBHAKAMANA SECURITIES PVT. LTD,100,1339.0,133900.0,2025-07-29 14:51:40.559465
2025-07-29,11093,2025072903029527,GRDBL,Linch Stock Market Ltd.,Imperial Securities Company Pvt. Ltd.,20,1339.0,26780.0,2025-07-29 14:51:40.559541
2025-07-29,11092,2025072903029528,GRDBL,Linch Stock Market Ltd.,Elite Stock House Limited,171,1360.0,232560.0,2025-07-29 14:51:40.559612
2025-07-29,11091,2025072903029529,GRDBL,Linch Stock Market Ltd.,Naasa Securities Co. Ltd.,59,1365.0,80535.0,2025-07-29 14:51:40.559687
2025-07-29,11090,2025072903029530,GRDBL,Linch Stock Market Ltd.,Aryatara Investment & Securities,40,1365.0,54600.0,2025-07-29 14:51:40.559762
2025-07-29,11089,2025072903029531,GRDBL,Linch Stock Market Ltd.,Secured Securities Ltd.,70,1365.0,95550.0,2025-07-29 14:51:40.559831
2025-07-29,11088,2025072903029532,GRDBL,Linch Stock Market Ltd.,NIMB Stock Markets Limited,500,1365.0,682500.0,2025-07-29 14:51:40.559901
2025-07-29,11087,2025072903029533,GRDBL,Linch Stock Market Ltd.,Creative Securities Pvt Ltd,80,1365.0,109200.0,2025-07-29 14:51:40.559972
2025-07-29,11086,2025072903029534,GRDBL,Linch Stock Market Ltd.,Sani Securities Company Ltd.,100,1365.0,136500.0,2025-07-29 14:51:40.560066
2025-07-29,11085,2025072903029535,GRDBL,Linch Stock Market Ltd.,Linch Stock Market Ltd.,100,1365.0,136500.0,2025-07-29 14:51:40.560134
2025-07-29,11084,2025072903029536,GRDBL,Linch Stock Market Ltd.,Dipshikha Dhitopatra Karobar Co. Pvt Ltd.,20,1365.0,27300.0,2025-07-29 14:51:40.560205
2025-07-29,11083,2025072903029537,GRDBL,Linch Stock Market Ltd.,Kohinoor Investment & Securities Pvt. Ltd.,300,1365.1,409530.0,2025-07-29 14:51:40.560277
2025-07-29,11082,2025072903029538,GRDBL,Linch Stock Market Ltd.,Sri Hari Securities Pvt. Ltd.,250,1365.7,341425.0,2025-07-29 14:51:40.560350
2025-07-29,11081,2025072903029539,GRDBL,Linch Stock Market Ltd.,South Asian Bulls Pvt. Ltd.,30,1365.7,40971.0,2025-07-29 14:51:40.560418
2025-07-29,11080,2025072903029540,GRDBL,Linch Stock Market Ltd.,Thrive Brokerage House Pvt. Ltd,20,1365.7,27314.0,2025-07-29 14:51:40.560484
2025-07-29,11079,2025072903029541,GRDBL,Linch Stock Market Ltd.,Vision Securities Pvt. Ltd,134,1365.7,183003.8,2025-07-29 14:51:40.560559
2025-07-29,11078,2025072903029542,GRDBL,Linch Stock Market Ltd.,Agrawal Securities (PVT) Ltd.,365,1365.7,498480.5,2025-07-29 14:51:40.560607
2025-07-29,11077,2025072903029543,GRDBL,Linch Stock Market Ltd.,ABC Securities Private Limited,150,1385.0,207750.0,2025-07-29 14:51:40.560669
2025-07-29,11076,2025072903029544,GRDBL,Linch Stock Market Ltd.,Linch Stock Market Ltd.,5000,1389.0,6945000.0,2025-07-29 14:51:40.560719
2025-07-29,11075,2025072903029545,GRDBL,Linch Stock Market Ltd.,Dipshikha Dhitopatra Karobar Co. Pvt Ltd.,481,1390.0,668590.0,2025-07-29 14:51:40.560769
2025-07-29,11028,2025072903029549,GRDBL,Sani Securities Company Ltd.,Linch Stock Market Ltd.,10,1300.0,13000.0,2025-07-29 14:51:43.596664
2025-07-29,9907,2025072903029814,GRDBL,Vision Securities Pvt. Ltd,Swarna Laxmi Securities Pvt. Ltd.,10,1326.0,13260.0,2025-07-29 14:52:52.031163
2025-07-29,8667,2025072903030029,GRDBL,Sumeru Securities Pvt. Ltd.,Imperial Securities Company Pvt. Ltd.,50,1326.0,66300.0,2025-07-29 14:53:59.323126
2025-07-29,8589,2025072903030054,GRDBL,Sani Securities Company Ltd.,Sumeru Securities Pvt. Ltd.,30,1305.0,39150.0,2025-07-29 14:54:03.368340
2025-07-29,8588,2025072903030055,GRDBL,Sumeru Securities Pvt. Ltd.,Sumeru Securities Pvt. Ltd.,90,1304.0,117360.0,2025-07-29 14:54:03.368445
2025-07-29,8587,2025072903030056,GRDBL,Sani Securities Company Ltd.,Sumeru Securities Pvt. Ltd.,40,1304.0,52160.0,2025-07-29 14:54:03.368522
2025-07-29,8586,2025072903030057,GRDBL,Vision Securities Pvt. Ltd,Sumeru Securities Pvt. Ltd.,340,1303.0,443020.0,2025-07-29 14:54:03.368597
2025-07-29,7604,2025072903030221,GRDBL,Deevyaa Securities & Stock House Pvt. Ltd,Sagarmatha Securities Private Limited,130,1306.0,169780.0,2025-07-29 14:55:01.977106
2025-07-29,7603,2025072903030222,GRDBL,Vision Securities Pvt. Ltd,Sagarmatha Securities Private Limited,50,1305.0,65250.0,2025-07-29 14:55:01.977142
2025-07-29,7602,2025072903030223,GRDBL,Vision Securities Pvt. Ltd,Sagarmatha Securities Private Limited,180,1303.0,234540.0,2025-07-29 14:55:01.977168
2025-07-29,7582,2025072903030226,GRDBL,Capital Max Securities Ltd,Naasa Securities Co. Ltd.,40,1313.0,52520.0,2025-07-29 14:55:03.724193
2025-07-29,7348,2025072903030256,GRDBL,Sumeru Securities Pvt. Ltd.,Linch Stock Market Ltd.,10,1307.0,13070.0,2025-07-29 14:55:17.881753
2025-07-29,6699,2025072903030390,GRDBL,Online Securities Pvt. Ltd.,Siprabi Securities Pvt. Ltd.,10,1325.0,13250.0,2025-07-29 14:55:57.069930
2025-07-29,4983,2025072903030713,GRDBL,Thrive Brokerage House Pvt. Ltd,Vision Securities Pvt. Ltd,40,1307.0,52280.0,2025-07-29 14:57:20.091559
2025-07-29,4510,2025072903030788,GRDBL,Dipshikha Dhitopatra Karobar Co. Pvt Ltd.,Vision Securities Pvt. Ltd,140,1300.3,182042.0,2025-07-29 14:57:40.508292
2025-07-29,3928,2025072903030886,GRDBL,Kohinoor Investment & Securities Pvt. Ltd.,Kumari Securities Private Limited,1,1278.0,1278.0,2025-07-29 14:58:04.249159
2025-07-29,3874,2025072903030900,GRDBL,Aryatara Investment & Securities,Vision Securities Pvt. Ltd,150,1310.0,196500.0,2025-07-29 14:58:07.152713
2025-07-29,3763,2025072903030927,GRDBL,Kohinoor Investment & Securities Pvt. Ltd.,Sani Securities Company Ltd.,1,1285.0,1285.0,2025-07-29 14:58:11.419835
2025-07-29,3045,2025072903031060,GRDBL,Oxford Securities Pvt. Ltd.,Vision Securities Pvt. Ltd,200,1305.0,261000.0,2025-07-29 14:58:37.984411
2025-07-29,2480,2025072903031174,GRDBL,Oxford Securities Pvt. Ltd.,Vision Securities Pvt. Ltd,200,1305.0,261000.0,2025-07-29 14:58:57.956987
2025-07-29,1927,2025072903031288,GRDBL,Oxford Securities Pvt. Ltd.,Vision Securities Pvt. Ltd,100,1305.0,130500.0,2025-07-29 14:59:15.585928
2025-07-29,1337,2025072903031426,GRDBL,Dipshikha Dhitopatra Karobar Co. Pvt Ltd.,Vision Securities Pvt. Ltd,200,1305.3,261060.0,2025-07-29 14:59:30.948305
2025-07-29,1336,2025072903031427,GRDBL,Sani Securities Company Ltd.,Vision Securities Pvt. Ltd,100,1305.0,130500.0,2025-07-29 14:59:30.948426
2025-07-29,791,2025072903031568,GRDBL,Sani Securities Company Ltd.,Vision Securities Pvt. Ltd,200,1305.0,261000.0,2025-07-29 14:59:44.504100
2025-07-29,353,2025072903031658,GRDBL,Oxford Securities Pvt. Ltd.,Vision Securities Pvt. Ltd,100,1306.0,130600.0,2025-07-29 14:59:54.844148
2025-07-29,251,2025072903031679,GRDBL,Oxford Securities Pvt. Ltd.,Swarna Laxmi Securities Pvt. Ltd.,400,1306.0,522400.0,2025-07-29 14:59:56.718004
2025-07-29,25,2025072903031729,GRDBL,Sumeru Securities Pvt. Ltd.,Thrive Brokerage House Pvt. Ltd,70,1306.1,91427.0,2025-07-29 14:59:59.471789
2025-07-29,24,2025072903031730,GRDBL,Linch Stock Market Ltd.,Thrive Brokerage House Pvt. Ltd,100,1305.0,130500.0,2025-07-29 14:59:59.471835
2025-07-29,23,2025072903031731,GRDBL,Opal Securities Investment (PVT) Ltd.,Thrive Brokerage House Pvt. Ltd,100,1305.0,130500.0,2025-07-29 14:59:59.471864
2025-07-29,22,2025072903031732,GRDBL,Sumeru Securities Pvt. Ltd.,Thrive Brokerage House Pvt. Ltd,100,1302.1,130210.0,2025-07-29 14:59:59.471890
2025-07-29,21,2025072903031733,GRDBL,Aryatara Investment & Securities,Thrive Brokerage House Pvt. Ltd,30,1300.5,39015.0,2025-07-29 14:59:59.471918
2025-07-29,20,2025072903031734,GRDBL,Oxford Securities Pvt. Ltd.,Thrive Brokerage House Pvt. Ltd,400,1300.0,520000.0,2025-07-29 14:59:59.471944
