Date,S.N.,Contract ID,Symbol,Buyer Broker,Seller Broker,volume,rate,amount,transaction_time
2025-07-29,156709,2025072903000128,LICN,Midas Stock Broking Company Private Limited,Sagarmatha Securities Private Limited,10,936.0,9360.0,2025-07-29 11:02:15.421485
2025-07-29,156492,2025072903000162,LICN,Sagarmatha Securities Private Limited,Oxford Securities Pvt. Ltd.,10,960.0,9600.0,2025-07-29 11:02:41.662066
2025-07-29,156491,2025072903000163,LICN,Sagarmatha Securities Private Limited,Trisul Securities & Invt. Ltd.,10,960.0,9600.0,2025-07-29 11:02:41.662114
2025-07-29,156490,2025072903000164,LICN,Sagarmatha Securities Private Limited,Dipshikha Dhitopatra Karobar Co. Pvt Ltd.,10,960.0,9600.0,2025-07-29 11:02:41.662136
2025-07-29,156489,2025072903000165,LICN,Sagarmatha Securities Private Limited,Nepal Investment And Securities Trading Private Limited,10,961.6,9616.0,2025-07-29 11:02:41.662160
2025-07-29,155934,2025072903000276,LICN,Market Securities & Exchange (PVT) Ltd.,Nepal Investment And Securities Trading Private Limited,90,961.6,86544.0,2025-07-29 11:03:45.833776
2025-07-29,155134,2025072903000442,LICN,Sagarmatha Securities Private Limited,Aryatara Investment & Securities,10,979.0,9790.0,2025-07-29 11:05:06.839301
2025-07-29,155133,2025072903000443,LICN,Sagarmatha Securities Private Limited,South Asian Bulls Pvt. Ltd.,10,980.0,9800.0,2025-07-29 11:05:06.839391
2025-07-29,154912,2025072903000513,LICN,Market Securities & Exchange (PVT) Ltd.,South Asian Bulls Pvt. Ltd.,90,980.0,88200.0,2025-07-29 11:05:32.344558
2025-07-29,154911,2025072903000514,LICN,Market Securities & Exchange (PVT) Ltd.,Naasa Securities Co. Ltd.,153,980.0,149940.0,2025-07-29 11:05:32.344700
2025-07-29,154910,2025072903000515,LICN,Market Securities & Exchange (PVT) Ltd.,Trisul Securities & Invt. Ltd.,100,980.0,98000.0,2025-07-29 11:05:32.344788
2025-07-29,154909,2025072903000516,LICN,Market Securities & Exchange (PVT) Ltd.,Oxford Securities Pvt. Ltd.,50,980.0,49000.0,2025-07-29 11:05:32.344875
2025-07-29,154908,2025072903000517,LICN,Market Securities & Exchange (PVT) Ltd.,Market Securities & Exchange (PVT) Ltd.,20,980.0,19600.0,2025-07-29 11:05:32.344964
2025-07-29,154907,2025072903000518,LICN,Market Securities & Exchange (PVT) Ltd.,SUN SECURITIES PVT LTD,57,980.8,55905.6,2025-07-29 11:05:32.345061
2025-07-29,154906,2025072903000519,LICN,Market Securities & Exchange (PVT) Ltd.,Oxford Securities Pvt. Ltd.,20,980.8,19616.0,2025-07-29 11:05:32.345147
2025-07-29,154905,2025072903000520,LICN,Market Securities & Exchange (PVT) Ltd.,Thrive Brokerage House Pvt. Ltd,10,980.8,9808.0,2025-07-29 11:05:32.345234
2025-07-29,153227,2025072903000878,LICN,Deevyaa Securities & Stock House Pvt. Ltd,SHUBHAKAMANA SECURITIES PVT. LTD,75,975.0,73125.0,2025-07-29 11:07:59.324117
2025-07-29,153226,2025072903000879,LICN,Deevyaa Securities & Stock House Pvt. Ltd,Naasa Securities Co. Ltd.,10,975.0,9750.0,2025-07-29 11:07:59.324297
2025-07-29,153215,2025072903000880,LICN,Deevyaa Securities & Stock House Pvt. Ltd,Nepal Stock House (PVT) Ltd.,15,975.0,14625.0,2025-07-29 11:08:00.351401
2025-07-29,153169,2025072903000886,LICN,Imperial Securities Company Pvt. Ltd.,Nepal Investment And Securities Trading Private Limited,75,974.0,73050.0,2025-07-29 11:08:03.981604
2025-07-29,151358,2025072903001287,LICN,Naasa Securities Co. Ltd.,Imperial Securities Company Pvt. Ltd.,300,965.0,289500.0,2025-07-29 11:10:28.552797
2025-07-29,151239,2025072903001322,LICN,Naasa Securities Co. Ltd.,Cristal Kanchanjanga Securites Pvt. Ltd.,200,965.0,193000.0,2025-07-29 11:10:38.010577
2025-07-29,150692,2025072903001467,LICN,Naasa Securities Co. Ltd.,Kumari Securities Private Limited,100,962.0,96200.0,2025-07-29 11:11:23.458919
2025-07-29,150635,2025072903001487,LICN,Naasa Securities Co. Ltd.,Dipshikha Dhitopatra Karobar Co. Pvt Ltd.,10,962.0,9620.0,2025-07-29 11:11:27.397598
2025-07-29,150632,2025072903001489,LICN,Naasa Securities Co. Ltd.,Miyo Securities Pvt Ltd,390,962.0,375180.0,2025-07-29 11:11:27.788995
2025-07-29,150427,2025072903001535,LICN,Neev Securities Pvt. Ltd.,Bhrikuti Stock Broking Co. Pvt. Ltd.,28,960.0,26880.0,2025-07-29 11:11:43.845937
2025-07-29,150206,2025072903001578,LICN,Neev Securities Pvt. Ltd.,Investment Management Nepal Pvt. Ltd.,200,960.0,192000.0,2025-07-29 11:11:58.048335
2025-07-29,150189,2025072903001580,LICN,Neev Securities Pvt. Ltd.,Deevyaa Securities & Stock House Pvt. Ltd,14,960.0,13440.0,2025-07-29 11:11:59.617697
2025-07-29,150153,2025072903001591,LICN,Neev Securities Pvt. Ltd.,Premier Securities Company Ltd.,58,960.0,55680.0,2025-07-29 11:12:02.477912
2025-07-29,150043,2025072903001605,LICN,Naasa Securities Co. Ltd.,Naasa Securities Co. Ltd.,14,946.0,13244.0,2025-07-29 11:12:10.824042
2025-07-29,150042,2025072903001606,LICN,Market Securities & Exchange (PVT) Ltd.,Naasa Securities Co. Ltd.,30,943.0,28290.0,2025-07-29 11:12:10.824092
2025-07-29,149931,2025072903001634,LICN,Nepal Stock House (PVT) Ltd.,Naasa Securities Co. Ltd.,10,943.0,9430.0,2025-07-29 11:12:22.435589
2025-07-29,149347,2025072903001762,LICN,Sagarmatha Securities Private Limited,Online Securities Pvt. Ltd.,10,959.9,9599.0,2025-07-29 11:13:20.111524
2025-07-29,146480,2025072903002321,LICN,Trishakti Securities Public Limited,Aryatara Investment & Securities,60,959.0,57540.0,2025-07-29 11:17:35.620991
2025-07-29,141289,2025072903003399,LICN,Naasa Securities Co. Ltd.,Dynamic Money Managers Securities Pvt. Ltd.,300,958.6,287580.0,2025-07-29 11:24:49.966015
2025-07-29,141288,2025072903003400,LICN,Naasa Securities Co. Ltd.,Aryatara Investment & Securities,40,959.0,38360.0,2025-07-29 11:24:49.966216
2025-07-29,141287,2025072903003401,LICN,Naasa Securities Co. Ltd.,Cristal Kanchanjanga Securites Pvt. Ltd.,100,959.0,95900.0,2025-07-29 11:24:49.966287
2025-07-29,139295,2025072903003852,LICN,Naasa Securities Co. Ltd.,Online Securities Pvt. Ltd.,200,959.9,191980.0,2025-07-29 11:27:43.580253
2025-07-29,139027,2025072903003915,LICN,Naasa Securities Co. Ltd.,Online Securities Pvt. Ltd.,20,959.9,19198.0,2025-07-29 11:28:08.318712
2025-07-29,137194,2025072903004257,LICN,Nepal Investment And Securities Trading Private Limited,Sri Hari Securities Pvt. Ltd.,20,959.8,19196.0,2025-07-29 11:30:51.346718
2025-07-29,137193,2025072903004258,LICN,Nepal Investment And Securities Trading Private Limited,Online Securities Pvt. Ltd.,180,959.9,172782.0,2025-07-29 11:30:51.346872
2025-07-29,137102,2025072903004290,LICN,Naasa Securities Co. Ltd.,Nepal Investment And Securities Trading Private Limited,1,940.8,940.8,2025-07-29 11:31:00.383273
2025-07-29,135247,2025072903004726,LICN,R.B.B. Securities Company Ltd,Online Securities Pvt. Ltd.,200,959.9,191980.0,2025-07-29 11:33:32.754555
2025-07-29,134813,2025072903004816,LICN,Aryatara Investment & Securities,Online Securities Pvt. Ltd.,200,959.9,191980.0,2025-07-29 11:34:14.860473
2025-07-29,134092,2025072903004961,LICN,Imperial Securities Company Pvt. Ltd.,Online Securities Pvt. Ltd.,500,959.9,479950.0,2025-07-29 11:35:25.301606
2025-07-29,132362,2025072903005451,LICN,Nepal Stock House (PVT) Ltd.,Secured Securities Ltd.,150,959.8,143970.0,2025-07-29 11:37:43.693763
2025-07-29,131721,2025072903005608,LICN,Imperial Securities Company Pvt. Ltd.,Online Securities Pvt. Ltd.,111,959.9,106548.9,2025-07-29 11:38:31.478407
2025-07-29,131720,2025072903005609,LICN,Imperial Securities Company Pvt. Ltd.,Aakashbhairab Securities Ltd.,89,959.9,85431.1,2025-07-29 11:38:31.478833
2025-07-29,131105,2025072903005782,LICN,Sagarmatha Securities Private Limited,Nepal Investment And Securities Trading Private Limited,120,959.0,115080.0,2025-07-29 11:39:27.244452
2025-07-29,131024,2025072903005801,LICN,Sagarmatha Securities Private Limited,Aakashbhairab Securities Ltd.,10,959.9,9599.0,2025-07-29 11:39:33.336872
2025-07-29,130879,2025072903005838,LICN,Sagarmatha Securities Private Limited,Premier Securities Company Ltd.,10,960.0,9600.0,2025-07-29 11:39:42.530238
2025-07-29,130821,2025072903005850,LICN,Naasa Securities Co. Ltd.,Nepal Investment And Securities Trading Private Limited,1,940.8,940.8,2025-07-29 11:39:46.594252
2025-07-29,130293,2025072903006011,LICN,R.B.B. Securities Company Ltd,Kumari Securities Private Limited,200,955.0,191000.0,2025-07-29 11:40:31.762605
2025-07-29,129906,2025072903006129,LICN,Cristal Kanchanjanga Securites Pvt. Ltd.,Naasa Securities Co. Ltd.,10,955.0,9550.0,2025-07-29 11:41:10.155709
2025-07-29,129441,2025072903006243,LICN,Sagarmatha Securities Private Limited,Premier Securities Company Ltd.,10,960.0,9600.0,2025-07-29 11:41:49.758764
2025-07-29,129150,2025072903006327,LICN,Cristal Kanchanjanga Securites Pvt. Ltd.,ABC Securities Private Limited,90,955.0,85950.0,2025-07-29 11:42:15.545997
2025-07-29,129149,2025072903006328,LICN,South Asian Bulls Pvt. Ltd.,ABC Securities Private Limited,100,955.0,95500.0,2025-07-29 11:42:15.546158
2025-07-29,129148,2025072903006329,LICN,Secured Securities Ltd.,ABC Securities Private Limited,10,954.0,9540.0,2025-07-29 11:42:15.546231
2025-07-29,124876,2025072903007221,LICN,ABC Securities Private Limited,ABC Securities Private Limited,1,950.0,950.0,2025-07-29 11:48:17.024827
2025-07-29,124292,2025072903007381,LICN,Sewa Securities Pvt. Ltd.,Premier Securities Company Ltd.,50,955.0,47750.0,2025-07-29 11:49:14.730151
2025-07-29,122396,2025072903007786,LICN,J.F. Securites (PVT) Ltd.,Nepal Stock House (PVT) Ltd.,10,957.0,9570.0,2025-07-29 11:52:01.099466
2025-07-29,121832,2025072903007940,LICN,J.F. Securites (PVT) Ltd.,Hatemalo Financial Services Private Limited,30,959.0,28770.0,2025-07-29 11:52:49.402156
2025-07-29,121718,2025072903007961,LICN,Secured Securities Ltd.,Sagarmatha Securities Private Limited,400,957.0,382800.0,2025-07-29 11:53:00.768370
2025-07-29,121717,2025072903007962,LICN,Sewa Securities Pvt. Ltd.,Sagarmatha Securities Private Limited,50,955.0,47750.0,2025-07-29 11:53:00.768566
2025-07-29,121716,2025072903007963,LICN,Naasa Securities Co. Ltd.,Sagarmatha Securities Private Limited,23,955.0,21965.0,2025-07-29 11:53:00.768648
2025-07-29,121715,2025072903007964,LICN,Dipshikha Dhitopatra Karobar Co. Pvt Ltd.,Sagarmatha Securities Private Limited,100,955.0,95500.0,2025-07-29 11:53:00.768726
2025-07-29,121714,2025072903007965,LICN,Naasa Securities Co. Ltd.,Sagarmatha Securities Private Limited,427,955.0,407785.0,2025-07-29 11:53:00.768800
2025-07-29,121612,2025072903008008,LICN,Sagarmatha Securities Private Limited,Premier Securities Company Ltd.,10,960.0,9600.0,2025-07-29 11:53:07.862908
2025-07-29,121567,2025072903008018,LICN,Ashutosh Brokerage & Securities (PVT) Ltd.,Premier Securities Company Ltd.,12,960.0,11520.0,2025-07-29 11:53:13.371550
2025-07-29,121566,2025072903008019,LICN,Ashutosh Brokerage & Securities (PVT) Ltd.,Dipshikha Dhitopatra Karobar Co. Pvt Ltd.,10,960.0,9600.0,2025-07-29 11:53:13.371731
2025-07-29,121565,2025072903008020,LICN,Ashutosh Brokerage & Securities (PVT) Ltd.,ABC Securities Private Limited,28,960.0,26880.0,2025-07-29 11:53:13.371810
2025-07-29,121049,2025072903008126,LICN,Market Securities & Exchange (PVT) Ltd.,Sweta Securities Private Limited,1,945.0,945.0,2025-07-29 11:54:05.796045
2025-07-29,120610,2025072903008242,LICN,Naasa Securities Co. Ltd.,Asian Securities Private Ltd.,33,955.0,31515.0,2025-07-29 11:54:47.159832
2025-07-29,120609,2025072903008243,LICN,Secured Securities Ltd.,Asian Securities Private Ltd.,170,954.0,162180.0,2025-07-29 11:54:47.159876
2025-07-29,119768,2025072903008410,LICN,Kumari Securities Private Limited,Sweta Securities Private Limited,2,935.0,1870.0,2025-07-29 11:55:43.014275
2025-07-29,118810,2025072903008580,LICN,Secured Securities Ltd.,Nepal Investment And Securities Trading Private Limited,20,954.0,19080.0,2025-07-29 11:57:02.594805
2025-07-29,118809,2025072903008581,LICN,Nepal Stock House (PVT) Ltd.,Nepal Investment And Securities Trading Private Limited,10,954.0,9540.0,2025-07-29 11:57:02.595030
2025-07-29,118466,2025072903008647,LICN,Siprabi Securities Pvt. Ltd.,Nepal Investment And Securities Trading Private Limited,90,954.0,85860.0,2025-07-29 11:57:31.933315
2025-07-29,116883,2025072903008942,LICN,Sumeru Securities Pvt. Ltd.,Sagarmatha Securities Private Limited,42,953.0,40026.0,2025-07-29 11:59:26.606793
2025-07-29,116882,2025072903008943,LICN,Imperial Securities Company Pvt. Ltd.,Sagarmatha Securities Private Limited,50,953.0,47650.0,2025-07-29 11:59:26.607171
2025-07-29,116881,2025072903008944,LICN,Siprabi Securities Pvt. Ltd.,Sagarmatha Securities Private Limited,25,953.0,23825.0,2025-07-29 11:59:26.607442
2025-07-29,116880,2025072903008945,LICN,Trishakti Securities Public Limited,Sagarmatha Securities Private Limited,15,950.0,14250.0,2025-07-29 11:59:26.607697
2025-07-29,116879,2025072903008946,LICN,SUN SECURITIES PVT LTD,Sagarmatha Securities Private Limited,10,950.0,9500.0,2025-07-29 11:59:26.607952
2025-07-29,116878,2025072903008947,LICN,Trisul Securities & Invt. Ltd.,Sagarmatha Securities Private Limited,50,950.0,47500.0,2025-07-29 11:59:26.608217
2025-07-29,116877,2025072903008948,LICN,Dynamic Money Managers Securities Pvt. Ltd.,Sagarmatha Securities Private Limited,300,948.1,284430.0,2025-07-29 11:59:26.608446
2025-07-29,116876,2025072903008949,LICN,Swarna Laxmi Securities Pvt. Ltd.,Sagarmatha Securities Private Limited,155,948.0,146940.0,2025-07-29 11:59:26.608681
2025-07-29,116875,2025072903008950,LICN,Sweta Securities Private Limited,Sagarmatha Securities Private Limited,100,946.5,94650.0,2025-07-29 11:59:26.608951
2025-07-29,116874,2025072903008951,LICN,Primo Securities (PVT) Ltd.,Sagarmatha Securities Private Limited,10,946.5,9465.0,2025-07-29 11:59:26.609215
2025-07-29,116873,2025072903008952,LICN,Capital Max Securities Ltd,Sagarmatha Securities Private Limited,40,946.5,37860.0,2025-07-29 11:59:26.609451
2025-07-29,116872,2025072903008953,LICN,Market Securities & Exchange (PVT) Ltd.,Sagarmatha Securities Private Limited,20,946.0,18920.0,2025-07-29 11:59:26.609692
2025-07-29,116871,2025072903008954,LICN,Aryatara Investment & Securities,Sagarmatha Securities Private Limited,50,945.1,47255.0,2025-07-29 11:59:26.609950
2025-07-29,116870,2025072903008955,LICN,Market Securities & Exchange (PVT) Ltd.,Sagarmatha Securities Private Limited,50,945.0,47250.0,2025-07-29 11:59:26.610189
2025-07-29,116869,2025072903008956,LICN,Dynamic Money Managers Securities Pvt. Ltd.,Sagarmatha Securities Private Limited,83,945.0,78435.0,2025-07-29 11:59:26.610414
2025-07-29,116744,2025072903008975,LICN,Sagarmatha Securities Private Limited,Nepal Investment And Securities Trading Private Limited,10,954.0,9540.0,2025-07-29 11:59:36.677241
2025-07-29,113841,2025072903009470,LICN,Naasa Securities Co. Ltd.,Nepal Investment And Securities Trading Private Limited,95,954.0,90630.0,2025-07-29 12:02:35.722237
2025-07-29,113148,2025072903009603,LICN,Sagarmatha Securities Private Limited,Vision Securities Pvt. Ltd,10,959.0,9590.0,2025-07-29 12:03:19.662707
2025-07-29,110234,2025072903010055,LICN,Naasa Securities Co. Ltd.,Vision Securities Pvt. Ltd,35,959.0,33565.0,2025-07-29 12:06:20.328140
2025-07-29,109318,2025072903010192,LICN,Swarna Laxmi Securities Pvt. Ltd.,Sagarmatha Securities Private Limited,200,952.0,190400.0,2025-07-29 12:07:12.977343
2025-07-29,109317,2025072903010193,LICN,Swarna Laxmi Securities Pvt. Ltd.,Sagarmatha Securities Private Limited,20,951.0,19020.0,2025-07-29 12:07:12.977801
2025-07-29,109316,2025072903010194,LICN,Dipshikha Dhitopatra Karobar Co. Pvt Ltd.,Sagarmatha Securities Private Limited,20,951.0,19020.0,2025-07-29 12:07:12.978047
2025-07-29,109315,2025072903010195,LICN,Sri Hari Securities Pvt. Ltd.,Sagarmatha Securities Private Limited,300,950.1,285030.0,2025-07-29 12:07:12.978336
2025-07-29,109314,2025072903010196,LICN,Trishakti Securities Public Limited,Sagarmatha Securities Private Limited,10,950.0,9500.0,2025-07-29 12:07:12.978569
2025-07-29,109313,2025072903010197,LICN,Primo Securities (PVT) Ltd.,Sagarmatha Securities Private Limited,100,950.0,95000.0,2025-07-29 12:07:12.978835
2025-07-29,109312,2025072903010198,LICN,Secured Securities Ltd.,Sagarmatha Securities Private Limited,150,950.0,142500.0,2025-07-29 12:07:12.979085
2025-07-29,109243,2025072903010219,LICN,Sagarmatha Securities Private Limited,Vision Securities Pvt. Ltd,10,959.0,9590.0,2025-07-29 12:07:19.021433
2025-07-29,105976,2025072903010913,LICN,Naasa Securities Co. Ltd.,Vision Securities Pvt. Ltd,30,959.0,28770.0,2025-07-29 12:10:37.083609
2025-07-29,100181,2025072903012004,LICN,Trisul Securities & Invt. Ltd.,Nepal Stock House (PVT) Ltd.,11,959.0,10549.0,2025-07-29 12:17:22.757673
2025-07-29,100180,2025072903012005,LICN,Trisul Securities & Invt. Ltd.,Naasa Securities Co. Ltd.,20,959.0,19180.0,2025-07-29 12:17:22.757876
2025-07-29,100179,2025072903012006,LICN,Trisul Securities & Invt. Ltd.,South Asian Bulls Pvt. Ltd.,100,959.0,95900.0,2025-07-29 12:17:22.757964
2025-07-29,98458,2025072903012330,LICN,Trisul Securities & Invt. Ltd.,Nepal Stock House (PVT) Ltd.,69,959.0,66171.0,2025-07-29 12:19:42.837434
2025-07-29,98083,2025072903012399,LICN,Magnet Securities and Investment Company Private Limited,Vision Securities Pvt. Ltd,10,959.6,9596.0,2025-07-29 12:20:05.481809
2025-07-29,98082,2025072903012400,LICN,Magnet Securities and Investment Company Private Limited,Cristal Kanchanjanga Securites Pvt. Ltd.,10,959.7,9597.0,2025-07-29 12:20:05.482240
2025-07-29,96046,2025072903012785,LICN,Deevyaa Securities & Stock House Pvt. Ltd,Vision Securities Pvt. Ltd,10,959.6,9596.0,2025-07-29 12:22:17.033299
2025-07-29,96045,2025072903012786,LICN,Deevyaa Securities & Stock House Pvt. Ltd,Cristal Kanchanjanga Securites Pvt. Ltd.,490,959.7,470253.0,2025-07-29 12:22:17.033520
2025-07-29,95795,2025072903012828,LICN,Naasa Securities Co. Ltd.,Sagarmatha Securities Private Limited,50,959.7,47985.0,2025-07-29 12:22:34.659677
2025-07-29,95794,2025072903012829,LICN,Bhrikuti Stock Broking Co. Pvt. Ltd.,Sagarmatha Securities Private Limited,30,952.0,28560.0,2025-07-29 12:22:34.659722
2025-07-29,95793,2025072903012830,LICN,Vision Securities Pvt. Ltd,Sagarmatha Securities Private Limited,10,951.5,9515.0,2025-07-29 12:22:34.659755
2025-07-29,95792,2025072903012831,LICN,Secured Securities Ltd.,Sagarmatha Securities Private Limited,100,951.1,95110.0,2025-07-29 12:22:34.659784
2025-07-29,95791,2025072903012832,LICN,Naasa Securities Co. Ltd.,Sagarmatha Securities Private Limited,310,951.0,294810.0,2025-07-29 12:22:34.659835
2025-07-29,95790,2025072903012833,LICN,Secured Securities Ltd.,Sagarmatha Securities Private Limited,51,950.0,48450.0,2025-07-29 12:22:34.659861
2025-07-29,95789,2025072903012834,LICN,Secured Securities Ltd.,Sagarmatha Securities Private Limited,30,950.0,28500.0,2025-07-29 12:22:34.659889
2025-07-29,95788,2025072903012835,LICN,Dipshikha Dhitopatra Karobar Co. Pvt Ltd.,Sagarmatha Securities Private Limited,20,950.0,19000.0,2025-07-29 12:22:34.659916
2025-07-29,95787,2025072903012836,LICN,Trishakti Securities Public Limited,Sagarmatha Securities Private Limited,10,950.0,9500.0,2025-07-29 12:22:34.659940
2025-07-29,95786,2025072903012837,LICN,Dynamic Money Managers Securities Pvt. Ltd.,Sagarmatha Securities Private Limited,89,950.0,84550.0,2025-07-29 12:22:34.659963
2025-07-29,95748,2025072903012840,LICN,Sagarmatha Securities Private Limited,Siprabi Securities Pvt. Ltd.,10,960.0,9600.0,2025-07-29 12:22:38.692733
2025-07-29,94842,2025072903013007,LICN,Sumeru Securities Pvt. Ltd.,Dynamic Money Managers Securities Pvt. Ltd.,50,960.0,48000.0,2025-07-29 12:23:39.303322
2025-07-29,93804,2025072903013233,LICN,Kalika Securities Pvt. Ltd.,Dynamic Money Managers Securities Pvt. Ltd.,20,960.0,19200.0,2025-07-29 12:24:55.710597
2025-07-29,93212,2025072903013363,LICN,Kalika Securities Pvt. Ltd.,Sagarmatha Securities Private Limited,10,950.1,9501.0,2025-07-29 12:25:37.837459
2025-07-29,93211,2025072903013364,LICN,Kumari Securities Private Limited,Sagarmatha Securities Private Limited,200,950.0,190000.0,2025-07-29 12:25:37.837504
2025-07-29,93210,2025072903013365,LICN,Sri Hari Securities Pvt. Ltd.,Sagarmatha Securities Private Limited,100,946.0,94600.0,2025-07-29 12:25:37.837533
2025-07-29,93209,2025072903013366,LICN,Kumari Securities Private Limited,Sagarmatha Securities Private Limited,250,946.0,236500.0,2025-07-29 12:25:37.837560
2025-07-29,93208,2025072903013367,LICN,Agrawal Securities (PVT) Ltd.,Sagarmatha Securities Private Limited,19,946.0,17974.0,2025-07-29 12:25:37.837583
2025-07-29,93207,2025072903013368,LICN,Secured Securities Ltd.,Sagarmatha Securities Private Limited,200,945.1,189020.0,2025-07-29 12:25:37.837615
2025-07-29,93206,2025072903013369,LICN,Dynamic Money Managers Securities Pvt. Ltd.,Sagarmatha Securities Private Limited,17,945.0,16065.0,2025-07-29 12:25:37.837666
2025-07-29,93205,2025072903013370,LICN,Sani Securities Company Ltd.,Sagarmatha Securities Private Limited,10,945.0,9450.0,2025-07-29 12:25:37.837737
2025-07-29,93204,2025072903013371,LICN,Linch Stock Market Ltd.,Sagarmatha Securities Private Limited,100,945.0,94500.0,2025-07-29 12:25:37.837776
2025-07-29,93203,2025072903013372,LICN,Nepal Stock House (PVT) Ltd.,Sagarmatha Securities Private Limited,46,945.0,43470.0,2025-07-29 12:25:37.837798
2025-07-29,93202,2025072903013373,LICN,Trisul Securities & Invt. Ltd.,Sagarmatha Securities Private Limited,48,945.0,45360.0,2025-07-29 12:25:37.837820
2025-07-29,93149,2025072903013379,LICN,Sagarmatha Securities Private Limited,Vision Securities Pvt. Ltd,10,959.9,9599.0,2025-07-29 12:25:41.864537
2025-07-29,92791,2025072903013433,LICN,Sagarmatha Securities Private Limited,Dynamic Money Managers Securities Pvt. Ltd.,10,960.0,9600.0,2025-07-29 12:26:06.179928
2025-07-29,90212,2025072903013862,LICN,Bhrikuti Stock Broking Co. Pvt. Ltd.,Naasa Securities Co. Ltd.,100,945.0,94500.0,2025-07-29 12:29:24.002684
2025-07-29,90211,2025072903013863,LICN,Trishakti Securities Public Limited,Naasa Securities Co. Ltd.,20,945.0,18900.0,2025-07-29 12:29:24.003114
2025-07-29,90210,2025072903013864,LICN,Sani Securities Company Ltd.,Naasa Securities Co. Ltd.,100,945.0,94500.0,2025-07-29 12:29:24.003371
2025-07-29,90209,2025072903013865,LICN,Asian Securities Private Ltd.,Naasa Securities Co. Ltd.,200,945.0,189000.0,2025-07-29 12:29:24.003594
2025-07-29,90208,2025072903013866,LICN,Naasa Securities Co. Ltd.,Naasa Securities Co. Ltd.,100,945.0,94500.0,2025-07-29 12:29:24.003838
2025-07-29,89821,2025072903013923,LICN,Shree Krishna Securities Ltd.,Naasa Securities Co. Ltd.,100,944.0,94400.0,2025-07-29 12:29:47.947363
2025-07-29,89820,2025072903013924,LICN,South Asian Bulls Pvt. Ltd.,Naasa Securities Co. Ltd.,100,943.1,94310.0,2025-07-29 12:29:47.947578
2025-07-29,89819,2025072903013925,LICN,Nepal Stock House (PVT) Ltd.,Naasa Securities Co. Ltd.,190,943.0,179170.0,2025-07-29 12:29:47.947669
2025-07-29,89818,2025072903013926,LICN,Deevyaa Securities & Stock House Pvt. Ltd,Naasa Securities Co. Ltd.,105,942.0,98910.0,2025-07-29 12:29:47.947808
2025-07-29,89817,2025072903013927,LICN,SHUBHAKAMANA SECURITIES PVT. LTD,Naasa Securities Co. Ltd.,75,942.0,70650.0,2025-07-29 12:29:47.947923
2025-07-29,89816,2025072903013928,LICN,Aryatara Investment & Securities,Naasa Securities Co. Ltd.,100,942.0,94200.0,2025-07-29 12:29:47.948008
2025-07-29,89815,2025072903013929,LICN,Secured Securities Ltd.,Naasa Securities Co. Ltd.,200,941.0,188200.0,2025-07-29 12:29:47.948119
2025-07-29,89814,2025072903013930,LICN,Malla & Malla Stock Broking Company Pvt. Limited,Naasa Securities Co. Ltd.,30,941.0,28230.0,2025-07-29 12:29:47.948256
2025-07-29,89813,2025072903013931,LICN,Linch Stock Market Ltd.,Naasa Securities Co. Ltd.,40,941.0,37640.0,2025-07-29 12:29:47.948349
2025-07-29,89812,2025072903013932,LICN,Kumari Securities Private Limited,Naasa Securities Co. Ltd.,60,941.0,56460.0,2025-07-29 12:29:47.948429
2025-07-29,89766,2025072903013944,LICN,Market Securities & Exchange (PVT) Ltd.,Asian Securities Private Ltd.,4,935.0,3740.0,2025-07-29 12:29:52.193073
2025-07-29,89580,2025072903013975,LICN,Kumari Securities Private Limited,Naasa Securities Co. Ltd.,480,941.0,451680.0,2025-07-29 12:30:02.217552
2025-07-29,88578,2025072903014172,LICN,Trishakti Securities Public Limited,Nepal Stock House (PVT) Ltd.,60,950.0,57000.0,2025-07-29 12:31:22.207378
2025-07-29,87376,2025072903014432,LICN,Nepal Investment And Securities Trading Private Limited,Nepal Stock House (PVT) Ltd.,40,950.0,38000.0,2025-07-29 12:33:08.449261
2025-07-29,87102,2025072903014488,LICN,Sagarmatha Securities Private Limited,Aryatara Investment & Securities,10,957.0,9570.0,2025-07-29 12:33:33.812176
2025-07-29,86777,2025072903014539,LICN,Nepal Investment And Securities Trading Private Limited,Sagarmatha Securities Private Limited,30,950.0,28500.0,2025-07-29 12:34:05.099803
2025-07-29,86776,2025072903014540,LICN,Online Securities Pvt. Ltd.,Sagarmatha Securities Private Limited,20,945.1,18902.0,2025-07-29 12:34:05.100002
2025-07-29,86775,2025072903014541,LICN,Cristal Kanchanjanga Securites Pvt. Ltd.,Sagarmatha Securities Private Limited,100,945.0,94500.0,2025-07-29 12:34:05.100115
2025-07-29,86774,2025072903014542,LICN,Sri Hari Securities Pvt. Ltd.,Sagarmatha Securities Private Limited,111,942.0,104562.0,2025-07-29 12:34:05.100202
2025-07-29,86773,2025072903014543,LICN,Aryatara Investment & Securities,Sagarmatha Securities Private Limited,69,941.2,64942.8,2025-07-29 12:34:05.100284
2025-07-29,86772,2025072903014544,LICN,Aryatara Investment & Securities,Sagarmatha Securities Private Limited,30,941.1,28233.0,2025-07-29 12:34:05.100364
2025-07-29,86771,2025072903014545,LICN,Sani Securities Company Ltd.,Sagarmatha Securities Private Limited,500,941.1,470550.0,2025-07-29 12:34:05.100446
2025-07-29,86770,2025072903014546,LICN,Kumari Securities Private Limited,Sagarmatha Securities Private Limited,4140,941.0,3895740.0,2025-07-29 12:34:05.100556
2025-07-29,86409,2025072903014624,LICN,Sagarmatha Securities Private Limited,Aryatara Investment & Securities,10,957.0,9570.0,2025-07-29 12:34:39.436344
2025-07-29,84927,2025072903014875,LICN,Himalayan Brokerage Company Limited,SHUBHAKAMANA SECURITIES PVT. LTD,63,943.0,59409.0,2025-07-29 12:37:03.832105
2025-07-29,83776,2025072903015115,LICN,Opal Securities Investment (PVT) Ltd.,Dynamic Money Managers Securities Pvt. Ltd.,40,945.0,37800.0,2025-07-29 12:38:54.772964
2025-07-29,83775,2025072903015116,LICN,Swarna Laxmi Securities Pvt. Ltd.,Dynamic Money Managers Securities Pvt. Ltd.,460,944.0,434240.0,2025-07-29 12:38:54.773193
2025-07-29,83031,2025072903015240,LICN,Online Securities Pvt. Ltd.,Aryatara Investment & Securities,20,955.0,19100.0,2025-07-29 12:40:11.885129
2025-07-29,79369,2025072903015861,LICN,Imperial Securities Company Pvt. Ltd.,Dipshikha Dhitopatra Karobar Co. Pvt Ltd.,10,955.0,9550.0,2025-07-29 12:45:46.758836
2025-07-29,77518,2025072903016225,LICN,Midas Stock Broking Company Private Limited,Dipshikha Dhitopatra Karobar Co. Pvt Ltd.,160,955.0,152800.0,2025-07-29 12:48:51.981139
2025-07-29,77517,2025072903016226,LICN,Midas Stock Broking Company Private Limited,Sagarmatha Securities Private Limited,340,955.0,324700.0,2025-07-29 12:48:51.981366
2025-07-29,76826,2025072903016360,LICN,Primo Securities (PVT) Ltd.,Siprabi Securities Pvt. Ltd.,10,954.0,9540.0,2025-07-29 12:50:14.065771
2025-07-29,75749,2025072903016575,LICN,Sundhara Securities Limited,Sagarmatha Securities Private Limited,10,953.5,9535.0,2025-07-29 12:52:14.746364
2025-07-29,75729,2025072903016577,LICN,ABC Securities Private Limited,Sagarmatha Securities Private Limited,100,953.5,95350.0,2025-07-29 12:52:19.405669
2025-07-29,75404,2025072903016643,LICN,Himalayan Brokerage Company Limited,Sagarmatha Securities Private Limited,2000,952.0,1904000.0,2025-07-29 12:53:04.672000
2025-07-29,72102,2025072903017557,LICN,Naasa Securities Co. Ltd.,Sharepro Securities Private Limited,20,951.0,19020.0,2025-07-29 12:58:46.444232
2025-07-29,72101,2025072903017558,LICN,Sani Securities Company Ltd.,Sharepro Securities Private Limited,13,950.1,12351.3,2025-07-29 12:58:46.444464
2025-07-29,72036,2025072903017567,LICN,Himalayan Brokerage Company Limited,Sharepro Securities Private Limited,10,950.0,9500.0,2025-07-29 12:58:53.470315
2025-07-29,72031,2025072903017568,LICN,Himalayan Brokerage Company Limited,Sagarmatha Securities Private Limited,1990,950.0,1890500.0,2025-07-29 12:58:56.353876
2025-07-29,72030,2025072903017569,LICN,Nepal Stock House (PVT) Ltd.,Sagarmatha Securities Private Limited,10,949.0,9490.0,2025-07-29 12:58:56.354153
2025-07-29,68698,2025072903018216,LICN,Online Securities Pvt. Ltd.,Sumeru Securities Pvt. Ltd.,10,950.0,9500.0,2025-07-29 13:04:52.199032
2025-07-29,68471,2025072903018279,LICN,Kumari Securities Private Limited,Sumeru Securities Pvt. Ltd.,100,950.0,95000.0,2025-07-29 13:05:20.295604
2025-07-29,68434,2025072903018291,LICN,Nepal Stock House (PVT) Ltd.,Sumeru Securities Pvt. Ltd.,10,950.0,9500.0,2025-07-29 13:05:24.538245
2025-07-29,68034,2025072903018425,LICN,Citizens Share Broker Limited,Sumeru Securities Pvt. Ltd.,80,950.0,76000.0,2025-07-29 13:06:09.773349
2025-07-29,65860,2025072903018822,LICN,Nepal Stock House (PVT) Ltd.,Premier Securities Company Ltd.,10,952.0,9520.0,2025-07-29 13:10:39.404549
2025-07-29,65816,2025072903018831,LICN,Nepal Stock House (PVT) Ltd.,Sagarmatha Securities Private Limited,142,953.5,135397.0,2025-07-29 13:10:50.135877
2025-07-29,65332,2025072903018935,LICN,Sumeru Securities Pvt. Ltd.,Sagarmatha Securities Private Limited,50,953.5,47675.0,2025-07-29 13:11:56.503671
2025-07-29,64278,2025072903019097,LICN,SHUBHAKAMANA SECURITIES PVT. LTD,Sagarmatha Securities Private Limited,32,953.5,30512.0,2025-07-29 13:14:14.831996
2025-07-29,64277,2025072903019098,LICN,SHUBHAKAMANA SECURITIES PVT. LTD,Sagarmatha Securities Private Limited,18,953.5,17163.0,2025-07-29 13:14:14.832492
2025-07-29,64276,2025072903019099,LICN,SHUBHAKAMANA SECURITIES PVT. LTD,Sagarmatha Securities Private Limited,327,955.0,312285.0,2025-07-29 13:14:14.832795
2025-07-29,64275,2025072903019100,LICN,SHUBHAKAMANA SECURITIES PVT. LTD,Bhrikuti Stock Broking Co. Pvt. Ltd.,89,955.0,84995.0,2025-07-29 13:14:14.833095
2025-07-29,64274,2025072903019101,LICN,SHUBHAKAMANA SECURITIES PVT. LTD,Sunrise Securities Limited,34,955.0,32470.0,2025-07-29 13:14:14.833383
2025-07-29,62988,2025072903019280,LICN,Sagarmatha Securities Private Limited,Sunrise Securities Limited,10,955.0,9550.0,2025-07-29 13:16:16.045012
2025-07-29,62943,2025072903019283,LICN,Sagarmatha Securities Private Limited,Nepal Investment And Securities Trading Private Limited,10,957.0,9570.0,2025-07-29 13:16:22.088383
2025-07-29,62824,2025072903019314,LICN,Trishakti Securities Public Limited,Midas Stock Broking Company Private Limited,1,940.8,940.8,2025-07-29 13:16:31.994451
2025-07-29,61854,2025072903019514,LICN,Midas Stock Broking Company Private Limited,Opal Securities Investment (PVT) Ltd.,30,953.1,28593.0,2025-07-29 13:18:23.502040
2025-07-29,61853,2025072903019515,LICN,SHUBHAKAMANA SECURITIES PVT. LTD,Opal Securities Investment (PVT) Ltd.,18,953.0,17154.0,2025-07-29 13:18:23.502079
2025-07-29,60314,2025072903019820,LICN,Sani Securities Company Ltd.,Market Securities & Exchange (PVT) Ltd.,10,956.5,9565.0,2025-07-29 13:21:25.499929
2025-07-29,60313,2025072903019821,LICN,Sani Securities Company Ltd.,Nepal Investment And Securities Trading Private Limited,10,957.0,9570.0,2025-07-29 13:21:25.500439
2025-07-29,59903,2025072903019879,LICN,Sani Securities Company Ltd.,Nepal Investment And Securities Trading Private Limited,50,957.0,47850.0,2025-07-29 13:22:16.446228
2025-07-29,59902,2025072903019880,LICN,Sani Securities Company Ltd.,Sagarmatha Securities Private Limited,623,957.0,596211.0,2025-07-29 13:22:16.446735
2025-07-29,59901,2025072903019881,LICN,Sani Securities Company Ltd.,Vision Securities Pvt. Ltd,10,957.9,9579.0,2025-07-29 13:22:16.447089
2025-07-29,59900,2025072903019882,LICN,Sani Securities Company Ltd.,Naasa Securities Co. Ltd.,517,958.0,495286.0,2025-07-29 13:22:16.447441
2025-07-29,58383,2025072903020231,LICN,Aryatara Investment & Securities,Premier Securities Company Ltd.,35,955.0,33425.0,2025-07-29 13:25:37.163739
2025-07-29,58382,2025072903020232,LICN,Imperial Securities Company Pvt. Ltd.,Premier Securities Company Ltd.,15,955.0,14325.0,2025-07-29 13:25:37.163968
2025-07-29,57538,2025072903020367,LICN,Investment Management Nepal Pvt. Ltd.,Online Securities Pvt. Ltd.,54,956.0,51624.0,2025-07-29 13:27:32.890476
2025-07-29,54588,2025072903020910,LICN,Sagarmatha Securities Private Limited,Vision Securities Pvt. Ltd,10,956.9,9569.0,2025-07-29 13:33:56.735846
2025-07-29,54587,2025072903020911,LICN,Sagarmatha Securities Private Limited,Naasa Securities Co. Ltd.,10,958.0,9580.0,2025-07-29 13:33:56.735889
2025-07-29,54004,2025072903021012,LICN,Aryatara Investment & Securities,Naasa Securities Co. Ltd.,30,958.0,28740.0,2025-07-29 13:35:00.235577
2025-07-29,53927,2025072903021027,LICN,Capital Max Securities Ltd,Nepal Stock House (PVT) Ltd.,11,957.0,10527.0,2025-07-29 13:35:05.951223
2025-07-29,53926,2025072903021028,LICN,Aryatara Investment & Securities,Nepal Stock House (PVT) Ltd.,40,956.5,38260.0,2025-07-29 13:35:05.951484
2025-07-29,53925,2025072903021029,LICN,Investment Management Nepal Pvt. Ltd.,Nepal Stock House (PVT) Ltd.,249,956.0,238044.0,2025-07-29 13:35:05.951591
2025-07-29,53856,2025072903021038,LICN,Opal Securities Investment (PVT) Ltd.,Naasa Securities Co. Ltd.,20,958.0,19160.0,2025-07-29 13:35:14.463496
2025-07-29,53505,2025072903021097,LICN,Investment Management Nepal Pvt. Ltd.,Deevyaa Securities & Stock House Pvt. Ltd,11,956.0,10516.0,2025-07-29 13:35:53.961762
2025-07-29,53038,2025072903021164,LICN,Agrawal Securities (PVT) Ltd.,Kohinoor Investment & Securities Pvt. Ltd.,30,957.0,28710.0,2025-07-29 13:36:34.468895
2025-07-29,52852,2025072903021202,LICN,Investment Management Nepal Pvt. Ltd.,Kohinoor Investment & Securities Pvt. Ltd.,686,956.0,655816.0,2025-07-29 13:36:53.435457
2025-07-29,51233,2025072903021551,LICN,Cristal Kanchanjanga Securites Pvt. Ltd.,Kohinoor Investment & Securities Pvt. Ltd.,84,955.5,80262.0,2025-07-29 13:39:44.156198
2025-07-29,51041,2025072903021593,LICN,Opal Securities Investment (PVT) Ltd.,Sweta Securities Private Limited,1,960.0,960.0,2025-07-29 13:40:08.234208
2025-07-29,50178,2025072903021758,LICN,Cristal Kanchanjanga Securites Pvt. Ltd.,Naasa Securities Co. Ltd.,18,955.5,17199.0,2025-07-29 13:41:42.156037
2025-07-29,50085,2025072903021772,LICN,Cristal Kanchanjanga Securites Pvt. Ltd.,Nepal Stock House (PVT) Ltd.,398,955.5,380289.0,2025-07-29 13:41:52.084155
2025-07-29,49522,2025072903021857,LICN,Bhrikuti Stock Broking Co. Pvt. Ltd.,Nepal Stock House (PVT) Ltd.,100,955.1,95510.0,2025-07-29 13:42:54.419710
2025-07-29,49521,2025072903021858,LICN,Imperial Securities Company Pvt. Ltd.,Nepal Stock House (PVT) Ltd.,100,955.0,95500.0,2025-07-29 13:42:54.419955
2025-07-29,49520,2025072903021859,LICN,Himalayan Brokerage Company Limited,Nepal Stock House (PVT) Ltd.,402,955.0,383910.0,2025-07-29 13:42:54.420067
2025-07-29,48481,2025072903022066,LICN,Himalayan Brokerage Company Limited,Himalayan Brokerage Company Limited,200,955.0,191000.0,2025-07-29 13:44:48.609701
2025-07-29,45024,2025072903022768,LICN,Himalayan Brokerage Company Limited,Sajilo Broker Limited,100,955.0,95500.0,2025-07-29 13:51:10.073708
2025-07-29,43777,2025072903023069,LICN,Himalayan Brokerage Company Limited,Sani Securities Company Ltd.,57,955.0,54435.0,2025-07-29 13:53:48.162799
2025-07-29,42759,2025072903023279,LICN,Sani Securities Company Ltd.,Sajilo Broker Limited,10,957.0,9570.0,2025-07-29 13:55:57.757554
2025-07-29,41595,2025072903023571,LICN,Naasa Securities Co. Ltd.,Sajilo Broker Limited,60,957.0,57420.0,2025-07-29 13:58:39.571462
2025-07-29,40408,2025072903023794,LICN,Himalayan Brokerage Company Limited,Hatemalo Financial Services Private Limited,100,955.0,95500.0,2025-07-29 14:01:11.220943
2025-07-29,39738,2025072903023884,LICN,Himalayan Brokerage Company Limited,Neev Securities Pvt. Ltd.,84,955.0,80220.0,2025-07-29 14:02:38.153785
2025-07-29,39196,2025072903023984,LICN,Himalayan Brokerage Company Limited,Neev Securities Pvt. Ltd.,57,955.0,54435.0,2025-07-29 14:03:59.369765
2025-07-29,39195,2025072903023985,LICN,Sewa Securities Pvt. Ltd.,Neev Securities Pvt. Ltd.,14,955.0,13370.0,2025-07-29 14:03:59.370070
2025-07-29,39174,2025072903023988,LICN,Sewa Securities Pvt. Ltd.,Naasa Securities Co. Ltd.,86,955.0,82130.0,2025-07-29 14:04:05.639923
2025-07-29,39173,2025072903023989,LICN,Citizens Share Broker Limited,Naasa Securities Co. Ltd.,10,955.0,9550.0,2025-07-29 14:04:05.640212
2025-07-29,38904,2025072903024026,LICN,Opal Securities Investment (PVT) Ltd.,Naasa Securities Co. Ltd.,25,956.0,23900.0,2025-07-29 14:04:45.462832
2025-07-29,38903,2025072903024027,LICN,Opal Securities Investment (PVT) Ltd.,Sajilo Broker Limited,30,957.0,28710.0,2025-07-29 14:04:45.462897
2025-07-29,38902,2025072903024028,LICN,Opal Securities Investment (PVT) Ltd.,Vision Securities Pvt. Ltd,100,957.0,95700.0,2025-07-29 14:04:45.462929
2025-07-29,38901,2025072903024029,LICN,Opal Securities Investment (PVT) Ltd.,Sri Hari Securities Pvt. Ltd.,100,957.9,95790.0,2025-07-29 14:04:45.462976
2025-07-29,38900,2025072903024030,LICN,Opal Securities Investment (PVT) Ltd.,Naasa Securities Co. Ltd.,245,958.0,234710.0,2025-07-29 14:04:45.463005
2025-07-29,36363,2025072903024567,LICN,Deevyaa Securities & Stock House Pvt. Ltd,Secured Securities Ltd.,100,954.0,95400.0,2025-07-29 14:09:36.051236
2025-07-29,34287,2025072903024962,LICN,Dipshikha Dhitopatra Karobar Co. Pvt Ltd.,Trisul Securities & Invt. Ltd.,50,953.1,47655.0,2025-07-29 14:14:04.613556
2025-07-29,34286,2025072903024963,LICN,SHUBHAKAMANA SECURITIES PVT. LTD,Trisul Securities & Invt. Ltd.,20,953.0,19060.0,2025-07-29 14:14:04.613845
2025-07-29,34193,2025072903024992,LICN,Naasa Securities Co. Ltd.,Naasa Securities Co. Ltd.,100,954.0,95400.0,2025-07-29 14:14:14.941446
2025-07-29,33579,2025072903025126,LICN,Naasa Securities Co. Ltd.,Sagarmatha Securities Private Limited,277,954.0,264258.0,2025-07-29 14:15:24.177966
2025-07-29,33578,2025072903025127,LICN,Sweta Securities Private Limited,Sagarmatha Securities Private Limited,10,954.0,9540.0,2025-07-29 14:15:24.178011
2025-07-29,33577,2025072903025128,LICN,SHUBHAKAMANA SECURITIES PVT. LTD,Sagarmatha Securities Private Limited,462,953.0,440286.0,2025-07-29 14:15:24.178057
2025-07-29,33576,2025072903025129,LICN,Himalayan Securities Limited,Sagarmatha Securities Private Limited,500,953.0,476500.0,2025-07-29 14:15:24.178088
2025-07-29,33575,2025072903025130,LICN,Cristal Kanchanjanga Securites Pvt. Ltd.,Sagarmatha Securities Private Limited,500,953.0,476500.0,2025-07-29 14:15:24.178116
2025-07-29,33574,2025072903025131,LICN,Pragyan Securities (PVT) Ltd.,Sagarmatha Securities Private Limited,30,953.0,28590.0,2025-07-29 14:15:24.178157
2025-07-29,33573,2025072903025132,LICN,Aryatara Investment & Securities,Sagarmatha Securities Private Limited,70,952.1,66647.0,2025-07-29 14:15:24.178187
2025-07-29,33572,2025072903025133,LICN,SHUBHAKAMANA SECURITIES PVT. LTD,Sagarmatha Securities Private Limited,151,952.0,143752.0,2025-07-29 14:15:24.178242
2025-07-29,33503,2025072903025154,LICN,Sagarmatha Securities Private Limited,Nepal Investment And Securities Trading Private Limited,10,955.9,9559.0,2025-07-29 14:15:29.207867
2025-07-29,32685,2025072903025344,LICN,SHUBHAKAMANA SECURITIES PVT. LTD,Citizens Share Broker Limited,349,952.0,332248.0,2025-07-29 14:16:59.456703
2025-07-29,32328,2025072903025401,LICN,South Asian Bulls Pvt. Ltd.,Citizens Share Broker Limited,400,955.0,382000.0,2025-07-29 14:17:32.674213
2025-07-29,30936,2025072903025679,LICN,Aryatara Investment & Securities,Citizens Share Broker Limited,20,955.0,19100.0,2025-07-29 14:20:13.404109
2025-07-29,28463,2025072903026122,LICN,Dipshikha Dhitopatra Karobar Co. Pvt Ltd.,Citizens Share Broker Limited,50,955.0,47750.0,2025-07-29 14:24:46.706272
2025-07-29,27404,2025072903026349,LICN,Sewa Securities Pvt. Ltd.,Citizens Share Broker Limited,30,955.0,28650.0,2025-07-29 14:26:52.196016
2025-07-29,26747,2025072903026498,LICN,Nepal Stock House (PVT) Ltd.,Aryatara Investment & Securities,10,952.0,9520.0,2025-07-29 14:28:03.874489
2025-07-29,26746,2025072903026499,LICN,Sani Securities Company Ltd.,Aryatara Investment & Securities,17,952.0,16184.0,2025-07-29 14:28:03.874776
2025-07-29,26510,2025072903026555,LICN,Aryatara Investment & Securities,Midas Stock Broking Company Private Limited,33,951.5,31399.5,2025-07-29 14:28:31.291756
2025-07-29,26396,2025072903026580,LICN,Aryatara Investment & Securities,Citizens Share Broker Limited,47,951.5,44720.5,2025-07-29 14:28:47.835586
2025-07-29,26395,2025072903026581,LICN,SHUBHAKAMANA SECURITIES PVT. LTD,Citizens Share Broker Limited,500,951.0,475500.0,2025-07-29 14:28:47.836182
2025-07-29,26394,2025072903026582,LICN,Cristal Kanchanjanga Securites Pvt. Ltd.,Citizens Share Broker Limited,100,951.0,95100.0,2025-07-29 14:28:47.836606
2025-07-29,23863,2025072903027188,LICN,Bhrikuti Stock Broking Co. Pvt. Ltd.,Aryatara Investment & Securities,123,951.0,116973.0,2025-07-29 14:32:44.834123
2025-07-29,23533,2025072903027240,LICN,Bhrikuti Stock Broking Co. Pvt. Ltd.,Midas Stock Broking Company Private Limited,77,951.0,73227.0,2025-07-29 14:33:13.433292
2025-07-29,23532,2025072903027241,LICN,Kalika Securities Pvt. Ltd.,Midas Stock Broking Company Private Limited,23,951.0,21873.0,2025-07-29 14:33:13.433549
2025-07-29,23041,2025072903027315,LICN,Kalika Securities Pvt. Ltd.,Aryatara Investment & Securities,77,951.0,73227.0,2025-07-29 14:34:00.808815
2025-07-29,23040,2025072903027316,LICN,Cristal Kanchanjanga Securites Pvt. Ltd.,Aryatara Investment & Securities,423,950.5,402061.5,2025-07-29 14:34:00.809130
2025-07-29,22530,2025072903027409,LICN,Cristal Kanchanjanga Securites Pvt. Ltd.,Siprabi Securities Pvt. Ltd.,71,950.5,67485.5,2025-07-29 14:34:40.462858
2025-07-29,22401,2025072903027431,LICN,Citizens Share Broker Limited,Aryatara Investment & Securities,420,950.0,399000.0,2025-07-29 14:34:54.114541
2025-07-29,22400,2025072903027432,LICN,Sani Securities Company Ltd.,Aryatara Investment & Securities,50,950.0,47500.0,2025-07-29 14:34:54.114810
2025-07-29,22399,2025072903027433,LICN,Swarna Laxmi Securities Pvt. Ltd.,Aryatara Investment & Securities,100,950.0,95000.0,2025-07-29 14:34:54.114918
2025-07-29,22398,2025072903027434,LICN,Asian Securities Private Ltd.,Aryatara Investment & Securities,50,950.0,47500.0,2025-07-29 14:34:54.115038
2025-07-29,22397,2025072903027435,LICN,Capital Max Securities Ltd,Aryatara Investment & Securities,100,950.0,95000.0,2025-07-29 14:34:54.115157
2025-07-29,22396,2025072903027436,LICN,J.F. Securites (PVT) Ltd.,Aryatara Investment & Securities,100,950.0,95000.0,2025-07-29 14:34:54.115266
2025-07-29,22395,2025072903027437,LICN,Sani Securities Company Ltd.,Aryatara Investment & Securities,80,950.0,76000.0,2025-07-29 14:34:54.115365
2025-07-29,21898,2025072903027533,LICN,Sani Securities Company Ltd.,Aryatara Investment & Securities,10,950.0,9500.0,2025-07-29 14:36:01.175811
2025-07-29,21897,2025072903027534,LICN,Cristal Kanchanjanga Securites Pvt. Ltd.,Aryatara Investment & Securities,490,949.5,465255.0,2025-07-29 14:36:01.176100
2025-07-29,21314,2025072903027643,LICN,Sani Securities Company Ltd.,Nepal Investment And Securities Trading Private Limited,90,951.0,85590.0,2025-07-29 14:37:00.176125
2025-07-29,21313,2025072903027644,LICN,Sani Securities Company Ltd.,Naasa Securities Co. Ltd.,10,951.0,9510.0,2025-07-29 14:37:00.176472
2025-07-29,21144,2025072903027682,LICN,Sani Securities Company Ltd.,Naasa Securities Co. Ltd.,28,951.0,26628.0,2025-07-29 14:37:19.585092
2025-07-29,20134,2025072903027886,LICN,Imperial Securities Company Pvt. Ltd.,Sewa Securities Pvt. Ltd.,10,952.0,9520.0,2025-07-29 14:39:02.004500
2025-07-29,19884,2025072903027919,LICN,Pragyan Securities (PVT) Ltd.,Sewa Securities Pvt. Ltd.,20,952.0,19040.0,2025-07-29 14:39:25.174319
2025-07-29,19546,2025072903027976,LICN,Trishakti Securities Public Limited,Sewa Securities Pvt. Ltd.,180,952.0,171360.0,2025-07-29 14:39:50.085533
2025-07-29,19002,2025072903028083,LICN,Trishakti Securities Public Limited,Pragyan Securities (PVT) Ltd.,240,952.0,228480.0,2025-07-29 14:40:40.445924
2025-07-29,18650,2025072903028133,LICN,Sani Securities Company Ltd.,Vision Securities Pvt. Ltd,22,951.0,20922.0,2025-07-29 14:41:19.018663
2025-07-29,18649,2025072903028134,LICN,Ashutosh Brokerage & Securities (PVT) Ltd.,Vision Securities Pvt. Ltd,30,950.1,28503.0,2025-07-29 14:41:19.018899
2025-07-29,18648,2025072903028135,LICN,Cristal Kanchanjanga Securites Pvt. Ltd.,Vision Securities Pvt. Ltd,10,949.5,9495.0,2025-07-29 14:41:19.019006
2025-07-29,18647,2025072903028136,LICN,Himalayan Brokerage Company Limited,Vision Securities Pvt. Ltd,117,948.0,110916.0,2025-07-29 14:41:19.019117
2025-07-29,16122,2025072903028580,LICN,Dipshikha Dhitopatra Karobar Co. Pvt Ltd.,Pragyan Securities (PVT) Ltd.,100,952.0,95200.0,2025-07-29 14:44:59.210715
2025-07-29,16061,2025072903028587,LICN,Midas Stock Broking Company Private Limited,Naasa Securities Co. Ltd.,40,950.1,38004.0,2025-07-29 14:45:00.959607
2025-07-29,16060,2025072903028588,LICN,Imperial Securities Company Pvt. Ltd.,Naasa Securities Co. Ltd.,35,950.0,33250.0,2025-07-29 14:45:00.960127
2025-07-29,15932,2025072903028599,LICN,Linch Stock Market Ltd.,Naasa Securities Co. Ltd.,30,949.0,28470.0,2025-07-29 14:45:10.674361
2025-07-29,15931,2025072903028600,LICN,Nepal Stock House (PVT) Ltd.,Naasa Securities Co. Ltd.,55,948.2,52151.0,2025-07-29 14:45:10.674453
2025-07-29,15930,2025072903028601,LICN,Himalayan Brokerage Company Limited,Naasa Securities Co. Ltd.,100,948.1,94810.0,2025-07-29 14:45:10.674483
2025-07-29,15929,2025072903028602,LICN,Himalayan Brokerage Company Limited,Naasa Securities Co. Ltd.,90,948.0,85320.0,2025-07-29 14:45:10.674506
2025-07-29,15486,2025072903028683,LICN,Magnet Securities and Investment Company Private Limited,Pragyan Securities (PVT) Ltd.,40,952.0,38080.0,2025-07-29 14:45:47.015528
2025-07-29,15245,2025072903028728,LICN,Nepal Stock House (PVT) Ltd.,Pragyan Securities (PVT) Ltd.,10,952.0,9520.0,2025-07-29 14:46:06.803090
2025-07-29,9581,2025072903029877,LICN,Deevyaa Securities & Stock House Pvt. Ltd,Asian Securities Private Ltd.,59,951.0,56109.0,2025-07-29 14:53:12.252091
2025-07-29,8740,2025072903030012,LICN,Sri Hari Securities Pvt. Ltd.,Citizens Share Broker Limited,66,948.3,62587.8,2025-07-29 14:53:55.544379
2025-07-29,8739,2025072903030013,LICN,Sundhara Securities Limited,Citizens Share Broker Limited,10,948.3,9483.0,2025-07-29 14:53:55.544617
2025-07-29,8738,2025072903030014,LICN,Dipshikha Dhitopatra Karobar Co. Pvt Ltd.,Citizens Share Broker Limited,10,948.2,9482.0,2025-07-29 14:53:55.544723
2025-07-29,8737,2025072903030015,LICN,Trademow Securities Private Limited,Citizens Share Broker Limited,100,948.1,94810.0,2025-07-29 14:53:55.544826
2025-07-29,8736,2025072903030016,LICN,Himalayan Brokerage Company Limited,Citizens Share Broker Limited,730,948.0,692040.0,2025-07-29 14:53:55.544937
2025-07-29,8735,2025072903030017,LICN,Aryatara Investment & Securities,Citizens Share Broker Limited,84,948.0,79632.0,2025-07-29 14:53:55.545048
2025-07-29,7800,2025072903030188,LICN,Aryatara Investment & Securities,Nagarik Stock Dealer ,16,948.0,15168.0,2025-07-29 14:54:51.380329
2025-07-29,7799,2025072903030189,LICN,Kalika Securities Pvt. Ltd.,Nagarik Stock Dealer ,1000,948.0,948000.0,2025-07-29 14:54:51.380372
2025-07-29,7798,2025072903030190,LICN,Sundhara Securities Limited,Nagarik Stock Dealer ,100,948.0,94800.0,2025-07-29 14:54:51.380398
2025-07-29,7797,2025072903030191,LICN,Opal Securities Investment (PVT) Ltd.,Nagarik Stock Dealer ,12,948.0,11376.0,2025-07-29 14:54:51.380423
2025-07-29,7669,2025072903030207,LICN,Imperial Securities Company Pvt. Ltd.,Nepal Stock House (PVT) Ltd.,10,948.0,9480.0,2025-07-29 14:54:57.891727
2025-07-29,7422,2025072903030240,LICN,Imperial Securities Company Pvt. Ltd.,Elite Stock House Limited,30,948.0,28440.0,2025-07-29 14:55:12.756976
2025-07-29,6689,2025072903030392,LICN,Sagarmatha Securities Private Limited,Trishakti Securities Public Limited,250,950.0,237500.0,2025-07-29 14:55:57.636930
2025-07-29,6139,2025072903030524,LICN,Imperial Securities Company Pvt. Ltd.,Kohinoor Investment & Securities Pvt. Ltd.,95,948.0,90060.0,2025-07-29 14:56:25.876231
2025-07-29,5172,2025072903030673,LICN,Imperial Securities Company Pvt. Ltd.,Imperial Securities Company Pvt. Ltd.,350,948.0,331800.0,2025-07-29 14:57:11.308626
2025-07-29,4573,2025072903030776,LICN,Imperial Securities Company Pvt. Ltd.,Linch Stock Market Ltd.,15,948.0,14220.0,2025-07-29 14:57:38.912261
2025-07-29,4572,2025072903030777,LICN,Aryatara Investment & Securities,Linch Stock Market Ltd.,100,948.0,94800.0,2025-07-29 14:57:38.912550
2025-07-29,4482,2025072903030792,LICN,Capital Max Securities Ltd,Linch Stock Market Ltd.,214,948.0,202872.0,2025-07-29 14:57:41.936160
2025-07-29,4068,2025072903030867,LICN,Sani Securities Company Ltd.,Trishakti Securities Public Limited,10,950.0,9500.0,2025-07-29 14:58:00.094362
2025-07-29,3881,2025072903030896,LICN,Linch Stock Market Ltd.,Trishakti Securities Public Limited,10,950.0,9500.0,2025-07-29 14:58:06.770179
2025-07-29,3526,2025072903030968,LICN,Capital Max Securities Ltd,Elite Stock House Limited,40,948.1,37924.0,2025-07-29 14:58:20.604283
2025-07-29,3283,2025072903031010,LICN,Capital Max Securities Ltd,KALASH STOCK MARKET PVT. LTD.,46,948.1,43612.6,2025-07-29 14:58:30.252889
2025-07-29,3282,2025072903031011,LICN,Dipshikha Dhitopatra Karobar Co. Pvt Ltd.,KALASH STOCK MARKET PVT. LTD.,27,946.2,25547.4,2025-07-29 14:58:30.252933
2025-07-29,3281,2025072903031012,LICN,Bhrikuti Stock Broking Co. Pvt. Ltd.,KALASH STOCK MARKET PVT. LTD.,100,946.1,94610.0,2025-07-29 14:58:30.252962
2025-07-29,3280,2025072903031013,LICN,Vision Securities Pvt. Ltd,KALASH STOCK MARKET PVT. LTD.,10,946.0,9460.0,2025-07-29 14:58:30.252991
2025-07-29,3279,2025072903031014,LICN,Naasa Securities Co. Ltd.,KALASH STOCK MARKET PVT. LTD.,50,945.5,47275.0,2025-07-29 14:58:30.253021
2025-07-29,3278,2025072903031015,LICN,Naasa Securities Co. Ltd.,KALASH STOCK MARKET PVT. LTD.,30,945.5,28365.0,2025-07-29 14:58:30.253054
2025-07-29,3277,2025072903031016,LICN,Online Securities Pvt. Ltd.,KALASH STOCK MARKET PVT. LTD.,20,945.2,18904.0,2025-07-29 14:58:30.253078
2025-07-29,3276,2025072903031017,LICN,Ashutosh Brokerage & Securities (PVT) Ltd.,KALASH STOCK MARKET PVT. LTD.,100,945.2,94520.0,2025-07-29 14:58:30.253111
2025-07-29,3275,2025072903031018,LICN,Aryatara Investment & Securities,KALASH STOCK MARKET PVT. LTD.,50,945.0,47250.0,2025-07-29 14:58:30.253139
2025-07-29,3274,2025072903031019,LICN,Midas Stock Broking Company Private Limited,KALASH STOCK MARKET PVT. LTD.,67,945.0,63315.0,2025-07-29 14:58:30.253163
2025-07-29,2605,2025072903031145,LICN,Linch Stock Market Ltd.,Trishakti Securities Public Limited,10,950.0,9500.0,2025-07-29 14:58:54.063724
2025-07-29,2363,2025072903031197,LICN,Vision Securities Pvt. Ltd,Trishakti Securities Public Limited,20,950.0,19000.0,2025-07-29 14:59:03.243167
