Date,S.N.,Contract ID,Symbol,Buyer Broker,Seller Broker,quantity,rate,amount,transaction_time
2025-07-29,156323,2025072904000187,MEN,Opal Securities Investment (PVT) Ltd.,Malla & Malla Stock Broking Company Pvt. Limited,159,659.2,104812.8,2025-07-29 11:03:04.847790
2025-07-29,156322,2025072904000188,MEN,Vision Securities Pvt. Ltd,Malla & Malla Stock Broking Company Pvt. Limited,191,659.1,125888.1,2025-07-29 11:03:04.847911
2025-07-29,155887,2025072904000264,MEN,Opal Securities Investment (PVT) Ltd.,Dynamic Money Managers Securities Pvt. Ltd.,10,670.0,6700.0,2025-07-29 11:03:52.920155
2025-07-29,154639,2025072904000573,MEN,Naasa Securities Co. Ltd.,Aryatara Investment & Securities,13,665.0,8645.0,2025-07-29 11:05:59.053560
2025-07-29,154326,2025072904000649,MEN,Opal Securities Investment (PVT) Ltd.,Dynamic Money Managers Securities Pvt. Ltd.,10,670.0,6700.0,2025-07-29 11:06:24.125892
2025-07-29,153594,2025072904000795,MEN,Online Securities Pvt. Ltd.,Dynamic Money Managers Securities Pvt. Ltd.,480,670.0,321600.0,2025-07-29 11:07:23.350945
2025-07-29,153593,2025072904000796,MEN,Online Securities Pvt. Ltd.,Shree Krishna Securities Ltd.,20,670.0,13400.0,2025-07-29 11:07:23.351022
2025-07-29,153432,2025072904000842,MEN,Online Securities Pvt. Ltd.,Shree Krishna Securities Ltd.,500,670.0,335000.0,2025-07-29 11:07:37.444328
2025-07-29,153196,2025072904000901,MEN,Asian Securities Private Ltd.,Citizens Share Broker Limited,100,667.0,66700.0,2025-07-29 11:08:01.547465
2025-07-29,151538,2025072904001451,MEN,Aryatara Investment & Securities,Secured Securities Ltd.,57,666.0,37962.0,2025-07-29 11:10:13.184362
2025-07-29,150971,2025072904001600,MEN,Aryatara Investment & Securities,Sweta Securities Private Limited,43,666.0,28638.0,2025-07-29 11:10:57.584946
2025-07-29,150970,2025072904001601,MEN,Vision Securities Pvt. Ltd,Sweta Securities Private Limited,57,665.1,37910.7,2025-07-29 11:10:57.585069
2025-07-29,150615,2025072904001673,MEN,Online Securities Pvt. Ltd.,Sani Securities Company Ltd.,500,665.2,332600.0,2025-07-29 11:11:29.828111
2025-07-29,149995,2025072904001824,MEN,Naasa Securities Co. Ltd.,Cristal Kanchanjanga Securites Pvt. Ltd.,150,666.0,99900.0,2025-07-29 11:12:16.792671
2025-07-29,149310,2025072904002020,MEN,Trisul Securities & Invt. Ltd.,Citizens Share Broker Limited,50,667.0,33350.0,2025-07-29 11:13:24.762247
2025-07-29,149309,2025072904002021,MEN,Trisul Securities & Invt. Ltd.,Imperial Securities Company Pvt. Ltd.,250,667.0,166750.0,2025-07-29 11:13:24.762356
2025-07-29,149064,2025072904002080,MEN,Naasa Securities Co. Ltd.,ABC Securities Private Limited,50,666.0,33300.0,2025-07-29 11:13:46.481993
2025-07-29,149037,2025072904002092,MEN,Naasa Securities Co. Ltd.,Cristal Kanchanjanga Securites Pvt. Ltd.,92,666.0,61272.0,2025-07-29 11:13:49.362371
2025-07-29,148728,2025072904002160,MEN,Opal Securities Investment (PVT) Ltd.,Imperial Securities Company Pvt. Ltd.,250,667.0,166750.0,2025-07-29 11:14:16.345044
2025-07-29,148640,2025072904002179,MEN,Naasa Securities Co. Ltd.,Deevyaa Securities & Stock House Pvt. Ltd,50,666.0,33300.0,2025-07-29 11:14:27.559233
2025-07-29,148632,2025072904002180,MEN,Imperial Securities Company Pvt. Ltd.,Online Securities Pvt. Ltd.,100,667.0,66700.0,2025-07-29 11:14:27.903501
2025-07-29,147873,2025072904002401,MEN,Naasa Securities Co. Ltd.,Shree Krishna Securities Ltd.,158,670.0,105860.0,2025-07-29 11:15:30.741531
2025-07-29,147329,2025072904002530,MEN,Sweta Securities Private Limited,Oxford Securities Pvt. Ltd.,13,667.0,8671.0,2025-07-29 11:16:17.976500
2025-07-29,146879,2025072904002628,MEN,Naasa Securities Co. Ltd.,Shree Krishna Securities Ltd.,72,670.0,48240.0,2025-07-29 11:16:58.956671
2025-07-29,146878,2025072904002629,MEN,Naasa Securities Co. Ltd.,Nepal Stock House (PVT) Ltd.,200,670.0,134000.0,2025-07-29 11:16:58.956894
2025-07-29,146877,2025072904002630,MEN,Naasa Securities Co. Ltd.,Online Securities Pvt. Ltd.,228,670.0,152760.0,2025-07-29 11:16:58.957040
2025-07-29,146679,2025072904002666,MEN,Sweta Securities Private Limited,Imperial Securities Company Pvt. Ltd.,37,667.0,24679.0,2025-07-29 11:17:19.326698
2025-07-29,146376,2025072904002766,MEN,Naasa Securities Co. Ltd.,Sweta Securities Private Limited,80,669.9,53592.0,2025-07-29 11:17:42.769545
2025-07-29,146274,2025072904002777,MEN,Trisul Securities & Invt. Ltd.,Imperial Securities Company Pvt. Ltd.,200,667.1,133420.0,2025-07-29 11:17:51.820001
2025-07-29,146273,2025072904002778,MEN,Nepal Investment And Securities Trading Private Limited,Imperial Securities Company Pvt. Ltd.,50,666.0,33300.0,2025-07-29 11:17:51.820179
2025-07-29,146272,2025072904002779,MEN,Vision Securities Pvt. Ltd,Imperial Securities Company Pvt. Ltd.,752,665.2,500230.4,2025-07-29 11:17:51.820298
2025-07-29,146271,2025072904002780,MEN,Naasa Securities Co. Ltd.,Imperial Securities Company Pvt. Ltd.,487,665.0,323855.0,2025-07-29 11:17:51.820390
2025-07-29,146270,2025072904002781,MEN,Naasa Securities Co. Ltd.,Imperial Securities Company Pvt. Ltd.,500,663.0,331500.0,2025-07-29 11:17:51.820461
2025-07-29,146269,2025072904002782,MEN,Sani Securities Company Ltd.,Imperial Securities Company Pvt. Ltd.,38,663.0,25194.0,2025-07-29 11:17:51.820531
2025-07-29,145490,2025072904002968,MEN,Naasa Securities Co. Ltd.,Aryatara Investment & Securities,500,669.7,334850.0,2025-07-29 11:19:02.910959
2025-07-29,145094,2025072904003062,MEN,Naasa Securities Co. Ltd.,Cristal Kanchanjanga Securites Pvt. Ltd.,300,669.8,200940.0,2025-07-29 11:19:48.935618
2025-07-29,145093,2025072904003063,MEN,Naasa Securities Co. Ltd.,Sweta Securities Private Limited,20,669.9,13398.0,2025-07-29 11:19:48.935888
2025-07-29,145092,2025072904003064,MEN,Naasa Securities Co. Ltd.,Imperial Securities Company Pvt. Ltd.,180,669.9,120582.0,2025-07-29 11:19:48.936037
2025-07-29,144860,2025072904003109,MEN,Online Securities Pvt. Ltd.,Imperial Securities Company Pvt. Ltd.,30,669.9,20097.0,2025-07-29 11:20:09.997051
2025-07-29,144747,2025072904003148,MEN,Naasa Securities Co. Ltd.,Imperial Securities Company Pvt. Ltd.,63,669.9,42203.7,2025-07-29 11:20:19.794590
2025-07-29,144746,2025072904003149,MEN,Naasa Securities Co. Ltd.,Sweta Securities Private Limited,100,669.9,66990.0,2025-07-29 11:20:19.794720
2025-07-29,144745,2025072904003150,MEN,Naasa Securities Co. Ltd.,Online Securities Pvt. Ltd.,272,670.0,182240.0,2025-07-29 11:20:19.794788
2025-07-29,144744,2025072904003151,MEN,Naasa Securities Co. Ltd.,Sani Securities Company Ltd.,65,670.0,43550.0,2025-07-29 11:20:19.794852
2025-07-29,144387,2025072904003215,MEN,Naasa Securities Co. Ltd.,Sani Securities Company Ltd.,200,670.0,134000.0,2025-07-29 11:20:56.536598
2025-07-29,143385,2025072904003412,MEN,Agrawal Securities (PVT) Ltd.,Sani Securities Company Ltd.,200,670.0,134000.0,2025-07-29 11:22:19.087083
2025-07-29,140085,2025072904004153,MEN,Siprabi Securities Pvt. Ltd.,Pragyan Securities (PVT) Ltd.,500,668.0,334000.0,2025-07-29 11:26:29.444673
2025-07-29,139405,2025072904004280,MEN,Kumari Securities Private Limited,Sewa Securities Pvt. Ltd.,230,666.0,153180.0,2025-07-29 11:27:32.432265
2025-07-29,139105,2025072904004339,MEN,Siprabi Securities Pvt. Ltd.,Citizens Share Broker Limited,102,667.9,68125.8,2025-07-29 11:28:00.711205
2025-07-29,139104,2025072904004340,MEN,Siprabi Securities Pvt. Ltd.,K.B.L. Securities Limited ,398,669.0,266262.0,2025-07-29 11:28:00.711382
2025-07-29,137408,2025072904004818,MEN,Siprabi Securities Pvt. Ltd.,K.B.L. Securities Limited ,30,669.0,20070.0,2025-07-29 11:30:31.154443
2025-07-29,137221,2025072904004857,MEN,Online Securities Pvt. Ltd.,K.B.L. Securities Limited ,30,669.0,20070.0,2025-07-29 11:30:48.699444
2025-07-29,136814,2025072904004959,MEN,ABC Securities Private Limited,K.B.L. Securities Limited ,42,669.0,28098.0,2025-07-29 11:31:31.576171
2025-07-29,135056,2025072904005334,MEN,Kumari Securities Private Limited,Nepal Stock House (PVT) Ltd.,70,667.0,46690.0,2025-07-29 11:33:53.621050
2025-07-29,135055,2025072904005335,MEN,Sewa Securities Pvt. Ltd.,Nepal Stock House (PVT) Ltd.,88,667.0,58696.0,2025-07-29 11:33:53.621355
2025-07-29,134179,2025072904005573,MEN,Secured Securities Ltd.,Deevyaa Securities & Stock House Pvt. Ltd,50,666.1,33305.0,2025-07-29 11:35:16.450826
2025-07-29,134178,2025072904005574,MEN,Sweta Securities Private Limited,Deevyaa Securities & Stock House Pvt. Ltd,110,665.0,73150.0,2025-07-29 11:35:16.450999
2025-07-29,134177,2025072904005575,MEN,SHUBHAKAMANA SECURITIES PVT. LTD,Deevyaa Securities & Stock House Pvt. Ltd,500,665.0,332500.0,2025-07-29 11:35:16.451072
2025-07-29,134176,2025072904005576,MEN,SHUBHAKAMANA SECURITIES PVT. LTD,Deevyaa Securities & Stock House Pvt. Ltd,500,665.0,332500.0,2025-07-29 11:35:16.451143
2025-07-29,134175,2025072904005577,MEN,Trisul Securities & Invt. Ltd.,Deevyaa Securities & Stock House Pvt. Ltd,1840,663.0,1219920.0,2025-07-29 11:35:16.451211
2025-07-29,133411,2025072904005730,MEN,Nepal Stock House (PVT) Ltd.,Opal Securities Investment (PVT) Ltd.,50,663.1,33155.0,2025-07-29 11:36:13.740734
2025-07-29,131553,2025072904006139,MEN,ABC Securities Private Limited,Sewa Securities Pvt. Ltd.,13,665.0,8645.0,2025-07-29 11:38:49.605572
2025-07-29,131211,2025072904006216,MEN,Nepal Stock House (PVT) Ltd.,Nepal Stock House (PVT) Ltd.,10,667.0,6670.0,2025-07-29 11:39:19.447680
2025-07-29,131142,2025072904006229,MEN,ABC Securities Private Limited,Vision Securities Pvt. Ltd,40,665.0,26600.0,2025-07-29 11:39:24.630307
2025-07-29,130863,2025072904006292,MEN,Siprabi Securities Pvt. Ltd.,Stoxkarts Securities Limited,19,668.8,12707.2,2025-07-29 11:39:43.817717
2025-07-29,130516,2025072904006368,MEN,Sunrise Securities Limited,Market Securities & Exchange (PVT) Ltd.,200,668.7,133740.0,2025-07-29 11:40:09.627591
2025-07-29,130515,2025072904006369,MEN,Sani Securities Company Ltd.,Market Securities & Exchange (PVT) Ltd.,300,668.0,200400.0,2025-07-29 11:40:09.627776
2025-07-29,128650,2025072904006832,MEN,ABC Securities Private Limited,Oxford Securities Pvt. Ltd.,13,667.0,8671.0,2025-07-29 11:43:01.519674
2025-07-29,128418,2025072904006878,MEN,Trademow Securities Private Limited,Stoxkarts Securities Limited,281,668.5,187848.5,2025-07-29 11:43:24.352377
2025-07-29,128417,2025072904006879,MEN,Trademow Securities Private Limited,Nepal Stock House (PVT) Ltd.,10,668.6,6686.0,2025-07-29 11:43:24.352429
2025-07-29,128416,2025072904006880,MEN,Trademow Securities Private Limited,Secured Securities Ltd.,25,668.8,16720.0,2025-07-29 11:43:24.352467
2025-07-29,128415,2025072904006881,MEN,Trademow Securities Private Limited,Trishakti Securities Public Limited,100,669.0,66900.0,2025-07-29 11:43:24.352502
2025-07-29,128414,2025072904006882,MEN,Trademow Securities Private Limited,ABC Securities Private Limited,84,669.0,56196.0,2025-07-29 11:43:24.352529
2025-07-29,127885,2025072904007005,MEN,ABC Securities Private Limited,Imperial Securities Company Pvt. Ltd.,12,667.0,8004.0,2025-07-29 11:44:06.165700
2025-07-29,127753,2025072904007028,MEN,ABC Securities Private Limited,Dakshinkali Investment & Securities Pvt. Ltd.,13,666.0,8658.0,2025-07-29 11:44:16.583475
2025-07-29,127505,2025072904007111,MEN,Sri Hari Securities Pvt. Ltd.,Swarna Laxmi Securities Pvt. Ltd.,600,667.0,400200.0,2025-07-29 11:44:38.994382
2025-07-29,126569,2025072904007321,MEN,ABC Securities Private Limited,Nepal Stock House (PVT) Ltd.,10,668.0,6680.0,2025-07-29 11:45:58.950460
2025-07-29,126519,2025072904007337,MEN,Online Securities Pvt. Ltd.,Kumari Securities Private Limited,20,668.8,13376.0,2025-07-29 11:46:00.464444
2025-07-29,126496,2025072904007344,MEN,ABC Securities Private Limited,Swarna Laxmi Securities Pvt. Ltd.,77,668.0,51436.0,2025-07-29 11:46:01.650682
2025-07-29,126495,2025072904007345,MEN,Siprabi Securities Pvt. Ltd.,Swarna Laxmi Securities Pvt. Ltd.,23,665.0,15295.0,2025-07-29 11:46:01.650789
2025-07-29,125248,2025072904007635,MEN,Siprabi Securities Pvt. Ltd.,Trishakti Securities Public Limited,73,665.0,48545.0,2025-07-29 11:47:45.954530
2025-07-29,125247,2025072904007636,MEN,Online Securities Pvt. Ltd.,Trishakti Securities Public Limited,200,665.0,133000.0,2025-07-29 11:47:45.954767
2025-07-29,125246,2025072904007637,MEN,Aryatara Investment & Securities,Trishakti Securities Public Limited,100,665.0,66500.0,2025-07-29 11:47:45.954857
2025-07-29,124309,2025072904007773,MEN,Vision Securities Pvt. Ltd,Online Securities Pvt. Ltd.,200,665.0,133000.0,2025-07-29 11:49:12.637503
2025-07-29,124160,2025072904007810,MEN,Secured Securities Ltd.,Swarna Laxmi Securities Pvt. Ltd.,20,664.0,13280.0,2025-07-29 11:49:26.320276
2025-07-29,124159,2025072904007811,MEN,Siprabi Securities Pvt. Ltd.,Swarna Laxmi Securities Pvt. Ltd.,100,664.0,66400.0,2025-07-29 11:49:26.320411
2025-07-29,124158,2025072904007812,MEN,Imperial Securities Company Pvt. Ltd.,Swarna Laxmi Securities Pvt. Ltd.,300,664.0,199200.0,2025-07-29 11:49:26.320491
2025-07-29,124157,2025072904007813,MEN,Online Securities Pvt. Ltd.,Swarna Laxmi Securities Pvt. Ltd.,80,664.0,53120.0,2025-07-29 11:49:26.320565
2025-07-29,123749,2025072904007860,MEN,Online Securities Pvt. Ltd.,Swarna Laxmi Securities Pvt. Ltd.,120,664.0,79680.0,2025-07-29 11:49:55.577679
2025-07-29,123748,2025072904007861,MEN,Nepal Stock House (PVT) Ltd.,Swarna Laxmi Securities Pvt. Ltd.,380,663.1,251978.0,2025-07-29 11:49:55.577725
2025-07-29,123582,2025072904007890,MEN,Nepal Stock House (PVT) Ltd.,Naasa Securities Co. Ltd.,700,663.1,464170.0,2025-07-29 11:50:11.652673
2025-07-29,122483,2025072904008118,MEN,Online Securities Pvt. Ltd.,Kumari Securities Private Limited,25,665.0,16625.0,2025-07-29 11:51:53.846584
2025-07-29,122214,2025072904008199,MEN,Siprabi Securities Pvt. Ltd.,Sani Securities Company Ltd.,200,664.0,132800.0,2025-07-29 11:52:19.626730
2025-07-29,121769,2025072904008288,MEN,Nepal Stock House (PVT) Ltd.,Swarna Laxmi Securities Pvt. Ltd.,870,663.1,576897.0,2025-07-29 11:52:56.180999
2025-07-29,121768,2025072904008289,MEN,Sri Hari Securities Pvt. Ltd.,Swarna Laxmi Securities Pvt. Ltd.,130,663.1,86203.0,2025-07-29 11:52:56.181268
2025-07-29,121148,2025072904008397,MEN,Imperial Securities Company Pvt. Ltd.,Swarna Laxmi Securities Pvt. Ltd.,107,663.2,70962.4,2025-07-29 11:53:54.526935
2025-07-29,121147,2025072904008398,MEN,Sri Hari Securities Pvt. Ltd.,Swarna Laxmi Securities Pvt. Ltd.,170,663.1,112727.0,2025-07-29 11:53:54.527406
2025-07-29,121146,2025072904008399,MEN,Trisul Securities & Invt. Ltd.,Swarna Laxmi Securities Pvt. Ltd.,160,663.0,106080.0,2025-07-29 11:53:54.527693
2025-07-29,121145,2025072904008400,MEN,Trisul Securities & Invt. Ltd.,Swarna Laxmi Securities Pvt. Ltd.,100,663.0,66300.0,2025-07-29 11:53:54.527966
2025-07-29,121144,2025072904008401,MEN,Nagarik Stock Dealer ,Swarna Laxmi Securities Pvt. Ltd.,500,663.0,331500.0,2025-07-29 11:53:54.528236
2025-07-29,121143,2025072904008402,MEN,Online Securities Pvt. Ltd.,Swarna Laxmi Securities Pvt. Ltd.,163,663.0,108069.0,2025-07-29 11:53:54.528522
2025-07-29,120476,2025072904008503,MEN,Online Securities Pvt. Ltd.,Premier Securities Company Ltd.,37,665.0,24605.0,2025-07-29 11:54:55.190134
2025-07-29,120407,2025072904008515,MEN,Aryatara Investment & Securities,Asian Securities Private Ltd.,13,663.0,8619.0,2025-07-29 11:55:03.277506
2025-07-29,120367,2025072904008525,MEN,Aryatara Investment & Securities,Ashutosh Brokerage & Securities (PVT) Ltd.,13,663.0,8619.0,2025-07-29 11:55:07.702967
2025-07-29,119734,2025072904008604,MEN,Aryatara Investment & Securities,Sri Hari Securities Pvt. Ltd.,13,663.0,8619.0,2025-07-29 11:55:46.232153
2025-07-29,118765,2025072904008791,MEN,Sharepro Securities Private Limited,Premier Securities Company Ltd.,20,665.0,13300.0,2025-07-29 11:57:05.025064
2025-07-29,118764,2025072904008792,MEN,Sharepro Securities Private Limited,Naasa Securities Co. Ltd.,13,665.0,8645.0,2025-07-29 11:57:05.025125
2025-07-29,118763,2025072904008793,MEN,Sharepro Securities Private Limited,Naasa Securities Co. Ltd.,100,665.0,66500.0,2025-07-29 11:57:05.025151
2025-07-29,118762,2025072904008794,MEN,Sharepro Securities Private Limited,Deevyaa Securities & Stock House Pvt. Ltd,4000,665.0,2660000.0,2025-07-29 11:57:05.025179
2025-07-29,117273,2025072904009091,MEN,Capital Max Securities Ltd,Cristal Kanchanjanga Securites Pvt. Ltd.,30,666.7,20001.0,2025-07-29 11:59:00.937133
2025-07-29,117272,2025072904009092,MEN,Capital Max Securities Ltd,Kumari Securities Private Limited,380,666.8,253384.0,2025-07-29 11:59:00.937430
2025-07-29,117271,2025072904009093,MEN,Capital Max Securities Ltd,Primo Securities (PVT) Ltd.,500,666.9,333450.0,2025-07-29 11:59:00.937527
2025-07-29,117270,2025072904009094,MEN,Capital Max Securities Ltd,Blue Chip Securities Ltd,340,667.0,226780.0,2025-07-29 11:59:00.937622
2025-07-29,116801,2025072904009202,MEN,Nepal Stock House (PVT) Ltd.,Blue Chip Securities Ltd,500,667.0,333500.0,2025-07-29 11:59:32.012301
2025-07-29,116779,2025072904009207,MEN,Capital Max Securities Ltd,Blue Chip Securities Ltd,360,667.0,240120.0,2025-07-29 11:59:35.130530
2025-07-29,116778,2025072904009208,MEN,Capital Max Securities Ltd,Premier Securities Company Ltd.,13,667.0,8671.0,2025-07-29 11:59:35.130792
2025-07-29,116697,2025072904009225,MEN,Capital Max Securities Ltd,Naasa Securities Co. Ltd.,127,667.0,84709.0,2025-07-29 11:59:38.775093
2025-07-29,115734,2025072904009360,MEN,Dakshinkali Investment & Securities Pvt. Ltd.,Citizens Share Broker Limited,10,665.0,6650.0,2025-07-29 12:00:37.615358
2025-07-29,114400,2025072904009564,MEN,Aryatara Investment & Securities,Naasa Securities Co. Ltd.,61,663.0,40443.0,2025-07-29 12:02:00.955825
2025-07-29,114399,2025072904009565,MEN,Capital Max Securities Ltd,Naasa Securities Co. Ltd.,12,663.0,7956.0,2025-07-29 12:02:00.956120
2025-07-29,113667,2025072904009740,MEN,Capital Max Securities Ltd,Thrive Brokerage House Pvt. Ltd,204,663.0,135252.0,2025-07-29 12:02:46.703140
2025-07-29,112306,2025072904009960,MEN,Nepal Stock House (PVT) Ltd.,Kalika Securities Pvt. Ltd.,100,664.0,66400.0,2025-07-29 12:04:10.163859
2025-07-29,112305,2025072904009961,MEN,Nepal Stock House (PVT) Ltd.,Swarna Laxmi Securities Pvt. Ltd.,100,664.0,66400.0,2025-07-29 12:04:10.164093
2025-07-29,111628,2025072904010107,MEN,Capital Max Securities Ltd,Oxford Securities Pvt. Ltd.,13,663.0,8619.0,2025-07-29 12:04:49.365169
2025-07-29,110579,2025072904010288,MEN,Secured Securities Ltd.,Naasa Securities Co. Ltd.,10,663.1,6631.0,2025-07-29 12:05:59.150599
2025-07-29,110578,2025072904010289,MEN,Capital Max Securities Ltd,Naasa Securities Co. Ltd.,71,663.0,47073.0,2025-07-29 12:05:59.151038
2025-07-29,110577,2025072904010290,MEN,Dynamic Money Managers Securities Pvt. Ltd.,Naasa Securities Co. Ltd.,60,662.3,39738.0,2025-07-29 12:05:59.151345
2025-07-29,110576,2025072904010291,MEN,Sundhara Securities Limited,Naasa Securities Co. Ltd.,30,662.3,19869.0,2025-07-29 12:05:59.151638
2025-07-29,110575,2025072904010292,MEN,Imperial Securities Company Pvt. Ltd.,Naasa Securities Co. Ltd.,29,662.3,19206.7,2025-07-29 12:05:59.151928
2025-07-29,110204,2025072904010376,MEN,Imperial Securities Company Pvt. Ltd.,Dynamic Money Managers Securities Pvt. Ltd.,21,662.3,13908.3,2025-07-29 12:06:22.220894
2025-07-29,110203,2025072904010377,MEN,Sumeru Securities Pvt. Ltd.,Dynamic Money Managers Securities Pvt. Ltd.,100,662.2,66220.0,2025-07-29 12:06:22.221426
2025-07-29,110202,2025072904010378,MEN,Nagarik Stock Dealer ,Dynamic Money Managers Securities Pvt. Ltd.,500,662.2,331100.0,2025-07-29 12:06:22.221739
2025-07-29,110201,2025072904010379,MEN,Dynamic Money Managers Securities Pvt. Ltd.,Dynamic Money Managers Securities Pvt. Ltd.,100,662.2,66220.0,2025-07-29 12:06:22.222056
2025-07-29,110200,2025072904010380,MEN,Midas Stock Broking Company Private Limited,Dynamic Money Managers Securities Pvt. Ltd.,100,662.1,66210.0,2025-07-29 12:06:22.222457
2025-07-29,110199,2025072904010381,MEN,Imperial Securities Company Pvt. Ltd.,Dynamic Money Managers Securities Pvt. Ltd.,179,662.1,118515.9,2025-07-29 12:06:22.222840
2025-07-29,110095,2025072904010394,MEN,Nepal Stock House (PVT) Ltd.,Sani Securities Company Ltd.,73,665.0,48545.0,2025-07-29 12:06:29.208251
2025-07-29,110094,2025072904010395,MEN,Nepal Stock House (PVT) Ltd.,Sundhara Securities Limited,50,665.0,33250.0,2025-07-29 12:06:29.208492
2025-07-29,110093,2025072904010396,MEN,Nepal Stock House (PVT) Ltd.,Trishakti Securities Public Limited,100,665.0,66500.0,2025-07-29 12:06:29.208589
2025-07-29,107523,2025072904010845,MEN,Kalika Securities Pvt. Ltd.,Aryatara Investment & Securities,211,665.0,140315.0,2025-07-29 12:08:59.973037
2025-07-29,106810,2025072904010965,MEN,Kalika Securities Pvt. Ltd.,Swarna Laxmi Securities Pvt. Ltd.,14,666.0,9324.0,2025-07-29 12:09:50.379118
2025-07-29,105852,2025072904011100,MEN,Sani Securities Company Ltd.,Swarna Laxmi Securities Pvt. Ltd.,240,666.0,159840.0,2025-07-29 12:10:46.823859
2025-07-29,104875,2025072904011302,MEN,Siprabi Securities Pvt. Ltd.,Midas Stock Broking Company Private Limited,300,665.0,199500.0,2025-07-29 12:11:43.860286
2025-07-29,104615,2025072904011359,MEN,Dynamic Money Managers Securities Pvt. Ltd.,Swarna Laxmi Securities Pvt. Ltd.,10,666.0,6660.0,2025-07-29 12:12:03.993284
2025-07-29,104123,2025072904011469,MEN,Nepal Stock House (PVT) Ltd.,Midas Stock Broking Company Private Limited,300,664.1,199230.0,2025-07-29 12:12:42.339393
2025-07-29,104122,2025072904011470,MEN,Malla & Malla Stock Broking Company Pvt. Limited,Midas Stock Broking Company Private Limited,200,664.0,132800.0,2025-07-29 12:12:42.339434
2025-07-29,103962,2025072904011512,MEN,Midas Stock Broking Company Private Limited,Himalayan Brokerage Company Limited,100,664.0,66400.0,2025-07-29 12:12:49.502242
2025-07-29,103795,2025072904011533,MEN,Midas Stock Broking Company Private Limited,Swarna Laxmi Securities Pvt. Ltd.,100,664.0,66400.0,2025-07-29 12:13:01.193438
2025-07-29,103794,2025072904011534,MEN,Nagarik Stock Dealer ,Swarna Laxmi Securities Pvt. Ltd.,1000,663.1,663100.0,2025-07-29 12:13:01.193519
2025-07-29,103793,2025072904011535,MEN,Naasa Securities Co. Ltd.,Swarna Laxmi Securities Pvt. Ltd.,120,663.0,79560.0,2025-07-29 12:13:01.193554
2025-07-29,103792,2025072904011536,MEN,Imperial Securities Company Pvt. Ltd.,Swarna Laxmi Securities Pvt. Ltd.,41,663.0,27183.0,2025-07-29 12:13:01.193588
2025-07-29,103791,2025072904011537,MEN,Sweta Securities Private Limited,Swarna Laxmi Securities Pvt. Ltd.,700,663.0,464100.0,2025-07-29 12:13:01.193619
2025-07-29,103790,2025072904011538,MEN,Capital Max Securities Ltd,Swarna Laxmi Securities Pvt. Ltd.,39,663.0,25857.0,2025-07-29 12:13:01.193651
2025-07-29,103340,2025072904011668,MEN,Capital Max Securities Ltd,Arun Securities (PVT) Ltd.,13,663.0,8619.0,2025-07-29 12:13:35.927187
2025-07-29,103114,2025072904011696,MEN,Agrawal Securities (PVT) Ltd.,Kalika Securities Pvt. Ltd.,147,663.1,97475.7,2025-07-29 12:13:47.722150
2025-07-29,102694,2025072904011772,MEN,Siprabi Securities Pvt. Ltd.,Himalayan Brokerage Company Limited,100,664.0,66400.0,2025-07-29 12:14:19.833130
2025-07-29,102381,2025072904011846,MEN,Sumeru Securities Pvt. Ltd.,Indira securities pvt. ltd,47,665.0,31255.0,2025-07-29 12:14:41.817514
2025-07-29,101924,2025072904011961,MEN,Siprabi Securities Pvt. Ltd.,Swarna Laxmi Securities Pvt. Ltd.,236,664.0,156704.0,2025-07-29 12:15:16.296640
2025-07-29,101746,2025072904012004,MEN,Siprabi Securities Pvt. Ltd.,Swarna Laxmi Securities Pvt. Ltd.,74,664.0,49136.0,2025-07-29 12:15:33.385054
2025-07-29,101741,2025072904012006,MEN,Siprabi Securities Pvt. Ltd.,Agrawal Securities (PVT) Ltd.,100,663.2,66320.0,2025-07-29 12:15:34.468242
2025-07-29,101740,2025072904012007,MEN,Agrawal Securities (PVT) Ltd.,Agrawal Securities (PVT) Ltd.,353,663.1,234074.3,2025-07-29 12:15:34.468292
2025-07-29,101739,2025072904012008,MEN,Capital Max Securities Ltd,Agrawal Securities (PVT) Ltd.,948,663.0,628524.0,2025-07-29 12:15:34.468338
2025-07-29,101738,2025072904012009,MEN,Sweta Securities Private Limited,Agrawal Securities (PVT) Ltd.,599,663.0,397137.0,2025-07-29 12:15:34.468368
2025-07-29,101620,2025072904012042,MEN,Sweta Securities Private Limited,Agrawal Securities (PVT) Ltd.,101,663.0,66963.0,2025-07-29 12:15:44.573353
2025-07-29,101619,2025072904012043,MEN,Sweta Securities Private Limited,Agrawal Securities (PVT) Ltd.,255,663.0,169065.0,2025-07-29 12:15:44.573401
2025-07-29,101618,2025072904012044,MEN,Sundhara Securities Limited,Agrawal Securities (PVT) Ltd.,30,662.9,19887.0,2025-07-29 12:15:44.573428
2025-07-29,101617,2025072904012045,MEN,Capital Max Securities Ltd,Agrawal Securities (PVT) Ltd.,1000,662.6,662600.0,2025-07-29 12:15:44.573461
2025-07-29,101616,2025072904012046,MEN,Naasa Securities Co. Ltd.,Agrawal Securities (PVT) Ltd.,200,662.4,132480.0,2025-07-29 12:15:44.573489
2025-07-29,101615,2025072904012047,MEN,Capital Max Securities Ltd,Agrawal Securities (PVT) Ltd.,750,662.2,496650.0,2025-07-29 12:15:44.573524
2025-07-29,101614,2025072904012048,MEN,Imperial Securities Company Pvt. Ltd.,Agrawal Securities (PVT) Ltd.,664,662.1,439634.4,2025-07-29 12:15:44.573550
2025-07-29,101432,2025072904012087,MEN,Imperial Securities Company Pvt. Ltd.,Agrawal Securities (PVT) Ltd.,157,662.1,103949.7,2025-07-29 12:15:56.916906
2025-07-29,101431,2025072904012088,MEN,Aryatara Investment & Securities,Agrawal Securities (PVT) Ltd.,150,662.1,99315.0,2025-07-29 12:15:56.917059
2025-07-29,101430,2025072904012089,MEN,Capital Max Securities Ltd,Agrawal Securities (PVT) Ltd.,700,662.1,463470.0,2025-07-29 12:15:56.917173
2025-07-29,101429,2025072904012090,MEN,Siprabi Securities Pvt. Ltd.,Agrawal Securities (PVT) Ltd.,100,662.0,66200.0,2025-07-29 12:15:56.917298
2025-07-29,101428,2025072904012091,MEN,Malla & Malla Stock Broking Company Pvt. Limited,Agrawal Securities (PVT) Ltd.,200,662.0,132400.0,2025-07-29 12:15:56.917434
2025-07-29,101427,2025072904012092,MEN,Neev Securities Pvt. Ltd.,Agrawal Securities (PVT) Ltd.,500,661.3,330650.0,2025-07-29 12:15:56.917547
2025-07-29,101426,2025072904012093,MEN,Secured Securities Ltd.,Agrawal Securities (PVT) Ltd.,193,661.1,127592.3,2025-07-29 12:15:56.917687
2025-07-29,101232,2025072904012114,MEN,Secured Securities Ltd.,Agrawal Securities (PVT) Ltd.,584,661.1,386082.4,2025-07-29 12:16:08.129867
2025-07-29,101231,2025072904012115,MEN,Sewa Securities Pvt. Ltd.,Agrawal Securities (PVT) Ltd.,50,661.0,33050.0,2025-07-29 12:16:08.129935
2025-07-29,101230,2025072904012116,MEN,Capital Max Securities Ltd,Agrawal Securities (PVT) Ltd.,500,661.0,330500.0,2025-07-29 12:16:08.129963
2025-07-29,101229,2025072904012117,MEN,Trisul Securities & Invt. Ltd.,Agrawal Securities (PVT) Ltd.,70,661.0,46270.0,2025-07-29 12:16:08.129989
2025-07-29,101228,2025072904012118,MEN,Imperial Securities Company Pvt. Ltd.,Agrawal Securities (PVT) Ltd.,1250,660.5,825625.0,2025-07-29 12:16:08.130014
2025-07-29,101227,2025072904012119,MEN,Shree Krishna Securities Ltd.,Agrawal Securities (PVT) Ltd.,500,660.1,330050.0,2025-07-29 12:16:08.130038
2025-07-29,101226,2025072904012120,MEN,Capital Max Securities Ltd,Agrawal Securities (PVT) Ltd.,2000,660.1,1320200.0,2025-07-29 12:16:08.130062
2025-07-29,101225,2025072904012121,MEN,Sumeru Securities Pvt. Ltd.,Agrawal Securities (PVT) Ltd.,50,660.0,33000.0,2025-07-29 12:16:08.130090
2025-07-29,101224,2025072904012122,MEN,Siprabi Securities Pvt. Ltd.,Agrawal Securities (PVT) Ltd.,1000,660.0,660000.0,2025-07-29 12:16:08.130117
2025-07-29,101223,2025072904012123,MEN,Siprabi Securities Pvt. Ltd.,Agrawal Securities (PVT) Ltd.,80,660.0,52800.0,2025-07-29 12:16:08.130158
2025-07-29,101222,2025072904012124,MEN,Asian Securities Private Ltd.,Agrawal Securities (PVT) Ltd.,300,660.0,198000.0,2025-07-29 12:16:08.130185
2025-07-29,101221,2025072904012125,MEN,Deevyaa Securities & Stock House Pvt. Ltd,Agrawal Securities (PVT) Ltd.,200,660.0,132000.0,2025-07-29 12:16:08.130210
2025-07-29,101220,2025072904012126,MEN,Kumari Securities Private Limited,Agrawal Securities (PVT) Ltd.,500,660.0,330000.0,2025-07-29 12:16:08.130234
2025-07-29,101219,2025072904012127,MEN,Siprabi Securities Pvt. Ltd.,Agrawal Securities (PVT) Ltd.,100,660.0,66000.0,2025-07-29 12:16:08.130260
2025-07-29,101218,2025072904012128,MEN,Shree Krishna Securities Ltd.,Agrawal Securities (PVT) Ltd.,220,660.0,145200.0,2025-07-29 12:16:08.130289
2025-07-29,101217,2025072904012129,MEN,Trademow Securities Private Limited,Agrawal Securities (PVT) Ltd.,100,660.0,66000.0,2025-07-29 12:16:08.130322
2025-07-29,101216,2025072904012130,MEN,Vision Securities Pvt. Ltd,Agrawal Securities (PVT) Ltd.,2000,660.0,1320000.0,2025-07-29 12:16:08.130346
2025-07-29,101215,2025072904012131,MEN,Online Securities Pvt. Ltd.,Agrawal Securities (PVT) Ltd.,145,660.0,95700.0,2025-07-29 12:16:08.130370
2025-07-29,101214,2025072904012132,MEN,Nagarik Stock Dealer ,Agrawal Securities (PVT) Ltd.,351,660.0,231660.0,2025-07-29 12:16:08.130393
2025-07-29,100614,2025072904012286,MEN,Sumeru Securities Pvt. Ltd.,Swarna Laxmi Securities Pvt. Ltd.,65,660.1,42906.5,2025-07-29 12:16:51.935665
2025-07-29,100613,2025072904012287,MEN,Nagarik Stock Dealer ,Swarna Laxmi Securities Pvt. Ltd.,61,660.0,40260.0,2025-07-29 12:16:51.936068
2025-07-29,97764,2025072904012875,MEN,Secured Securities Ltd.,Sunrise Securities Limited,13,661.0,8593.0,2025-07-29 12:20:26.120936
2025-07-29,97200,2025072904012997,MEN,Shree Krishna Securities Ltd.,Trishakti Securities Public Limited,100,664.0,66400.0,2025-07-29 12:21:01.041546
2025-07-29,97199,2025072904012998,MEN,Shree Krishna Securities Ltd.,Online Securities Pvt. Ltd.,2900,664.0,1925600.0,2025-07-29 12:21:01.042084
2025-07-29,96545,2025072904013137,MEN,Ashutosh Brokerage & Securities (PVT) Ltd.,Vision Securities Pvt. Ltd,264,663.9,175269.6,2025-07-29 12:21:47.838158
2025-07-29,96544,2025072904013138,MEN,Ashutosh Brokerage & Securities (PVT) Ltd.,Online Securities Pvt. Ltd.,100,664.0,66400.0,2025-07-29 12:21:47.838420
2025-07-29,96442,2025072904013160,MEN,Ashutosh Brokerage & Securities (PVT) Ltd.,Linch Stock Market Ltd.,14,664.0,9296.0,2025-07-29 12:21:55.385988
2025-07-29,96313,2025072904013197,MEN,Ashutosh Brokerage & Securities (PVT) Ltd.,Swarna Laxmi Securities Pvt. Ltd.,322,664.0,213808.0,2025-07-29 12:22:05.186707
2025-07-29,96312,2025072904013198,MEN,J.F. Securites (PVT) Ltd.,Swarna Laxmi Securities Pvt. Ltd.,678,661.3,448361.4,2025-07-29 12:22:05.186961
2025-07-29,95502,2025072904013341,MEN,J.F. Securites (PVT) Ltd.,Swarna Laxmi Securities Pvt. Ltd.,322,661.3,212938.6,2025-07-29 12:22:53.518501
2025-07-29,95247,2025072904013392,MEN,Agrawal Securities (PVT) Ltd.,Swarna Laxmi Securities Pvt. Ltd.,178,661.3,117711.4,2025-07-29 12:23:12.359632
2025-07-29,95204,2025072904013396,MEN,Agrawal Securities (PVT) Ltd.,Swarna Laxmi Securities Pvt. Ltd.,150,661.3,99195.0,2025-07-29 12:23:14.793802
2025-07-29,94323,2025072904013617,MEN,Nagarik Stock Dealer ,Swarna Laxmi Securities Pvt. Ltd.,500,662.0,331000.0,2025-07-29 12:24:20.286871
2025-07-29,93409,2025072904013851,MEN,J.F. Securites (PVT) Ltd.,Swarna Laxmi Securities Pvt. Ltd.,100,662.1,66210.0,2025-07-29 12:25:21.704741
2025-07-29,93306,2025072904013883,MEN,J.F. Securites (PVT) Ltd.,Kumari Securities Private Limited,30,662.1,19863.0,2025-07-29 12:25:30.641691
2025-07-29,92715,2025072904014073,MEN,J.F. Securites (PVT) Ltd.,Swarna Laxmi Securities Pvt. Ltd.,870,662.1,576027.0,2025-07-29 12:26:13.195562
2025-07-29,92547,2025072904014104,MEN,SUN SECURITIES PVT LTD,Swarna Laxmi Securities Pvt. Ltd.,130,662.1,86073.0,2025-07-29 12:26:28.870202
2025-07-29,92307,2025072904014162,MEN,SUN SECURITIES PVT LTD,Swarna Laxmi Securities Pvt. Ltd.,370,663.0,245310.0,2025-07-29 12:26:46.606397
2025-07-29,91555,2025072904014408,MEN,SUN SECURITIES PVT LTD,Swarna Laxmi Securities Pvt. Ltd.,100,662.0,66200.0,2025-07-29 12:27:45.205351
2025-07-29,91554,2025072904014409,MEN,SUN SECURITIES PVT LTD,Swarna Laxmi Securities Pvt. Ltd.,500,662.0,331000.0,2025-07-29 12:27:45.205666
2025-07-29,91249,2025072904014510,MEN,Oxford Securities Pvt. Ltd.,Swarna Laxmi Securities Pvt. Ltd.,30,662.0,19860.0,2025-07-29 12:28:06.767918
2025-07-29,91248,2025072904014511,MEN,Oxford Securities Pvt. Ltd.,Online Securities Pvt. Ltd.,12,663.0,7956.0,2025-07-29 12:28:06.768181
2025-07-29,91247,2025072904014512,MEN,Oxford Securities Pvt. Ltd.,Online Securities Pvt. Ltd.,58,663.0,38454.0,2025-07-29 12:28:06.768285
2025-07-29,91226,2025072904014517,MEN,Agrawal Securities (PVT) Ltd.,South Asian Bulls Pvt. Ltd.,85,661.3,56210.5,2025-07-29 12:28:08.776941
2025-07-29,90387,2025072904014703,MEN,Agrawal Securities (PVT) Ltd.,Dipshikha Dhitopatra Karobar Co. Pvt Ltd.,87,661.3,57533.1,2025-07-29 12:29:13.021284
2025-07-29,89897,2025072904014788,MEN,Online Securities Pvt. Ltd.,Dipshikha Dhitopatra Karobar Co. Pvt Ltd.,200,661.3,132260.0,2025-07-29 12:29:43.349939
2025-07-29,89122,2025072904014976,MEN,Market Securities & Exchange (PVT) Ltd.,Opal Securities Investment (PVT) Ltd.,10,661.0,6610.0,2025-07-29 12:30:33.782059
2025-07-29,89121,2025072904014977,MEN,Agrawal Securities (PVT) Ltd.,Opal Securities Investment (PVT) Ltd.,190,661.0,125590.0,2025-07-29 12:30:33.782341
2025-07-29,88941,2025072904015028,MEN,Trisul Securities & Invt. Ltd.,Dipshikha Dhitopatra Karobar Co. Pvt Ltd.,213,661.3,140856.9,2025-07-29 12:30:50.960795
2025-07-29,88678,2025072904015119,MEN,Trisul Securities & Invt. Ltd.,Thrive Brokerage House Pvt. Ltd,287,661.3,189793.1,2025-07-29 12:31:15.048048
2025-07-29,88677,2025072904015120,MEN,Agrawal Securities (PVT) Ltd.,Thrive Brokerage House Pvt. Ltd,310,661.0,204910.0,2025-07-29 12:31:15.048290
2025-07-29,88676,2025072904015121,MEN,SUN SECURITIES PVT LTD,Thrive Brokerage House Pvt. Ltd,403,661.0,266383.0,2025-07-29 12:31:15.048433
2025-07-29,88379,2025072904015167,MEN,SUN SECURITIES PVT LTD,ABC Securities Private Limited,97,661.0,64117.0,2025-07-29 12:31:38.859621
2025-07-29,88378,2025072904015168,MEN,Agrawal Securities (PVT) Ltd.,ABC Securities Private Limited,403,660.3,266100.9,2025-07-29 12:31:38.860117
2025-07-29,88078,2025072904015246,MEN,Agrawal Securities (PVT) Ltd.,ABC Securities Private Limited,13,660.3,8583.9,2025-07-29 12:32:07.192838
2025-07-29,87907,2025072904015293,MEN,Agrawal Securities (PVT) Ltd.,Neev Securities Pvt. Ltd.,84,660.3,55465.2,2025-07-29 12:32:21.837109
2025-07-29,87906,2025072904015294,MEN,Dynamic Money Managers Securities Pvt. Ltd.,Neev Securities Pvt. Ltd.,116,660.3,76594.8,2025-07-29 12:32:21.837376
2025-07-29,87464,2025072904015419,MEN,Online Securities Pvt. Ltd.,Swarna Laxmi Securities Pvt. Ltd.,500,661.0,330500.0,2025-07-29 12:32:58.757389
2025-07-29,87104,2025072904015504,MEN,Dynamic Money Managers Securities Pvt. Ltd.,Sani Securities Company Ltd.,184,660.3,121495.2,2025-07-29 12:33:33.808305
2025-07-29,87103,2025072904015505,MEN,Vision Securities Pvt. Ltd,Sani Securities Company Ltd.,200,660.3,132060.0,2025-07-29 12:33:33.808572
2025-07-29,86823,2025072904015554,MEN,Sundhara Securities Limited,Sani Securities Company Ltd.,36,660.3,23770.8,2025-07-29 12:33:59.750909
2025-07-29,86800,2025072904015559,MEN,Bhrikuti Stock Broking Co. Pvt. Ltd.,Midas Stock Broking Company Private Limited,22,660.2,14524.4,2025-07-29 12:34:02.489730
2025-07-29,86712,2025072904015578,MEN,Kohinoor Investment & Securities Pvt. Ltd.,Sani Securities Company Ltd.,50,660.3,33015.0,2025-07-29 12:34:09.462208
2025-07-29,86664,2025072904015591,MEN,Online Securities Pvt. Ltd.,Sani Securities Company Ltd.,30,660.3,19809.0,2025-07-29 12:34:15.135024
2025-07-29,86663,2025072904015592,MEN,Online Securities Pvt. Ltd.,Opal Securities Investment (PVT) Ltd.,200,660.3,132060.0,2025-07-29 12:34:15.135318
2025-07-29,86522,2025072904015622,MEN,Online Securities Pvt. Ltd.,Online Securities Pvt. Ltd.,50,660.3,33015.0,2025-07-29 12:34:28.346884
2025-07-29,86367,2025072904015655,MEN,Bhrikuti Stock Broking Co. Pvt. Ltd.,ABC Securities Private Limited,178,660.2,117515.6,2025-07-29 12:34:43.730166
2025-07-29,86366,2025072904015656,MEN,Bhrikuti Stock Broking Co. Pvt. Ltd.,ABC Securities Private Limited,22,660.2,14524.4,2025-07-29 12:34:43.730722
2025-07-29,86236,2025072904015692,MEN,Online Securities Pvt. Ltd.,Online Securities Pvt. Ltd.,100,660.3,66030.0,2025-07-29 12:34:56.773664
2025-07-29,85900,2025072904015777,MEN,Bhrikuti Stock Broking Co. Pvt. Ltd.,Trisul Securities & Invt. Ltd.,13,660.2,8582.6,2025-07-29 12:35:28.451872
2025-07-29,85891,2025072904015780,MEN,Bhrikuti Stock Broking Co. Pvt. Ltd.,Thrive Brokerage House Pvt. Ltd,165,660.2,108933.0,2025-07-29 12:35:29.793006
2025-07-29,85890,2025072904015781,MEN,Siprabi Securities Pvt. Ltd.,Thrive Brokerage House Pvt. Ltd,45,660.2,29709.0,2025-07-29 12:35:29.793348
2025-07-29,85785,2025072904015819,MEN,Online Securities Pvt. Ltd.,Sani Securities Company Ltd.,56,660.9,37010.4,2025-07-29 12:35:39.754469
2025-07-29,85410,2025072904015901,MEN,Siprabi Securities Pvt. Ltd.,Imperial Securities Company Pvt. Ltd.,55,660.2,36311.0,2025-07-29 12:36:17.800082
2025-07-29,85409,2025072904015902,MEN,Agrawal Securities (PVT) Ltd.,Imperial Securities Company Pvt. Ltd.,445,660.1,293744.5,2025-07-29 12:36:17.800191
2025-07-29,84958,2025072904016011,MEN,Agrawal Securities (PVT) Ltd.,Vision Securities Pvt. Ltd,55,660.1,36305.5,2025-07-29 12:36:59.074123
2025-07-29,84957,2025072904016012,MEN,Online Securities Pvt. Ltd.,Vision Securities Pvt. Ltd,100,660.1,66010.0,2025-07-29 12:36:59.074389
2025-07-29,84956,2025072904016013,MEN,Nagarik Stock Dealer ,Vision Securities Pvt. Ltd,45,660.0,29700.0,2025-07-29 12:36:59.074500
2025-07-29,84717,2025072904016075,MEN,Sunrise Securities Limited,Sipla Securities Private Limited,100,660.0,66000.0,2025-07-29 12:37:27.544308
2025-07-29,84716,2025072904016076,MEN,Aryatara Investment & Securities,Sipla Securities Private Limited,100,660.0,66000.0,2025-07-29 12:37:27.544583
2025-07-29,84715,2025072904016077,MEN,Sundhara Securities Limited,Sipla Securities Private Limited,300,660.0,198000.0,2025-07-29 12:37:27.544737
2025-07-29,84714,2025072904016078,MEN,SUN SECURITIES PVT LTD,Sipla Securities Private Limited,100,660.0,66000.0,2025-07-29 12:37:27.544840
2025-07-29,84713,2025072904016079,MEN,Aryatara Investment & Securities,Sipla Securities Private Limited,365,660.0,240900.0,2025-07-29 12:37:27.544943
2025-07-29,84701,2025072904016083,MEN,Aryatara Investment & Securities,Naasa Securities Co. Ltd.,135,660.0,89100.0,2025-07-29 12:37:28.887095
2025-07-29,84700,2025072904016084,MEN,Secured Securities Ltd.,Naasa Securities Co. Ltd.,100,660.0,66000.0,2025-07-29 12:37:28.887381
2025-07-29,84699,2025072904016085,MEN,South Asian Bulls Pvt. Ltd.,Naasa Securities Co. Ltd.,200,660.0,132000.0,2025-07-29 12:37:28.887490
2025-07-29,84698,2025072904016086,MEN,Naasa Securities Co. Ltd.,Naasa Securities Co. Ltd.,207,660.0,136620.0,2025-07-29 12:37:28.887593
2025-07-29,84554,2025072904016124,MEN,Naasa Securities Co. Ltd.,Swarna Laxmi Securities Pvt. Ltd.,50,660.0,33000.0,2025-07-29 12:37:43.619628
2025-07-29,84413,2025072904016173,MEN,Naasa Securities Co. Ltd.,Thrive Brokerage House Pvt. Ltd,298,660.0,196680.0,2025-07-29 12:37:55.619969
2025-07-29,84412,2025072904016174,MEN,Kohinoor Investment & Securities Pvt. Ltd.,Thrive Brokerage House Pvt. Ltd,30,660.0,19800.0,2025-07-29 12:37:55.620449
2025-07-29,84411,2025072904016175,MEN,SUN SECURITIES PVT LTD,Thrive Brokerage House Pvt. Ltd,515,660.0,339900.0,2025-07-29 12:37:55.620735
2025-07-29,84410,2025072904016176,MEN,Sweta Securities Private Limited,Thrive Brokerage House Pvt. Ltd,145,660.0,95700.0,2025-07-29 12:37:55.621038
2025-07-29,84042,2025072904016248,MEN,Kohinoor Investment & Securities Pvt. Ltd.,Thrive Brokerage House Pvt. Ltd,12,660.0,7920.0,2025-07-29 12:38:27.985474
2025-07-29,83622,2025072904016356,MEN,Kohinoor Investment & Securities Pvt. Ltd.,Sumeru Securities Pvt. Ltd.,200,660.5,132100.0,2025-07-29 12:39:11.717148
2025-07-29,83524,2025072904016367,MEN,Kohinoor Investment & Securities Pvt. Ltd.,Trisul Securities & Invt. Ltd.,13,660.5,8586.5,2025-07-29 12:39:23.776702
2025-07-29,83488,2025072904016381,MEN,Kohinoor Investment & Securities Pvt. Ltd.,Sumeru Securities Pvt. Ltd.,13,660.5,8586.5,2025-07-29 12:39:27.825056
2025-07-29,83487,2025072904016382,MEN,Kohinoor Investment & Securities Pvt. Ltd.,Sumeru Securities Pvt. Ltd.,162,660.5,107001.0,2025-07-29 12:39:27.827681
2025-07-29,83486,2025072904016383,MEN,Investment Management Nepal Pvt. Ltd.,Sumeru Securities Pvt. Ltd.,246,660.0,162360.0,2025-07-29 12:39:27.827911
2025-07-29,83041,2025072904016487,MEN,Investment Management Nepal Pvt. Ltd.,Indira securities pvt. ltd,204,660.0,134640.0,2025-07-29 12:40:10.707477
2025-07-29,82869,2025072904016532,MEN,Thrive Brokerage House Pvt. Ltd,Stoxkarts Securities Limited,300,659.9,197970.0,2025-07-29 12:40:30.224821
2025-07-29,82769,2025072904016554,MEN,Thrive Brokerage House Pvt. Ltd,Online Securities Pvt. Ltd.,30,659.9,19797.0,2025-07-29 12:40:37.306044
2025-07-29,82208,2025072904016684,MEN,Primo Securities (PVT) Ltd.,Indira securities pvt. ltd,500,660.0,330000.0,2025-07-29 12:41:20.858444
2025-07-29,82185,2025072904016688,MEN,Siprabi Securities Pvt. Ltd.,Indira securities pvt. ltd,12,660.0,7920.0,2025-07-29 12:41:22.552996
2025-07-29,82182,2025072904016689,MEN,Thrive Brokerage House Pvt. Ltd,Naasa Securities Co. Ltd.,20,659.9,13198.0,2025-07-29 12:41:22.979898
2025-07-29,82181,2025072904016690,MEN,Dynamic Money Managers Securities Pvt. Ltd.,Naasa Securities Co. Ltd.,40,659.3,26372.0,2025-07-29 12:41:22.980391
2025-07-29,82180,2025072904016691,MEN,Nepal Stock House (PVT) Ltd.,Naasa Securities Co. Ltd.,50,659.3,32965.0,2025-07-29 12:41:22.980696
2025-07-29,82179,2025072904016692,MEN,Bhrikuti Stock Broking Co. Pvt. Ltd.,Naasa Securities Co. Ltd.,200,659.2,131840.0,2025-07-29 12:41:22.981006
2025-07-29,82178,2025072904016693,MEN,Dipshikha Dhitopatra Karobar Co. Pvt Ltd.,Naasa Securities Co. Ltd.,100,659.0,65900.0,2025-07-29 12:41:22.981332
2025-07-29,82177,2025072904016694,MEN,Agrawal Securities (PVT) Ltd.,Naasa Securities Co. Ltd.,500,659.0,329500.0,2025-07-29 12:41:22.981638
2025-07-29,81876,2025072904016744,MEN,Primo Securities (PVT) Ltd.,Naasa Securities Co. Ltd.,1590,658.4,1046856.0,2025-07-29 12:41:50.519395
2025-07-29,81711,2025072904016782,MEN,Dipshikha Dhitopatra Karobar Co. Pvt Ltd.,Indira securities pvt. ltd,16,660.0,10560.0,2025-07-29 12:42:06.990759
2025-07-29,81485,2025072904016850,MEN,Dipshikha Dhitopatra Karobar Co. Pvt Ltd.,Sweta Securities Private Limited,10,660.0,6600.0,2025-07-29 12:42:28.621538
2025-07-29,81411,2025072904016867,MEN,Dipshikha Dhitopatra Karobar Co. Pvt Ltd.,Naasa Securities Co. Ltd.,13,660.0,8580.0,2025-07-29 12:42:38.954446
2025-07-29,81392,2025072904016872,MEN,Opal Securities Investment (PVT) Ltd.,Naasa Securities Co. Ltd.,150,660.1,99015.0,2025-07-29 12:42:41.502186
2025-07-29,81391,2025072904016873,MEN,Dipshikha Dhitopatra Karobar Co. Pvt Ltd.,Naasa Securities Co. Ltd.,50,660.0,33000.0,2025-07-29 12:42:41.502461
2025-07-29,81339,2025072904016881,MEN,Dipshikha Dhitopatra Karobar Co. Pvt Ltd.,ABC Securities Private Limited,200,660.0,132000.0,2025-07-29 12:42:46.552777
2025-07-29,81088,2025072904016929,MEN,Imperial Securities Company Pvt. Ltd.,Sumeru Securities Pvt. Ltd.,100,660.1,66010.0,2025-07-29 12:43:10.645825
2025-07-29,80879,2025072904016963,MEN,Imperial Securities Company Pvt. Ltd.,Midas Stock Broking Company Private Limited,50,660.1,33005.0,2025-07-29 12:43:30.598188
2025-07-29,80878,2025072904016964,MEN,Dipshikha Dhitopatra Karobar Co. Pvt Ltd.,Midas Stock Broking Company Private Limited,239,660.0,157740.0,2025-07-29 12:43:30.598457
2025-07-29,80801,2025072904016984,MEN,Cristal Kanchanjanga Securites Pvt. Ltd.,Midas Stock Broking Company Private Limited,60,660.0,39600.0,2025-07-29 12:43:37.514035
2025-07-29,80638,2025072904017020,MEN,Oxford Securities Pvt. Ltd.,Midas Stock Broking Company Private Limited,500,660.0,330000.0,2025-07-29 12:43:48.530769
2025-07-29,80022,2025072904017110,MEN,Dipshikha Dhitopatra Karobar Co. Pvt Ltd.,Midas Stock Broking Company Private Limited,31,660.0,20460.0,2025-07-29 12:44:44.136910
2025-07-29,79624,2025072904017179,MEN,Sweta Securities Private Limited,Midas Stock Broking Company Private Limited,120,660.0,79200.0,2025-07-29 12:45:19.032922
2025-07-29,79623,2025072904017180,MEN,Sweta Securities Private Limited,Asian Securities Private Ltd.,165,660.0,108900.0,2025-07-29 12:45:19.033199
2025-07-29,79229,2025072904017277,MEN,South Asian Bulls Pvt. Ltd.,Vision Securities Pvt. Ltd,21,659.2,13843.2,2025-07-29 12:46:01.749559
2025-07-29,79228,2025072904017278,MEN,Agrawal Securities (PVT) Ltd.,Vision Securities Pvt. Ltd,439,659.2,289388.8,2025-07-29 12:46:01.749947
2025-07-29,79147,2025072904017303,MEN,Online Securities Pvt. Ltd.,Asian Securities Private Ltd.,235,660.0,155100.0,2025-07-29 12:46:08.018569
2025-07-29,79146,2025072904017304,MEN,Online Securities Pvt. Ltd.,Citizens Share Broker Limited,1000,660.0,660000.0,2025-07-29 12:46:08.018864
2025-07-29,78539,2025072904017440,MEN,Malla & Malla Stock Broking Company Pvt. Limited,Secured Securities Ltd.,100,660.0,66000.0,2025-07-29 12:47:06.165937
2025-07-29,78027,2025072904017551,MEN,Malla & Malla Stock Broking Company Pvt. Limited,Sumeru Securities Pvt. Ltd.,13,660.0,8580.0,2025-07-29 12:47:57.531515
2025-07-29,77539,2025072904017661,MEN,Malla & Malla Stock Broking Company Pvt. Limited,Siprabi Securities Pvt. Ltd.,123,660.0,81180.0,2025-07-29 12:48:48.787044
2025-07-29,77284,2025072904017729,MEN,Malla & Malla Stock Broking Company Pvt. Limited,Sumeru Securities Pvt. Ltd.,100,660.0,66000.0,2025-07-29 12:49:19.424337
2025-07-29,77153,2025072904017756,MEN,Malla & Malla Stock Broking Company Pvt. Limited,Himalayan Brokerage Company Limited,164,660.0,108240.0,2025-07-29 12:49:30.441957
2025-07-29,77152,2025072904017757,MEN,Sani Securities Company Ltd.,Himalayan Brokerage Company Limited,36,660.0,23760.0,2025-07-29 12:49:30.442485
2025-07-29,76891,2025072904017812,MEN,Sani Securities Company Ltd.,Himalayan Brokerage Company Limited,100,660.0,66000.0,2025-07-29 12:50:03.570977
2025-07-29,76403,2025072904017935,MEN,Sani Securities Company Ltd.,Neev Securities Pvt. Ltd.,364,660.0,240240.0,2025-07-29 12:51:05.993946
2025-07-29,76402,2025072904017936,MEN,Sewa Securities Pvt. Ltd.,Neev Securities Pvt. Ltd.,36,660.0,23760.0,2025-07-29 12:51:05.994232
2025-07-29,76227,2025072904017991,MEN,Agrawal Securities (PVT) Ltd.,Himalayan Brokerage Company Limited,100,660.6,66060.0,2025-07-29 12:51:28.009447
2025-07-29,75678,2025072904018096,MEN,Sewa Securities Pvt. Ltd.,Sani Securities Company Ltd.,65,660.0,42900.0,2025-07-29 12:52:24.207958
2025-07-29,75659,2025072904018101,MEN,Sewa Securities Pvt. Ltd.,South Asian Bulls Pvt. Ltd.,13,660.0,8580.0,2025-07-29 12:52:28.857419
2025-07-29,75524,2025072904018120,MEN,SHUBHAKAMANA SECURITIES PVT. LTD,Vision Securities Pvt. Ltd,2000,660.8,1321600.0,2025-07-29 12:52:47.507940
2025-07-29,75474,2025072904018130,MEN,Online Securities Pvt. Ltd.,Sani Securities Company Ltd.,277,660.9,183069.3,2025-07-29 12:52:56.192792
2025-07-29,73792,2025072904018459,MEN,Thrive Brokerage House Pvt. Ltd,Nepal Stock House (PVT) Ltd.,174,660.1,114857.4,2025-07-29 12:56:00.274489
2025-07-29,73791,2025072904018460,MEN,Sewa Securities Pvt. Ltd.,Nepal Stock House (PVT) Ltd.,36,660.0,23760.0,2025-07-29 12:56:00.274773
2025-07-29,73790,2025072904018461,MEN,Trishakti Securities Public Limited,Nepal Stock House (PVT) Ltd.,130,660.0,85800.0,2025-07-29 12:56:00.274881
2025-07-29,73789,2025072904018462,MEN,Sani Securities Company Ltd.,Nepal Stock House (PVT) Ltd.,160,660.0,105600.0,2025-07-29 12:56:00.274983
2025-07-29,73655,2025072904018495,MEN,Dipshikha Dhitopatra Karobar Co. Pvt Ltd.,Sani Securities Company Ltd.,17,660.9,11235.3,2025-07-29 12:56:16.996622
2025-07-29,72604,2025072904018727,MEN,Dipshikha Dhitopatra Karobar Co. Pvt Ltd.,Sunrise Securities Limited,50,663.2,33160.0,2025-07-29 12:58:14.977177
2025-07-29,72603,2025072904018728,MEN,Dipshikha Dhitopatra Karobar Co. Pvt Ltd.,Sani Securities Company Ltd.,200,663.2,132640.0,2025-07-29 12:58:14.977464
2025-07-29,72108,2025072904018780,MEN,Dipshikha Dhitopatra Karobar Co. Pvt Ltd.,Online Securities Pvt. Ltd.,11,663.9,7302.9,2025-07-29 12:58:45.369481
2025-07-29,72107,2025072904018781,MEN,Dipshikha Dhitopatra Karobar Co. Pvt Ltd.,Naasa Securities Co. Ltd.,22,664.0,14608.0,2025-07-29 12:58:45.369798
2025-07-29,70707,2025072904019107,MEN,Oxford Securities Pvt. Ltd.,Citizens Share Broker Limited,75,663.9,49792.5,2025-07-29 13:01:08.541782
2025-07-29,70258,2025072904019169,MEN,Aryatara Investment & Securities,Citizens Share Broker Limited,200,663.9,132780.0,2025-07-29 13:01:47.700304
2025-07-29,69544,2025072904019319,MEN,Online Securities Pvt. Ltd.,Online Securities Pvt. Ltd.,13,660.8,8590.4,2025-07-29 13:03:08.670755
2025-07-29,67750,2025072904019713,MEN,Shree Krishna Securities Ltd.,Citizens Share Broker Limited,725,663.9,481327.5,2025-07-29 13:06:46.219603
2025-07-29,67749,2025072904019714,MEN,Shree Krishna Securities Ltd.,Vision Securities Pvt. Ltd,200,664.0,132800.0,2025-07-29 13:06:46.219864
2025-07-29,67748,2025072904019715,MEN,Shree Krishna Securities Ltd.,Dipshikha Dhitopatra Karobar Co. Pvt Ltd.,50,664.0,33200.0,2025-07-29 13:06:46.219985
2025-07-29,67747,2025072904019716,MEN,Shree Krishna Securities Ltd.,Kalika Securities Pvt. Ltd.,25,664.0,16600.0,2025-07-29 13:06:46.220096
2025-07-29,65991,2025072904020113,MEN,Shree Krishna Securities Ltd.,South Asian Bulls Pvt. Ltd.,207,661.3,136889.1,2025-07-29 13:10:28.205546
2025-07-29,65210,2025072904020291,MEN,Market Securities & Exchange (PVT) Ltd.,Dipshikha Dhitopatra Karobar Co. Pvt Ltd.,200,663.0,132600.0,2025-07-29 13:12:14.668696
2025-07-29,64002,2025072904020575,MEN,Shree Krishna Securities Ltd.,Dipshikha Dhitopatra Karobar Co. Pvt Ltd.,200,663.6,132720.0,2025-07-29 13:14:41.721747
2025-07-29,64001,2025072904020576,MEN,Shree Krishna Securities Ltd.,Kalika Securities Pvt. Ltd.,115,664.0,76360.0,2025-07-29 13:14:41.722068
2025-07-29,64000,2025072904020577,MEN,Shree Krishna Securities Ltd.,Nepal Stock House (PVT) Ltd.,285,664.0,189240.0,2025-07-29 13:14:41.722189
2025-07-29,63040,2025072904020803,MEN,Dakshinkali Investment & Securities Pvt. Ltd.,Nepal Stock House (PVT) Ltd.,100,664.0,66400.0,2025-07-29 13:16:10.047784
2025-07-29,62801,2025072904020873,MEN,Market Securities & Exchange (PVT) Ltd.,Imperial Securities Company Pvt. Ltd.,13,662.0,8606.0,2025-07-29 13:16:33.911649
2025-07-29,62612,2025072904020913,MEN,Market Securities & Exchange (PVT) Ltd.,Naasa Securities Co. Ltd.,13,662.0,8606.0,2025-07-29 13:16:58.371098
2025-07-29,61961,2025072904021032,MEN,NIMB Stock Markets Limited,Sumeru Securities Pvt. Ltd.,100,663.0,66300.0,2025-07-29 13:18:13.204641
2025-07-29,61785,2025072904021053,MEN,NIMB Stock Markets Limited,Naasa Securities Co. Ltd.,10,663.0,6630.0,2025-07-29 13:18:34.821751
2025-07-29,61570,2025072904021096,MEN,NIMB Stock Markets Limited,Property Wiard Limited,490,663.0,324870.0,2025-07-29 13:18:58.441359
2025-07-29,61569,2025072904021097,MEN,Linch Stock Market Ltd.,Property Wiard Limited,10,663.0,6630.0,2025-07-29 13:18:58.441666
2025-07-29,61441,2025072904021138,MEN,Linch Stock Market Ltd.,Imperial Securities Company Pvt. Ltd.,13,663.0,8619.0,2025-07-29 13:19:13.717038
2025-07-29,60765,2025072904021249,MEN,Linch Stock Market Ltd.,Dipshikha Dhitopatra Karobar Co. Pvt Ltd.,100,663.0,66300.0,2025-07-29 13:20:27.527686
2025-07-29,60437,2025072904021312,MEN,Linch Stock Market Ltd.,Creative Securities Pvt Ltd,150,663.0,99450.0,2025-07-29 13:21:04.882402
2025-07-29,60370,2025072904021326,MEN,Agrawal Securities (PVT) Ltd.,Citizens Share Broker Limited,649,663.7,430741.3,2025-07-29 13:21:16.899658
2025-07-29,60267,2025072904021355,MEN,Premier Securities Company Ltd.,KALASH STOCK MARKET PVT. LTD.,13,663.9,8630.7,2025-07-29 13:21:34.207167
2025-07-29,60266,2025072904021356,MEN,Premier Securities Company Ltd.,Nepal Stock House (PVT) Ltd.,87,664.0,57768.0,2025-07-29 13:21:34.207809
2025-07-29,59317,2025072904021607,MEN,Linch Stock Market Ltd.,Vision Securities Pvt. Ltd,27,663.0,17901.0,2025-07-29 13:23:35.937889
2025-07-29,58427,2025072904021782,MEN,Naasa Securities Co. Ltd.,Vision Securities Pvt. Ltd,30,663.0,19890.0,2025-07-29 13:25:31.958001
2025-07-29,58426,2025072904021783,MEN,Naasa Securities Co. Ltd.,Naasa Securities Co. Ltd.,100,663.0,66300.0,2025-07-29 13:25:31.958096
2025-07-29,58425,2025072904021784,MEN,Naasa Securities Co. Ltd.,Nepal Stock House (PVT) Ltd.,28,664.0,18592.0,2025-07-29 13:25:31.958169
2025-07-29,58424,2025072904021785,MEN,Naasa Securities Co. Ltd.,K.B.L. Securities Limited ,100,664.0,66400.0,2025-07-29 13:25:31.958284
2025-07-29,58423,2025072904021786,MEN,Naasa Securities Co. Ltd.,Deevyaa Securities & Stock House Pvt. Ltd,20,664.0,13280.0,2025-07-29 13:25:31.958372
2025-07-29,58422,2025072904021787,MEN,Naasa Securities Co. Ltd.,Primo Securities (PVT) Ltd.,402,664.9,267289.8,2025-07-29 13:25:31.958439
2025-07-29,58194,2025072904021853,MEN,Market Securities & Exchange (PVT) Ltd.,Arun Securities (PVT) Ltd.,66,662.0,43692.0,2025-07-29 13:26:06.669404
2025-07-29,56909,2025072904022065,MEN,Sagarmatha Securities Private Limited,Kalika Securities Pvt. Ltd.,15,662.1,9931.5,2025-07-29 13:29:01.715292
2025-07-29,56434,2025072904022222,MEN,Sri Hari Securities Pvt. Ltd.,Sani Securities Company Ltd.,10,662.1,6621.0,2025-07-29 13:30:04.134623
2025-07-29,56323,2025072904022240,MEN,Sri Hari Securities Pvt. Ltd.,Midas Stock Broking Company Private Limited,50,662.1,33105.0,2025-07-29 13:30:18.378410
2025-07-29,56322,2025072904022241,MEN,Market Securities & Exchange (PVT) Ltd.,Midas Stock Broking Company Private Limited,108,662.0,71496.0,2025-07-29 13:30:18.378744
2025-07-29,56321,2025072904022242,MEN,Sundhara Securities Limited,Midas Stock Broking Company Private Limited,100,662.0,66200.0,2025-07-29 13:30:18.378869
2025-07-29,56115,2025072904022291,MEN,Siprabi Securities Pvt. Ltd.,Midas Stock Broking Company Private Limited,50,662.0,33100.0,2025-07-29 13:30:46.738329
2025-07-29,55724,2025072904022379,MEN,Shree Krishna Securities Ltd.,Midas Stock Broking Company Private Limited,192,662.0,127104.0,2025-07-29 13:31:49.663291
2025-07-29,55087,2025072904022521,MEN,Vision Securities Pvt. Ltd,Nepal Stock House (PVT) Ltd.,13,662.1,8607.3,2025-07-29 13:33:03.393667
2025-07-29,55052,2025072904022536,MEN,Naasa Securities Co. Ltd.,ABC Securities Private Limited,13,663.0,8619.0,2025-07-29 13:33:09.101133
2025-07-29,55051,2025072904022537,MEN,Naasa Securities Co. Ltd.,Arun Securities (PVT) Ltd.,20,663.0,13260.0,2025-07-29 13:33:09.101563
2025-07-29,54823,2025072904022583,MEN,Naasa Securities Co. Ltd.,Imperial Securities Company Pvt. Ltd.,500,664.0,332000.0,2025-07-29 13:33:34.341001
2025-07-29,54242,2025072904022695,MEN,Naasa Securities Co. Ltd.,J.F. Securites (PVT) Ltd.,77,664.0,51128.0,2025-07-29 13:34:36.992504
2025-07-29,52205,2025072904023200,MEN,Vision Securities Pvt. Ltd,Trishakti Securities Public Limited,287,662.1,190022.7,2025-07-29 13:37:51.929373
2025-07-29,52204,2025072904023201,MEN,Shree Krishna Securities Ltd.,Trishakti Securities Public Limited,1713,662.0,1134006.0,2025-07-29 13:37:51.929693
2025-07-29,51958,2025072904023270,MEN,Dipshikha Dhitopatra Karobar Co. Pvt Ltd.,J.F. Securites (PVT) Ltd.,200,664.0,132800.0,2025-07-29 13:38:21.150514
2025-07-29,51844,2025072904023293,MEN,Shree Krishna Securities Ltd.,Oxford Securities Pvt. Ltd.,50,662.0,33100.0,2025-07-29 13:38:33.638787
2025-07-29,51702,2025072904023312,MEN,Shree Krishna Securities Ltd.,Kohinoor Investment & Securities Pvt. Ltd.,13,663.0,8619.0,2025-07-29 13:38:50.984458
2025-07-29,51701,2025072904023313,MEN,Shree Krishna Securities Ltd.,J.F. Securites (PVT) Ltd.,223,664.0,148072.0,2025-07-29 13:38:50.984817
2025-07-29,51700,2025072904023314,MEN,Shree Krishna Securities Ltd.,Primo Securities (PVT) Ltd.,98,664.9,65160.2,2025-07-29 13:38:50.985039
2025-07-29,51699,2025072904023315,MEN,Shree Krishna Securities Ltd.,Siprabi Securities Pvt. Ltd.,13,665.0,8645.0,2025-07-29 13:38:50.985211
2025-07-29,51698,2025072904023316,MEN,Shree Krishna Securities Ltd.,Opal Securities Investment (PVT) Ltd.,16,665.0,10640.0,2025-07-29 13:38:50.985376
2025-07-29,51697,2025072904023317,MEN,Shree Krishna Securities Ltd.,Trishakti Securities Public Limited,1637,665.0,1088605.0,2025-07-29 13:38:50.985548
2025-07-29,51100,2025072904023491,MEN,Shree Krishna Securities Ltd.,Magnet Securities and Investment Company Private Limited,45,662.0,29790.0,2025-07-29 13:39:59.703545
2025-07-29,51099,2025072904023492,MEN,Opal Securities Investment (PVT) Ltd.,Magnet Securities and Investment Company Private Limited,192,662.0,127104.0,2025-07-29 13:39:59.704100
2025-07-29,51098,2025072904023493,MEN,Sundhara Securities Limited,Magnet Securities and Investment Company Private Limited,40,662.0,26480.0,2025-07-29 13:39:59.704472
2025-07-29,51097,2025072904023494,MEN,Online Securities Pvt. Ltd.,Magnet Securities and Investment Company Private Limited,50,662.0,33100.0,2025-07-29 13:39:59.704835
2025-07-29,51096,2025072904023495,MEN,Shree Krishna Securities Ltd.,Magnet Securities and Investment Company Private Limited,93,661.3,61500.9,2025-07-29 13:39:59.705202
2025-07-29,51095,2025072904023496,MEN,Market Securities & Exchange (PVT) Ltd.,Magnet Securities and Investment Company Private Limited,180,661.3,119034.0,2025-07-29 13:39:59.705582
2025-07-29,50960,2025072904023522,MEN,Market Securities & Exchange (PVT) Ltd.,Magnet Securities and Investment Company Private Limited,20,661.3,13226.0,2025-07-29 13:40:15.753605
2025-07-29,50959,2025072904023523,MEN,K.B.L. Securities Limited ,Magnet Securities and Investment Company Private Limited,680,661.2,449616.0,2025-07-29 13:40:15.753928
2025-07-29,50861,2025072904023536,MEN,K.B.L. Securities Limited ,Linch Stock Market Ltd.,100,661.2,66120.0,2025-07-29 13:40:23.797206
2025-07-29,50815,2025072904023541,MEN,K.B.L. Securities Limited ,Magnet Securities and Investment Company Private Limited,220,661.2,145464.0,2025-07-29 13:40:30.827349
2025-07-29,50814,2025072904023542,MEN,Agrawal Securities (PVT) Ltd.,Magnet Securities and Investment Company Private Limited,480,661.1,317328.0,2025-07-29 13:40:30.827627
2025-07-29,50725,2025072904023568,MEN,Agrawal Securities (PVT) Ltd.,Magnet Securities and Investment Company Private Limited,520,661.1,343772.0,2025-07-29 13:40:42.867249
2025-07-29,50724,2025072904023569,MEN,Miyo Securities Pvt Ltd,Magnet Securities and Investment Company Private Limited,180,661.0,118980.0,2025-07-29 13:40:42.867583
2025-07-29,50531,2025072904023609,MEN,Sumeru Securities Pvt. Ltd.,Midas Stock Broking Company Private Limited,2,654.7,1309.4,2025-07-29 13:41:08.896695
2025-07-29,50453,2025072904023638,MEN,Sumeru Securities Pvt. Ltd.,ABC Securities Private Limited,9,655.0,5895.0,2025-07-29 13:41:17.001396
2025-07-29,50400,2025072904023664,MEN,Miyo Securities Pvt Ltd,Deevyaa Securities & Stock House Pvt. Ltd,320,661.0,211520.0,2025-07-29 13:41:20.311231
2025-07-29,50399,2025072904023665,MEN,Trishakti Securities Public Limited,Deevyaa Securities & Stock House Pvt. Ltd,250,661.0,165250.0,2025-07-29 13:41:20.311803
2025-07-29,50398,2025072904023666,MEN,Online Securities Pvt. Ltd.,Deevyaa Securities & Stock House Pvt. Ltd,16,660.8,10572.8,2025-07-29 13:41:20.312169
2025-07-29,50397,2025072904023667,MEN,Trishakti Securities Public Limited,Deevyaa Securities & Stock House Pvt. Ltd,250,660.8,165200.0,2025-07-29 13:41:20.312536
2025-07-29,50396,2025072904023668,MEN,Sani Securities Company Ltd.,Deevyaa Securities & Stock House Pvt. Ltd,500,660.5,330250.0,2025-07-29 13:41:20.312892
2025-07-29,50395,2025072904023669,MEN,Shree Krishna Securities Ltd.,Deevyaa Securities & Stock House Pvt. Ltd,664,660.2,438372.8,2025-07-29 13:41:20.313245
2025-07-29,50333,2025072904023692,MEN,Sumeru Securities Pvt. Ltd.,Siprabi Securities Pvt. Ltd.,2,655.0,1310.0,2025-07-29 13:41:27.132264
2025-07-29,50081,2025072904023751,MEN,Shree Krishna Securities Ltd.,Deevyaa Securities & Stock House Pvt. Ltd,336,660.2,221827.2,2025-07-29 13:41:52.473631
2025-07-29,50080,2025072904023752,MEN,Sani Securities Company Ltd.,Deevyaa Securities & Stock House Pvt. Ltd,305,660.0,201300.0,2025-07-29 13:41:52.473940
2025-07-29,50079,2025072904023753,MEN,Neev Securities Pvt. Ltd.,Deevyaa Securities & Stock House Pvt. Ltd,100,660.0,66000.0,2025-07-29 13:41:52.474061
2025-07-29,50078,2025072904023754,MEN,Midas Stock Broking Company Private Limited,Deevyaa Securities & Stock House Pvt. Ltd,71,660.0,46860.0,2025-07-29 13:41:52.474176
2025-07-29,50077,2025072904023755,MEN,Online Securities Pvt. Ltd.,Deevyaa Securities & Stock House Pvt. Ltd,700,660.0,462000.0,2025-07-29 13:41:52.474291
2025-07-29,50076,2025072904023756,MEN,ABC Securities Private Limited,Deevyaa Securities & Stock House Pvt. Ltd,30,660.0,19800.0,2025-07-29 13:41:52.474424
2025-07-29,50075,2025072904023757,MEN,Dynamic Money Managers Securities Pvt. Ltd.,Deevyaa Securities & Stock House Pvt. Ltd,300,660.0,198000.0,2025-07-29 13:41:52.474542
2025-07-29,50074,2025072904023758,MEN,Naasa Securities Co. Ltd.,Deevyaa Securities & Stock House Pvt. Ltd,200,660.0,132000.0,2025-07-29 13:41:52.474661
2025-07-29,49597,2025072904023902,MEN,Sani Securities Company Ltd.,Sri Hari Securities Pvt. Ltd.,102,659.0,67218.0,2025-07-29 13:42:46.731444
2025-07-29,49596,2025072904023903,MEN,Sani Securities Company Ltd.,Sri Hari Securities Pvt. Ltd.,500,659.0,329500.0,2025-07-29 13:42:46.732092
2025-07-29,49595,2025072904023904,MEN,Primo Securities (PVT) Ltd.,Sri Hari Securities Pvt. Ltd.,2000,658.5,1317000.0,2025-07-29 13:42:46.732686
2025-07-29,49594,2025072904023905,MEN,Primo Securities (PVT) Ltd.,Sri Hari Securities Pvt. Ltd.,1198,658.5,788883.0,2025-07-29 13:42:46.733225
2025-07-29,49576,2025072904023910,MEN,Sumeru Securities Pvt. Ltd.,MILKY WAY SHARE BROKER COMPANY LTD ,3,657.0,1971.0,2025-07-29 13:42:48.761524
2025-07-29,49525,2025072904023931,MEN,Sumeru Securities Pvt. Ltd.,Sewa Securities Pvt. Ltd.,1,657.0,657.0,2025-07-29 13:42:53.852773
2025-07-29,49334,2025072904023956,MEN,Primo Securities (PVT) Ltd.,Shree Krishna Securities Ltd.,302,658.5,198867.0,2025-07-29 13:43:12.584711
2025-07-29,49333,2025072904023957,MEN,Primo Securities (PVT) Ltd.,Shree Krishna Securities Ltd.,198,658.4,130363.2,2025-07-29 13:43:12.585022
2025-07-29,48322,2025072904024230,MEN,Kumari Securities Private Limited,Aakashbhairab Securities Ltd.,100,658.5,65850.0,2025-07-29 13:45:08.384902
2025-07-29,48321,2025072904024231,MEN,Sundhara Securities Limited,Aakashbhairab Securities Ltd.,50,658.5,32925.0,2025-07-29 13:45:08.385251
2025-07-29,48320,2025072904024232,MEN,Primo Securities (PVT) Ltd.,Aakashbhairab Securities Ltd.,212,658.4,139580.8,2025-07-29 13:45:08.385399
2025-07-29,48319,2025072904024233,MEN,Agrawal Securities (PVT) Ltd.,Aakashbhairab Securities Ltd.,200,658.4,131680.0,2025-07-29 13:45:08.385522
2025-07-29,48318,2025072904024234,MEN,Dynamic Money Managers Securities Pvt. Ltd.,Aakashbhairab Securities Ltd.,500,658.3,329150.0,2025-07-29 13:45:08.385644
2025-07-29,48317,2025072904024235,MEN,Capital Max Securities Ltd,Aakashbhairab Securities Ltd.,1938,658.1,1275397.8,2025-07-29 13:45:08.385768
2025-07-29,47810,2025072904024327,MEN,Online Securities Pvt. Ltd.,Trisul Securities & Invt. Ltd.,13,659.0,8567.0,2025-07-29 13:45:48.254680
2025-07-29,47443,2025072904024414,MEN,Online Securities Pvt. Ltd.,Nagarik Stock Dealer ,20,659.6,13192.0,2025-07-29 13:46:28.193744
2025-07-29,47284,2025072904024475,MEN,Aryatara Investment & Securities,Deevyaa Securities & Stock House Pvt. Ltd,500,660.0,330000.0,2025-07-29 13:46:45.309609
2025-07-29,46917,2025072904024593,MEN,Online Securities Pvt. Ltd.,Stoxkarts Securities Limited,300,659.6,197880.0,2025-07-29 13:47:29.105587
2025-07-29,46908,2025072904024597,MEN,Neev Securities Pvt. Ltd.,Deevyaa Securities & Stock House Pvt. Ltd,100,660.0,66000.0,2025-07-29 13:47:29.461040
2025-07-29,46318,2025072904024748,MEN,Sewa Securities Pvt. Ltd.,Stoxkarts Securities Limited,100,659.7,65970.0,2025-07-29 13:48:32.323852
2025-07-29,45200,2025072904025010,MEN,Online Securities Pvt. Ltd.,Trisul Securities & Invt. Ltd.,13,659.6,8574.8,2025-07-29 13:50:47.053871
2025-07-29,45045,2025072904025044,MEN,Neev Securities Pvt. Ltd.,Deevyaa Securities & Stock House Pvt. Ltd,100,660.0,66000.0,2025-07-29 13:51:07.206077
2025-07-29,43497,2025072904025448,MEN,Online Securities Pvt. Ltd.,Dakshinkali Investment & Securities Pvt. Ltd.,13,659.6,8574.8,2025-07-29 13:54:20.753009
2025-07-29,43223,2025072904025502,MEN,SHUBHAKAMANA SECURITIES PVT. LTD,Deevyaa Securities & Stock House Pvt. Ltd,258,660.0,170280.0,2025-07-29 13:54:50.702036
2025-07-29,43222,2025072904025503,MEN,SHUBHAKAMANA SECURITIES PVT. LTD,Linch Stock Market Ltd.,242,660.0,159720.0,2025-07-29 13:54:50.702387
2025-07-29,43153,2025072904025516,MEN,SHUBHAKAMANA SECURITIES PVT. LTD,Linch Stock Market Ltd.,258,660.0,170280.0,2025-07-29 13:55:02.746692
2025-07-29,43152,2025072904025517,MEN,SHUBHAKAMANA SECURITIES PVT. LTD,Naasa Securities Co. Ltd.,46,660.0,30360.0,2025-07-29 13:55:02.747261
2025-07-29,43151,2025072904025518,MEN,SHUBHAKAMANA SECURITIES PVT. LTD,pahiinvestment,196,660.0,129360.0,2025-07-29 13:55:02.747656
2025-07-29,42147,2025072904025755,MEN,Online Securities Pvt. Ltd.,Investment Management Nepal Pvt. Ltd.,154,659.6,101578.4,2025-07-29 13:57:31.697092
2025-07-29,42146,2025072904025756,MEN,Online Securities Pvt. Ltd.,Investment Management Nepal Pvt. Ltd.,487,659.0,320933.0,2025-07-29 13:57:31.697427
2025-07-29,42145,2025072904025757,MEN,Kohinoor Investment & Securities Pvt. Ltd.,Investment Management Nepal Pvt. Ltd.,90,659.0,59310.0,2025-07-29 13:57:31.697556
2025-07-29,40883,2025072904026049,MEN,SHUBHAKAMANA SECURITIES PVT. LTD,Investment Management Nepal Pvt. Ltd.,49,659.0,32291.0,2025-07-29 14:00:11.884444
2025-07-29,40370,2025072904026157,MEN,Sumeru Securities Pvt. Ltd.,Online Securities Pvt. Ltd.,3,657.0,1971.0,2025-07-29 14:01:17.400998
2025-07-29,40354,2025072904026166,MEN,Nagarik Stock Dealer ,pahiinvestment,264,660.0,174240.0,2025-07-29 14:01:19.861524
2025-07-29,40353,2025072904026167,MEN,Nagarik Stock Dealer ,Creative Securities Pvt Ltd,13,660.0,8580.0,2025-07-29 14:01:19.861836
2025-07-29,40352,2025072904026168,MEN,Nagarik Stock Dealer ,Sani Securities Company Ltd.,38,660.0,25080.0,2025-07-29 14:01:19.861961
2025-07-29,40351,2025072904026169,MEN,Nagarik Stock Dealer ,Naasa Securities Co. Ltd.,10,660.0,6600.0,2025-07-29 14:01:19.862082
2025-07-29,40350,2025072904026170,MEN,Nagarik Stock Dealer ,Imperial Securities Company Pvt. Ltd.,100,660.0,66000.0,2025-07-29 14:01:19.862206
2025-07-29,40349,2025072904026171,MEN,Nagarik Stock Dealer ,Oxford Securities Pvt. Ltd.,160,660.0,105600.0,2025-07-29 14:01:19.862342
2025-07-29,39591,2025072904026341,MEN,Nagarik Stock Dealer ,Deevyaa Securities & Stock House Pvt. Ltd,20,660.0,13200.0,2025-07-29 14:03:00.454934
2025-07-29,39468,2025072904026370,MEN,Nagarik Stock Dealer ,Online Securities Pvt. Ltd.,162,660.0,106920.0,2025-07-29 14:03:16.604096
2025-07-29,39262,2025072904026411,MEN,Nagarik Stock Dealer ,Agrawal Securities (PVT) Ltd.,133,660.0,87780.0,2025-07-29 14:03:51.558647
2025-07-29,39261,2025072904026412,MEN,SHUBHAKAMANA SECURITIES PVT. LTD,Agrawal Securities (PVT) Ltd.,367,660.0,242220.0,2025-07-29 14:03:51.558941
2025-07-29,38797,2025072904026533,MEN,SHUBHAKAMANA SECURITIES PVT. LTD,Dipshikha Dhitopatra Karobar Co. Pvt Ltd.,133,660.0,87780.0,2025-07-29 14:04:54.732022
2025-07-29,38796,2025072904026534,MEN,Aryatara Investment & Securities,Dipshikha Dhitopatra Karobar Co. Pvt Ltd.,67,660.0,44220.0,2025-07-29 14:04:54.732384
2025-07-29,38707,2025072904026566,MEN,Aryatara Investment & Securities,Naasa Securities Co. Ltd.,500,660.0,330000.0,2025-07-29 14:05:05.770960
2025-07-29,38702,2025072904026569,MEN,Cristal Kanchanjanga Securites Pvt. Ltd.,Dipshikha Dhitopatra Karobar Co. Pvt Ltd.,15,661.0,9915.0,2025-07-29 14:05:06.513496
2025-07-29,37446,2025072904026854,MEN,Aryatara Investment & Securities,Naasa Securities Co. Ltd.,200,660.0,132000.0,2025-07-29 14:07:33.071601
2025-07-29,37089,2025072904026952,MEN,Midas Stock Broking Company Private Limited,Dipshikha Dhitopatra Karobar Co. Pvt Ltd.,12,661.0,7932.0,2025-07-29 14:08:17.062784
2025-07-29,37063,2025072904026965,MEN,Kohinoor Investment & Securities Pvt. Ltd.,Dipshikha Dhitopatra Karobar Co. Pvt Ltd.,473,661.0,312653.0,2025-07-29 14:08:20.194061
2025-07-29,37062,2025072904026966,MEN,Kohinoor Investment & Securities Pvt. Ltd.,Investment Management Nepal Pvt. Ltd.,15,661.0,9915.0,2025-07-29 14:08:20.194369
2025-07-29,36945,2025072904027016,MEN,Trademow Securities Private Limited,Vision Securities Pvt. Ltd,100,662.0,66200.0,2025-07-29 14:08:30.133356
2025-07-29,35234,2025072904027455,MEN,Capital Max Securities Ltd,Naasa Securities Co. Ltd.,65,660.5,42932.5,2025-07-29 14:12:01.108150
2025-07-29,35233,2025072904027456,MEN,Aryatara Investment & Securities,Naasa Securities Co. Ltd.,165,660.0,108900.0,2025-07-29 14:12:01.108753
2025-07-29,34872,2025072904027561,MEN,Aryatara Investment & Securities,Nepal Investment And Securities Trading Private Limited,300,660.0,198000.0,2025-07-29 14:12:44.663178
2025-07-29,33823,2025072904027834,MEN,Aryatara Investment & Securities,Sumeru Securities Pvt. Ltd.,50,660.0,33000.0,2025-07-29 14:14:55.683357
2025-07-29,31494,2025072904028406,MEN,Linch Stock Market Ltd.,Premier Securities Company Ltd.,17,661.0,11237.0,2025-07-29 14:19:06.549256
2025-07-29,30778,2025072904028532,MEN,Aryatara Investment & Securities,Aryatara Investment & Securities,218,660.0,143880.0,2025-07-29 14:20:28.826693
2025-07-29,30777,2025072904028533,MEN,Dipshikha Dhitopatra Karobar Co. Pvt Ltd.,Aryatara Investment & Securities,100,660.0,66000.0,2025-07-29 14:20:28.826998
2025-07-29,30776,2025072904028534,MEN,Sweta Securities Private Limited,Aryatara Investment & Securities,100,660.0,66000.0,2025-07-29 14:20:28.827125
2025-07-29,30775,2025072904028535,MEN,Malla & Malla Stock Broking Company Pvt. Limited,Aryatara Investment & Securities,50,660.0,33000.0,2025-07-29 14:20:28.827247
2025-07-29,30774,2025072904028536,MEN,Deevyaa Securities & Stock House Pvt. Ltd,Aryatara Investment & Securities,400,660.0,264000.0,2025-07-29 14:20:28.827385
2025-07-29,30773,2025072904028537,MEN,SHUBHAKAMANA SECURITIES PVT. LTD,Aryatara Investment & Securities,232,659.0,152888.0,2025-07-29 14:20:28.827508
2025-07-29,30681,2025072904028557,MEN,SHUBHAKAMANA SECURITIES PVT. LTD,Neev Securities Pvt. Ltd.,13,659.0,8567.0,2025-07-29 14:20:41.727143
2025-07-29,30137,2025072904028699,MEN,Aryatara Investment & Securities,Siprabi Securities Pvt. Ltd.,165,660.0,108900.0,2025-07-29 14:21:42.676993
2025-07-29,30111,2025072904028710,MEN,SHUBHAKAMANA SECURITIES PVT. LTD,Online Securities Pvt. Ltd.,153,659.0,100827.0,2025-07-29 14:21:45.154490
2025-07-29,29904,2025072904028745,MEN,SHUBHAKAMANA SECURITIES PVT. LTD,Cristal Kanchanjanga Securites Pvt. Ltd.,53,659.0,34927.0,2025-07-29 14:22:04.272307
2025-07-29,29903,2025072904028746,MEN,SHUBHAKAMANA SECURITIES PVT. LTD,Cristal Kanchanjanga Securites Pvt. Ltd.,50,658.3,32915.0,2025-07-29 14:22:04.272625
2025-07-29,29902,2025072904028747,MEN,Sani Securities Company Ltd.,Cristal Kanchanjanga Securites Pvt. Ltd.,500,658.3,329150.0,2025-07-29 14:22:04.272752
2025-07-29,29901,2025072904028748,MEN,Vision Securities Pvt. Ltd,Cristal Kanchanjanga Securites Pvt. Ltd.,200,658.2,131640.0,2025-07-29 14:22:04.272874
2025-07-29,29900,2025072904028749,MEN,Capital Max Securities Ltd,Cristal Kanchanjanga Securites Pvt. Ltd.,62,658.1,40802.2,2025-07-29 14:22:04.272994
2025-07-29,29899,2025072904028750,MEN,Primo Securities (PVT) Ltd.,Cristal Kanchanjanga Securites Pvt. Ltd.,85,658.1,55938.5,2025-07-29 14:22:04.273119
2025-07-29,28312,2025072904029104,MEN,Primo Securities (PVT) Ltd.,Online Securities Pvt. Ltd.,400,658.1,263240.0,2025-07-29 14:25:05.000065
2025-07-29,28299,2025072904029110,MEN,Primo Securities (PVT) Ltd.,Bhrikuti Stock Broking Co. Pvt. Ltd.,13,658.1,8555.3,2025-07-29 14:25:06.305709
2025-07-29,28218,2025072904029135,MEN,Shree Krishna Securities Ltd.,Agrawal Securities (PVT) Ltd.,500,660.0,330000.0,2025-07-29 14:25:14.622992
2025-07-29,27417,2025072904029297,MEN,Online Securities Pvt. Ltd.,Asian Securities Private Ltd.,152,659.0,100168.0,2025-07-29 14:26:49.813980
2025-07-29,26819,2025072904029423,MEN,South Asian Bulls Pvt. Ltd.,Asian Securities Private Ltd.,40,659.0,26360.0,2025-07-29 14:27:55.188613
2025-07-29,26706,2025072904029436,MEN,Premier Securities Company Ltd.,Vision Securities Pvt. Ltd,20,658.3,13166.0,2025-07-29 14:28:08.834741
2025-07-29,26705,2025072904029437,MEN,Primo Securities (PVT) Ltd.,Vision Securities Pvt. Ltd,480,658.1,315888.0,2025-07-29 14:28:08.835342
2025-07-29,26504,2025072904029473,MEN,Primo Securities (PVT) Ltd.,ABC Securities Private Limited,100,658.1,65810.0,2025-07-29 14:28:31.426688
2025-07-29,26269,2025072904029502,MEN,Oxford Securities Pvt. Ltd.,Asian Securities Private Ltd.,25,659.0,16475.0,2025-07-29 14:29:00.239700
2025-07-29,26161,2025072904029516,MEN,Trisul Securities & Invt. Ltd.,Asian Securities Private Ltd.,500,659.0,329500.0,2025-07-29 14:29:09.225746
2025-07-29,26144,2025072904029518,MEN,Primo Securities (PVT) Ltd.,Dynamic Money Managers Securities Pvt. Ltd.,13,658.1,8555.3,2025-07-29 14:29:11.394710
2025-07-29,26065,2025072904029542,MEN,Primo Securities (PVT) Ltd.,Malla & Malla Stock Broking Company Pvt. Limited,10,658.1,6581.0,2025-07-29 14:29:17.984232
2025-07-29,24824,2025072904029919,MEN,Primo Securities (PVT) Ltd.,Online Securities Pvt. Ltd.,100,658.1,65810.0,2025-07-29 14:31:16.423490
2025-07-29,24469,2025072904030015,MEN,SHUBHAKAMANA SECURITIES PVT. LTD,Asian Securities Private Ltd.,283,659.0,186497.0,2025-07-29 14:31:50.534727
2025-07-29,24321,2025072904030066,MEN,SHUBHAKAMANA SECURITIES PVT. LTD,Deevyaa Securities & Stock House Pvt. Ltd,13,660.0,8580.0,2025-07-29 14:32:03.579015
2025-07-29,24320,2025072904030067,MEN,SHUBHAKAMANA SECURITIES PVT. LTD,Vision Securities Pvt. Ltd,130,660.0,85800.0,2025-07-29 14:32:03.579319
2025-07-29,24319,2025072904030068,MEN,SHUBHAKAMANA SECURITIES PVT. LTD,Agrawal Securities (PVT) Ltd.,357,660.0,235620.0,2025-07-29 14:32:03.579448
2025-07-29,23883,2025072904030239,MEN,SHUBHAKAMANA SECURITIES PVT. LTD,Agrawal Securities (PVT) Ltd.,143,660.0,94380.0,2025-07-29 14:32:42.712430
2025-07-29,23882,2025072904030240,MEN,SHUBHAKAMANA SECURITIES PVT. LTD,Neev Securities Pvt. Ltd.,50,660.0,33000.0,2025-07-29 14:32:42.712765
2025-07-29,22931,2025072904030520,MEN,SHUBHAKAMANA SECURITIES PVT. LTD,Asian Securities Private Ltd.,307,660.0,202620.0,2025-07-29 14:34:07.404206
2025-07-29,22930,2025072904030521,MEN,SHUBHAKAMANA SECURITIES PVT. LTD,Asian Securities Private Ltd.,165,660.0,108900.0,2025-07-29 14:34:07.404504
2025-07-29,22928,2025072904030523,MEN,SHUBHAKAMANA SECURITIES PVT. LTD,Naasa Securities Co. Ltd.,217,659.0,143003.0,2025-07-29 14:34:07.561391
2025-07-29,22351,2025072904030751,MEN,SHUBHAKAMANA SECURITIES PVT. LTD,Naasa Securities Co. Ltd.,20,659.0,13180.0,2025-07-29 14:35:01.230181
2025-07-29,22185,2025072904030790,MEN,Sewa Securities Pvt. Ltd.,Naasa Securities Co. Ltd.,50,659.0,32950.0,2025-07-29 14:35:21.557686
2025-07-29,21651,2025072904030954,MEN,Asian Securities Private Ltd.,Vision Securities Pvt. Ltd,50,658.3,32915.0,2025-07-29 14:36:24.043344
2025-07-29,21650,2025072904030955,MEN,SHUBHAKAMANA SECURITIES PVT. LTD,Vision Securities Pvt. Ltd,50,658.2,32910.0,2025-07-29 14:36:24.043662
2025-07-29,21649,2025072904030956,MEN,Primo Securities (PVT) Ltd.,Vision Securities Pvt. Ltd,299,658.1,196771.9,2025-07-29 14:36:24.043792
2025-07-29,21648,2025072904030957,MEN,ABC Securities Private Limited,Vision Securities Pvt. Ltd,100,658.0,65800.0,2025-07-29 14:36:24.043927
2025-07-29,21464,2025072904030995,MEN,Vision Securities Pvt. Ltd,Naasa Securities Co. Ltd.,200,659.0,131800.0,2025-07-29 14:36:45.405340
2025-07-29,21303,2025072904031026,MEN,Dipshikha Dhitopatra Karobar Co. Pvt Ltd.,Naasa Securities Co. Ltd.,13,659.0,8567.0,2025-07-29 14:37:01.241981
2025-07-29,20694,2025072904031175,MEN,Dipshikha Dhitopatra Karobar Co. Pvt Ltd.,Siprabi Securities Pvt. Ltd.,13,659.0,8567.0,2025-07-29 14:38:07.152704
2025-07-29,20231,2025072904031263,MEN,Dipshikha Dhitopatra Karobar Co. Pvt Ltd.,Dipshikha Dhitopatra Karobar Co. Pvt Ltd.,174,659.0,114666.0,2025-07-29 14:38:50.422066
2025-07-29,20230,2025072904031264,MEN,Neev Securities Pvt. Ltd.,Dipshikha Dhitopatra Karobar Co. Pvt Ltd.,26,659.0,17134.0,2025-07-29 14:38:50.422137
2025-07-29,20069,2025072904031308,MEN,Neev Securities Pvt. Ltd.,Asian Securities Private Ltd.,44,659.0,28996.0,2025-07-29 14:39:06.770592
2025-07-29,20068,2025072904031309,MEN,Online Securities Pvt. Ltd.,Asian Securities Private Ltd.,153,659.0,100827.0,2025-07-29 14:39:06.770934
2025-07-29,20067,2025072904031310,MEN,Nepal Stock House (PVT) Ltd.,Asian Securities Private Ltd.,35,658.0,23030.0,2025-07-29 14:39:06.771072
2025-07-29,20066,2025072904031311,MEN,Malla & Malla Stock Broking Company Pvt. Limited,Asian Securities Private Ltd.,20,658.0,13160.0,2025-07-29 14:39:06.771194
2025-07-29,20065,2025072904031312,MEN,Neev Securities Pvt. Ltd.,Asian Securities Private Ltd.,100,658.0,65800.0,2025-07-29 14:39:06.771322
2025-07-29,20064,2025072904031313,MEN,Dipshikha Dhitopatra Karobar Co. Pvt Ltd.,Asian Securities Private Ltd.,200,658.0,131600.0,2025-07-29 14:39:06.771441
2025-07-29,20063,2025072904031314,MEN,Aryatara Investment & Securities,Asian Securities Private Ltd.,300,658.0,197400.0,2025-07-29 14:39:06.771574
2025-07-29,20062,2025072904031315,MEN,Imperial Securities Company Pvt. Ltd.,Asian Securities Private Ltd.,676,658.0,444808.0,2025-07-29 14:39:06.771713
2025-07-29,19970,2025072904031341,MEN,Imperial Securities Company Pvt. Ltd.,Sri Hari Securities Pvt. Ltd.,83,658.0,54614.0,2025-07-29 14:39:14.267901
2025-07-29,19263,2025072904031476,MEN,Siprabi Securities Pvt. Ltd.,Sri Hari Securities Pvt. Ltd.,262,658.0,172396.0,2025-07-29 14:40:17.125146
2025-07-29,19262,2025072904031477,MEN,Siprabi Securities Pvt. Ltd.,Dipshikha Dhitopatra Karobar Co. Pvt Ltd.,40,660.0,26400.0,2025-07-29 14:40:17.125459
2025-07-29,19261,2025072904031478,MEN,Siprabi Securities Pvt. Ltd.,INDEX SECURITIES LIMITED,20,660.0,13200.0,2025-07-29 14:40:17.125580
2025-07-29,19260,2025072904031479,MEN,Siprabi Securities Pvt. Ltd.,Premier Securities Company Ltd.,183,661.0,120963.0,2025-07-29 14:40:17.125697
2025-07-29,19259,2025072904031480,MEN,Siprabi Securities Pvt. Ltd.,Agrawal Securities (PVT) Ltd.,195,661.0,128895.0,2025-07-29 14:40:17.125839
2025-07-29,19141,2025072904031497,MEN,Siprabi Securities Pvt. Ltd.,Agrawal Securities (PVT) Ltd.,300,661.0,198300.0,2025-07-29 14:40:28.317611
2025-07-29,18907,2025072904031557,MEN,Primo Securities (PVT) Ltd.,Naasa Securities Co. Ltd.,13,661.0,8593.0,2025-07-29 14:40:49.592980
2025-07-29,18906,2025072904031558,MEN,Primo Securities (PVT) Ltd.,Dipshikha Dhitopatra Karobar Co. Pvt Ltd.,100,661.0,66100.0,2025-07-29 14:40:49.593582
2025-07-29,17753,2025072904031851,MEN,Aryatara Investment & Securities,Dynamic Money Managers Securities Pvt. Ltd.,13,658.1,8555.3,2025-07-29 14:42:41.651937
2025-07-29,15603,2025072904032365,MEN,Sumeru Securities Pvt. Ltd.,Sri Hari Securities Pvt. Ltd.,28,661.0,18508.0,2025-07-29 14:45:38.578058
2025-07-29,15485,2025072904032392,MEN,Sharepro Securities Private Limited,Sri Hari Securities Pvt. Ltd.,50,661.0,33050.0,2025-07-29 14:45:47.245425
2025-07-29,15323,2025072904032444,MEN,Sewa Securities Pvt. Ltd.,Dipshikha Dhitopatra Karobar Co. Pvt Ltd.,100,658.5,65850.0,2025-07-29 14:46:00.611280
2025-07-29,15322,2025072904032445,MEN,Sundhara Securities Limited,Dipshikha Dhitopatra Karobar Co. Pvt Ltd.,30,658.4,19752.0,2025-07-29 14:46:00.611572
2025-07-29,15321,2025072904032446,MEN,Primo Securities (PVT) Ltd.,Dipshikha Dhitopatra Karobar Co. Pvt Ltd.,70,658.3,46081.0,2025-07-29 14:46:00.611724
2025-07-29,14169,2025072904032697,MEN,Primo Securities (PVT) Ltd.,Dipshikha Dhitopatra Karobar Co. Pvt Ltd.,13,659.0,8567.0,2025-07-29 14:47:38.332569
2025-07-29,14050,2025072904032732,MEN,Primo Securities (PVT) Ltd.,Trishakti Securities Public Limited,500,659.0,329500.0,2025-07-29 14:47:51.220076
2025-07-29,13838,2025072904032806,MEN,Nepal Stock House (PVT) Ltd.,Sani Securities Company Ltd.,26,660.0,17160.0,2025-07-29 14:48:08.228410
2025-07-29,13707,2025072904032834,MEN,Nepal Stock House (PVT) Ltd.,Dipshikha Dhitopatra Karobar Co. Pvt Ltd.,75,660.5,49537.5,2025-07-29 14:48:21.060880
2025-07-29,13706,2025072904032835,MEN,Nepal Stock House (PVT) Ltd.,Sri Hari Securities Pvt. Ltd.,477,661.0,315297.0,2025-07-29 14:48:21.061172
2025-07-29,13705,2025072904032836,MEN,Nepal Stock House (PVT) Ltd.,Linch Stock Market Ltd.,294,661.0,194334.0,2025-07-29 14:48:21.061297
2025-07-29,13704,2025072904032837,MEN,Nepal Stock House (PVT) Ltd.,Bhrikuti Stock Broking Co. Pvt. Ltd.,705,661.0,466005.0,2025-07-29 14:48:21.061431
2025-07-29,13518,2025072904032877,MEN,Primo Securities (PVT) Ltd.,Bhrikuti Stock Broking Co. Pvt. Ltd.,75,661.0,49575.0,2025-07-29 14:48:36.329665
2025-07-29,13031,2025072904033009,MEN,Vision Securities Pvt. Ltd,Vision Securities Pvt. Ltd,10,661.9,6619.0,2025-07-29 14:49:18.519903
2025-07-29,11777,2025072904033303,MEN,Kohinoor Investment & Securities Pvt. Ltd.,Premier Securities Company Ltd.,13,661.8,8603.4,2025-07-29 14:50:53.917281
2025-07-29,11512,2025072904033387,MEN,Kohinoor Investment & Securities Pvt. Ltd.,Sri Hari Securities Pvt. Ltd.,100,661.9,66190.0,2025-07-29 14:51:09.068377
2025-07-29,10728,2025072904033594,MEN,Sani Securities Company Ltd.,Vision Securities Pvt. Ltd,500,660.2,330100.0,2025-07-29 14:52:05.827359
2025-07-29,9956,2025072904033795,MEN,Imperial Securities Company Pvt. Ltd.,Kohinoor Investment & Securities Pvt. Ltd.,132,660.3,87159.6,2025-07-29 14:52:50.303781
2025-07-29,9587,2025072904033894,MEN,Imperial Securities Company Pvt. Ltd.,Neev Securities Pvt. Ltd.,68,660.3,44900.4,2025-07-29 14:53:11.653224
2025-07-29,9586,2025072904033895,MEN,ABC Securities Private Limited,Neev Securities Pvt. Ltd.,100,660.2,66020.0,2025-07-29 14:53:11.653521
2025-07-29,9585,2025072904033896,MEN,Nepal Stock House (PVT) Ltd.,Neev Securities Pvt. Ltd.,24,660.0,15840.0,2025-07-29 14:53:11.653647
2025-07-29,9261,2025072904034032,MEN,South Asian Bulls Pvt. Ltd.,Trishakti Securities Public Limited,100,660.0,66000.0,2025-07-29 14:53:30.225248
2025-07-29,9260,2025072904034033,MEN,Naasa Securities Co. Ltd.,Trishakti Securities Public Limited,65,660.0,42900.0,2025-07-29 14:53:30.225544
2025-07-29,9259,2025072904034034,MEN,Linch Stock Market Ltd.,Trishakti Securities Public Limited,25,660.0,16500.0,2025-07-29 14:53:30.225670
2025-07-29,8981,2025072904034112,MEN,Trishakti Securities Public Limited,Trishakti Securities Public Limited,500,659.0,329500.0,2025-07-29 14:53:42.419593
2025-07-29,8721,2025072904034175,MEN,Imperial Securities Company Pvt. Ltd.,Investment Management Nepal Pvt. Ltd.,100,658.5,65850.0,2025-07-29 14:53:56.403376
2025-07-29,8720,2025072904034176,MEN,ABC Securities Private Limited,Investment Management Nepal Pvt. Ltd.,50,658.5,32925.0,2025-07-29 14:53:56.403670
2025-07-29,8719,2025072904034177,MEN,Imperial Securities Company Pvt. Ltd.,Investment Management Nepal Pvt. Ltd.,100,658.4,65840.0,2025-07-29 14:53:56.403799
2025-07-29,8718,2025072904034178,MEN,Dipshikha Dhitopatra Karobar Co. Pvt Ltd.,Investment Management Nepal Pvt. Ltd.,125,658.4,82300.0,2025-07-29 14:53:56.403917
2025-07-29,8340,2025072904034250,MEN,Dipshikha Dhitopatra Karobar Co. Pvt Ltd.,Trisul Securities & Invt. Ltd.,102,658.4,67156.8,2025-07-29 14:54:17.998667
2025-07-29,8335,2025072904034251,MEN,Dipshikha Dhitopatra Karobar Co. Pvt Ltd.,Vision Securities Pvt. Ltd,13,658.4,8559.2,2025-07-29 14:54:18.706560
2025-07-29,7849,2025072904034407,MEN,Dipshikha Dhitopatra Karobar Co. Pvt Ltd.,Arun Securities (PVT) Ltd.,60,658.4,39504.0,2025-07-29 14:54:46.485036
2025-07-29,7848,2025072904034408,MEN,Aryatara Investment & Securities,Arun Securities (PVT) Ltd.,150,658.4,98760.0,2025-07-29 14:54:46.485834
2025-07-29,7386,2025072904034545,MEN,Vision Securities Pvt. Ltd,Nagarik Stock Dealer ,200,658.2,131640.0,2025-07-29 14:55:14.833791
2025-07-29,7385,2025072904034546,MEN,Nagarik Stock Dealer ,Nagarik Stock Dealer ,400,658.2,263280.0,2025-07-29 14:55:14.834101
2025-07-29,6891,2025072904034691,MEN,Kumari Securities Private Limited,Nagarik Stock Dealer ,400,658.2,263280.0,2025-07-29 14:55:46.643007
2025-07-29,6577,2025072904034756,MEN,Aryatara Investment & Securities,Arun Securities (PVT) Ltd.,759,658.4,499725.6,2025-07-29 14:56:02.404985
2025-07-29,5982,2025072904034904,MEN,Online Securities Pvt. Ltd.,Arun Securities (PVT) Ltd.,37,658.4,24360.8,2025-07-29 14:56:33.522862
2025-07-29,5962,2025072904034909,MEN,Vision Securities Pvt. Ltd,Arun Securities (PVT) Ltd.,225,658.4,148140.0,2025-07-29 14:56:34.100666
2025-07-29,5814,2025072904034976,MEN,Primo Securities (PVT) Ltd.,Arun Securities (PVT) Ltd.,400,658.4,263360.0,2025-07-29 14:56:40.825277
2025-07-29,5719,2025072904035013,MEN,Aryatara Investment & Securities,Arun Securities (PVT) Ltd.,87,658.4,57280.8,2025-07-29 14:56:46.852926
2025-07-29,5715,2025072904035014,MEN,Neev Securities Pvt. Ltd.,Arun Securities (PVT) Ltd.,18,658.4,11851.2,2025-07-29 14:56:46.994889
2025-07-29,4718,2025072904035258,MEN,Trishakti Securities Public Limited,Arun Securities (PVT) Ltd.,66,658.4,43454.4,2025-07-29 14:57:31.574030
2025-07-29,4459,2025072904035320,MEN,Siprabi Securities Pvt. Ltd.,Primo Securities (PVT) Ltd.,27,658.3,17774.1,2025-07-29 14:57:43.527108
2025-07-29,4458,2025072904035321,MEN,Kumari Securities Private Limited,Primo Securities (PVT) Ltd.,300,658.2,197460.0,2025-07-29 14:57:43.527442
2025-07-29,4457,2025072904035322,MEN,Shree Krishna Securities Ltd.,Primo Securities (PVT) Ltd.,300,658.1,197430.0,2025-07-29 14:57:43.527563
2025-07-29,4456,2025072904035323,MEN,Primo Securities (PVT) Ltd.,Primo Securities (PVT) Ltd.,2000,657.2,1314400.0,2025-07-29 14:57:43.527678
2025-07-29,4455,2025072904035324,MEN,Shree Krishna Securities Ltd.,Primo Securities (PVT) Ltd.,300,657.1,197130.0,2025-07-29 14:57:43.527797
2025-07-29,4454,2025072904035325,MEN,Premier Securities Company Ltd.,Primo Securities (PVT) Ltd.,500,657.1,328550.0,2025-07-29 14:57:43.527914
2025-07-29,4453,2025072904035326,MEN,K.B.L. Securities Limited ,Primo Securities (PVT) Ltd.,500,657.0,328500.0,2025-07-29 14:57:43.528026
2025-07-29,4233,2025072904035402,MEN,Malla & Malla Stock Broking Company Pvt. Limited,Primo Securities (PVT) Ltd.,50,657.0,32850.0,2025-07-29 14:57:53.306612
2025-07-29,4121,2025072904035432,MEN,Shree Krishna Securities Ltd.,Asian Securities Private Ltd.,300,656.1,196830.0,2025-07-29 14:57:58.349923
2025-07-29,4120,2025072904035433,MEN,Malla & Malla Stock Broking Company Pvt. Limited,Asian Securities Private Ltd.,30,656.0,19680.0,2025-07-29 14:57:58.350000
2025-07-29,4119,2025072904035434,MEN,Dynamic Money Managers Securities Pvt. Ltd.,Asian Securities Private Ltd.,60,656.0,39360.0,2025-07-29 14:57:58.350030
2025-07-29,4118,2025072904035435,MEN,Nepal Stock House (PVT) Ltd.,Asian Securities Private Ltd.,50,656.0,32800.0,2025-07-29 14:57:58.350057
2025-07-29,4117,2025072904035436,MEN,Sewa Securities Pvt. Ltd.,Asian Securities Private Ltd.,56,655.5,36708.0,2025-07-29 14:57:58.350100
2025-07-29,4116,2025072904035437,MEN,Primo Securities (PVT) Ltd.,Asian Securities Private Ltd.,1000,655.4,655400.0,2025-07-29 14:57:58.350130
2025-07-29,4115,2025072904035438,MEN,Dynamic Money Managers Securities Pvt. Ltd.,Asian Securities Private Ltd.,500,655.3,327650.0,2025-07-29 14:57:58.350160
2025-07-29,4114,2025072904035439,MEN,Agrawal Securities (PVT) Ltd.,Asian Securities Private Ltd.,285,655.0,186675.0,2025-07-29 14:57:58.350187
2025-07-29,4113,2025072904035440,MEN,Siprabi Securities Pvt. Ltd.,Asian Securities Private Ltd.,2000,655.0,1310000.0,2025-07-29 14:57:58.350214
2025-07-29,4112,2025072904035441,MEN,Imperial Securities Company Pvt. Ltd.,Asian Securities Private Ltd.,50,655.0,32750.0,2025-07-29 14:57:58.350241
2025-07-29,4111,2025072904035442,MEN,Malla & Malla Stock Broking Company Pvt. Limited,Asian Securities Private Ltd.,30,655.0,19650.0,2025-07-29 14:57:58.350270
2025-07-29,4110,2025072904035443,MEN,J.F. Securites (PVT) Ltd.,Asian Securities Private Ltd.,72,655.0,47160.0,2025-07-29 14:57:58.350301
2025-07-29,3768,2025072904035511,MEN,Vision Securities Pvt. Ltd,Trishakti Securities Public Limited,500,656.0,328000.0,2025-07-29 14:58:11.156035
2025-07-29,3179,2025072904035665,MEN,Trishakti Securities Public Limited,Trishakti Securities Public Limited,200,656.1,131220.0,2025-07-29 14:58:32.426841
2025-07-29,2774,2025072904035783,MEN,Sani Securities Company Ltd.,Vision Securities Pvt. Ltd,30,655.5,19665.0,2025-07-29 14:58:48.487533
2025-07-29,2773,2025072904035784,MEN,Nagarik Stock Dealer ,Vision Securities Pvt. Ltd,470,655.1,307897.0,2025-07-29 14:58:48.487829
2025-07-29,2760,2025072904035787,MEN,Nagarik Stock Dealer ,Imperial Securities Company Pvt. Ltd.,13,655.1,8516.3,2025-07-29 14:58:49.135572
2025-07-29,2248,2025072904035917,MEN,Nagarik Stock Dealer ,BHOLE GANESH SECURITIES LTD,17,655.1,11136.7,2025-07-29 14:59:06.397897
2025-07-29,2247,2025072904035918,MEN,J.F. Securites (PVT) Ltd.,BHOLE GANESH SECURITIES LTD,28,655.0,18340.0,2025-07-29 14:59:06.398183
2025-07-29,2246,2025072904035919,MEN,Kohinoor Investment & Securities Pvt. Ltd.,BHOLE GANESH SECURITIES LTD,10,655.0,6550.0,2025-07-29 14:59:06.398301
2025-07-29,2245,2025072904035920,MEN,Nepal Investment And Securities Trading Private Limited,BHOLE GANESH SECURITIES LTD,95,655.0,62225.0,2025-07-29 14:59:06.398426
2025-07-29,1852,2025072904036016,MEN,Trishakti Securities Public Limited,Trishakti Securities Public Limited,25,655.0,16375.0,2025-07-29 14:59:18.502438
2025-07-29,1851,2025072904036017,MEN,Neev Securities Pvt. Ltd.,Trishakti Securities Public Limited,100,655.0,65500.0,2025-07-29 14:59:18.502953
2025-07-29,1850,2025072904036018,MEN,Agrawal Securities (PVT) Ltd.,Trishakti Securities Public Limited,485,655.0,317675.0,2025-07-29 14:59:18.503290
2025-07-29,1823,2025072904036031,MEN,Agrawal Securities (PVT) Ltd.,Premier Securities Company Ltd.,50,655.0,32750.0,2025-07-29 14:59:19.063215
2025-07-29,1703,2025072904036060,MEN,Oxford Securities Pvt. Ltd.,Agrawal Securities (PVT) Ltd.,100,656.1,65610.0,2025-07-29 14:59:22.294437
2025-07-29,1702,2025072904036061,MEN,Oxford Securities Pvt. Ltd.,Primo Securities (PVT) Ltd.,100,657.0,65700.0,2025-07-29 14:59:22.294707
2025-07-29,1279,2025072904036189,MEN,Malla & Malla Stock Broking Company Pvt. Limited,ABC Securities Private Limited,13,655.2,8517.6,2025-07-29 14:59:32.399652
2025-07-29,1158,2025072904036227,MEN,Malla & Malla Stock Broking Company Pvt. Limited,Primo Securities (PVT) Ltd.,487,655.2,319082.4,2025-07-29 14:59:35.727249
2025-07-29,1157,2025072904036228,MEN,Sundhara Securities Limited,Primo Securities (PVT) Ltd.,35,655.2,22932.0,2025-07-29 14:59:35.727524
2025-07-29,1156,2025072904036229,MEN,Agrawal Securities (PVT) Ltd.,Primo Securities (PVT) Ltd.,465,655.0,304575.0,2025-07-29 14:59:35.727645
2025-07-29,1155,2025072904036230,MEN,Sani Securities Company Ltd.,Primo Securities (PVT) Ltd.,13,655.0,8515.0,2025-07-29 14:59:35.727761
2025-07-29,387,2025072904036402,MEN,Primo Securities (PVT) Ltd.,Dipshikha Dhitopatra Karobar Co. Pvt Ltd.,100,655.3,65530.0,2025-07-29 14:59:53.702897
2025-07-29,167,2025072904036458,MEN,Primo Securities (PVT) Ltd.,Primo Securities (PVT) Ltd.,400,655.3,262120.0,2025-07-29 14:59:57.944952
2025-07-29,166,2025072904036459,MEN,Sani Securities Company Ltd.,Primo Securities (PVT) Ltd.,487,655.0,318985.0,2025-07-29 14:59:57.945212
2025-07-29,165,2025072904036460,MEN,Shree Krishna Securities Ltd.,Primo Securities (PVT) Ltd.,1000,655.0,655000.0,2025-07-29 14:59:57.945343
2025-07-29,164,2025072904036461,MEN,ABC Securities Private Limited,Primo Securities (PVT) Ltd.,200,655.0,131000.0,2025-07-29 14:59:57.945459
2025-07-29,163,2025072904036462,MEN,Sri Hari Securities Pvt. Ltd.,Primo Securities (PVT) Ltd.,200,655.0,131000.0,2025-07-29 14:59:57.945570
2025-07-29,162,2025072904036463,MEN,Market Securities & Exchange (PVT) Ltd.,Primo Securities (PVT) Ltd.,68,655.0,44540.0,2025-07-29 14:59:57.945680
2025-07-29,161,2025072904036464,MEN,Kohinoor Investment & Securities Pvt. Ltd.,Primo Securities (PVT) Ltd.,150,655.0,98250.0,2025-07-29 14:59:57.945788
2025-07-29,160,2025072904036465,MEN,Linch Stock Market Ltd.,Primo Securities (PVT) Ltd.,200,655.0,131000.0,2025-07-29 14:59:57.945903
2025-07-29,159,2025072904036466,MEN,Opal Securities Investment (PVT) Ltd.,Primo Securities (PVT) Ltd.,30,655.0,19650.0,2025-07-29 14:59:57.946012
2025-07-29,158,2025072904036467,MEN,Dakshinkali Investment & Securities Pvt. Ltd.,Primo Securities (PVT) Ltd.,225,655.0,147375.0,2025-07-29 14:59:57.946138
