Date,S.N.,contract_id,symbol,buyer_broker,seller_broker,volume,price,amount,transaction_time
2025-07-29,157494,2025072904000004,NGPL,Kohinoor Investment & Securities Pvt. Ltd.,Naasa Securities Co. Ltd.,60,446.0,26760.0,2025-07-29 10:46:00.029993
2025-07-29,157248,2025072904000051,NGPL,Aryatara Investment & Securities,Malla & Malla Stock Broking Company Pvt. Limited,100,454.0,45400.0,2025-07-29 11:00:56.074257
2025-07-29,157174,2025072904000056,NGPL,Thrive Brokerage House Pvt. Ltd,Naasa Securities Co. Ltd.,50,454.9,22745.0,2025-07-29 11:01:09.652075
2025-07-29,157173,2025072904000057,NGPL,Thrive Brokerage House Pvt. Ltd,Primo Securities (PVT) Ltd.,50,454.9,22745.0,2025-07-29 11:01:09.949843
2025-07-29,157172,2025072904000058,NGPL,Dipshikha Dhitopatra Karobar Co. Pvt Ltd.,Primo Securities (PVT) Ltd.,100,454.0,45400.0,2025-07-29 11:01:09.949983
2025-07-29,157117,2025072904000073,NGPL,Trishakti Securities Public Limited,Primo Securities (PVT) Ltd.,50,454.0,22700.0,2025-07-29 11:01:18.773787
2025-07-29,157059,2025072904000079,NGPL,Trishakti Securities Public Limited,Naasa Securities Co. Ltd.,50,455.0,22750.0,2025-07-29 11:01:31.111265
2025-07-29,156890,2025072904000102,NGPL,Asian Securities Private Ltd.,Nagarik Stock Dealer ,200,454.0,90800.0,2025-07-29 11:01:55.941138
2025-07-29,156889,2025072904000103,NGPL,Pragyan Securities (PVT) Ltd.,Nagarik Stock Dealer ,300,454.0,136200.0,2025-07-29 11:01:55.941273
2025-07-29,156718,2025072904000126,NGPL,Aryatara Investment & Securities,SUN SECURITIES PVT LTD,410,455.0,186550.0,2025-07-29 11:02:14.236719
2025-07-29,156657,2025072904000136,NGPL,Aryatara Investment & Securities,Sani Securities Company Ltd.,50,455.0,22750.0,2025-07-29 11:02:22.714165
2025-07-29,156651,2025072904000138,NGPL,Online Securities Pvt. Ltd.,Dakshinkali Investment & Securities Pvt. Ltd.,750,459.0,344250.0,2025-07-29 11:02:23.925869
2025-07-29,156633,2025072904000144,NGPL,Aryatara Investment & Securities,Sanima Securities Limited,15,455.0,6825.0,2025-07-29 11:02:25.883228
2025-07-29,156599,2025072904000149,NGPL,Aryatara Investment & Securities,Cristal Kanchanjanga Securites Pvt. Ltd.,525,455.0,238875.0,2025-07-29 11:02:29.356133
2025-07-29,156598,2025072904000150,NGPL,Kalika Securities Pvt. Ltd.,Cristal Kanchanjanga Securites Pvt. Ltd.,40,455.0,18200.0,2025-07-29 11:02:29.356290
2025-07-29,156591,2025072904000151,NGPL,Online Securities Pvt. Ltd.,Cristal Kanchanjanga Securites Pvt. Ltd.,100,455.0,45500.0,2025-07-29 11:02:29.983204
2025-07-29,156578,2025072904000152,NGPL,Sumeru Securities Pvt. Ltd.,Cristal Kanchanjanga Securites Pvt. Ltd.,335,455.0,152425.0,2025-07-29 11:02:33.055879
2025-07-29,156577,2025072904000153,NGPL,Sumeru Securities Pvt. Ltd.,Ashutosh Brokerage & Securities (PVT) Ltd.,1000,455.0,455000.0,2025-07-29 11:02:33.379491
2025-07-29,156548,2025072904000158,NGPL,Sumeru Securities Pvt. Ltd.,South Asian Bulls Pvt. Ltd.,500,455.0,227500.0,2025-07-29 11:02:36.895134
2025-07-29,156519,2025072904000162,NGPL,Sumeru Securities Pvt. Ltd.,Sundhara Securities Limited,165,455.0,75075.0,2025-07-29 11:02:39.846798
2025-07-29,156402,2025072904000176,NGPL,Online Securities Pvt. Ltd.,ABC Securities Private Limited,750,454.9,341175.0,2025-07-29 11:02:54.280040
2025-07-29,156324,2025072904000186,NGPL,Oxford Securities Pvt. Ltd.,ABC Securities Private Limited,250,454.9,113725.0,2025-07-29 11:03:04.735558
2025-07-29,156309,2025072904000190,NGPL,Oxford Securities Pvt. Ltd.,Sanima Securities Limited,25,454.9,11372.5,2025-07-29 11:03:05.954019
2025-07-29,156259,2025072904000198,NGPL,Oxford Securities Pvt. Ltd.,Nepal Stock House (PVT) Ltd.,25,454.9,11372.5,2025-07-29 11:03:12.201988
2025-07-29,156256,2025072904000199,NGPL,Investment Management Nepal Pvt. Ltd.,Nepal Stock House (PVT) Ltd.,75,454.1,34057.5,2025-07-29 11:03:12.615827
2025-07-29,156255,2025072904000200,NGPL,Investment Management Nepal Pvt. Ltd.,Sundhara Securities Limited,335,455.0,152425.0,2025-07-29 11:03:12.615978
2025-07-29,155988,2025072904000240,NGPL,Investment Management Nepal Pvt. Ltd.,Vision Securities Pvt. Ltd,10,456.0,4560.0,2025-07-29 11:03:40.253974
2025-07-29,155961,2025072904000248,NGPL,Investment Management Nepal Pvt. Ltd.,Naasa Securities Co. Ltd.,80,456.0,36480.0,2025-07-29 11:03:44.024899
2025-07-29,155960,2025072904000249,NGPL,SHUBHAKAMANA SECURITIES PVT. LTD,Naasa Securities Co. Ltd.,100,456.0,45600.0,2025-07-29 11:03:44.025216
2025-07-29,155959,2025072904000250,NGPL,Opal Securities Investment (PVT) Ltd.,Naasa Securities Co. Ltd.,200,455.0,91000.0,2025-07-29 11:03:44.025450
2025-07-29,155958,2025072904000251,NGPL,Sharepro Securities Private Limited,Naasa Securities Co. Ltd.,100,455.0,45500.0,2025-07-29 11:03:44.025725
2025-07-29,155957,2025072904000252,NGPL,Pragyan Securities (PVT) Ltd.,Naasa Securities Co. Ltd.,230,454.0,104420.0,2025-07-29 11:03:44.026007
2025-07-29,155956,2025072904000253,NGPL,Dipshikha Dhitopatra Karobar Co. Pvt Ltd.,Naasa Securities Co. Ltd.,200,454.0,90800.0,2025-07-29 11:03:44.026223
2025-07-29,155955,2025072904000254,NGPL,SHUBHAKAMANA SECURITIES PVT. LTD,Naasa Securities Co. Ltd.,90,454.0,40860.0,2025-07-29 11:03:44.026456
2025-07-29,155882,2025072904000266,NGPL,SHUBHAKAMANA SECURITIES PVT. LTD,Aakashbhairab Securities Ltd.,10,454.0,4540.0,2025-07-29 11:03:53.725837
2025-07-29,155881,2025072904000267,NGPL,Online Securities Pvt. Ltd.,Aakashbhairab Securities Ltd.,80,454.0,36320.0,2025-07-29 11:03:53.725991
2025-07-29,155827,2025072904000283,NGPL,Oxford Securities Pvt. Ltd.,Online Securities Pvt. Ltd.,200,456.0,91200.0,2025-07-29 11:03:59.226227
2025-07-29,155757,2025072904000300,NGPL,Magnet Securities and Investment Company Private Limited,Online Securities Pvt. Ltd.,50,456.0,22800.0,2025-07-29 11:04:07.168861
2025-07-29,155756,2025072904000301,NGPL,Magnet Securities and Investment Company Private Limited,Nepal Stock House (PVT) Ltd.,20,456.7,9134.0,2025-07-29 11:04:07.169014
2025-07-29,155674,2025072904000321,NGPL,Nabil Stock Dealer Ltd.,Nepal Stock House (PVT) Ltd.,30,456.7,13701.0,2025-07-29 11:04:16.116245
2025-07-29,155673,2025072904000322,NGPL,Nabil Stock Dealer Ltd.,SHUBHAKAMANA SECURITIES PVT. LTD,170,456.8,77656.0,2025-07-29 11:04:16.116438
2025-07-29,155584,2025072904000338,NGPL,Premier Securities Company Ltd.,Malla & Malla Stock Broking Company Pvt. Limited,100,456.0,45600.0,2025-07-29 11:04:23.370306
2025-07-29,155532,2025072904000344,NGPL,Premier Securities Company Ltd.,Dakshinkali Investment & Securities Pvt. Ltd.,100,456.0,45600.0,2025-07-29 11:04:28.779804
2025-07-29,155531,2025072904000345,NGPL,Sani Securities Company Ltd.,Dakshinkali Investment & Securities Pvt. Ltd.,500,456.0,228000.0,2025-07-29 11:04:28.779958
2025-07-29,155411,2025072904000373,NGPL,Oxford Securities Pvt. Ltd.,Dakshinkali Investment & Securities Pvt. Ltd.,100,456.0,45600.0,2025-07-29 11:04:39.989206
2025-07-29,155287,2025072904000400,NGPL,Vision Securities Pvt. Ltd,Dakshinkali Investment & Securities Pvt. Ltd.,113,456.0,51528.0,2025-07-29 11:04:51.565421
2025-07-29,155233,2025072904000424,NGPL,SUN SECURITIES PVT LTD,Cristal Kanchanjanga Securites Pvt. Ltd.,100,455.7,45570.0,2025-07-29 11:04:56.189634
2025-07-29,155159,2025072904000444,NGPL,Aryatara Investment & Securities,Trishakti Securities Public Limited,1000,455.0,455000.0,2025-07-29 11:05:04.571241
2025-07-29,155158,2025072904000445,NGPL,J.F. Securites (PVT) Ltd.,Trishakti Securities Public Limited,500,455.0,227500.0,2025-07-29 11:05:04.571409
2025-07-29,155157,2025072904000446,NGPL,South Asian Bulls Pvt. Ltd.,Trishakti Securities Public Limited,1000,455.0,455000.0,2025-07-29 11:05:04.571482
2025-07-29,155090,2025072904000468,NGPL,Vision Securities Pvt. Ltd,Sani Securities Company Ltd.,100,455.0,45500.0,2025-07-29 11:05:12.446019
2025-07-29,155007,2025072904000487,NGPL,Vision Securities Pvt. Ltd,Aakashbhairab Securities Ltd.,50,455.0,22750.0,2025-07-29 11:05:19.905225
2025-07-29,155006,2025072904000488,NGPL,Online Securities Pvt. Ltd.,Aakashbhairab Securities Ltd.,420,454.0,190680.0,2025-07-29 11:05:19.905569
2025-07-29,155005,2025072904000489,NGPL,Asian Securities Private Ltd.,Aakashbhairab Securities Ltd.,1000,454.0,454000.0,2025-07-29 11:05:19.905799
2025-07-29,154869,2025072904000522,NGPL,Neev Securities Pvt. Ltd.,ABC Securities Private Limited,500,455.6,227800.0,2025-07-29 11:05:36.640141
2025-07-29,154859,2025072904000526,NGPL,Malla & Malla Stock Broking Company Pvt. Limited,Imperial Securities Company Pvt. Ltd.,50,454.0,22700.0,2025-07-29 11:05:37.740337
2025-07-29,154858,2025072904000527,NGPL,Vision Securities Pvt. Ltd,Imperial Securities Company Pvt. Ltd.,500,452.1,226050.0,2025-07-29 11:05:37.740710
2025-07-29,154857,2025072904000528,NGPL,Sri Hari Securities Pvt. Ltd.,Imperial Securities Company Pvt. Ltd.,1000,452.0,452000.0,2025-07-29 11:05:37.740998
2025-07-29,154727,2025072904000556,NGPL,Nagarik Stock Dealer ,Imperial Securities Company Pvt. Ltd.,503,452.0,227356.0,2025-07-29 11:05:50.400404
2025-07-29,154686,2025072904000562,NGPL,ABC Securities Private Limited,Imperial Securities Company Pvt. Ltd.,10,452.0,4520.0,2025-07-29 11:05:54.993925
2025-07-29,154625,2025072904000581,NGPL,Siprabi Securities Pvt. Ltd.,Imperial Securities Company Pvt. Ltd.,200,452.0,90400.0,2025-07-29 11:05:59.641824
2025-07-29,154587,2025072904000586,NGPL,Dipshikha Dhitopatra Karobar Co. Pvt Ltd.,Imperial Securities Company Pvt. Ltd.,237,452.0,107124.0,2025-07-29 11:06:03.482603
2025-07-29,154526,2025072904000606,NGPL,Sharepro Securities Private Limited,SHUBHAKAMANA SECURITIES PVT. LTD,200,455.0,91000.0,2025-07-29 11:06:09.192137
2025-07-29,154203,2025072904000671,NGPL,Online Securities Pvt. Ltd.,Sri Hari Securities Pvt. Ltd.,605,454.8,275154.0,2025-07-29 11:06:34.691195
2025-07-29,154202,2025072904000672,NGPL,Online Securities Pvt. Ltd.,ABC Securities Private Limited,395,454.9,179685.5,2025-07-29 11:06:34.691384
2025-07-29,153973,2025072904000721,NGPL,South Asian Bulls Pvt. Ltd.,Dakshinkali Investment & Securities Pvt. Ltd.,500,454.0,227000.0,2025-07-29 11:06:56.177454
2025-07-29,153787,2025072904000767,NGPL,Naasa Securities Co. Ltd.,Dakshinkali Investment & Securities Pvt. Ltd.,605,454.0,274670.0,2025-07-29 11:07:11.055027
2025-07-29,153599,2025072904000794,NGPL,Dipshikha Dhitopatra Karobar Co. Pvt Ltd.,Online Securities Pvt. Ltd.,1000,453.9,453900.0,2025-07-29 11:07:22.727836
2025-07-29,153585,2025072904000804,NGPL,Secured Securities Ltd.,Sri Hari Securities Pvt. Ltd.,80,453.0,36240.0,2025-07-29 11:07:24.102977
2025-07-29,153584,2025072904000805,NGPL,Imperial Securities Company Pvt. Ltd.,Sri Hari Securities Pvt. Ltd.,150,452.2,67830.0,2025-07-29 11:07:24.103190
2025-07-29,153583,2025072904000806,NGPL,Asian Securities Private Ltd.,Sri Hari Securities Pvt. Ltd.,1000,452.1,452100.0,2025-07-29 11:07:24.103287
2025-07-29,153516,2025072904000824,NGPL,Dipshikha Dhitopatra Karobar Co. Pvt Ltd.,K.B.L. Securities Limited ,763,452.0,344876.0,2025-07-29 11:07:31.558273
2025-07-29,153515,2025072904000825,NGPL,Online Securities Pvt. Ltd.,K.B.L. Securities Limited ,237,452.0,107124.0,2025-07-29 11:07:31.558486
2025-07-29,153502,2025072904000829,NGPL,Naasa Securities Co. Ltd.,Sri Hari Securities Pvt. Ltd.,770,452.1,348117.0,2025-07-29 11:07:33.518455
2025-07-29,153501,2025072904000830,NGPL,Naasa Securities Co. Ltd.,Dakshinkali Investment & Securities Pvt. Ltd.,230,454.0,104420.0,2025-07-29 11:07:33.518641
2025-07-29,152925,2025072904000984,NGPL,Linch Stock Market Ltd.,Sri Hari Securities Pvt. Ltd.,500,453.9,226950.0,2025-07-29 11:08:26.180845
2025-07-29,152837,2025072904001014,NGPL,Dynamic Money Managers Securities Pvt. Ltd.,Sri Hari Securities Pvt. Ltd.,820,453.9,372198.0,2025-07-29 11:08:33.451770
2025-07-29,152836,2025072904001015,NGPL,Dynamic Money Managers Securities Pvt. Ltd.,Dakshinkali Investment & Securities Pvt. Ltd.,2102,454.0,954308.0,2025-07-29 11:08:33.452221
2025-07-29,152835,2025072904001016,NGPL,Dynamic Money Managers Securities Pvt. Ltd.,ABC Securities Private Limited,78,454.0,35412.0,2025-07-29 11:08:33.452563
2025-07-29,152797,2025072904001024,NGPL,Trishakti Securities Public Limited,Property Wiard Limited,100,453.0,45300.0,2025-07-29 11:08:37.296681
2025-07-29,152745,2025072904001042,NGPL,Trishakti Securities Public Limited,Dakshinkali Investment & Securities Pvt. Ltd.,550,453.0,249150.0,2025-07-29 11:08:41.181120
2025-07-29,152727,2025072904001046,NGPL,Naasa Securities Co. Ltd.,Dakshinkali Investment & Securities Pvt. Ltd.,1000,453.0,453000.0,2025-07-29 11:08:42.697488
2025-07-29,152617,2025072904001082,NGPL,Sri Hari Securities Pvt. Ltd.,Dakshinkali Investment & Securities Pvt. Ltd.,400,453.0,181200.0,2025-07-29 11:08:50.509339
2025-07-29,152476,2025072904001133,NGPL,Naasa Securities Co. Ltd.,Dakshinkali Investment & Securities Pvt. Ltd.,500,453.0,226500.0,2025-07-29 11:09:01.291998
2025-07-29,152451,2025072904001141,NGPL,Vision Securities Pvt. Ltd,Dakshinkali Investment & Securities Pvt. Ltd.,500,453.0,226500.0,2025-07-29 11:09:03.020338
2025-07-29,152358,2025072904001177,NGPL,Bhrikuti Stock Broking Co. Pvt. Ltd.,Linch Stock Market Ltd.,50,452.2,22610.0,2025-07-29 11:09:10.841869
2025-07-29,152357,2025072904001178,NGPL,Naasa Securities Co. Ltd.,Linch Stock Market Ltd.,140,452.1,63294.0,2025-07-29 11:09:10.842308
2025-07-29,152356,2025072904001179,NGPL,Sri Hari Securities Pvt. Ltd.,Linch Stock Market Ltd.,110,452.1,49731.0,2025-07-29 11:09:10.842627
2025-07-29,152235,2025072904001204,NGPL,Sri Hari Securities Pvt. Ltd.,Vision Securities Pvt. Ltd,790,452.1,357159.0,2025-07-29 11:09:19.490853
2025-07-29,152234,2025072904001205,NGPL,Online Securities Pvt. Ltd.,Vision Securities Pvt. Ltd,210,452.0,94920.0,2025-07-29 11:09:19.491154
2025-07-29,152071,2025072904001259,NGPL,Creative Securities Pvt Ltd,Dakshinkali Investment & Securities Pvt. Ltd.,50,453.0,22650.0,2025-07-29 11:09:31.178623
2025-07-29,152070,2025072904001260,NGPL,Creative Securities Pvt Ltd,ABC Securities Private Limited,950,453.9,431205.0,2025-07-29 11:09:31.178700
2025-07-29,151900,2025072904001327,NGPL,Online Securities Pvt. Ltd.,Dakshinkali Investment & Securities Pvt. Ltd.,453,452.0,204756.0,2025-07-29 11:09:45.766524
2025-07-29,151899,2025072904001328,NGPL,Sri Hari Securities Pvt. Ltd.,Dakshinkali Investment & Securities Pvt. Ltd.,1000,452.0,452000.0,2025-07-29 11:09:45.766752
2025-07-29,151898,2025072904001329,NGPL,Naasa Securities Co. Ltd.,Dakshinkali Investment & Securities Pvt. Ltd.,250,452.0,113000.0,2025-07-29 11:09:45.766862
2025-07-29,151708,2025072904001378,NGPL,Sewa Securities Pvt. Ltd.,Thrive Brokerage House Pvt. Ltd,720,451.6,325152.0,2025-07-29 11:09:59.712301
2025-07-29,151705,2025072904001379,NGPL,Sewa Securities Pvt. Ltd.,Kohinoor Investment & Securities Pvt. Ltd.,100,451.6,45160.0,2025-07-29 11:10:00.366261
2025-07-29,151565,2025072904001436,NGPL,Sewa Securities Pvt. Ltd.,Capital Max Securities Ltd,180,451.6,81288.0,2025-07-29 11:10:10.028417
2025-07-29,151564,2025072904001437,NGPL,Sri Hari Securities Pvt. Ltd.,Capital Max Securities Ltd,320,451.5,144480.0,2025-07-29 11:10:10.028471
2025-07-29,151555,2025072904001442,NGPL,Sri Hari Securities Pvt. Ltd.,MILKY WAY SHARE BROKER COMPANY LTD ,680,451.5,307020.0,2025-07-29 11:10:10.961687
2025-07-29,151455,2025072904001469,NGPL,Kohinoor Investment & Securities Pvt. Ltd.,Opal Securities Investment (PVT) Ltd.,200,451.2,90240.0,2025-07-29 11:10:19.707571
2025-07-29,151311,2025072904001511,NGPL,Kohinoor Investment & Securities Pvt. Ltd.,Asian Securities Private Ltd.,100,451.2,45120.0,2025-07-29 11:10:31.722772
2025-07-29,151255,2025072904001520,NGPL,Vision Securities Pvt. Ltd,MILKY WAY SHARE BROKER COMPANY LTD ,30,451.5,13545.0,2025-07-29 11:10:35.526554
2025-07-29,151041,2025072904001582,NGPL,Kohinoor Investment & Securities Pvt. Ltd.,Nepal Investment And Securities Trading Private Limited,200,451.2,90240.0,2025-07-29 11:10:52.667389
2025-07-29,150977,2025072904001598,NGPL,Sri Hari Securities Pvt. Ltd.,Dakshinkali Investment & Securities Pvt. Ltd.,200,451.0,90200.0,2025-07-29 11:10:56.372914
2025-07-29,150976,2025072904001599,NGPL,Agrawal Securities (PVT) Ltd.,Dakshinkali Investment & Securities Pvt. Ltd.,400,451.0,180400.0,2025-07-29 11:10:56.373189
2025-07-29,150904,2025072904001625,NGPL,Sani Securities Company Ltd.,Dakshinkali Investment & Securities Pvt. Ltd.,1000,451.0,451000.0,2025-07-29 11:11:03.299660
2025-07-29,150852,2025072904001632,NGPL,APPLE SECURITIES PRIVATE LIMITED,Trishakti Securities Public Limited,150,450.0,67500.0,2025-07-29 11:11:07.597940
2025-07-29,150808,2025072904001636,NGPL,APPLE SECURITIES PRIVATE LIMITED,Neev Securities Pvt. Ltd.,200,450.0,90000.0,2025-07-29 11:11:13.190534
2025-07-29,150689,2025072904001656,NGPL,Elite Stock House Limited,Dakshinkali Investment & Securities Pvt. Ltd.,10,451.0,4510.0,2025-07-29 11:11:23.593491
2025-07-29,150598,2025072904001678,NGPL,APPLE SECURITIES PRIVATE LIMITED,Naasa Securities Co. Ltd.,40,450.0,18000.0,2025-07-29 11:11:31.013583
2025-07-29,150531,2025072904001707,NGPL,Sani Securities Company Ltd.,Dakshinkali Investment & Securities Pvt. Ltd.,500,451.0,225500.0,2025-07-29 11:11:35.885044
2025-07-29,150472,2025072904001719,NGPL,J.F. Securites (PVT) Ltd.,Dakshinkali Investment & Securities Pvt. Ltd.,50,451.0,22550.0,2025-07-29 11:11:41.026568
2025-07-29,150240,2025072904001766,NGPL,Dakshinkali Investment & Securities Pvt. Ltd.,Dakshinkali Investment & Securities Pvt. Ltd.,300,451.0,135300.0,2025-07-29 11:11:54.900134
2025-07-29,150147,2025072904001780,NGPL,APPLE SECURITIES PRIVATE LIMITED,Dakshinkali Investment & Securities Pvt. Ltd.,110,450.0,49500.0,2025-07-29 11:12:02.960387
2025-07-29,150146,2025072904001781,NGPL,Nagarik Stock Dealer ,Dakshinkali Investment & Securities Pvt. Ltd.,350,450.0,157500.0,2025-07-29 11:12:02.960711
2025-07-29,150145,2025072904001782,NGPL,Nepal Stock House (PVT) Ltd.,Dakshinkali Investment & Securities Pvt. Ltd.,1000,450.0,450000.0,2025-07-29 11:12:02.960834
2025-07-29,150144,2025072904001783,NGPL,Nagarik Stock Dealer ,Dakshinkali Investment & Securities Pvt. Ltd.,411,450.0,184950.0,2025-07-29 11:12:02.960966
2025-07-29,150143,2025072904001784,NGPL,Oxford Securities Pvt. Ltd.,Dakshinkali Investment & Securities Pvt. Ltd.,10,450.0,4500.0,2025-07-29 11:12:02.961142
2025-07-29,150142,2025072904001785,NGPL,Vision Securities Pvt. Ltd,Dakshinkali Investment & Securities Pvt. Ltd.,1500,450.0,675000.0,2025-07-29 11:12:02.961296
2025-07-29,150141,2025072904001786,NGPL,Naasa Securities Co. Ltd.,Dakshinkali Investment & Securities Pvt. Ltd.,1000,450.0,450000.0,2025-07-29 11:12:02.961433
2025-07-29,150140,2025072904001787,NGPL,Sundhara Securities Limited,Dakshinkali Investment & Securities Pvt. Ltd.,100,450.0,45000.0,2025-07-29 11:12:02.961571
2025-07-29,150139,2025072904001788,NGPL,Creative Securities Pvt Ltd,Dakshinkali Investment & Securities Pvt. Ltd.,400,450.0,180000.0,2025-07-29 11:12:02.961738
2025-07-29,150138,2025072904001789,NGPL,Kalika Securities Pvt. Ltd.,Dakshinkali Investment & Securities Pvt. Ltd.,500,450.0,225000.0,2025-07-29 11:12:02.961875
2025-07-29,150137,2025072904001790,NGPL,Kalika Securities Pvt. Ltd.,Dakshinkali Investment & Securities Pvt. Ltd.,619,450.0,278550.0,2025-07-29 11:12:02.961992
2025-07-29,149990,2025072904001826,NGPL,Kalika Securities Pvt. Ltd.,Kohinoor Investment & Securities Pvt. Ltd.,20,450.0,9000.0,2025-07-29 11:12:17.245667
2025-07-29,149973,2025072904001827,NGPL,Kalika Securities Pvt. Ltd.,Sumeru Securities Pvt. Ltd.,361,450.0,162450.0,2025-07-29 11:12:18.052183
2025-07-29,149972,2025072904001828,NGPL,Siprabi Securities Pvt. Ltd.,Sumeru Securities Pvt. Ltd.,100,450.0,45000.0,2025-07-29 11:12:18.052449
2025-07-29,149971,2025072904001829,NGPL,Naasa Securities Co. Ltd.,Sumeru Securities Pvt. Ltd.,39,450.0,17550.0,2025-07-29 11:12:18.052567
2025-07-29,149860,2025072904001869,NGPL,Trishakti Securities Public Limited,Dakshinkali Investment & Securities Pvt. Ltd.,837,451.0,377487.0,2025-07-29 11:12:30.347955
2025-07-29,149859,2025072904001870,NGPL,Trishakti Securities Public Limited,SUN SECURITIES PVT LTD,500,451.0,225500.0,2025-07-29 11:12:30.348222
2025-07-29,149858,2025072904001871,NGPL,Trishakti Securities Public Limited,Aakashbhairab Securities Ltd.,500,451.0,225500.0,2025-07-29 11:12:30.348346
2025-07-29,149857,2025072904001872,NGPL,Trishakti Securities Public Limited,Sani Securities Company Ltd.,163,451.0,73513.0,2025-07-29 11:12:30.348464
2025-07-29,149796,2025072904001888,NGPL,Capital Max Securities Ltd,Dynamic Money Managers Securities Pvt. Ltd.,30,450.1,13503.0,2025-07-29 11:12:36.799929
2025-07-29,149795,2025072904001889,NGPL,Naasa Securities Co. Ltd.,Dynamic Money Managers Securities Pvt. Ltd.,65,450.0,29250.0,2025-07-29 11:12:36.800010
2025-07-29,149794,2025072904001890,NGPL,Vision Securities Pvt. Ltd,Dynamic Money Managers Securities Pvt. Ltd.,105,449.0,47145.0,2025-07-29 11:12:36.800064
2025-07-29,149602,2025072904001955,NGPL,Neev Securities Pvt. Ltd.,SUN SECURITIES PVT LTD,100,450.0,45000.0,2025-07-29 11:12:53.828651
2025-07-29,149254,2025072904002027,NGPL,Siprabi Securities Pvt. Ltd.,SUN SECURITIES PVT LTD,400,450.0,180000.0,2025-07-29 11:13:29.833109
2025-07-29,149253,2025072904002028,NGPL,Siprabi Securities Pvt. Ltd.,K.B.L. Securities Limited ,100,450.0,45000.0,2025-07-29 11:13:29.833635
2025-07-29,149162,2025072904002049,NGPL,Opal Securities Investment (PVT) Ltd.,K.B.L. Securities Limited ,66,450.0,29700.0,2025-07-29 11:13:37.089414
2025-07-29,148727,2025072904002161,NGPL,Arun Securities (PVT) Ltd.,Dipshikha Dhitopatra Karobar Co. Pvt Ltd.,2000,449.9,899800.0,2025-07-29 11:14:16.365213
2025-07-29,148530,2025072904002217,NGPL,Oxford Securities Pvt. Ltd.,K.B.L. Securities Limited ,100,450.0,45000.0,2025-07-29 11:14:35.707163
2025-07-29,148488,2025072904002221,NGPL,Shree Krishna Securities Ltd.,K.B.L. Securities Limited ,100,450.0,45000.0,2025-07-29 11:14:37.848872
2025-07-29,148399,2025072904002259,NGPL,Opal Securities Investment (PVT) Ltd.,South Asian Bulls Pvt. Ltd.,10,449.1,4491.0,2025-07-29 11:14:44.185705
2025-07-29,148331,2025072904002282,NGPL,Opal Securities Investment (PVT) Ltd.,Miyo Securities Pvt Ltd,90,449.1,40419.0,2025-07-29 11:14:51.552448
2025-07-29,148330,2025072904002283,NGPL,Agrawal Securities (PVT) Ltd.,Miyo Securities Pvt Ltd,792,448.2,354974.4,2025-07-29 11:14:51.552522
2025-07-29,148329,2025072904002284,NGPL,Sweta Securities Private Limited,Miyo Securities Pvt Ltd,2000,448.1,896200.0,2025-07-29 11:14:51.552556
2025-07-29,148328,2025072904002285,NGPL,Dynamic Money Managers Securities Pvt. Ltd.,Miyo Securities Pvt Ltd,118,448.1,52875.8,2025-07-29 11:14:51.552589
2025-07-29,148212,2025072904002302,NGPL,J.F. Securites (PVT) Ltd.,Sani Securities Company Ltd.,10,449.3,4493.0,2025-07-29 11:15:02.156184
2025-07-29,148167,2025072904002322,NGPL,Dynamic Money Managers Securities Pvt. Ltd.,Thrive Brokerage House Pvt. Ltd,77,448.1,34503.7,2025-07-29 11:15:05.209193
2025-07-29,148135,2025072904002338,NGPL,Online Securities Pvt. Ltd.,Sani Securities Company Ltd.,490,449.3,220157.0,2025-07-29 11:15:07.891239
2025-07-29,148134,2025072904002339,NGPL,Online Securities Pvt. Ltd.,K.B.L. Securities Limited ,510,450.0,229500.0,2025-07-29 11:15:07.891561
2025-07-29,148063,2025072904002357,NGPL,Sani Securities Company Ltd.,K.B.L. Securities Limited ,100,450.0,45000.0,2025-07-29 11:15:14.298352
2025-07-29,147805,2025072904002412,NGPL,Dynamic Money Managers Securities Pvt. Ltd.,Miyo Securities Pvt Ltd,1805,448.1,808820.5,2025-07-29 11:15:36.747031
2025-07-29,147804,2025072904002413,NGPL,MILKY WAY SHARE BROKER COMPANY LTD ,Miyo Securities Pvt Ltd,100,448.1,44810.0,2025-07-29 11:15:36.747121
2025-07-29,147803,2025072904002414,NGPL,Sri Hari Securities Pvt. Ltd.,Miyo Securities Pvt Ltd,1000,448.1,448100.0,2025-07-29 11:15:36.747148
2025-07-29,147802,2025072904002415,NGPL,Deevyaa Securities & Stock House Pvt. Ltd,Miyo Securities Pvt Ltd,333,448.0,149184.0,2025-07-29 11:15:36.747174
2025-07-29,147801,2025072904002416,NGPL,Thrive Brokerage House Pvt. Ltd,Miyo Securities Pvt Ltd,76,448.0,34048.0,2025-07-29 11:15:36.747203
2025-07-29,147642,2025072904002460,NGPL,Sani Securities Company Ltd.,Sri Hari Securities Pvt. Ltd.,182,448.5,81627.0,2025-07-29 11:15:49.185260
2025-07-29,147533,2025072904002483,NGPL,Sani Securities Company Ltd.,Deevyaa Securities & Stock House Pvt. Ltd,300,448.5,134550.0,2025-07-29 11:15:57.961996
2025-07-29,147435,2025072904002495,NGPL,Kalika Securities Pvt. Ltd.,K.B.L. Securities Limited ,500,450.0,225000.0,2025-07-29 11:16:07.778560
2025-07-29,147023,2025072904002595,NGPL,Naasa Securities Co. Ltd.,Primo Securities (PVT) Ltd.,1000,449.0,449000.0,2025-07-29 11:16:44.144173
2025-07-29,146999,2025072904002602,NGPL,Naasa Securities Co. Ltd.,Dynamic Money Managers Securities Pvt. Ltd.,1500,449.0,673500.0,2025-07-29 11:16:45.944794
2025-07-29,146955,2025072904002617,NGPL,Naasa Securities Co. Ltd.,Capital Max Securities Ltd,900,449.0,404100.0,2025-07-29 11:16:50.046257
2025-07-29,146867,2025072904002631,NGPL,Naasa Securities Co. Ltd.,Capital Max Securities Ltd,600,449.0,269400.0,2025-07-29 11:17:00.080005
2025-07-29,146553,2025072904002692,NGPL,Investment Management Nepal Pvt. Ltd.,Asian Securities Private Ltd.,500,449.0,224500.0,2025-07-29 11:17:31.983164
2025-07-29,146552,2025072904002693,NGPL,Investment Management Nepal Pvt. Ltd.,K.B.L. Securities Limited ,525,450.0,236250.0,2025-07-29 11:17:31.983468
2025-07-29,146551,2025072904002694,NGPL,Investment Management Nepal Pvt. Ltd.,Premier Securities Company Ltd.,250,450.0,112500.0,2025-07-29 11:17:31.983610
2025-07-29,146550,2025072904002695,NGPL,Investment Management Nepal Pvt. Ltd.,Dynamic Money Managers Securities Pvt. Ltd.,100,450.0,45000.0,2025-07-29 11:17:31.983749
2025-07-29,146549,2025072904002696,NGPL,Investment Management Nepal Pvt. Ltd.,Online Securities Pvt. Ltd.,50,450.0,22500.0,2025-07-29 11:17:31.983886
2025-07-29,146548,2025072904002697,NGPL,Investment Management Nepal Pvt. Ltd.,Dipshikha Dhitopatra Karobar Co. Pvt Ltd.,200,450.0,90000.0,2025-07-29 11:17:31.984024
2025-07-29,146547,2025072904002698,NGPL,Investment Management Nepal Pvt. Ltd.,Oxford Securities Pvt. Ltd.,1000,450.0,450000.0,2025-07-29 11:17:31.984157
2025-07-29,146546,2025072904002699,NGPL,Investment Management Nepal Pvt. Ltd.,Imperial Securities Company Pvt. Ltd.,125,450.0,56250.0,2025-07-29 11:17:31.984291
2025-07-29,146545,2025072904002700,NGPL,Investment Management Nepal Pvt. Ltd.,South Asian Bulls Pvt. Ltd.,1000,450.0,450000.0,2025-07-29 11:17:31.984429
2025-07-29,146544,2025072904002701,NGPL,Investment Management Nepal Pvt. Ltd.,Sweta Securities Private Limited,1000,450.0,450000.0,2025-07-29 11:17:31.984559
2025-07-29,146543,2025072904002702,NGPL,Investment Management Nepal Pvt. Ltd.,Primo Securities (PVT) Ltd.,250,450.0,112500.0,2025-07-29 11:17:31.984699
2025-07-29,146161,2025072904002802,NGPL,J.F. Securites (PVT) Ltd.,Primo Securities (PVT) Ltd.,200,450.0,90000.0,2025-07-29 11:18:02.349416
2025-07-29,145972,2025072904002860,NGPL,Sumeru Securities Pvt. Ltd.,Kohinoor Investment & Securities Pvt. Ltd.,10,448.8,4488.0,2025-07-29 11:18:23.756571
2025-07-29,145781,2025072904002890,NGPL,Investment Management Nepal Pvt. Ltd.,Primo Securities (PVT) Ltd.,150,450.0,67500.0,2025-07-29 11:18:38.442418
2025-07-29,145780,2025072904002891,NGPL,Investment Management Nepal Pvt. Ltd.,Dakshinkali Investment & Securities Pvt. Ltd.,2850,450.0,1282500.0,2025-07-29 11:18:38.442741
2025-07-29,145697,2025072904002909,NGPL,Trisul Securities & Invt. Ltd.,Dakshinkali Investment & Securities Pvt. Ltd.,150,450.0,67500.0,2025-07-29 11:18:47.055795
2025-07-29,145696,2025072904002910,NGPL,Trisul Securities & Invt. Ltd.,South Asian Bulls Pvt. Ltd.,20,450.0,9000.0,2025-07-29 11:18:47.056119
2025-07-29,145691,2025072904002912,NGPL,Trisul Securities & Invt. Ltd.,Oxford Securities Pvt. Ltd.,830,450.0,373500.0,2025-07-29 11:18:47.807345
2025-07-29,145412,2025072904002987,NGPL,Siprabi Securities Pvt. Ltd.,Oxford Securities Pvt. Ltd.,500,450.0,225000.0,2025-07-29 11:19:11.304251
2025-07-29,145398,2025072904002988,NGPL,Aryatara Investment & Securities,Oxford Securities Pvt. Ltd.,500,450.0,225000.0,2025-07-29 11:19:13.247736
2025-07-29,145231,2025072904003028,NGPL,Dipshikha Dhitopatra Karobar Co. Pvt Ltd.,MILKY WAY SHARE BROKER COMPANY LTD ,100,449.0,44900.0,2025-07-29 11:19:34.860901
2025-07-29,145230,2025072904003029,NGPL,Linch Stock Market Ltd.,MILKY WAY SHARE BROKER COMPANY LTD ,100,449.0,44900.0,2025-07-29 11:19:34.861255
2025-07-29,145229,2025072904003030,NGPL,Dakshinkali Investment & Securities Pvt. Ltd.,MILKY WAY SHARE BROKER COMPANY LTD ,200,449.0,89800.0,2025-07-29 11:19:34.861452
2025-07-29,145199,2025072904003040,NGPL,Aryatara Investment & Securities,MILKY WAY SHARE BROKER COMPANY LTD ,100,449.0,44900.0,2025-07-29 11:19:38.754388
2025-07-29,145109,2025072904003054,NGPL,Sumeru Securities Pvt. Ltd.,Naasa Securities Co. Ltd.,190,448.8,85272.0,2025-07-29 11:19:48.310160
2025-07-29,145108,2025072904003055,NGPL,Sumeru Securities Pvt. Ltd.,Naasa Securities Co. Ltd.,400,448.8,179520.0,2025-07-29 11:19:48.310546
2025-07-29,145107,2025072904003056,NGPL,Sani Securities Company Ltd.,Naasa Securities Co. Ltd.,218,448.5,97773.0,2025-07-29 11:19:48.310695
2025-07-29,145106,2025072904003057,NGPL,Nepal Stock House (PVT) Ltd.,Naasa Securities Co. Ltd.,100,448.2,44820.0,2025-07-29 11:19:48.310841
2025-07-29,145105,2025072904003058,NGPL,Oxford Securities Pvt. Ltd.,Naasa Securities Co. Ltd.,92,448.1,41225.2,2025-07-29 11:19:48.310990
2025-07-29,145104,2025072904003059,NGPL,Oxford Securities Pvt. Ltd.,SUN SECURITIES PVT LTD,7,448.1,3136.7,2025-07-29 11:19:48.311083
2025-07-29,145001,2025072904003084,NGPL,Siprabi Securities Pvt. Ltd.,MILKY WAY SHARE BROKER COMPANY LTD ,500,449.9,224950.0,2025-07-29 11:19:58.790670
2025-07-29,144971,2025072904003092,NGPL,Opal Securities Investment (PVT) Ltd.,Naasa Securities Co. Ltd.,50,449.0,22450.0,2025-07-29 11:20:01.612606
2025-07-29,144820,2025072904003130,NGPL,Sani Securities Company Ltd.,Naasa Securities Co. Ltd.,450,448.1,201645.0,2025-07-29 11:20:13.935454
2025-07-29,144786,2025072904003137,NGPL,Sani Securities Company Ltd.,KALASH STOCK MARKET PVT. LTD.,550,448.1,246455.0,2025-07-29 11:20:16.992165
2025-07-29,144785,2025072904003138,NGPL,Dynamic Money Managers Securities Pvt. Ltd.,KALASH STOCK MARKET PVT. LTD.,50,448.0,22400.0,2025-07-29 11:20:16.992540
2025-07-29,144784,2025072904003139,NGPL,Aryatara Investment & Securities,KALASH STOCK MARKET PVT. LTD.,260,448.0,116480.0,2025-07-29 11:20:16.992686
2025-07-29,144783,2025072904003140,NGPL,Dipshikha Dhitopatra Karobar Co. Pvt Ltd.,KALASH STOCK MARKET PVT. LTD.,1000,448.0,448000.0,2025-07-29 11:20:16.992822
2025-07-29,144782,2025072904003141,NGPL,Naasa Securities Co. Ltd.,KALASH STOCK MARKET PVT. LTD.,100,448.0,44800.0,2025-07-29 11:20:16.992963
2025-07-29,144781,2025072904003142,NGPL,Sani Securities Company Ltd.,KALASH STOCK MARKET PVT. LTD.,40,448.0,17920.0,2025-07-29 11:20:16.993109
2025-07-29,144710,2025072904003157,NGPL,Vision Securities Pvt. Ltd,Oxford Securities Pvt. Ltd.,449,450.0,202050.0,2025-07-29 11:20:23.973563
2025-07-29,144698,2025072904003159,NGPL,Nepal Stock House (PVT) Ltd.,ABC Securities Private Limited,100,448.2,44820.0,2025-07-29 11:20:25.310976
2025-07-29,144697,2025072904003160,NGPL,Sani Securities Company Ltd.,ABC Securities Private Limited,49,448.0,21952.0,2025-07-29 11:20:25.311039
2025-07-29,144696,2025072904003161,NGPL,Vision Securities Pvt. Ltd,ABC Securities Private Limited,10,448.0,4480.0,2025-07-29 11:20:25.311067
2025-07-29,144695,2025072904003162,NGPL,Asian Securities Private Ltd.,ABC Securities Private Limited,333,448.0,149184.0,2025-07-29 11:20:25.311091
2025-07-29,144694,2025072904003163,NGPL,Ashutosh Brokerage & Securities (PVT) Ltd.,ABC Securities Private Limited,100,447.4,44740.0,2025-07-29 11:20:25.311125
2025-07-29,144693,2025072904003164,NGPL,Linch Stock Market Ltd.,ABC Securities Private Limited,60,447.3,26838.0,2025-07-29 11:20:25.311148
2025-07-29,144692,2025072904003165,NGPL,Sewa Securities Pvt. Ltd.,ABC Securities Private Limited,100,447.3,44730.0,2025-07-29 11:20:25.311172
2025-07-29,144691,2025072904003166,NGPL,Primo Securities (PVT) Ltd.,ABC Securities Private Limited,248,447.2,110905.6,2025-07-29 11:20:25.311201
2025-07-29,144046,2025072904003288,NGPL,Kalika Securities Pvt. Ltd.,Oxford Securities Pvt. Ltd.,500,450.0,225000.0,2025-07-29 11:21:26.392983
2025-07-29,143841,2025072904003322,NGPL,Arun Securities (PVT) Ltd.,SUN SECURITIES PVT LTD,1000,449.0,449000.0,2025-07-29 11:21:43.312799
2025-07-29,143736,2025072904003346,NGPL,Asian Securities Private Ltd.,Nepal Investment And Securities Trading Private Limited,1000,449.0,449000.0,2025-07-29 11:21:54.091297
2025-07-29,143598,2025072904003367,NGPL,Asian Securities Private Ltd.,Dakshinkali Investment & Securities Pvt. Ltd.,1000,449.0,449000.0,2025-07-29 11:22:07.311943
2025-07-29,143267,2025072904003455,NGPL,Kumari Securities Private Limited,Dakshinkali Investment & Securities Pvt. Ltd.,200,449.0,89800.0,2025-07-29 11:22:28.036174
2025-07-29,143252,2025072904003459,NGPL,Imperial Securities Company Pvt. Ltd.,Naasa Securities Co. Ltd.,200,448.5,89700.0,2025-07-29 11:22:29.762668
2025-07-29,143251,2025072904003460,NGPL,Nepal Stock House (PVT) Ltd.,Naasa Securities Co. Ltd.,50,448.3,22415.0,2025-07-29 11:22:29.763337
2025-07-29,143250,2025072904003461,NGPL,Dipshikha Dhitopatra Karobar Co. Pvt Ltd.,Naasa Securities Co. Ltd.,150,448.3,67245.0,2025-07-29 11:22:29.763818
2025-07-29,143227,2025072904003464,NGPL,Dipshikha Dhitopatra Karobar Co. Pvt Ltd.,Linch Stock Market Ltd.,100,448.3,44830.0,2025-07-29 11:22:31.282794
2025-07-29,143226,2025072904003465,NGPL,Kumari Securities Private Limited,Linch Stock Market Ltd.,100,448.2,44820.0,2025-07-29 11:22:31.283184
2025-07-29,143170,2025072904003475,NGPL,Kumari Securities Private Limited,Trisul Securities & Invt. Ltd.,100,448.2,44820.0,2025-07-29 11:22:34.214877
2025-07-29,143169,2025072904003476,NGPL,Vision Securities Pvt. Ltd,Trisul Securities & Invt. Ltd.,78,448.2,34959.6,2025-07-29 11:22:34.215235
2025-07-29,143168,2025072904003477,NGPL,Dipshikha Dhitopatra Karobar Co. Pvt Ltd.,Trisul Securities & Invt. Ltd.,72,448.1,32263.2,2025-07-29 11:22:34.215418
2025-07-29,143093,2025072904003492,NGPL,Asian Securities Private Ltd.,Dakshinkali Investment & Securities Pvt. Ltd.,1000,449.0,449000.0,2025-07-29 11:22:39.548746
2025-07-29,142980,2025072904003515,NGPL,Opal Securities Investment (PVT) Ltd.,Dakshinkali Investment & Securities Pvt. Ltd.,50,449.0,22450.0,2025-07-29 11:22:49.821935
2025-07-29,142955,2025072904003518,NGPL,Himalayan Brokerage Company Limited,Dakshinkali Investment & Securities Pvt. Ltd.,200,449.0,89800.0,2025-07-29 11:22:52.038360
2025-07-29,142855,2025072904003541,NGPL,Sani Securities Company Ltd.,Dakshinkali Investment & Securities Pvt. Ltd.,780,449.0,350220.0,2025-07-29 11:22:58.164121
2025-07-29,142837,2025072904003548,NGPL,Aryatara Investment & Securities,Dakshinkali Investment & Securities Pvt. Ltd.,200,449.0,89800.0,2025-07-29 11:22:59.617527
2025-07-29,142785,2025072904003566,NGPL,Sani Securities Company Ltd.,Dakshinkali Investment & Securities Pvt. Ltd.,500,449.0,224500.0,2025-07-29 11:23:03.281156
2025-07-29,142776,2025072904003568,NGPL,Asian Securities Private Ltd.,Dakshinkali Investment & Securities Pvt. Ltd.,131,449.0,58819.0,2025-07-29 11:23:04.362599
2025-07-29,142610,2025072904003610,NGPL,Kohinoor Investment & Securities Pvt. Ltd.,Malla & Malla Stock Broking Company Pvt. Limited,25,448.2,11205.0,2025-07-29 11:23:19.292624
2025-07-29,142545,2025072904003612,NGPL,Siprabi Securities Pvt. Ltd.,Dakshinkali Investment & Securities Pvt. Ltd.,100,449.0,44900.0,2025-07-29 11:23:21.301661
2025-07-29,142544,2025072904003613,NGPL,Kohinoor Investment & Securities Pvt. Ltd.,Dakshinkali Investment & Securities Pvt. Ltd.,200,449.0,89800.0,2025-07-29 11:23:21.674661
2025-07-29,142463,2025072904003620,NGPL,Imperial Securities Company Pvt. Ltd.,Dakshinkali Investment & Securities Pvt. Ltd.,100,449.0,44900.0,2025-07-29 11:23:27.013972
2025-07-29,142344,2025072904003639,NGPL,Dakshinkali Investment & Securities Pvt. Ltd.,Dakshinkali Investment & Securities Pvt. Ltd.,100,449.0,44900.0,2025-07-29 11:23:36.166533
2025-07-29,142133,2025072904003694,NGPL,Naasa Securities Co. Ltd.,Dakshinkali Investment & Securities Pvt. Ltd.,439,449.0,197111.0,2025-07-29 11:23:51.004706
2025-07-29,141925,2025072904003717,NGPL,Naasa Securities Co. Ltd.,Creative Securities Pvt Ltd,61,449.5,27419.5,2025-07-29 11:24:05.861193
2025-07-29,141916,2025072904003718,NGPL,Kumari Securities Private Limited,Creative Securities Pvt Ltd,700,449.5,314650.0,2025-07-29 11:24:06.475529
2025-07-29,141755,2025072904003762,NGPL,Oxford Securities Pvt. Ltd.,Pragyan Securities (PVT) Ltd.,7,441.0,3087.0,2025-07-29 11:24:16.366987
2025-07-29,141670,2025072904003791,NGPL,Trishakti Securities Public Limited,Creative Securities Pvt Ltd,239,449.5,107430.5,2025-07-29 11:24:21.429087
2025-07-29,141547,2025072904003811,NGPL,Oxford Securities Pvt. Ltd.,Online Securities Pvt. Ltd.,5,442.0,2210.0,2025-07-29 11:24:30.516354
2025-07-29,141395,2025072904003843,NGPL,Oxford Securities Pvt. Ltd.,Trisul Securities & Invt. Ltd.,1,442.0,442.0,2025-07-29 11:24:39.563653
2025-07-29,141341,2025072904003853,NGPL,NIMB Stock Markets Limited,Oxford Securities Pvt. Ltd.,110,449.9,49489.0,2025-07-29 11:24:43.123642
2025-07-29,141340,2025072904003854,NGPL,Kumari Securities Private Limited,Oxford Securities Pvt. Ltd.,90,449.9,40491.0,2025-07-29 11:24:43.145978
2025-07-29,141262,2025072904003874,NGPL,Trishakti Securities Public Limited,Dakshinkali Investment & Securities Pvt. Ltd.,361,449.5,162269.5,2025-07-29 11:24:51.782687
2025-07-29,141261,2025072904003875,NGPL,Naasa Securities Co. Ltd.,Dakshinkali Investment & Securities Pvt. Ltd.,500,449.0,224500.0,2025-07-29 11:24:51.783045
2025-07-29,140916,2025072904003948,NGPL,Property Wiard Limited,Oxford Securities Pvt. Ltd.,1000,448.4,448400.0,2025-07-29 11:25:13.902072
2025-07-29,140915,2025072904003949,NGPL,Nepal Stock House (PVT) Ltd.,Oxford Securities Pvt. Ltd.,50,448.3,22415.0,2025-07-29 11:25:13.902794
2025-07-29,140914,2025072904003950,NGPL,Kohinoor Investment & Securities Pvt. Ltd.,Oxford Securities Pvt. Ltd.,175,448.2,78435.0,2025-07-29 11:25:13.903270
2025-07-29,140913,2025072904003951,NGPL,Imperial Securities Company Pvt. Ltd.,Oxford Securities Pvt. Ltd.,200,448.2,89640.0,2025-07-29 11:25:13.903747
2025-07-29,140912,2025072904003952,NGPL,Dipshikha Dhitopatra Karobar Co. Pvt Ltd.,Oxford Securities Pvt. Ltd.,428,448.1,191786.8,2025-07-29 11:25:13.904219
2025-07-29,140911,2025072904003953,NGPL,Naasa Securities Co. Ltd.,Oxford Securities Pvt. Ltd.,2000,448.0,896000.0,2025-07-29 11:25:13.904714
2025-07-29,140910,2025072904003954,NGPL,Sani Securities Company Ltd.,Oxford Securities Pvt. Ltd.,360,448.0,161280.0,2025-07-29 11:25:13.905169
2025-07-29,140909,2025072904003955,NGPL,Shree Krishna Securities Ltd.,Oxford Securities Pvt. Ltd.,100,448.0,44800.0,2025-07-29 11:25:13.905637
2025-07-29,140908,2025072904003956,NGPL,Sani Securities Company Ltd.,Oxford Securities Pvt. Ltd.,300,448.0,134400.0,2025-07-29 11:25:13.906091
2025-07-29,140907,2025072904003957,NGPL,Midas Stock Broking Company Private Limited,Oxford Securities Pvt. Ltd.,40,448.0,17920.0,2025-07-29 11:25:13.906551
2025-07-29,140906,2025072904003958,NGPL,Vision Securities Pvt. Ltd,Oxford Securities Pvt. Ltd.,220,448.0,98560.0,2025-07-29 11:25:13.906999
2025-07-29,140905,2025072904003959,NGPL,Arun Securities (PVT) Ltd.,Oxford Securities Pvt. Ltd.,1000,448.0,448000.0,2025-07-29 11:25:13.907467
2025-07-29,140897,2025072904003960,NGPL,Nepal Stock House (PVT) Ltd.,Oxford Securities Pvt. Ltd.,1000,448.0,448000.0,2025-07-29 11:25:14.378753
2025-07-29,140719,2025072904004008,NGPL,Opal Securities Investment (PVT) Ltd.,Oxford Securities Pvt. Ltd.,650,448.0,291200.0,2025-07-29 11:25:29.963127
2025-07-29,140718,2025072904004009,NGPL,Opal Securities Investment (PVT) Ltd.,Dakshinkali Investment & Securities Pvt. Ltd.,350,449.0,157150.0,2025-07-29 11:25:29.963494
2025-07-29,140560,2025072904004040,NGPL,Online Securities Pvt. Ltd.,Dakshinkali Investment & Securities Pvt. Ltd.,1000,449.0,449000.0,2025-07-29 11:25:42.774731
2025-07-29,140414,2025072904004075,NGPL,Nepal Stock House (PVT) Ltd.,Linch Stock Market Ltd.,50,447.4,22370.0,2025-07-29 11:25:56.365081
2025-07-29,140413,2025072904004076,NGPL,Aryatara Investment & Securities,Linch Stock Market Ltd.,140,447.4,62636.0,2025-07-29 11:25:56.365467
2025-07-29,140412,2025072904004077,NGPL,Vision Securities Pvt. Ltd,Linch Stock Market Ltd.,310,447.3,138663.0,2025-07-29 11:25:56.365665
2025-07-29,140312,2025072904004097,NGPL,Vision Securities Pvt. Ltd,Dynamic Money Managers Securities Pvt. Ltd.,19690,447.3,8807337.0,2025-07-29 11:26:04.003818
2025-07-29,140311,2025072904004098,NGPL,Imperial Securities Company Pvt. Ltd.,Dynamic Money Managers Securities Pvt. Ltd.,5000,447.3,2236500.0,2025-07-29 11:26:04.004214
2025-07-29,140267,2025072904004108,NGPL,Oxford Securities Pvt. Ltd.,Kumari Securities Private Limited,5,440.0,2200.0,2025-07-29 11:26:09.567500
2025-07-29,140204,2025072904004128,NGPL,Oxford Securities Pvt. Ltd.,Vision Securities Pvt. Ltd,1,440.0,440.0,2025-07-29 11:26:16.658482
2025-07-29,140123,2025072904004143,NGPL,SUN SECURITIES PVT LTD,Dynamic Money Managers Securities Pvt. Ltd.,100,447.3,44730.0,2025-07-29 11:26:26.749883
2025-07-29,140078,2025072904004156,NGPL,Neev Securities Pvt. Ltd.,Dynamic Money Managers Securities Pvt. Ltd.,210,447.3,93933.0,2025-07-29 11:26:30.066258
2025-07-29,139945,2025072904004180,NGPL,Nepal Stock House (PVT) Ltd.,Dakshinkali Investment & Securities Pvt. Ltd.,400,449.0,179600.0,2025-07-29 11:26:45.337428
2025-07-29,139783,2025072904004206,NGPL,Neev Securities Pvt. Ltd.,Dynamic Money Managers Securities Pvt. Ltd.,540,448.0,241920.0,2025-07-29 11:27:01.169852
2025-07-29,139782,2025072904004207,NGPL,ABC Securities Private Limited,Dynamic Money Managers Securities Pvt. Ltd.,200,448.0,89600.0,2025-07-29 11:27:01.170242
2025-07-29,139599,2025072904004248,NGPL,Capital Hub P. Ltd,Dynamic Money Managers Securities Pvt. Ltd.,260,448.0,116480.0,2025-07-29 11:27:16.030698
2025-07-29,139460,2025072904004269,NGPL,Oxford Securities Pvt. Ltd.,Sajilo Broker Limited,50,448.9,22445.0,2025-07-29 11:27:27.255409
2025-07-29,139459,2025072904004270,NGPL,Oxford Securities Pvt. Ltd.,Dakshinkali Investment & Securities Pvt. Ltd.,120,449.0,53880.0,2025-07-29 11:27:27.255807
2025-07-29,139376,2025072904004283,NGPL,Capital Hub P. Ltd,Kalika Securities Pvt. Ltd.,50,448.0,22400.0,2025-07-29 11:27:35.561196
2025-07-29,139353,2025072904004290,NGPL,Trisul Securities & Invt. Ltd.,Dakshinkali Investment & Securities Pvt. Ltd.,1051,449.0,471899.0,2025-07-29 11:27:37.045445
2025-07-29,139191,2025072904004323,NGPL,Capital Hub P. Ltd,Dakshinkali Investment & Securities Pvt. Ltd.,190,448.0,85120.0,2025-07-29 11:27:51.930636
2025-07-29,139189,2025072904004324,NGPL,Dipshikha Dhitopatra Karobar Co. Pvt Ltd.,Dakshinkali Investment & Securities Pvt. Ltd.,500,448.0,224000.0,2025-07-29 11:27:51.931050
2025-07-29,139188,2025072904004325,NGPL,Dipshikha Dhitopatra Karobar Co. Pvt Ltd.,Dakshinkali Investment & Securities Pvt. Ltd.,100,448.0,44800.0,2025-07-29 11:27:51.931379
2025-07-29,139187,2025072904004326,NGPL,Naasa Securities Co. Ltd.,Dakshinkali Investment & Securities Pvt. Ltd.,45,448.0,20160.0,2025-07-29 11:27:51.931641
2025-07-29,139135,2025072904004333,NGPL,Dipshikha Dhitopatra Karobar Co. Pvt Ltd.,Dakshinkali Investment & Securities Pvt. Ltd.,250,448.0,112000.0,2025-07-29 11:27:57.457816
2025-07-29,138912,2025072904004388,NGPL,Primo Securities (PVT) Ltd.,Dakshinkali Investment & Securities Pvt. Ltd.,250,448.0,112000.0,2025-07-29 11:28:18.190030
2025-07-29,138765,2025072904004451,NGPL,Midas Stock Broking Company Private Limited,Dakshinkali Investment & Securities Pvt. Ltd.,10,448.0,4480.0,2025-07-29 11:28:25.144238
2025-07-29,138747,2025072904004455,NGPL,Nepal Stock House (PVT) Ltd.,Sumeru Securities Pvt. Ltd.,200,447.3,89460.0,2025-07-29 11:28:28.208341
2025-07-29,138746,2025072904004456,NGPL,Kalika Securities Pvt. Ltd.,Sumeru Securities Pvt. Ltd.,50,447.3,22365.0,2025-07-29 11:28:28.208718
2025-07-29,138745,2025072904004457,NGPL,Malla & Malla Stock Broking Company Pvt. Limited,Sumeru Securities Pvt. Ltd.,200,447.3,89460.0,2025-07-29 11:28:28.208898
2025-07-29,138728,2025072904004460,NGPL,Primo Securities (PVT) Ltd.,Sumeru Securities Pvt. Ltd.,50,447.3,22365.0,2025-07-29 11:28:29.256981
2025-07-29,138668,2025072904004473,NGPL,Primo Securities (PVT) Ltd.,Prabhu Stock Market Limited,100,447.3,44730.0,2025-07-29 11:28:35.144918
2025-07-29,138285,2025072904004587,NGPL,Naasa Securities Co. Ltd.,Deevyaa Securities & Stock House Pvt. Ltd,200,447.5,89500.0,2025-07-29 11:29:08.208966
2025-07-29,138040,2025072904004646,NGPL,Naasa Securities Co. Ltd.,Indira securities pvt. ltd,800,447.5,358000.0,2025-07-29 11:29:29.287655
2025-07-29,138039,2025072904004647,NGPL,Cristal Kanchanjanga Securites Pvt. Ltd.,Indira securities pvt. ltd,200,447.5,89500.0,2025-07-29 11:29:29.288093
2025-07-29,137878,2025072904004704,NGPL,Dakshinkali Investment & Securities Pvt. Ltd.,South Asian Bulls Pvt. Ltd.,30,447.9,13437.0,2025-07-29 11:29:45.735902
2025-07-29,137877,2025072904004705,NGPL,Dakshinkali Investment & Securities Pvt. Ltd.,Dakshinkali Investment & Securities Pvt. Ltd.,70,448.0,31360.0,2025-07-29 11:29:45.736418
2025-07-29,137808,2025072904004711,NGPL,Primo Securities (PVT) Ltd.,Dakshinkali Investment & Securities Pvt. Ltd.,100,447.9,44790.0,2025-07-29 11:29:50.836774
2025-07-29,137807,2025072904004712,NGPL,Capital Hub P. Ltd,Dakshinkali Investment & Securities Pvt. Ltd.,500,447.6,223800.0,2025-07-29 11:29:50.837184
2025-07-29,137806,2025072904004713,NGPL,Primo Securities (PVT) Ltd.,Dakshinkali Investment & Securities Pvt. Ltd.,252,447.2,112694.4,2025-07-29 11:29:50.837514
2025-07-29,137805,2025072904004714,NGPL,Deevyaa Securities & Stock House Pvt. Ltd,Dakshinkali Investment & Securities Pvt. Ltd.,100,447.2,44720.0,2025-07-29 11:29:50.837735
2025-07-29,137804,2025072904004715,NGPL,Agrawal Securities (PVT) Ltd.,Dakshinkali Investment & Securities Pvt. Ltd.,500,447.2,223600.0,2025-07-29 11:29:50.837908
2025-07-29,137803,2025072904004716,NGPL,Nepal Stock House (PVT) Ltd.,Dakshinkali Investment & Securities Pvt. Ltd.,100,447.1,44710.0,2025-07-29 11:29:50.838080
2025-07-29,137802,2025072904004717,NGPL,Cristal Kanchanjanga Securites Pvt. Ltd.,Dakshinkali Investment & Securities Pvt. Ltd.,500,447.1,223550.0,2025-07-29 11:29:50.838254
2025-07-29,137801,2025072904004718,NGPL,Stoxkarts Securities Limited,Dakshinkali Investment & Securities Pvt. Ltd.,1000,447.1,447100.0,2025-07-29 11:29:50.838430
2025-07-29,137800,2025072904004719,NGPL,Nepal Stock House (PVT) Ltd.,Dakshinkali Investment & Securities Pvt. Ltd.,1000,447.0,447000.0,2025-07-29 11:29:50.838600
2025-07-29,137799,2025072904004720,NGPL,Kohinoor Investment & Securities Pvt. Ltd.,Dakshinkali Investment & Securities Pvt. Ltd.,500,447.0,223500.0,2025-07-29 11:29:50.838772
2025-07-29,137798,2025072904004721,NGPL,Sajilo Broker Limited,Dakshinkali Investment & Securities Pvt. Ltd.,110,447.0,49170.0,2025-07-29 11:29:50.838941
2025-07-29,137797,2025072904004722,NGPL,Dynamic Money Managers Securities Pvt. Ltd.,Dakshinkali Investment & Securities Pvt. Ltd.,2000,447.0,894000.0,2025-07-29 11:29:50.839108
2025-07-29,137796,2025072904004723,NGPL,Aryatara Investment & Securities,Dakshinkali Investment & Securities Pvt. Ltd.,50,447.0,22350.0,2025-07-29 11:29:50.839278
2025-07-29,137795,2025072904004724,NGPL,Siprabi Securities Pvt. Ltd.,Dakshinkali Investment & Securities Pvt. Ltd.,101,447.0,45147.0,2025-07-29 11:29:50.839450
2025-07-29,137794,2025072904004725,NGPL,Online Securities Pvt. Ltd.,Dakshinkali Investment & Securities Pvt. Ltd.,50,447.0,22350.0,2025-07-29 11:29:50.839624
2025-07-29,137793,2025072904004726,NGPL,Dakshinkali Investment & Securities Pvt. Ltd.,Dakshinkali Investment & Securities Pvt. Ltd.,137,447.0,61239.0,2025-07-29 11:29:50.839791
2025-07-29,137636,2025072904004767,NGPL,Sumeru Securities Pvt. Ltd.,Dakshinkali Investment & Securities Pvt. Ltd.,20,448.0,8960.0,2025-07-29 11:30:06.794369
2025-07-29,137557,2025072904004780,NGPL,Oxford Securities Pvt. Ltd.,Secured Securities Ltd.,100,447.5,44750.0,2025-07-29 11:30:15.505423
2025-07-29,137556,2025072904004781,NGPL,Dakshinkali Investment & Securities Pvt. Ltd.,Secured Securities Ltd.,863,447.0,385761.0,2025-07-29 11:30:15.506182
2025-07-29,137555,2025072904004782,NGPL,Capital Max Securities Ltd,Secured Securities Ltd.,37,447.0,16539.0,2025-07-29 11:30:15.506715
2025-07-29,137324,2025072904004830,NGPL,ABC Securities Private Limited,Nepal Stock House (PVT) Ltd.,10,447.5,4475.0,2025-07-29 11:30:39.893375
2025-07-29,137175,2025072904004873,NGPL,Aryatara Investment & Securities,Dynamic Money Managers Securities Pvt. Ltd.,500,447.3,223650.0,2025-07-29 11:30:54.051862
2025-07-29,136968,2025072904004920,NGPL,Nepal Stock House (PVT) Ltd.,Dynamic Money Managers Securities Pvt. Ltd.,300,447.3,134190.0,2025-07-29 11:31:13.802344
2025-07-29,136939,2025072904004925,NGPL,Naasa Securities Co. Ltd.,Creative Securities Pvt Ltd,30,447.0,13410.0,2025-07-29 11:31:17.572658
2025-07-29,136916,2025072904004929,NGPL,Magnet Securities and Investment Company Private Limited,Dynamic Money Managers Securities Pvt. Ltd.,200,447.3,89460.0,2025-07-29 11:31:19.307921
2025-07-29,136915,2025072904004930,NGPL,Magnet Securities and Investment Company Private Limited,Nepal Stock House (PVT) Ltd.,90,447.5,40275.0,2025-07-29 11:31:19.308306
2025-07-29,136914,2025072904004931,NGPL,Magnet Securities and Investment Company Private Limited,Dipshikha Dhitopatra Karobar Co. Pvt Ltd.,15,447.5,6712.5,2025-07-29 11:31:19.308497
2025-07-29,136913,2025072904004932,NGPL,Magnet Securities and Investment Company Private Limited,Dakshinkali Investment & Securities Pvt. Ltd.,195,448.0,87360.0,2025-07-29 11:31:19.308665
2025-07-29,136820,2025072904004956,NGPL,Online Securities Pvt. Ltd.,Online Securities Pvt. Ltd.,20,447.3,8946.0,2025-07-29 11:31:30.337778
2025-07-29,136813,2025072904004960,NGPL,Asian Securities Private Ltd.,Dakshinkali Investment & Securities Pvt. Ltd.,100,448.0,44800.0,2025-07-29 11:31:31.696052
2025-07-29,136808,2025072904004964,NGPL,Primo Securities (PVT) Ltd.,Dakshinkali Investment & Securities Pvt. Ltd.,200,448.0,89600.0,2025-07-29 11:31:32.776036
2025-07-29,136616,2025072904004991,NGPL,Online Securities Pvt. Ltd.,Dakshinkali Investment & Securities Pvt. Ltd.,750,448.0,336000.0,2025-07-29 11:31:44.462364
2025-07-29,136594,2025072904005002,NGPL,Online Securities Pvt. Ltd.,Online Securities Pvt. Ltd.,330,447.3,147609.0,2025-07-29 11:31:45.476456
2025-07-29,136593,2025072904005003,NGPL,Naasa Securities Co. Ltd.,Online Securities Pvt. Ltd.,230,447.0,102810.0,2025-07-29 11:31:45.476856
2025-07-29,136592,2025072904005004,NGPL,Nepal Stock House (PVT) Ltd.,Online Securities Pvt. Ltd.,1000,447.0,447000.0,2025-07-29 11:31:45.477034
2025-07-29,136591,2025072904005005,NGPL,Capital Max Securities Ltd,Online Securities Pvt. Ltd.,440,447.0,196680.0,2025-07-29 11:31:45.477223
2025-07-29,136549,2025072904005013,NGPL,Kohinoor Investment & Securities Pvt. Ltd.,Naasa Securities Co. Ltd.,1,444.0,444.0,2025-07-29 11:31:49.218514
2025-07-29,136227,2025072904005081,NGPL,Capital Max Securities Ltd,Online Securities Pvt. Ltd.,60,447.0,26820.0,2025-07-29 11:32:15.911084
2025-07-29,136226,2025072904005082,NGPL,Shree Krishna Securities Ltd.,Online Securities Pvt. Ltd.,50,447.0,22350.0,2025-07-29 11:32:15.911890
2025-07-29,136225,2025072904005083,NGPL,Kohinoor Investment & Securities Pvt. Ltd.,Online Securities Pvt. Ltd.,90,447.0,40230.0,2025-07-29 11:32:15.912451
2025-07-29,136217,2025072904005084,NGPL,Imperial Securities Company Pvt. Ltd.,Dakshinkali Investment & Securities Pvt. Ltd.,300,448.0,134400.0,2025-07-29 11:32:16.327741
2025-07-29,136153,2025072904005098,NGPL,Online Securities Pvt. Ltd.,Dakshinkali Investment & Securities Pvt. Ltd.,50,448.0,22400.0,2025-07-29 11:32:20.957492
2025-07-29,135794,2025072904005203,NGPL,Naasa Securities Co. Ltd.,Naasa Securities Co. Ltd.,11,447.1,4918.1,2025-07-29 11:32:54.429151
2025-07-29,135793,2025072904005204,NGPL,Ashutosh Brokerage & Securities (PVT) Ltd.,Naasa Securities Co. Ltd.,2000,447.1,894200.0,2025-07-29 11:32:54.429557
2025-07-29,135792,2025072904005205,NGPL,Kohinoor Investment & Securities Pvt. Ltd.,Naasa Securities Co. Ltd.,310,447.0,138570.0,2025-07-29 11:32:54.429776
2025-07-29,135791,2025072904005206,NGPL,Kohinoor Investment & Securities Pvt. Ltd.,Naasa Securities Co. Ltd.,179,447.0,80013.0,2025-07-29 11:32:54.430074
2025-07-29,135736,2025072904005215,NGPL,Kohinoor Investment & Securities Pvt. Ltd.,Cristal Kanchanjanga Securites Pvt. Ltd.,50,447.0,22350.0,2025-07-29 11:32:59.136330
2025-07-29,135166,2025072904005309,NGPL,Kohinoor Investment & Securities Pvt. Ltd.,Imperial Securities Company Pvt. Ltd.,171,447.0,76437.0,2025-07-29 11:33:42.239180
2025-07-29,135164,2025072904005310,NGPL,Linch Stock Market Ltd.,Imperial Securities Company Pvt. Ltd.,329,447.0,147063.0,2025-07-29 11:33:42.240062
2025-07-29,135106,2025072904005323,NGPL,Aakashbhairab Securities Ltd.,Dakshinkali Investment & Securities Pvt. Ltd.,1000,448.0,448000.0,2025-07-29 11:33:48.705266
2025-07-29,135017,2025072904005350,NGPL,Sewa Securities Pvt. Ltd.,Dakshinkali Investment & Securities Pvt. Ltd.,129,448.0,57792.0,2025-07-29 11:33:57.927259
2025-07-29,134981,2025072904005362,NGPL,Linch Stock Market Ltd.,Dakshinkali Investment & Securities Pvt. Ltd.,171,447.0,76437.0,2025-07-29 11:33:59.842240
2025-07-29,134980,2025072904005363,NGPL,Kohinoor Investment & Securities Pvt. Ltd.,Dakshinkali Investment & Securities Pvt. Ltd.,200,447.0,89400.0,2025-07-29 11:33:59.842696
2025-07-29,134979,2025072904005364,NGPL,Nagarik Stock Dealer ,Dakshinkali Investment & Securities Pvt. Ltd.,1000,447.0,447000.0,2025-07-29 11:33:59.842887
2025-07-29,134978,2025072904005365,NGPL,Kohinoor Investment & Securities Pvt. Ltd.,Dakshinkali Investment & Securities Pvt. Ltd.,400,447.0,178800.0,2025-07-29 11:33:59.843071
2025-07-29,134977,2025072904005366,NGPL,Kohinoor Investment & Securities Pvt. Ltd.,Dakshinkali Investment & Securities Pvt. Ltd.,400,447.0,178800.0,2025-07-29 11:33:59.843255
2025-07-29,134976,2025072904005367,NGPL,Property Wiard Limited,Dakshinkali Investment & Securities Pvt. Ltd.,30,447.0,13410.0,2025-07-29 11:33:59.843438
2025-07-29,134975,2025072904005368,NGPL,Kohinoor Investment & Securities Pvt. Ltd.,Dakshinkali Investment & Securities Pvt. Ltd.,200,447.0,89400.0,2025-07-29 11:33:59.843621
2025-07-29,134974,2025072904005369,NGPL,Imperial Securities Company Pvt. Ltd.,Dakshinkali Investment & Securities Pvt. Ltd.,630,447.0,281610.0,2025-07-29 11:33:59.843804
2025-07-29,134973,2025072904005370,NGPL,Shree Krishna Securities Ltd.,Dakshinkali Investment & Securities Pvt. Ltd.,75,447.0,33525.0,2025-07-29 11:33:59.843999
2025-07-29,134972,2025072904005371,NGPL,Sewa Securities Pvt. Ltd.,Dakshinkali Investment & Securities Pvt. Ltd.,50,447.0,22350.0,2025-07-29 11:33:59.844181
2025-07-29,134971,2025072904005372,NGPL,Nagarik Stock Dealer ,Dakshinkali Investment & Securities Pvt. Ltd.,15,447.0,6705.0,2025-07-29 11:33:59.844372
2025-07-29,134970,2025072904005373,NGPL,Asian Securities Private Ltd.,Dakshinkali Investment & Securities Pvt. Ltd.,100,447.0,44700.0,2025-07-29 11:33:59.844557
2025-07-29,134964,2025072904005376,NGPL,Sewa Securities Pvt. Ltd.,Dakshinkali Investment & Securities Pvt. Ltd.,40,447.0,17880.0,2025-07-29 11:33:59.938737
2025-07-29,134623,2025072904005458,NGPL,Online Securities Pvt. Ltd.,Dakshinkali Investment & Securities Pvt. Ltd.,750,447.0,335250.0,2025-07-29 11:34:33.734978
2025-07-29,134592,2025072904005470,NGPL,Opal Securities Investment (PVT) Ltd.,Dakshinkali Investment & Securities Pvt. Ltd.,939,447.0,419733.0,2025-07-29 11:34:36.015054
2025-07-29,134591,2025072904005471,NGPL,Opal Securities Investment (PVT) Ltd.,SUN SECURITIES PVT LTD,561,447.0,250767.0,2025-07-29 11:34:36.015473
2025-07-29,134500,2025072904005501,NGPL,Linch Stock Market Ltd.,Nepal Stock House (PVT) Ltd.,100,446.9,44690.0,2025-07-29 11:34:47.184564
2025-07-29,134499,2025072904005502,NGPL,Nagarik Stock Dealer ,Nepal Stock House (PVT) Ltd.,100,446.9,44690.0,2025-07-29 11:34:47.185394
2025-07-29,134375,2025072904005536,NGPL,KALASH STOCK MARKET PVT. LTD.,SUN SECURITIES PVT LTD,439,447.0,196233.0,2025-07-29 11:34:58.082468
2025-07-29,133862,2025072904005634,NGPL,KALASH STOCK MARKET PVT. LTD.,Shree Krishna Securities Ltd.,61,447.0,27267.0,2025-07-29 11:35:44.691131
2025-07-29,133861,2025072904005635,NGPL,Sri Hari Securities Pvt. Ltd.,Shree Krishna Securities Ltd.,50,447.0,22350.0,2025-07-29 11:35:44.691583
2025-07-29,133860,2025072904005636,NGPL,Nepal Stock House (PVT) Ltd.,Shree Krishna Securities Ltd.,50,447.0,22350.0,2025-07-29 11:35:44.691783
2025-07-29,133830,2025072904005643,NGPL,Siprabi Securities Pvt. Ltd.,Shree Krishna Securities Ltd.,200,447.0,89400.0,2025-07-29 11:35:48.148745
2025-07-29,133485,2025072904005696,NGPL,Trishakti Securities Public Limited,Shree Krishna Securities Ltd.,139,447.0,62133.0,2025-07-29 11:36:10.195583
2025-07-29,133128,2025072904005799,NGPL,Siprabi Securities Pvt. Ltd.,Agrawal Securities (PVT) Ltd.,160,447.1,71536.0,2025-07-29 11:36:40.374231
2025-07-29,133127,2025072904005800,NGPL,Trishakti Securities Public Limited,Agrawal Securities (PVT) Ltd.,40,447.0,17880.0,2025-07-29 11:36:40.374720
2025-07-29,132755,2025072904005864,NGPL,Online Securities Pvt. Ltd.,Dakshinkali Investment & Securities Pvt. Ltd.,300,448.0,134400.0,2025-07-29 11:37:14.025766
2025-07-29,132720,2025072904005873,NGPL,Linch Stock Market Ltd.,Dakshinkali Investment & Securities Pvt. Ltd.,500,448.0,224000.0,2025-07-29 11:37:17.443744
2025-07-29,132679,2025072904005878,NGPL,Trishakti Securities Public Limited,Dakshinkali Investment & Securities Pvt. Ltd.,41,448.0,18368.0,2025-07-29 11:37:20.247196
2025-07-29,132678,2025072904005879,NGPL,Trishakti Securities Public Limited,Kohinoor Investment & Securities Pvt. Ltd.,300,448.0,134400.0,2025-07-29 11:37:20.247693
2025-07-29,132677,2025072904005880,NGPL,Trishakti Securities Public Limited,Shree Krishna Securities Ltd.,659,448.0,295232.0,2025-07-29 11:37:20.247979
2025-07-29,132287,2025072904005970,NGPL,Aakashbhairab Securities Ltd.,Shree Krishna Securities Ltd.,1000,448.0,448000.0,2025-07-29 11:37:48.595322
2025-07-29,132047,2025072904006015,NGPL,Vision Securities Pvt. Ltd,Shree Krishna Securities Ltd.,341,448.0,152768.0,2025-07-29 11:38:06.458576
2025-07-29,132046,2025072904006016,NGPL,Vision Securities Pvt. Ltd,Premier Securities Company Ltd.,520,448.0,232960.0,2025-07-29 11:38:06.459027
2025-07-29,131939,2025072904006052,NGPL,Vision Securities Pvt. Ltd,Kohinoor Investment & Securities Pvt. Ltd.,139,448.0,62272.0,2025-07-29 11:38:13.484987
2025-07-29,131938,2025072904006053,NGPL,Oxford Securities Pvt. Ltd.,Kohinoor Investment & Securities Pvt. Ltd.,377,448.0,168896.0,2025-07-29 11:38:13.485488
2025-07-29,131868,2025072904006075,NGPL,Online Securities Pvt. Ltd.,Kohinoor Investment & Securities Pvt. Ltd.,300,448.0,134400.0,2025-07-29 11:38:19.243817
2025-07-29,131514,2025072904006149,NGPL,Nepal Stock House (PVT) Ltd.,Dipshikha Dhitopatra Karobar Co. Pvt Ltd.,150,447.1,67065.0,2025-07-29 11:38:54.142925
2025-07-29,131357,2025072904006184,NGPL,Deevyaa Securities & Stock House Pvt. Ltd,Kohinoor Investment & Securities Pvt. Ltd.,197,448.0,88256.0,2025-07-29 11:39:09.169737
2025-07-29,130438,2025072904006388,NGPL,Indira securities pvt. ltd,Dakshinkali Investment & Securities Pvt. Ltd.,220,448.0,98560.0,2025-07-29 11:40:18.381902
2025-07-29,130410,2025072904006393,NGPL,Kalika Securities Pvt. Ltd.,Dakshinkali Investment & Securities Pvt. Ltd.,69,448.0,30912.0,2025-07-29 11:40:21.088354
2025-07-29,129928,2025072904006502,NGPL,Capital Hub P. Ltd,Nepal Stock House (PVT) Ltd.,200,447.3,89460.0,2025-07-29 11:41:06.888608
2025-07-29,129927,2025072904006503,NGPL,Capital Max Securities Ltd,Nepal Stock House (PVT) Ltd.,50,447.3,22365.0,2025-07-29 11:41:06.889103
2025-07-29,129848,2025072904006514,NGPL,Capital Max Securities Ltd,Trishakti Securities Public Limited,228,447.3,101984.4,2025-07-29 11:41:15.651548
2025-07-29,129847,2025072904006515,NGPL,Oxford Securities Pvt. Ltd.,Trishakti Securities Public Limited,500,447.2,223600.0,2025-07-29 11:41:15.652032
2025-07-29,129846,2025072904006516,NGPL,Nepal Stock House (PVT) Ltd.,Trishakti Securities Public Limited,350,447.1,156485.0,2025-07-29 11:41:15.652258
2025-07-29,129845,2025072904006517,NGPL,ABC Securities Private Limited,Trishakti Securities Public Limited,500,447.1,223550.0,2025-07-29 11:41:15.652485
2025-07-29,129844,2025072904006518,NGPL,Trishakti Securities Public Limited,Trishakti Securities Public Limited,121,447.0,54087.0,2025-07-29 11:41:15.652715
2025-07-29,129843,2025072904006519,NGPL,Asian Securities Private Ltd.,Trishakti Securities Public Limited,100,447.0,44700.0,2025-07-29 11:41:15.652982
2025-07-29,129842,2025072904006520,NGPL,Kumari Securities Private Limited,Trishakti Securities Public Limited,300,447.0,134100.0,2025-07-29 11:41:15.653228
2025-07-29,129841,2025072904006521,NGPL,Naasa Securities Co. Ltd.,Trishakti Securities Public Limited,35,447.0,15645.0,2025-07-29 11:41:15.653516
2025-07-29,129840,2025072904006522,NGPL,Sundhara Securities Limited,Trishakti Securities Public Limited,100,447.0,44700.0,2025-07-29 11:41:15.653837
2025-07-29,129839,2025072904006523,NGPL,Naasa Securities Co. Ltd.,Trishakti Securities Public Limited,266,447.0,118902.0,2025-07-29 11:41:15.654120
2025-07-29,129691,2025072904006569,NGPL,Neev Securities Pvt. Ltd.,Dakshinkali Investment & Securities Pvt. Ltd.,1000,447.5,447500.0,2025-07-29 11:41:28.729813
2025-07-29,129690,2025072904006570,NGPL,Naasa Securities Co. Ltd.,Dakshinkali Investment & Securities Pvt. Ltd.,734,447.0,328098.0,2025-07-29 11:41:28.730268
2025-07-29,129689,2025072904006571,NGPL,Aryatara Investment & Securities,Dakshinkali Investment & Securities Pvt. Ltd.,875,447.0,391125.0,2025-07-29 11:41:28.730490
2025-07-29,129688,2025072904006572,NGPL,Aakashbhairab Securities Ltd.,Dakshinkali Investment & Securities Pvt. Ltd.,500,447.0,223500.0,2025-07-29 11:41:28.730706
2025-07-29,129620,2025072904006587,NGPL,Imperial Securities Company Pvt. Ltd.,Dakshinkali Investment & Securities Pvt. Ltd.,100,447.0,44700.0,2025-07-29 11:41:34.287801
2025-07-29,129543,2025072904006596,NGPL,Vision Securities Pvt. Ltd,Dakshinkali Investment & Securities Pvt. Ltd.,1000,447.0,447000.0,2025-07-29 11:41:40.255013
2025-07-29,129300,2025072904006656,NGPL,Imperial Securities Company Pvt. Ltd.,Dakshinkali Investment & Securities Pvt. Ltd.,50,447.0,22350.0,2025-07-29 11:42:01.977462
2025-07-29,129058,2025072904006728,NGPL,Online Securities Pvt. Ltd.,Dakshinkali Investment & Securities Pvt. Ltd.,400,447.0,178800.0,2025-07-29 11:42:24.552266
2025-07-29,128921,2025072904006772,NGPL,Online Securities Pvt. Ltd.,Dakshinkali Investment & Securities Pvt. Ltd.,52,447.0,23244.0,2025-07-29 11:42:38.748429
2025-07-29,128649,2025072904006833,NGPL,Online Securities Pvt. Ltd.,SUN SECURITIES PVT LTD,98,447.0,43806.0,2025-07-29 11:43:01.916961
2025-07-29,128648,2025072904006834,NGPL,Sri Hari Securities Pvt. Ltd.,SUN SECURITIES PVT LTD,150,447.0,67050.0,2025-07-29 11:43:01.917961
2025-07-29,128538,2025072904006853,NGPL,Naasa Securities Co. Ltd.,Sipla Securities Private Limited,3,439.0,1317.0,2025-07-29 11:43:10.206123
2025-07-29,128403,2025072904006883,NGPL,Nagarik Stock Dealer ,Imperial Securities Company Pvt. Ltd.,300,446.9,134070.0,2025-07-29 11:43:25.363372
2025-07-29,128341,2025072904006906,NGPL,Dipshikha Dhitopatra Karobar Co. Pvt Ltd.,SUN SECURITIES PVT LTD,100,447.0,44700.0,2025-07-29 11:43:29.433217
2025-07-29,128329,2025072904006907,NGPL,Arun Securities (PVT) Ltd.,SUN SECURITIES PVT LTD,100,447.0,44700.0,2025-07-29 11:43:30.211988
2025-07-29,128308,2025072904006913,NGPL,Nagarik Stock Dealer ,Kalika Securities Pvt. Ltd.,201,446.9,89826.9,2025-07-29 11:43:32.523348
2025-07-29,128285,2025072904006914,NGPL,Naasa Securities Co. Ltd.,Creative Securities Pvt Ltd,1,440.0,440.0,2025-07-29 11:43:34.627256
2025-07-29,128205,2025072904006925,NGPL,Nagarik Stock Dealer ,Dakshinkali Investment & Securities Pvt. Ltd.,875,446.9,391037.5,2025-07-29 11:43:42.306162
2025-07-29,128134,2025072904006941,NGPL,Vision Securities Pvt. Ltd,South Asian Bulls Pvt. Ltd.,3,449.0,1347.0,2025-07-29 11:43:48.656870
2025-07-29,127948,2025072904006983,NGPL,Opal Securities Investment (PVT) Ltd.,SUN SECURITIES PVT LTD,100,447.0,44700.0,2025-07-29 11:43:58.494420
2025-07-29,127852,2025072904007011,NGPL,Sewa Securities Pvt. Ltd.,SUN SECURITIES PVT LTD,50,447.0,22350.0,2025-07-29 11:44:09.760889
2025-07-29,127815,2025072904007013,NGPL,Kumari Securities Private Limited,SUN SECURITIES PVT LTD,100,447.0,44700.0,2025-07-29 11:44:10.850969
2025-07-29,127723,2025072904007038,NGPL,Aakashbhairab Securities Ltd.,SUN SECURITIES PVT LTD,302,447.0,134994.0,2025-07-29 11:44:19.915466
2025-07-29,127722,2025072904007039,NGPL,Aakashbhairab Securities Ltd.,Midas Stock Broking Company Private Limited,260,447.0,116220.0,2025-07-29 11:44:19.916412
2025-07-29,127425,2025072904007119,NGPL,KALASH STOCK MARKET PVT. LTD.,Vision Securities Pvt. Ltd,21,447.9,9405.9,2025-07-29 11:44:44.081939
2025-07-29,127424,2025072904007120,NGPL,KALASH STOCK MARKET PVT. LTD.,Online Securities Pvt. Ltd.,124,448.0,55552.0,2025-07-29 11:44:44.082449
2025-07-29,127423,2025072904007121,NGPL,KALASH STOCK MARKET PVT. LTD.,Dipshikha Dhitopatra Karobar Co. Pvt Ltd.,200,448.0,89600.0,2025-07-29 11:44:44.082797
2025-07-29,127422,2025072904007122,NGPL,KALASH STOCK MARKET PVT. LTD.,Kumari Securities Private Limited,300,448.0,134400.0,2025-07-29 11:44:44.083054
2025-07-29,127408,2025072904007126,NGPL,KALASH STOCK MARKET PVT. LTD.,Oxford Securities Pvt. Ltd.,355,448.0,159040.0,2025-07-29 11:44:45.671776
2025-07-29,127407,2025072904007127,NGPL,Naasa Securities Co. Ltd.,Oxford Securities Pvt. Ltd.,300,447.0,134100.0,2025-07-29 11:44:45.672776
2025-07-29,127406,2025072904007128,NGPL,Nagarik Stock Dealer ,Oxford Securities Pvt. Ltd.,524,446.9,234175.6,2025-07-29 11:44:45.673489
2025-07-29,127405,2025072904007129,NGPL,Naasa Securities Co. Ltd.,Oxford Securities Pvt. Ltd.,500,446.9,223450.0,2025-07-29 11:44:45.674455
2025-07-29,127404,2025072904007130,NGPL,Naasa Securities Co. Ltd.,Oxford Securities Pvt. Ltd.,250,446.6,111650.0,2025-07-29 11:44:45.675414
2025-07-29,127363,2025072904007140,NGPL,Trademow Securities Private Limited,Oxford Securities Pvt. Ltd.,1000,446.6,446600.0,2025-07-29 11:44:51.607493
2025-07-29,127326,2025072904007147,NGPL,Infinity Securities Limited,Oxford Securities Pvt. Ltd.,71,446.6,31708.6,2025-07-29 11:44:53.308017
2025-07-29,127311,2025072904007149,NGPL,Sumeru Securities Pvt. Ltd.,Sweta Securities Private Limited,500,448.8,224400.0,2025-07-29 11:44:54.640231
2025-07-29,126645,2025072904007294,NGPL,Vision Securities Pvt. Ltd,J.F. Securites (PVT) Ltd.,756,446.7,337705.2,2025-07-29 11:45:52.439950
2025-07-29,126543,2025072904007335,NGPL,Sumeru Securities Pvt. Ltd.,Kohinoor Investment & Securities Pvt. Ltd.,982,448.8,440721.6,2025-07-29 11:46:00.086638
2025-07-29,126542,2025072904007336,NGPL,Sumeru Securities Pvt. Ltd.,Dynamic Money Managers Securities Pvt. Ltd.,18,448.9,8080.2,2025-07-29 11:46:00.086692
2025-07-29,126371,2025072904007373,NGPL,Kohinoor Investment & Securities Pvt. Ltd.,Pragyan Securities (PVT) Ltd.,1,444.0,444.0,2025-07-29 11:46:11.774777
2025-07-29,126358,2025072904007380,NGPL,Linch Stock Market Ltd.,Naasa Securities Co. Ltd.,10,448.0,4480.0,2025-07-29 11:46:12.651948
2025-07-29,126237,2025072904007402,NGPL,Sumeru Securities Pvt. Ltd.,Nepal Stock House (PVT) Ltd.,400,448.8,179520.0,2025-07-29 11:46:20.261680
2025-07-29,126236,2025072904007403,NGPL,Sumeru Securities Pvt. Ltd.,Trishakti Securities Public Limited,100,448.8,44880.0,2025-07-29 11:46:20.261741
2025-07-29,126112,2025072904007440,NGPL,Sumeru Securities Pvt. Ltd.,Trishakti Securities Public Limited,500,448.8,224400.0,2025-07-29 11:46:33.372605
2025-07-29,126001,2025072904007469,NGPL,Asian Securities Private Ltd.,Trishakti Securities Public Limited,1000,448.8,448800.0,2025-07-29 11:46:39.931804
2025-07-29,125979,2025072904007472,NGPL,Aakashbhairab Securities Ltd.,Kohinoor Investment & Securities Pvt. Ltd.,10,448.7,4487.0,2025-07-29 11:46:42.388405
2025-07-29,125978,2025072904007473,NGPL,Aakashbhairab Securities Ltd.,Trishakti Securities Public Limited,400,448.8,179520.0,2025-07-29 11:46:42.389429
2025-07-29,125924,2025072904007475,NGPL,Aakashbhairab Securities Ltd.,Sajilo Broker Limited,90,448.8,40392.0,2025-07-29 11:46:47.959748
2025-07-29,125788,2025072904007503,NGPL,Imperial Securities Company Pvt. Ltd.,Sajilo Broker Limited,10,448.8,4488.0,2025-07-29 11:46:57.885626
2025-07-29,125419,2025072904007589,NGPL,Imperial Securities Company Pvt. Ltd.,Imperial Securities Company Pvt. Ltd.,990,448.8,444312.0,2025-07-29 11:47:29.345604
2025-07-29,125366,2025072904007603,NGPL,Sani Securities Company Ltd.,Imperial Securities Company Pvt. Ltd.,10,448.8,4488.0,2025-07-29 11:47:36.145909
2025-07-29,125165,2025072904007656,NGPL,Siprabi Securities Pvt. Ltd.,Dynamic Money Managers Securities Pvt. Ltd.,100,448.9,44890.0,2025-07-29 11:47:55.872241
2025-07-29,125135,2025072904007660,NGPL,Sumeru Securities Pvt. Ltd.,Dynamic Money Managers Securities Pvt. Ltd.,500,448.9,224450.0,2025-07-29 11:47:58.996013
2025-07-29,124999,2025072904007680,NGPL,Shree Krishna Securities Ltd.,Dynamic Money Managers Securities Pvt. Ltd.,200,448.9,89780.0,2025-07-29 11:48:06.733546
2025-07-29,123767,2025072904007854,NGPL,Oxford Securities Pvt. Ltd.,Dynamic Money Managers Securities Pvt. Ltd.,182,448.9,81699.8,2025-07-29 11:49:52.276627
2025-07-29,123400,2025072904007912,NGPL,Sani Securities Company Ltd.,Dipshikha Dhitopatra Karobar Co. Pvt Ltd.,190,448.8,85272.0,2025-07-29 11:50:26.735346
2025-07-29,123399,2025072904007913,NGPL,Sundhara Securities Limited,Dipshikha Dhitopatra Karobar Co. Pvt Ltd.,10,448.8,4488.0,2025-07-29 11:50:26.735897
2025-07-29,123398,2025072904007914,NGPL,Linch Stock Market Ltd.,Online Securities Pvt. Ltd.,490,448.0,219520.0,2025-07-29 11:50:27.570301
2025-07-29,123397,2025072904007915,NGPL,Agrawal Securities (PVT) Ltd.,Online Securities Pvt. Ltd.,1000,448.0,448000.0,2025-07-29 11:50:27.570818
2025-07-29,123396,2025072904007916,NGPL,Ashutosh Brokerage & Securities (PVT) Ltd.,Online Securities Pvt. Ltd.,250,448.0,112000.0,2025-07-29 11:50:27.571080
2025-07-29,123386,2025072904007918,NGPL,Asian Securities Private Ltd.,Online Securities Pvt. Ltd.,100,448.0,44800.0,2025-07-29 11:50:28.358362
2025-07-29,123109,2025072904007963,NGPL,Sewa Securities Pvt. Ltd.,Kalika Securities Pvt. Ltd.,65,447.0,29055.0,2025-07-29 11:50:55.666400
2025-07-29,123071,2025072904007973,NGPL,Swarna Laxmi Securities Pvt. Ltd.,Kalika Securities Pvt. Ltd.,35,447.0,15645.0,2025-07-29 11:50:58.353335
2025-07-29,122967,2025072904007997,NGPL,Swarna Laxmi Securities Pvt. Ltd.,Thrive Brokerage House Pvt. Ltd,65,447.2,29068.0,2025-07-29 11:51:07.712895
2025-07-29,122964,2025072904007998,NGPL,Naasa Securities Co. Ltd.,Thrive Brokerage House Pvt. Ltd,36,447.0,16092.0,2025-07-29 11:51:08.137107
2025-07-29,122822,2025072904008027,NGPL,Opal Securities Investment (PVT) Ltd.,Thrive Brokerage House Pvt. Ltd,50,447.0,22350.0,2025-07-29 11:51:18.615738
2025-07-29,122801,2025072904008031,NGPL,Naasa Securities Co. Ltd.,Thrive Brokerage House Pvt. Ltd,66,447.0,29502.0,2025-07-29 11:51:19.726695
2025-07-29,122587,2025072904008083,NGPL,Aakashbhairab Securities Ltd.,Sani Securities Company Ltd.,87,446.9,38880.3,2025-07-29 11:51:41.594507
2025-07-29,122362,2025072904008178,NGPL,Cristal Kanchanjanga Securites Pvt. Ltd.,Sani Securities Company Ltd.,250,446.8,111700.0,2025-07-29 11:52:04.410784
2025-07-29,122193,2025072904008206,NGPL,Siprabi Securities Pvt. Ltd.,Premier Securities Company Ltd.,100,446.9,44690.0,2025-07-29 11:52:21.209470
2025-07-29,122192,2025072904008207,NGPL,Cristal Kanchanjanga Securites Pvt. Ltd.,Premier Securities Company Ltd.,400,446.8,178720.0,2025-07-29 11:52:21.209541
2025-07-29,121821,2025072904008277,NGPL,Cristal Kanchanjanga Securites Pvt. Ltd.,Vision Securities Pvt. Ltd,240,446.8,107232.0,2025-07-29 11:52:50.512139
2025-07-29,121772,2025072904008285,NGPL,ABC Securities Private Limited,Thrive Brokerage House Pvt. Ltd,200,447.0,89400.0,2025-07-29 11:52:55.444593
2025-07-29,121710,2025072904008304,NGPL,Bhrikuti Stock Broking Co. Pvt. Ltd.,Thrive Brokerage House Pvt. Ltd,83,447.0,37101.0,2025-07-29 11:53:01.447483
2025-07-29,121709,2025072904008305,NGPL,Bhrikuti Stock Broking Co. Pvt. Ltd.,Dipshikha Dhitopatra Karobar Co. Pvt Ltd.,15,447.0,6705.0,2025-07-29 11:53:01.448164
2025-07-29,121647,2025072904008311,NGPL,Bhrikuti Stock Broking Co. Pvt. Ltd.,Ashutosh Brokerage & Securities (PVT) Ltd.,31,447.0,13857.0,2025-07-29 11:53:05.250997
2025-07-29,121295,2025072904008377,NGPL,Bhrikuti Stock Broking Co. Pvt. Ltd.,Indira securities pvt. ltd,71,447.0,31737.0,2025-07-29 11:53:39.367554
2025-07-29,120366,2025072904008526,NGPL,Sani Securities Company Ltd.,Naasa Securities Co. Ltd.,200,447.0,89400.0,2025-07-29 11:55:07.733231
2025-07-29,120332,2025072904008538,NGPL,Sani Securities Company Ltd.,Naasa Securities Co. Ltd.,100,447.0,44700.0,2025-07-29 11:55:09.777933
2025-07-29,120329,2025072904008540,NGPL,Sani Securities Company Ltd.,Vision Securities Pvt. Ltd,200,447.0,89400.0,2025-07-29 11:55:10.064795
2025-07-29,120328,2025072904008541,NGPL,Trishakti Securities Public Limited,Vision Securities Pvt. Ltd,300,447.0,134100.0,2025-07-29 11:55:10.065377
2025-07-29,120264,2025072904008547,NGPL,Bhrikuti Stock Broking Co. Pvt. Ltd.,Arun Securities (PVT) Ltd.,1,440.0,440.0,2025-07-29 11:55:15.049399
2025-07-29,120090,2025072904008574,NGPL,Trishakti Securities Public Limited,Aryatara Investment & Securities,111,447.0,49617.0,2025-07-29 11:55:26.533305
2025-07-29,120085,2025072904008575,NGPL,Trishakti Securities Public Limited,Miyo Securities Pvt Ltd,40,447.0,17880.0,2025-07-29 11:55:27.045545
2025-07-29,120065,2025072904008580,NGPL,Trishakti Securities Public Limited,Naasa Securities Co. Ltd.,12,447.0,5364.0,2025-07-29 11:55:29.660247
2025-07-29,119988,2025072904008584,NGPL,Dynamic Money Managers Securities Pvt. Ltd.,Vision Securities Pvt. Ltd,30,447.2,13416.0,2025-07-29 11:55:32.361690
2025-07-29,119662,2025072904008621,NGPL,Trishakti Securities Public Limited,Indira securities pvt. ltd,129,447.0,57663.0,2025-07-29 11:55:54.794822
2025-07-29,118866,2025072904008765,NGPL,Dipshikha Dhitopatra Karobar Co. Pvt Ltd.,Kohinoor Investment & Securities Pvt. Ltd.,100,447.1,44710.0,2025-07-29 11:57:00.996538
2025-07-29,118864,2025072904008766,NGPL,Imperial Securities Company Pvt. Ltd.,Vision Securities Pvt. Ltd,100,447.2,44720.0,2025-07-29 11:57:01.312745
2025-07-29,118611,2025072904008819,NGPL,Nepal Investment And Securities Trading Private Limited,Vision Securities Pvt. Ltd,20,447.2,8944.0,2025-07-29 11:57:16.742684
2025-07-29,118610,2025072904008820,NGPL,Nepal Investment And Securities Trading Private Limited,Online Securities Pvt. Ltd.,160,448.0,71680.0,2025-07-29 11:57:16.743263
2025-07-29,118609,2025072904008821,NGPL,Nepal Investment And Securities Trading Private Limited,Kohinoor Investment & Securities Pvt. Ltd.,181,448.0,81088.0,2025-07-29 11:57:16.743560
2025-07-29,118608,2025072904008822,NGPL,Nepal Investment And Securities Trading Private Limited,Aryatara Investment & Securities,100,448.0,44800.0,2025-07-29 11:57:16.743898
2025-07-29,118607,2025072904008823,NGPL,Nepal Investment And Securities Trading Private Limited,Malla & Malla Stock Broking Company Pvt. Limited,539,448.0,241472.0,2025-07-29 11:57:16.744186
2025-07-29,118500,2025072904008838,NGPL,Dipshikha Dhitopatra Karobar Co. Pvt Ltd.,Online Securities Pvt. Ltd.,100,447.1,44710.0,2025-07-29 11:57:27.951708
2025-07-29,118322,2025072904008875,NGPL,Online Securities Pvt. Ltd.,Sumeru Securities Pvt. Ltd.,200,447.9,89580.0,2025-07-29 11:57:44.146584
2025-07-29,118312,2025072904008876,NGPL,Dakshinkali Investment & Securities Pvt. Ltd.,Sumeru Securities Pvt. Ltd.,80,447.9,35832.0,2025-07-29 11:57:44.436804
2025-07-29,118252,2025072904008897,NGPL,Trisul Securities & Invt. Ltd.,Sumeru Securities Pvt. Ltd.,220,447.9,98538.0,2025-07-29 11:57:50.735925
2025-07-29,118251,2025072904008898,NGPL,Trisul Securities & Invt. Ltd.,Malla & Malla Stock Broking Company Pvt. Limited,491,448.0,219968.0,2025-07-29 11:57:50.737390
2025-07-29,118250,2025072904008899,NGPL,Trisul Securities & Invt. Ltd.,Primo Securities (PVT) Ltd.,100,448.0,44800.0,2025-07-29 11:57:50.738792
2025-07-29,118249,2025072904008900,NGPL,Trisul Securities & Invt. Ltd.,Neev Securities Pvt. Ltd.,101,448.0,45248.0,2025-07-29 11:57:50.740173
2025-07-29,118084,2025072904008928,NGPL,Dakshinkali Investment & Securities Pvt. Ltd.,Opal Securities Investment (PVT) Ltd.,200,448.5,89700.0,2025-07-29 11:58:01.667777
2025-07-29,117859,2025072904008956,NGPL,Vision Securities Pvt. Ltd,Opal Securities Investment (PVT) Ltd.,500,448.5,224250.0,2025-07-29 11:58:14.864916
2025-07-29,117473,2025072904009065,NGPL,Trisul Securities & Invt. Ltd.,Naasa Securities Co. Ltd.,338,448.0,151424.0,2025-07-29 11:58:48.156190
2025-07-29,117472,2025072904009066,NGPL,Vision Securities Pvt. Ltd,Naasa Securities Co. Ltd.,100,448.0,44800.0,2025-07-29 11:58:48.157403
2025-07-29,117446,2025072904009067,NGPL,Bhrikuti Stock Broking Co. Pvt. Ltd.,Naasa Securities Co. Ltd.,105,448.0,47040.0,2025-07-29 11:58:48.660796
2025-07-29,116930,2025072904009146,NGPL,Sani Securities Company Ltd.,Naasa Securities Co. Ltd.,500,448.0,224000.0,2025-07-29 11:59:22.331302
2025-07-29,116847,2025072904009172,NGPL,Sharepro Securities Private Limited,Naasa Securities Co. Ltd.,3957,448.0,1772736.0,2025-07-29 11:59:28.438672
2025-07-29,116846,2025072904009173,NGPL,Sharepro Securities Private Limited,Opal Securities Investment (PVT) Ltd.,300,448.5,134550.0,2025-07-29 11:59:28.438767
2025-07-29,116845,2025072904009174,NGPL,Sharepro Securities Private Limited,Dipshikha Dhitopatra Karobar Co. Pvt Ltd.,200,448.8,89760.0,2025-07-29 11:59:28.438844
2025-07-29,116806,2025072904009201,NGPL,Premier Securities Company Ltd.,Arun Securities (PVT) Ltd.,200,447.5,89500.0,2025-07-29 11:59:31.042802
2025-07-29,116075,2025072904009315,NGPL,Vision Securities Pvt. Ltd,South Asian Bulls Pvt. Ltd.,320,448.0,143360.0,2025-07-29 12:00:18.147806
2025-07-29,116000,2025072904009325,NGPL,Trishakti Securities Public Limited,Dipshikha Dhitopatra Karobar Co. Pvt Ltd.,3,443.0,1329.0,2025-07-29 12:00:21.640779
2025-07-29,115917,2025072904009331,NGPL,Vision Securities Pvt. Ltd,K.B.L. Securities Limited ,680,448.0,304640.0,2025-07-29 12:00:25.887319
2025-07-29,115916,2025072904009332,NGPL,Market Securities & Exchange (PVT) Ltd.,K.B.L. Securities Limited ,20,448.0,8960.0,2025-07-29 12:00:25.887894
2025-07-29,115915,2025072904009333,NGPL,Vision Securities Pvt. Ltd,K.B.L. Securities Limited ,300,448.0,134400.0,2025-07-29 12:00:25.888213
2025-07-29,115882,2025072904009335,NGPL,Vision Securities Pvt. Ltd,Premier Securities Company Ltd.,100,448.0,44800.0,2025-07-29 12:00:28.591356
2025-07-29,115761,2025072904009344,NGPL,Vision Securities Pvt. Ltd,Cristal Kanchanjanga Securites Pvt. Ltd.,100,448.0,44800.0,2025-07-29 12:00:35.007018
2025-07-29,115760,2025072904009345,NGPL,Sewa Securities Pvt. Ltd.,Cristal Kanchanjanga Securites Pvt. Ltd.,200,448.0,89600.0,2025-07-29 12:00:35.007691
2025-07-29,115759,2025072904009346,NGPL,Premier Securities Company Ltd.,Cristal Kanchanjanga Securites Pvt. Ltd.,100,447.5,44750.0,2025-07-29 12:00:35.008060
2025-07-29,115758,2025072904009347,NGPL,Vision Securities Pvt. Ltd,Cristal Kanchanjanga Securites Pvt. Ltd.,50,447.5,22375.0,2025-07-29 12:00:35.008377
2025-07-29,115757,2025072904009348,NGPL,Linch Stock Market Ltd.,Cristal Kanchanjanga Securites Pvt. Ltd.,500,447.3,223650.0,2025-07-29 12:00:35.008698
2025-07-29,115756,2025072904009349,NGPL,Kohinoor Investment & Securities Pvt. Ltd.,Cristal Kanchanjanga Securites Pvt. Ltd.,500,447.2,223600.0,2025-07-29 12:00:35.009021
2025-07-29,115755,2025072904009350,NGPL,Dipshikha Dhitopatra Karobar Co. Pvt Ltd.,Cristal Kanchanjanga Securites Pvt. Ltd.,300,447.1,134130.0,2025-07-29 12:00:35.009326
2025-07-29,115754,2025072904009351,NGPL,Asian Securities Private Ltd.,Cristal Kanchanjanga Securites Pvt. Ltd.,1000,447.1,447100.0,2025-07-29 12:00:35.009629
2025-07-29,115753,2025072904009352,NGPL,Deevyaa Securities & Stock House Pvt. Ltd,Cristal Kanchanjanga Securites Pvt. Ltd.,540,447.1,241434.0,2025-07-29 12:00:35.009969
2025-07-29,114704,2025072904009520,NGPL,Deevyaa Securities & Stock House Pvt. Ltd,Naasa Securities Co. Ltd.,460,447.1,205666.0,2025-07-29 12:01:39.545586
2025-07-29,114703,2025072904009521,NGPL,Trishakti Securities Public Limited,Naasa Securities Co. Ltd.,540,447.0,241380.0,2025-07-29 12:01:39.546254
2025-07-29,114423,2025072904009560,NGPL,Naasa Securities Co. Ltd.,Naasa Securities Co. Ltd.,10,447.1,4471.0,2025-07-29 12:01:59.440346
2025-07-29,114422,2025072904009561,NGPL,Trishakti Securities Public Limited,Naasa Securities Co. Ltd.,305,447.0,136335.0,2025-07-29 12:01:59.441611
2025-07-29,114361,2025072904009566,NGPL,Vision Securities Pvt. Ltd,Naasa Securities Co. Ltd.,30,448.0,13440.0,2025-07-29 12:02:02.826103
2025-07-29,114185,2025072904009648,NGPL,Trishakti Securities Public Limited,Naasa Securities Co. Ltd.,913,447.0,408111.0,2025-07-29 12:02:15.216200
2025-07-29,114184,2025072904009649,NGPL,Malla & Malla Stock Broking Company Pvt. Limited,Naasa Securities Co. Ltd.,87,447.0,38889.0,2025-07-29 12:02:15.216272
2025-07-29,114078,2025072904009670,NGPL,Siprabi Securities Pvt. Ltd.,Naasa Securities Co. Ltd.,200,447.1,89420.0,2025-07-29 12:02:23.705092
2025-07-29,114077,2025072904009671,NGPL,Malla & Malla Stock Broking Company Pvt. Limited,Naasa Securities Co. Ltd.,113,447.0,50511.0,2025-07-29 12:02:23.705169
2025-07-29,114076,2025072904009672,NGPL,Sipla Securities Private Limited,Naasa Securities Co. Ltd.,687,447.0,307089.0,2025-07-29 12:02:23.705198
2025-07-29,113954,2025072904009678,NGPL,Sipla Securities Private Limited,Naasa Securities Co. Ltd.,313,447.0,139911.0,2025-07-29 12:02:28.093138
2025-07-29,113953,2025072904009679,NGPL,Imperial Securities Company Pvt. Ltd.,Naasa Securities Co. Ltd.,100,447.0,44700.0,2025-07-29 12:02:28.093766
2025-07-29,113952,2025072904009680,NGPL,Kohinoor Investment & Securities Pvt. Ltd.,Naasa Securities Co. Ltd.,200,447.0,89400.0,2025-07-29 12:02:28.094097
2025-07-29,113951,2025072904009681,NGPL,Shree Krishna Securities Ltd.,Naasa Securities Co. Ltd.,50,447.0,22350.0,2025-07-29 12:02:28.094410
2025-07-29,113950,2025072904009682,NGPL,Dynamic Money Managers Securities Pvt. Ltd.,Naasa Securities Co. Ltd.,70,447.0,31290.0,2025-07-29 12:02:28.094716
2025-07-29,113949,2025072904009683,NGPL,Midas Stock Broking Company Private Limited,Naasa Securities Co. Ltd.,500,447.0,223500.0,2025-07-29 12:02:28.095020
2025-07-29,113948,2025072904009684,NGPL,Ashutosh Brokerage & Securities (PVT) Ltd.,Naasa Securities Co. Ltd.,100,447.0,44700.0,2025-07-29 12:02:28.095329
2025-07-29,113947,2025072904009685,NGPL,Vision Securities Pvt. Ltd,Naasa Securities Co. Ltd.,100,447.0,44700.0,2025-07-29 12:02:28.095628
2025-07-29,113946,2025072904009686,NGPL,Imperial Securities Company Pvt. Ltd.,Naasa Securities Co. Ltd.,100,447.0,44700.0,2025-07-29 12:02:28.095931
2025-07-29,113943,2025072904009687,NGPL,Primo Securities (PVT) Ltd.,Naasa Securities Co. Ltd.,120,447.0,53640.0,2025-07-29 12:02:28.292377
2025-07-29,113389,2025072904009770,NGPL,Sani Securities Company Ltd.,Naasa Securities Co. Ltd.,90,447.0,40230.0,2025-07-29 12:03:04.376586
2025-07-29,113325,2025072904009797,NGPL,Imperial Securities Company Pvt. Ltd.,Naasa Securities Co. Ltd.,1200,447.0,536400.0,2025-07-29 12:03:08.924285
2025-07-29,113235,2025072904009809,NGPL,Siprabi Securities Pvt. Ltd.,Naasa Securities Co. Ltd.,100,447.0,44700.0,2025-07-29 12:03:14.508171
2025-07-29,112992,2025072904009839,NGPL,Cristal Kanchanjanga Securites Pvt. Ltd.,Naasa Securities Co. Ltd.,88,446.8,39318.4,2025-07-29 12:03:28.440064
2025-07-29,112787,2025072904009869,NGPL,Nagarik Stock Dealer ,Dynamic Money Managers Securities Pvt. Ltd.,1000,446.9,446900.0,2025-07-29 12:03:39.554844
2025-07-29,112541,2025072904009917,NGPL,Trishakti Securities Public Limited,Trishakti Securities Public Limited,3,438.3,1314.9,2025-07-29 12:03:53.748422
2025-07-29,112251,2025072904009974,NGPL,Cristal Kanchanjanga Securites Pvt. Ltd.,Opal Securities Investment (PVT) Ltd.,22,446.8,9829.6,2025-07-29 12:04:12.570811
2025-07-29,112250,2025072904009975,NGPL,Siprabi Securities Pvt. Ltd.,Opal Securities Investment (PVT) Ltd.,100,446.8,44680.0,2025-07-29 12:04:12.571470
2025-07-29,112249,2025072904009976,NGPL,Investment Management Nepal Pvt. Ltd.,Opal Securities Investment (PVT) Ltd.,228,446.8,101870.4,2025-07-29 12:04:12.571804
2025-07-29,111953,2025072904010008,NGPL,Nepal Investment And Securities Trading Private Limited,Dynamic Money Managers Securities Pvt. Ltd.,100,446.9,44690.0,2025-07-29 12:04:31.700364
2025-07-29,111288,2025072904010165,NGPL,Nepal Stock House (PVT) Ltd.,Dynamic Money Managers Securities Pvt. Ltd.,100,446.9,44690.0,2025-07-29 12:05:09.234528
2025-07-29,111185,2025072904010182,NGPL,Investment Management Nepal Pvt. Ltd.,Agrawal Securities (PVT) Ltd.,272,446.8,121529.6,2025-07-29 12:05:16.837963
2025-07-29,111184,2025072904010183,NGPL,Vision Securities Pvt. Ltd,Agrawal Securities (PVT) Ltd.,50,446.8,22340.0,2025-07-29 12:05:16.838613
2025-07-29,111162,2025072904010186,NGPL,Shree Krishna Securities Ltd.,Agrawal Securities (PVT) Ltd.,100,446.8,44680.0,2025-07-29 12:05:17.828696
2025-07-29,111077,2025072904010204,NGPL,Kumari Securities Private Limited,Agrawal Securities (PVT) Ltd.,200,446.8,89360.0,2025-07-29 12:05:24.258943
2025-07-29,110991,2025072904010212,NGPL,Opal Securities Investment (PVT) Ltd.,Agrawal Securities (PVT) Ltd.,50,446.8,22340.0,2025-07-29 12:05:29.212910
2025-07-29,110967,2025072904010218,NGPL,Dakshinkali Investment & Securities Pvt. Ltd.,Agrawal Securities (PVT) Ltd.,10,446.8,4468.0,2025-07-29 12:05:31.389817
2025-07-29,110909,2025072904010236,NGPL,Vision Securities Pvt. Ltd,SUN SECURITIES PVT LTD,500,446.7,223350.0,2025-07-29 12:05:36.188081
2025-07-29,110781,2025072904010266,NGPL,Vision Securities Pvt. Ltd,Magnet Securities and Investment Company Private Limited,119,446.7,53157.3,2025-07-29 12:05:45.729122
2025-07-29,110780,2025072904010267,NGPL,Property Wiard Limited,Magnet Securities and Investment Company Private Limited,181,446.7,80852.7,2025-07-29 12:05:45.729758
2025-07-29,110521,2025072904010303,NGPL,Citizens Share Broker Limited,Agrawal Securities (PVT) Ltd.,318,446.8,142082.4,2025-07-29 12:06:03.897395
2025-07-29,110518,2025072904010304,NGPL,Citizens Share Broker Limited,Opal Securities Investment (PVT) Ltd.,500,446.8,223400.0,2025-07-29 12:06:03.898690
2025-07-29,110517,2025072904010305,NGPL,Citizens Share Broker Limited,Dynamic Money Managers Securities Pvt. Ltd.,182,446.9,81335.8,2025-07-29 12:06:03.899660
2025-07-29,110466,2025072904010313,NGPL,Property Wiard Limited,INDEX SECURITIES LIMITED,119,446.7,53157.3,2025-07-29 12:06:06.481527
2025-07-29,110465,2025072904010314,NGPL,Prabhu Stock Market Limited,INDEX SECURITIES LIMITED,70,446.7,31269.0,2025-07-29 12:06:06.482194
2025-07-29,110464,2025072904010315,NGPL,Infinity Securities Limited,INDEX SECURITIES LIMITED,29,446.6,12951.4,2025-07-29 12:06:06.482683
2025-07-29,110463,2025072904010316,NGPL,Shree Krishna Securities Ltd.,INDEX SECURITIES LIMITED,100,446.5,44650.0,2025-07-29 12:06:06.483069
2025-07-29,110462,2025072904010317,NGPL,Elite Stock House Limited,INDEX SECURITIES LIMITED,200,446.3,89260.0,2025-07-29 12:06:06.483461
2025-07-29,110461,2025072904010318,NGPL,Nepal Investment And Securities Trading Private Limited,INDEX SECURITIES LIMITED,500,446.2,223100.0,2025-07-29 12:06:06.483865
2025-07-29,110460,2025072904010319,NGPL,Naasa Securities Co. Ltd.,INDEX SECURITIES LIMITED,18,446.1,8029.8,2025-07-29 12:06:06.484228
2025-07-29,110459,2025072904010320,NGPL,Nepal Stock House (PVT) Ltd.,INDEX SECURITIES LIMITED,100,446.1,44610.0,2025-07-29 12:06:06.484596
2025-07-29,110458,2025072904010321,NGPL,Opal Securities Investment (PVT) Ltd.,INDEX SECURITIES LIMITED,100,446.1,44610.0,2025-07-29 12:06:06.484962
2025-07-29,110457,2025072904010322,NGPL,Investment Management Nepal Pvt. Ltd.,INDEX SECURITIES LIMITED,260,446.1,115986.0,2025-07-29 12:06:06.485298
2025-07-29,110456,2025072904010323,NGPL,Aryatara Investment & Securities,INDEX SECURITIES LIMITED,1000,446.0,446000.0,2025-07-29 12:06:06.485631
2025-07-29,110455,2025072904010324,NGPL,Online Securities Pvt. Ltd.,INDEX SECURITIES LIMITED,200,446.0,89200.0,2025-07-29 12:06:06.485953
2025-07-29,110454,2025072904010325,NGPL,K.B.L. Securities Limited ,INDEX SECURITIES LIMITED,100,446.0,44600.0,2025-07-29 12:06:06.486289
2025-07-29,110453,2025072904010326,NGPL,Infinity Securities Limited,INDEX SECURITIES LIMITED,100,446.0,44600.0,2025-07-29 12:06:06.486656
2025-07-29,110452,2025072904010327,NGPL,Malla & Malla Stock Broking Company Pvt. Limited,INDEX SECURITIES LIMITED,50,446.0,22300.0,2025-07-29 12:06:06.486994
2025-07-29,110451,2025072904010328,NGPL,Nagarik Stock Dealer ,INDEX SECURITIES LIMITED,211,446.0,94106.0,2025-07-29 12:06:06.487328
2025-07-29,110450,2025072904010329,NGPL,Naasa Securities Co. Ltd.,INDEX SECURITIES LIMITED,50,446.0,22300.0,2025-07-29 12:06:06.487652
2025-07-29,110449,2025072904010330,NGPL,Imperial Securities Company Pvt. Ltd.,INDEX SECURITIES LIMITED,50,446.0,22300.0,2025-07-29 12:06:06.487974
2025-07-29,110448,2025072904010331,NGPL,Naasa Securities Co. Ltd.,INDEX SECURITIES LIMITED,300,446.0,133800.0,2025-07-29 12:06:06.488297
2025-07-29,110447,2025072904010332,NGPL,Bhrikuti Stock Broking Co. Pvt. Ltd.,INDEX SECURITIES LIMITED,100,446.0,44600.0,2025-07-29 12:06:06.488647
2025-07-29,110446,2025072904010333,NGPL,Premier Securities Company Ltd.,INDEX SECURITIES LIMITED,100,446.0,44600.0,2025-07-29 12:06:06.488964
2025-07-29,110445,2025072904010334,NGPL,Vision Securities Pvt. Ltd,INDEX SECURITIES LIMITED,500,446.0,223000.0,2025-07-29 12:06:06.489278
2025-07-29,110444,2025072904010335,NGPL,Arun Securities (PVT) Ltd.,INDEX SECURITIES LIMITED,300,446.0,133800.0,2025-07-29 12:06:06.489596
2025-07-29,110443,2025072904010336,NGPL,Market Securities & Exchange (PVT) Ltd.,INDEX SECURITIES LIMITED,10,446.0,4460.0,2025-07-29 12:06:06.489906
2025-07-29,110442,2025072904010337,NGPL,Shree Krishna Securities Ltd.,INDEX SECURITIES LIMITED,100,446.0,44600.0,2025-07-29 12:06:06.490218
2025-07-29,110441,2025072904010338,NGPL,Nagarik Stock Dealer ,INDEX SECURITIES LIMITED,333,446.0,148518.0,2025-07-29 12:06:06.490542
2025-07-29,110398,2025072904010347,NGPL,Sharepro Securities Private Limited,Dynamic Money Managers Securities Pvt. Ltd.,618,446.9,276184.2,2025-07-29 12:06:08.755052
2025-07-29,110397,2025072904010348,NGPL,Sharepro Securities Private Limited,Agrawal Securities (PVT) Ltd.,500,446.9,223450.0,2025-07-29 12:06:08.755145
2025-07-29,110396,2025072904010349,NGPL,Sharepro Securities Private Limited,Agrawal Securities (PVT) Ltd.,500,446.9,223450.0,2025-07-29 12:06:08.755232
2025-07-29,110395,2025072904010350,NGPL,Sharepro Securities Private Limited,Naasa Securities Co. Ltd.,1382,447.0,617754.0,2025-07-29 12:06:08.755345
2025-07-29,110365,2025072904010355,NGPL,Nepal Stock House (PVT) Ltd.,Naasa Securities Co. Ltd.,200,447.0,89400.0,2025-07-29 12:06:11.874508
2025-07-29,109943,2025072904010412,NGPL,Nagarik Stock Dealer ,Magnet Securities and Investment Company Private Limited,1667,446.0,743482.0,2025-07-29 12:06:37.869650
2025-07-29,109942,2025072904010413,NGPL,MILKY WAY SHARE BROKER COMPANY LTD ,Magnet Securities and Investment Company Private Limited,50,446.0,22300.0,2025-07-29 12:06:37.870266
2025-07-29,109941,2025072904010414,NGPL,Kohinoor Investment & Securities Pvt. Ltd.,Magnet Securities and Investment Company Private Limited,200,446.0,89200.0,2025-07-29 12:06:37.870669
2025-07-29,109940,2025072904010415,NGPL,Vision Securities Pvt. Ltd,Magnet Securities and Investment Company Private Limited,500,446.0,223000.0,2025-07-29 12:06:37.870993
2025-07-29,109939,2025072904010416,NGPL,Asian Securities Private Ltd.,Magnet Securities and Investment Company Private Limited,1000,446.0,446000.0,2025-07-29 12:06:37.871406
2025-07-29,109937,2025072904010417,NGPL,Citizens Share Broker Limited,Magnet Securities and Investment Company Private Limited,133,446.0,59318.0,2025-07-29 12:06:38.026252
2025-07-29,109936,2025072904010418,NGPL,Citizens Share Broker Limited,Naasa Securities Co. Ltd.,375,447.0,167625.0,2025-07-29 12:06:38.026837
2025-07-29,109935,2025072904010419,NGPL,Citizens Share Broker Limited,Oxford Securities Pvt. Ltd.,300,447.0,134100.0,2025-07-29 12:06:38.027148
2025-07-29,109934,2025072904010420,NGPL,Citizens Share Broker Limited,Oxford Securities Pvt. Ltd.,192,447.0,85824.0,2025-07-29 12:06:38.027463
2025-07-29,109489,2025072904010501,NGPL,ABC Securities Private Limited,Oxford Securities Pvt. Ltd.,1808,447.0,808176.0,2025-07-29 12:07:05.311691
2025-07-29,109488,2025072904010502,NGPL,ABC Securities Private Limited,Bhrikuti Stock Broking Co. Pvt. Ltd.,120,447.0,53640.0,2025-07-29 12:07:05.312942
2025-07-29,109487,2025072904010503,NGPL,ABC Securities Private Limited,Kumari Securities Private Limited,72,448.0,32256.0,2025-07-29 12:07:05.313898
2025-07-29,108856,2025072904010602,NGPL,Online Securities Pvt. Ltd.,Linch Stock Market Ltd.,300,447.1,134130.0,2025-07-29 12:07:40.014158
2025-07-29,108855,2025072904010603,NGPL,Neev Securities Pvt. Ltd.,Linch Stock Market Ltd.,200,447.0,89400.0,2025-07-29 12:07:40.014797
2025-07-29,108854,2025072904010604,NGPL,Dipshikha Dhitopatra Karobar Co. Pvt Ltd.,Linch Stock Market Ltd.,60,447.0,26820.0,2025-07-29 12:07:40.015109
2025-07-29,108834,2025072904010606,NGPL,Dipshikha Dhitopatra Karobar Co. Pvt Ltd.,Vision Securities Pvt. Ltd,40,447.0,17880.0,2025-07-29 12:07:41.973022
2025-07-29,107531,2025072904010844,NGPL,Sumeru Securities Pvt. Ltd.,Sundhara Securities Limited,42,446.3,18744.6,2025-07-29 12:08:59.483219
2025-07-29,107455,2025072904010856,NGPL,Dynamic Money Managers Securities Pvt. Ltd.,Vision Securities Pvt. Ltd,100,447.0,44700.0,2025-07-29 12:09:03.673432
2025-07-29,107364,2025072904010869,NGPL,Secured Securities Ltd.,Online Securities Pvt. Ltd.,500,446.4,223200.0,2025-07-29 12:09:08.244972
2025-07-29,107286,2025072904010886,NGPL,Agrawal Securities (PVT) Ltd.,Vision Securities Pvt. Ltd,300,447.0,134100.0,2025-07-29 12:09:16.296683
2025-07-29,107020,2025072904010931,NGPL,Sumeru Securities Pvt. Ltd.,Ashutosh Brokerage & Securities (PVT) Ltd.,958,446.5,427747.0,2025-07-29 12:09:34.699785
2025-07-29,107019,2025072904010932,NGPL,Naasa Securities Co. Ltd.,Ashutosh Brokerage & Securities (PVT) Ltd.,10,446.5,4465.0,2025-07-29 12:09:34.701096
2025-07-29,107018,2025072904010933,NGPL,Secured Securities Ltd.,Ashutosh Brokerage & Securities (PVT) Ltd.,500,446.4,223200.0,2025-07-29 12:09:34.702194
2025-07-29,107017,2025072904010934,NGPL,Vision Securities Pvt. Ltd,Ashutosh Brokerage & Securities (PVT) Ltd.,532,446.3,237431.6,2025-07-29 12:09:34.703222
2025-07-29,106876,2025072904010955,NGPL,Naasa Securities Co. Ltd.,Vision Securities Pvt. Ltd,60,447.0,26820.0,2025-07-29 12:09:46.489244
2025-07-29,106875,2025072904010956,NGPL,Naasa Securities Co. Ltd.,Imperial Securities Company Pvt. Ltd.,40,447.0,17880.0,2025-07-29 12:09:46.489888
2025-07-29,106808,2025072904010966,NGPL,Sumeru Securities Pvt. Ltd.,Imperial Securities Company Pvt. Ltd.,160,447.0,71520.0,2025-07-29 12:09:50.597846
2025-07-29,106807,2025072904010967,NGPL,Sumeru Securities Pvt. Ltd.,SUN SECURITIES PVT LTD,100,447.0,44700.0,2025-07-29 12:09:50.599138
2025-07-29,106354,2025072904011028,NGPL,Elite Stock House Limited,Kumari Securities Private Limited,200,448.0,89600.0,2025-07-29 12:10:13.557576
2025-07-29,106043,2025072904011068,NGPL,Dynamic Money Managers Securities Pvt. Ltd.,Kumari Securities Private Limited,17,448.0,7616.0,2025-07-29 12:10:31.586486
2025-07-29,105982,2025072904011076,NGPL,Sumeru Securities Pvt. Ltd.,Naasa Securities Co. Ltd.,45,447.0,20115.0,2025-07-29 12:10:36.037635
2025-07-29,105733,2025072904011125,NGPL,Cristal Kanchanjanga Securites Pvt. Ltd.,Kumari Securities Private Limited,211,448.0,94528.0,2025-07-29 12:10:53.710640
2025-07-29,105732,2025072904011126,NGPL,Cristal Kanchanjanga Securites Pvt. Ltd.,Trademow Securities Private Limited,789,448.0,353472.0,2025-07-29 12:10:53.712202
2025-07-29,105619,2025072904011138,NGPL,Aryatara Investment & Securities,Trademow Securities Private Limited,254,448.0,113792.0,2025-07-29 12:10:59.037762
2025-07-29,105618,2025072904011139,NGPL,Aryatara Investment & Securities,Primo Securities (PVT) Ltd.,746,448.0,334208.0,2025-07-29 12:10:59.038378
2025-07-29,105533,2025072904011176,NGPL,Vision Securities Pvt. Ltd,Primo Securities (PVT) Ltd.,254,448.0,113792.0,2025-07-29 12:11:04.738973
2025-07-29,105532,2025072904011177,NGPL,Vision Securities Pvt. Ltd,Kalika Securities Pvt. Ltd.,50,448.0,22400.0,2025-07-29 12:11:04.739018
2025-07-29,105531,2025072904011178,NGPL,Vision Securities Pvt. Ltd,Dipshikha Dhitopatra Karobar Co. Pvt Ltd.,1484,448.8,666019.2,2025-07-29 12:11:04.739050
2025-07-29,105530,2025072904011179,NGPL,Vision Securities Pvt. Ltd,Dakshinkali Investment & Securities Pvt. Ltd.,1218,449.0,546882.0,2025-07-29 12:11:04.739078
2025-07-29,105529,2025072904011180,NGPL,Vision Securities Pvt. Ltd,Malla & Malla Stock Broking Company Pvt. Limited,50,449.0,22450.0,2025-07-29 12:11:04.739109
2025-07-29,105528,2025072904011181,NGPL,Vision Securities Pvt. Ltd,Opal Securities Investment (PVT) Ltd.,10,449.0,4490.0,2025-07-29 12:11:04.739133
2025-07-29,105527,2025072904011182,NGPL,Vision Securities Pvt. Ltd,Garima Securities Limited,10,449.0,4490.0,2025-07-29 12:11:04.739159
2025-07-29,105526,2025072904011183,NGPL,Vision Securities Pvt. Ltd,Neev Securities Pvt. Ltd.,100,449.0,44900.0,2025-07-29 12:11:04.739184
2025-07-29,105525,2025072904011184,NGPL,Vision Securities Pvt. Ltd,Thrive Brokerage House Pvt. Ltd,500,449.0,224500.0,2025-07-29 12:11:04.739208
2025-07-29,105524,2025072904011185,NGPL,Vision Securities Pvt. Ltd,Online Securities Pvt. Ltd.,20,449.0,8980.0,2025-07-29 12:11:04.739232
2025-07-29,105523,2025072904011186,NGPL,Vision Securities Pvt. Ltd,Sani Securities Company Ltd.,30,449.0,13470.0,2025-07-29 12:11:04.739255
2025-07-29,105522,2025072904011187,NGPL,Vision Securities Pvt. Ltd,Agrawal Securities (PVT) Ltd.,500,449.0,224500.0,2025-07-29 12:11:04.739279
2025-07-29,105521,2025072904011188,NGPL,Vision Securities Pvt. Ltd,Neev Securities Pvt. Ltd.,20,449.0,8980.0,2025-07-29 12:11:04.739305
2025-07-29,105520,2025072904011189,NGPL,Vision Securities Pvt. Ltd,Trishakti Securities Public Limited,40,449.0,17960.0,2025-07-29 12:11:04.739340
2025-07-29,105519,2025072904011190,NGPL,Vision Securities Pvt. Ltd,ABC Securities Private Limited,100,449.5,44950.0,2025-07-29 12:11:04.739365
2025-07-29,105518,2025072904011191,NGPL,Vision Securities Pvt. Ltd,Neev Securities Pvt. Ltd.,30,449.5,13485.0,2025-07-29 12:11:04.739392
2025-07-29,105517,2025072904011192,NGPL,Vision Securities Pvt. Ltd,Property Wiard Limited,584,449.8,262683.2,2025-07-29 12:11:04.739417
2025-07-29,105414,2025072904011213,NGPL,Naasa Securities Co. Ltd.,Sundhara Securities Limited,200,448.0,89600.0,2025-07-29 12:11:12.610746
2025-07-29,105013,2025072904011284,NGPL,Cristal Kanchanjanga Securites Pvt. Ltd.,Sundhara Securities Limited,100,448.0,44800.0,2025-07-29 12:11:33.219357
2025-07-29,104601,2025072904011363,NGPL,Naasa Securities Co. Ltd.,Naasa Securities Co. Ltd.,100,449.0,44900.0,2025-07-29 12:12:05.576825
2025-07-29,104254,2025072904011429,NGPL,Sri Hari Securities Pvt. Ltd.,Naasa Securities Co. Ltd.,20,449.0,8980.0,2025-07-29 12:12:32.198976
2025-07-29,104253,2025072904011430,NGPL,Sri Hari Securities Pvt. Ltd.,Online Securities Pvt. Ltd.,1000,449.0,449000.0,2025-07-29 12:12:32.200284
