Date,S.N.,Contract ID,Symbol,Buyer Broker,Seller Broker,volume,rate,amount,transaction_time
2025-07-29,157468,2025072904000013,RHPL,Aryatara Investment & Securities,Sani Securities Company Ltd.,10,349.9,3499.0,2025-07-29 10:46:00.054396
2025-07-29,157467,2025072904000014,RHPL,Aryatara Investment & Securities,Bhrikuti Stock Broking Co. Pvt. Ltd.,90,349.9,31491.0,2025-07-29 10:46:00.054438
2025-07-29,155980,2025072904000241,RHPL,Sumeru Securities Pvt. Ltd.,Vision Securities Pvt. Ltd,80,345.0,27600.0,2025-07-29 11:03:41.400099
2025-07-29,155003,2025072904000490,RHPL,Naasa Securities Co. Ltd.,Bhrikuti Stock Broking Co. Pvt. Ltd.,87,346.5,30145.5,2025-07-29 11:05:20.417688
2025-07-29,154688,2025072904000561,RHPL,Vision Securities Pvt. Ltd,Bhrikuti Stock Broking Co. Pvt. Ltd.,10,346.5,3465.0,2025-07-29 11:05:54.877180
2025-07-29,153997,2025072904000717,RHPL,Aryatara Investment & Securities,Bhrikuti Stock Broking Co. Pvt. Ltd.,113,346.5,39154.5,2025-07-29 11:06:54.365202
2025-07-29,152127,2025072904001243,RHPL,Dipshikha Dhitopatra Karobar Co. Pvt Ltd.,Opal Securities Investment (PVT) Ltd.,20,346.2,6924.0,2025-07-29 11:09:25.401835
2025-07-29,152079,2025072904001255,RHPL,Dipshikha Dhitopatra Karobar Co. Pvt Ltd.,Neev Securities Pvt. Ltd.,360,346.2,124632.0,2025-07-29 11:09:30.639743
2025-07-29,151518,2025072904001457,RHPL,Dipshikha Dhitopatra Karobar Co. Pvt Ltd.,Swarna Laxmi Securities Pvt. Ltd.,10,346.2,3462.0,2025-07-29 11:10:14.165694
2025-07-29,151366,2025072904001496,RHPL,Dipshikha Dhitopatra Karobar Co. Pvt Ltd.,Thrive Brokerage House Pvt. Ltd,110,346.2,38082.0,2025-07-29 11:10:27.819532
2025-07-29,151365,2025072904001497,RHPL,Cristal Kanchanjanga Securites Pvt. Ltd.,Thrive Brokerage House Pvt. Ltd,190,346.0,65740.0,2025-07-29 11:10:27.819708
2025-07-29,151070,2025072904001570,RHPL,Cristal Kanchanjanga Securites Pvt. Ltd.,Sumeru Securities Pvt. Ltd.,100,346.0,34600.0,2025-07-29 11:10:51.277967
2025-07-29,150628,2025072904001669,RHPL,Cristal Kanchanjanga Securites Pvt. Ltd.,Trishakti Securities Public Limited,87,346.0,30102.0,2025-07-29 11:11:27.944966
2025-07-29,150488,2025072904001717,RHPL,Cristal Kanchanjanga Securites Pvt. Ltd.,ABC Securities Private Limited,100,346.0,34600.0,2025-07-29 11:11:40.306550
2025-07-29,149532,2025072904001968,RHPL,Cristal Kanchanjanga Securites Pvt. Ltd.,Imperial Securities Company Pvt. Ltd.,200,346.0,69200.0,2025-07-29 11:12:59.516537
2025-07-29,149257,2025072904002026,RHPL,Cristal Kanchanjanga Securites Pvt. Ltd.,Thrive Brokerage House Pvt. Ltd,250,346.0,86500.0,2025-07-29 11:13:29.723704
2025-07-29,149236,2025072904002036,RHPL,Vision Securities Pvt. Ltd,Cristal Kanchanjanga Securites Pvt. Ltd.,10,346.9,3469.0,2025-07-29 11:13:32.179673
2025-07-29,149124,2025072904002065,RHPL,Cristal Kanchanjanga Securites Pvt. Ltd.,Online Securities Pvt. Ltd.,73,346.0,25258.0,2025-07-29 11:13:39.851893
2025-07-29,148406,2025072904002254,RHPL,Sani Securities Company Ltd.,Imperial Securities Company Pvt. Ltd.,70,345.0,24150.0,2025-07-29 11:14:43.707107
2025-07-29,148383,2025072904002262,RHPL,Imperial Securities Company Pvt. Ltd.,Online Securities Pvt. Ltd.,217,346.0,75082.0,2025-07-29 11:14:45.947897
2025-07-29,147821,2025072904002407,RHPL,Sani Securities Company Ltd.,Thrive Brokerage House Pvt. Ltd,200,345.0,69000.0,2025-07-29 11:15:35.434208
2025-07-29,147604,2025072904002466,RHPL,Sani Securities Company Ltd.,Imperial Securities Company Pvt. Ltd.,230,345.0,79350.0,2025-07-29 11:15:51.862945
2025-07-29,147603,2025072904002467,RHPL,Primo Securities (PVT) Ltd.,Imperial Securities Company Pvt. Ltd.,30,345.0,10350.0,2025-07-29 11:15:51.863042
2025-07-29,147602,2025072904002468,RHPL,Nepal Stock House (PVT) Ltd.,Imperial Securities Company Pvt. Ltd.,100,345.0,34500.0,2025-07-29 11:15:51.863117
2025-07-29,147601,2025072904002469,RHPL,Sumeru Securities Pvt. Ltd.,Imperial Securities Company Pvt. Ltd.,300,344.1,103230.0,2025-07-29 11:15:51.863192
2025-07-29,147600,2025072904002470,RHPL,Kohinoor Investment & Securities Pvt. Ltd.,Imperial Securities Company Pvt. Ltd.,87,344.0,29928.0,2025-07-29 11:15:51.863266
2025-07-29,147599,2025072904002471,RHPL,Dipshikha Dhitopatra Karobar Co. Pvt Ltd.,Imperial Securities Company Pvt. Ltd.,28,343.0,9604.0,2025-07-29 11:15:51.863425
2025-07-29,146390,2025072904002758,RHPL,Dipshikha Dhitopatra Karobar Co. Pvt Ltd.,Aryatara Investment & Securities,472,343.0,161896.0,2025-07-29 11:17:42.049480
2025-07-29,146389,2025072904002759,RHPL,Oxford Securities Pvt. Ltd.,Aryatara Investment & Securities,200,343.0,68600.0,2025-07-29 11:17:42.049545
2025-07-29,146388,2025072904002760,RHPL,Dynamic Money Managers Securities Pvt. Ltd.,Aryatara Investment & Securities,200,343.0,68600.0,2025-07-29 11:17:42.049576
2025-07-29,146387,2025072904002761,RHPL,Primo Securities (PVT) Ltd.,Aryatara Investment & Securities,20,343.0,6860.0,2025-07-29 11:17:42.049605
2025-07-29,146386,2025072904002762,RHPL,Sani Securities Company Ltd.,Aryatara Investment & Securities,200,343.0,68600.0,2025-07-29 11:17:42.049632
2025-07-29,144980,2025072904003087,RHPL,Linch Stock Market Ltd.,Oxford Securities Pvt. Ltd.,10,343.0,3430.0,2025-07-29 11:20:00.411637
2025-07-29,144223,2025072904003262,RHPL,Linch Stock Market Ltd.,Linch Stock Market Ltd.,80,343.0,27440.0,2025-07-29 11:21:09.261614
2025-07-29,144012,2025072904003293,RHPL,Linch Stock Market Ltd.,Oxford Securities Pvt. Ltd.,10,343.0,3430.0,2025-07-29 11:21:30.024418
2025-07-29,144011,2025072904003294,RHPL,Aryatara Investment & Securities,Oxford Securities Pvt. Ltd.,60,343.0,20580.0,2025-07-29 11:21:30.024533
2025-07-29,143920,2025072904003309,RHPL,Aryatara Investment & Securities,Imperial Securities Company Pvt. Ltd.,40,343.0,13720.0,2025-07-29 11:21:35.021796
2025-07-29,143919,2025072904003310,RHPL,Pragyan Securities (PVT) Ltd.,Imperial Securities Company Pvt. Ltd.,10,343.0,3430.0,2025-07-29 11:21:35.021897
2025-07-29,143795,2025072904003335,RHPL,Bhrikuti Stock Broking Co. Pvt. Ltd.,Dakshinkali Investment & Securities Pvt. Ltd.,10,341.1,3411.0,2025-07-29 11:21:47.735887
2025-07-29,143794,2025072904003336,RHPL,Sajilo Broker Limited,Dakshinkali Investment & Securities Pvt. Ltd.,30,341.0,10230.0,2025-07-29 11:21:47.735945
2025-07-29,143055,2025072904003497,RHPL,Sajilo Broker Limited,South Asian Bulls Pvt. Ltd.,10,341.0,3410.0,2025-07-29 11:22:42.826023
2025-07-29,142145,2025072904003692,RHPL,Imperial Securities Company Pvt. Ltd.,Imperial Securities Company Pvt. Ltd.,20,343.0,6860.0,2025-07-29 11:23:49.439122
2025-07-29,142144,2025072904003693,RHPL,Imperial Securities Company Pvt. Ltd.,Opal Securities Investment (PVT) Ltd.,280,343.0,96040.0,2025-07-29 11:23:49.439385
2025-07-29,139119,2025072904004336,RHPL,Siprabi Securities Pvt. Ltd.,Asian Securities Private Ltd.,53,343.0,18179.0,2025-07-29 11:27:59.267803
2025-07-29,138950,2025072904004372,RHPL,Siprabi Securities Pvt. Ltd.,Sani Securities Company Ltd.,10,342.0,3420.0,2025-07-29 11:28:13.929881
2025-07-29,138949,2025072904004373,RHPL,Vision Securities Pvt. Ltd,Sani Securities Company Ltd.,10,342.0,3420.0,2025-07-29 11:28:13.930015
2025-07-29,136547,2025072904005014,RHPL,Online Securities Pvt. Ltd.,Sani Securities Company Ltd.,200,343.0,68600.0,2025-07-29 11:31:49.659235
2025-07-29,136380,2025072904005040,RHPL,Aryatara Investment & Securities,Naasa Securities Co. Ltd.,500,343.0,171500.0,2025-07-29 11:32:04.555192
2025-07-29,136005,2025072904005143,RHPL,Aryatara Investment & Securities,Market Securities & Exchange (PVT) Ltd.,100,342.1,34210.0,2025-07-29 11:32:33.834700
2025-07-29,136004,2025072904005144,RHPL,Sri Hari Securities Pvt. Ltd.,Market Securities & Exchange (PVT) Ltd.,50,342.0,17100.0,2025-07-29 11:32:33.834963
2025-07-29,136003,2025072904005145,RHPL,Imperial Securities Company Pvt. Ltd.,Market Securities & Exchange (PVT) Ltd.,10,342.0,3420.0,2025-07-29 11:32:33.835145
2025-07-29,136002,2025072904005146,RHPL,Naasa Securities Co. Ltd.,Market Securities & Exchange (PVT) Ltd.,365,342.0,124830.0,2025-07-29 11:32:33.835310
2025-07-29,136001,2025072904005147,RHPL,Aryatara Investment & Securities,Market Securities & Exchange (PVT) Ltd.,230,342.0,78660.0,2025-07-29 11:32:33.835499
2025-07-29,136000,2025072904005148,RHPL,Sumeru Securities Pvt. Ltd.,Market Securities & Exchange (PVT) Ltd.,125,342.0,42750.0,2025-07-29 11:32:33.835669
2025-07-29,135722,2025072904005218,RHPL,Dynamic Money Managers Securities Pvt. Ltd.,Market Securities & Exchange (PVT) Ltd.,100,342.0,34200.0,2025-07-29 11:33:00.216984
2025-07-29,135225,2025072904005302,RHPL,Dipshikha Dhitopatra Karobar Co. Pvt Ltd.,Market Securities & Exchange (PVT) Ltd.,520,342.0,177840.0,2025-07-29 11:33:35.309511
2025-07-29,134582,2025072904005477,RHPL,ABC Securities Private Limited,Imperial Securities Company Pvt. Ltd.,100,342.1,34210.0,2025-07-29 11:34:37.252683
2025-07-29,134581,2025072904005478,RHPL,Dipshikha Dhitopatra Karobar Co. Pvt Ltd.,Imperial Securities Company Pvt. Ltd.,20,342.0,6840.0,2025-07-29 11:34:37.252822
2025-07-29,134122,2025072904005589,RHPL,Shree Krishna Securities Ltd.,Sani Securities Company Ltd.,50,342.2,17110.0,2025-07-29 11:35:22.047453
2025-07-29,133511,2025072904005690,RHPL,Vision Securities Pvt. Ltd,Naasa Securities Co. Ltd.,300,343.0,102900.0,2025-07-29 11:36:07.889606
2025-07-29,133182,2025072904005780,RHPL,J.F. Securites (PVT) Ltd.,Naasa Securities Co. Ltd.,24,343.0,8232.0,2025-07-29 11:36:33.239776
2025-07-29,132970,2025072904005827,RHPL,Imperial Securities Company Pvt. Ltd.,Naasa Securities Co. Ltd.,30,343.0,10290.0,2025-07-29 11:36:52.078358
2025-07-29,132897,2025072904005840,RHPL,Shree Krishna Securities Ltd.,Indira securities pvt. ltd,80,342.2,27376.0,2025-07-29 11:36:59.832665
2025-07-29,132694,2025072904005875,RHPL,Aryatara Investment & Securities,Naasa Securities Co. Ltd.,1146,343.0,393078.0,2025-07-29 11:37:18.971496
2025-07-29,132693,2025072904005876,RHPL,Aryatara Investment & Securities,Vision Securities Pvt. Ltd,37,343.0,12691.0,2025-07-29 11:37:18.971808
2025-07-29,132692,2025072904005877,RHPL,Aryatara Investment & Securities,Sumeru Securities Pvt. Ltd.,17,343.0,5831.0,2025-07-29 11:37:18.972080
2025-07-29,132345,2025072904005938,RHPL,Trishakti Securities Public Limited,Sweta Securities Private Limited,200,343.0,68600.0,2025-07-29 11:37:44.555348
2025-07-29,131437,2025072904006162,RHPL,Dipshikha Dhitopatra Karobar Co. Pvt Ltd.,Online Securities Pvt. Ltd.,50,343.0,17150.0,2025-07-29 11:39:00.218904
2025-07-29,131314,2025072904006197,RHPL,Shree Krishna Securities Ltd.,Swarna Laxmi Securities Pvt. Ltd.,70,342.2,23954.0,2025-07-29 11:39:12.732747
2025-07-29,131279,2025072904006210,RHPL,Deevyaa Securities & Stock House Pvt. Ltd,Online Securities Pvt. Ltd.,450,343.0,154350.0,2025-07-29 11:39:16.211579
2025-07-29,131278,2025072904006211,RHPL,Deevyaa Securities & Stock House Pvt. Ltd,Asian Securities Private Ltd.,17,343.0,5831.0,2025-07-29 11:39:16.211747
2025-07-29,130914,2025072904006286,RHPL,Dipshikha Dhitopatra Karobar Co. Pvt Ltd.,Dipshikha Dhitopatra Karobar Co. Pvt Ltd.,10,343.4,3434.0,2025-07-29 11:39:40.649975
2025-07-29,130913,2025072904006287,RHPL,Dipshikha Dhitopatra Karobar Co. Pvt Ltd.,Sundhara Securities Limited,40,343.5,13740.0,2025-07-29 11:39:40.650123
2025-07-29,130669,2025072904006339,RHPL,Deevyaa Securities & Stock House Pvt. Ltd,Vision Securities Pvt. Ltd,33,343.0,11319.0,2025-07-29 11:39:57.108843
2025-07-29,130563,2025072904006352,RHPL,ABC Securities Private Limited,Opal Securities Investment (PVT) Ltd.,50,342.2,17110.0,2025-07-29 11:40:07.747743
2025-07-29,130562,2025072904006353,RHPL,Aryatara Investment & Securities,Opal Securities Investment (PVT) Ltd.,150,342.1,51315.0,2025-07-29 11:40:07.747961
2025-07-29,130561,2025072904006354,RHPL,Ashutosh Brokerage & Securities (PVT) Ltd.,Opal Securities Investment (PVT) Ltd.,150,342.1,51315.0,2025-07-29 11:40:07.748053
2025-07-29,130560,2025072904006355,RHPL,Dipshikha Dhitopatra Karobar Co. Pvt Ltd.,Opal Securities Investment (PVT) Ltd.,370,342.0,126540.0,2025-07-29 11:40:07.748136
2025-07-29,129727,2025072904006548,RHPL,Neev Securities Pvt. Ltd.,Cristal Kanchanjanga Securites Pvt. Ltd.,200,342.2,68440.0,2025-07-29 11:41:25.484526
2025-07-29,129726,2025072904006549,RHPL,Dipshikha Dhitopatra Karobar Co. Pvt Ltd.,Cristal Kanchanjanga Securites Pvt. Ltd.,90,342.0,30780.0,2025-07-29 11:41:25.484706
2025-07-29,129725,2025072904006550,RHPL,Imperial Securities Company Pvt. Ltd.,Cristal Kanchanjanga Securites Pvt. Ltd.,111,342.0,37962.0,2025-07-29 11:41:25.484770
2025-07-29,129724,2025072904006551,RHPL,Primo Securities (PVT) Ltd.,Cristal Kanchanjanga Securites Pvt. Ltd.,50,342.0,17100.0,2025-07-29 11:41:25.484835
2025-07-29,129723,2025072904006552,RHPL,Primo Securities (PVT) Ltd.,Cristal Kanchanjanga Securites Pvt. Ltd.,500,342.0,171000.0,2025-07-29 11:41:25.484897
2025-07-29,129722,2025072904006553,RHPL,Sani Securities Company Ltd.,Cristal Kanchanjanga Securites Pvt. Ltd.,200,342.0,68400.0,2025-07-29 11:41:25.484959
2025-07-29,129721,2025072904006554,RHPL,Dakshinkali Investment & Securities Pvt. Ltd.,Cristal Kanchanjanga Securites Pvt. Ltd.,100,342.0,34200.0,2025-07-29 11:41:25.485019
2025-07-29,129720,2025072904006555,RHPL,ABC Securities Private Limited,Cristal Kanchanjanga Securites Pvt. Ltd.,500,342.0,171000.0,2025-07-29 11:41:25.485082
2025-07-29,129719,2025072904006556,RHPL,MILKY WAY SHARE BROKER COMPANY LTD ,Cristal Kanchanjanga Securites Pvt. Ltd.,45,342.0,15390.0,2025-07-29 11:41:25.485145
2025-07-29,129718,2025072904006557,RHPL,Dynamic Money Managers Securities Pvt. Ltd.,Cristal Kanchanjanga Securites Pvt. Ltd.,1000,342.0,342000.0,2025-07-29 11:41:25.485207
2025-07-29,129580,2025072904006591,RHPL,Naasa Securities Co. Ltd.,Cristal Kanchanjanga Securites Pvt. Ltd.,126,342.0,43092.0,2025-07-29 11:41:36.435556
2025-07-29,129145,2025072904006704,RHPL,Trisul Securities & Invt. Ltd.,Cristal Kanchanjanga Securites Pvt. Ltd.,78,342.0,26676.0,2025-07-29 11:42:16.445617
2025-07-29,129144,2025072904006705,RHPL,Trisul Securities & Invt. Ltd.,Online Securities Pvt. Ltd.,50,342.0,17100.0,2025-07-29 11:42:16.445925
2025-07-29,129143,2025072904006706,RHPL,Trisul Securities & Invt. Ltd.,Oxford Securities Pvt. Ltd.,40,342.0,13680.0,2025-07-29 11:42:16.446148
2025-07-29,128319,2025072904006912,RHPL,Nepal Investment And Securities Trading Private Limited,Nepal Stock House (PVT) Ltd.,10,341.6,3416.0,2025-07-29 11:43:30.833195
2025-07-29,128281,2025072904006915,RHPL,Nepal Investment And Securities Trading Private Limited,J.F. Securites (PVT) Ltd.,30,341.6,10248.0,2025-07-29 11:43:35.544343
2025-07-29,127527,2025072904007104,RHPL,Online Securities Pvt. Ltd.,Premier Securities Company Ltd.,5,340.0,1700.0,2025-07-29 11:44:37.526903
2025-07-29,127489,2025072904007112,RHPL,Nepal Investment And Securities Trading Private Limited,Dakshinkali Investment & Securities Pvt. Ltd.,10,341.6,3416.0,2025-07-29 11:44:40.816275
2025-07-29,127488,2025072904007113,RHPL,Linch Stock Market Ltd.,Dakshinkali Investment & Securities Pvt. Ltd.,30,341.4,10242.0,2025-07-29 11:44:40.816427
2025-07-29,126625,2025072904007308,RHPL,Trishakti Securities Public Limited,Neev Securities Pvt. Ltd.,50,341.6,17080.0,2025-07-29 11:45:53.704604
2025-07-29,126194,2025072904007414,RHPL,Dakshinkali Investment & Securities Pvt. Ltd.,Oxford Securities Pvt. Ltd.,50,341.5,17075.0,2025-07-29 11:46:24.841504
2025-07-29,125469,2025072904007569,RHPL,Nabil Stock Dealer Ltd.,Aryatara Investment & Securities,100,341.8,34180.0,2025-07-29 11:47:25.165492
2025-07-29,125468,2025072904007570,RHPL,Dakshinkali Investment & Securities Pvt. Ltd.,Aryatara Investment & Securities,50,341.5,17075.0,2025-07-29 11:47:25.165578
2025-07-29,125467,2025072904007571,RHPL,Linch Stock Market Ltd.,Aryatara Investment & Securities,358,341.4,122221.2,2025-07-29 11:47:25.165620
2025-07-29,124416,2025072904007750,RHPL,Linch Stock Market Ltd.,Siprabi Securities Pvt. Ltd.,70,341.4,23898.0,2025-07-29 11:48:59.796455
2025-07-29,123765,2025072904007855,RHPL,Nabil Stock Dealer Ltd.,Neev Securities Pvt. Ltd.,50,341.5,17075.0,2025-07-29 11:49:52.618803
2025-07-29,123493,2025072904007898,RHPL,Oxford Securities Pvt. Ltd.,Imperial Securities Company Pvt. Ltd.,70,342.0,23940.0,2025-07-29 11:50:19.624168
2025-07-29,123492,2025072904007899,RHPL,Oxford Securities Pvt. Ltd.,Siprabi Securities Pvt. Ltd.,40,342.0,13680.0,2025-07-29 11:50:19.624367
2025-07-29,123491,2025072904007900,RHPL,Oxford Securities Pvt. Ltd.,Aakashbhairab Securities Ltd.,290,342.0,99180.0,2025-07-29 11:50:19.624446
2025-07-29,123241,2025072904007941,RHPL,Nepal Stock House (PVT) Ltd.,Aakashbhairab Securities Ltd.,30,342.0,10260.0,2025-07-29 11:50:43.575592
2025-07-29,122728,2025072904008052,RHPL,Sani Securities Company Ltd.,Aakashbhairab Securities Ltd.,10,342.0,3420.0,2025-07-29 11:51:27.811756
2025-07-29,122714,2025072904008058,RHPL,Dynamic Money Managers Securities Pvt. Ltd.,SUN SECURITIES PVT LTD,80,341.5,27320.0,2025-07-29 11:51:29.324230
2025-07-29,122603,2025072904008079,RHPL,Vision Securities Pvt. Ltd,Nepal Investment And Securities Trading Private Limited,10,341.6,3416.0,2025-07-29 11:51:40.031762
2025-07-29,122513,2025072904008112,RHPL,Dynamic Money Managers Securities Pvt. Ltd.,Aryatara Investment & Securities,30,341.5,10245.0,2025-07-29 11:51:48.909028
2025-07-29,122295,2025072904008188,RHPL,Dynamic Money Managers Securities Pvt. Ltd.,Aryatara Investment & Securities,10,341.5,3415.0,2025-07-29 11:52:10.546483
2025-07-29,121922,2025072904008253,RHPL,Dynamic Money Managers Securities Pvt. Ltd.,Investment Management Nepal Pvt. Ltd.,70,341.5,23905.0,2025-07-29 11:52:43.531768
2025-07-29,121760,2025072904008293,RHPL,Dynamic Money Managers Securities Pvt. Ltd.,Kohinoor Investment & Securities Pvt. Ltd.,10,341.5,3415.0,2025-07-29 11:52:56.982795
2025-07-29,121604,2025072904008317,RHPL,Dynamic Money Managers Securities Pvt. Ltd.,Sri Hari Securities Pvt. Ltd.,80,341.5,27320.0,2025-07-29 11:53:08.161925
2025-07-29,121211,2025072904008390,RHPL,Vision Securities Pvt. Ltd,Aakashbhairab Securities Ltd.,105,342.0,35910.0,2025-07-29 11:53:50.261627
2025-07-29,121197,2025072904008393,RHPL,Vision Securities Pvt. Ltd,Aakashbhairab Securities Ltd.,100,342.0,34200.0,2025-07-29 11:53:51.271627
2025-07-29,120808,2025072904008449,RHPL,Global IME Securities Limited,Aakashbhairab Securities Ltd.,162,342.0,55404.0,2025-07-29 11:54:31.250929
2025-07-29,120807,2025072904008450,RHPL,Global IME Securities Limited,Neev Securities Pvt. Ltd.,200,342.0,68400.0,2025-07-29 11:54:31.251168
2025-07-29,120806,2025072904008451,RHPL,Global IME Securities Limited,Dynamic Money Managers Securities Pvt. Ltd.,20,342.0,6840.0,2025-07-29 11:54:31.251279
2025-07-29,120805,2025072904008452,RHPL,Global IME Securities Limited,Neev Securities Pvt. Ltd.,100,342.0,34200.0,2025-07-29 11:54:31.251365
2025-07-29,120804,2025072904008453,RHPL,Global IME Securities Limited,Neev Securities Pvt. Ltd.,200,342.2,68440.0,2025-07-29 11:54:31.251442
2025-07-29,120509,2025072904008497,RHPL,Dynamic Money Managers Securities Pvt. Ltd.,Vision Securities Pvt. Ltd,167,343.0,57281.0,2025-07-29 11:54:53.149223
2025-07-29,120508,2025072904008498,RHPL,Dynamic Money Managers Securities Pvt. Ltd.,Premier Securities Company Ltd.,164,343.0,56252.0,2025-07-29 11:54:53.149567
2025-07-29,120507,2025072904008499,RHPL,Dynamic Money Managers Securities Pvt. Ltd.,Naasa Securities Co. Ltd.,100,343.0,34300.0,2025-07-29 11:54:53.149793
2025-07-29,120506,2025072904008500,RHPL,Dynamic Money Managers Securities Pvt. Ltd.,Thrive Brokerage House Pvt. Ltd,440,343.0,150920.0,2025-07-29 11:54:53.150006
2025-07-29,120505,2025072904008501,RHPL,Dynamic Money Managers Securities Pvt. Ltd.,Premier Securities Company Ltd.,70,343.0,24010.0,2025-07-29 11:54:53.150223
2025-07-29,120244,2025072904008550,RHPL,SHUBHAKAMANA SECURITIES PVT. LTD,Dipshikha Dhitopatra Karobar Co. Pvt Ltd.,10,343.0,3430.0,2025-07-29 11:55:18.226956
2025-07-29,119449,2025072904008670,RHPL,SHUBHAKAMANA SECURITIES PVT. LTD,Trisul Securities & Invt. Ltd.,40,343.0,13720.0,2025-07-29 11:56:11.747549
2025-07-29,119433,2025072904008674,RHPL,Global IME Securities Limited,Cristal Kanchanjanga Securites Pvt. Ltd.,18,343.0,6174.0,2025-07-29 11:56:14.169376
2025-07-29,119432,2025072904008675,RHPL,ABC Securities Private Limited,Cristal Kanchanjanga Securites Pvt. Ltd.,50,341.8,17090.0,2025-07-29 11:56:14.169747
2025-07-29,119431,2025072904008676,RHPL,Thrive Brokerage House Pvt. Ltd,Cristal Kanchanjanga Securites Pvt. Ltd.,200,341.8,68360.0,2025-07-29 11:56:14.169979
2025-07-29,119430,2025072904008677,RHPL,South Asian Bulls Pvt. Ltd.,Cristal Kanchanjanga Securites Pvt. Ltd.,185,341.6,63196.0,2025-07-29 11:56:14.170224
2025-07-29,119429,2025072904008678,RHPL,Dynamic Money Managers Securities Pvt. Ltd.,Cristal Kanchanjanga Securites Pvt. Ltd.,420,341.5,143430.0,2025-07-29 11:56:14.170475
2025-07-29,119428,2025072904008679,RHPL,Imperial Securities Company Pvt. Ltd.,Cristal Kanchanjanga Securites Pvt. Ltd.,100,341.5,34150.0,2025-07-29 11:56:14.170704
2025-07-29,119427,2025072904008680,RHPL,Naasa Securities Co. Ltd.,Cristal Kanchanjanga Securites Pvt. Ltd.,350,341.5,119525.0,2025-07-29 11:56:14.170916
2025-07-29,119426,2025072904008681,RHPL,Linch Stock Market Ltd.,Cristal Kanchanjanga Securites Pvt. Ltd.,42,341.4,14338.8,2025-07-29 11:56:14.171138
2025-07-29,119425,2025072904008682,RHPL,ABC Securities Private Limited,Cristal Kanchanjanga Securites Pvt. Ltd.,50,341.4,17070.0,2025-07-29 11:56:14.171368
2025-07-29,119424,2025072904008683,RHPL,Agrawal Securities (PVT) Ltd.,Cristal Kanchanjanga Securites Pvt. Ltd.,5000,341.4,1707000.0,2025-07-29 11:56:14.171587
2025-07-29,118708,2025072904008798,RHPL,Imperial Securities Company Pvt. Ltd.,Cristal Kanchanjanga Securites Pvt. Ltd.,145,341.4,49503.0,2025-07-29 11:57:08.600508
2025-07-29,117990,2025072904008942,RHPL,Imperial Securities Company Pvt. Ltd.,Asian Securities Private Ltd.,10,341.4,3414.0,2025-07-29 11:58:07.292130
2025-07-29,117989,2025072904008943,RHPL,Deevyaa Securities & Stock House Pvt. Ltd,Asian Securities Private Ltd.,12,341.4,4096.8,2025-07-29 11:58:07.292172
2025-07-29,117988,2025072904008944,RHPL,Neev Securities Pvt. Ltd.,Asian Securities Private Ltd.,18,341.3,6143.4,2025-07-29 11:58:07.292198
2025-07-29,116068,2025072904009319,RHPL,Vision Securities Pvt. Ltd,Dakshinkali Investment & Securities Pvt. Ltd.,50,341.4,17070.0,2025-07-29 12:00:18.526762
2025-07-29,116067,2025072904009320,RHPL,Neev Securities Pvt. Ltd.,Dakshinkali Investment & Securities Pvt. Ltd.,292,341.3,99659.6,2025-07-29 12:00:18.527119
2025-07-29,116066,2025072904009321,RHPL,Trisul Securities & Invt. Ltd.,Dakshinkali Investment & Securities Pvt. Ltd.,128,341.2,43673.6,2025-07-29 12:00:18.527383
2025-07-29,115694,2025072904009373,RHPL,Trisul Securities & Invt. Ltd.,Asian Securities Private Ltd.,50,341.2,17060.0,2025-07-29 12:00:40.932857
2025-07-29,115293,2025072904009405,RHPL,Trisul Securities & Invt. Ltd.,Naasa Securities Co. Ltd.,100,341.2,34120.0,2025-07-29 12:01:03.661952
2025-07-29,114297,2025072904009603,RHPL,Trisul Securities & Invt. Ltd.,Kohinoor Investment & Securities Pvt. Ltd.,180,341.2,61416.0,2025-07-29 12:02:05.616661
2025-07-29,114213,2025072904009642,RHPL,Trisul Securities & Invt. Ltd.,Nepal Stock House (PVT) Ltd.,42,341.2,14330.4,2025-07-29 12:02:13.089290
2025-07-29,114212,2025072904009643,RHPL,Himalayan Brokerage Company Limited,Nepal Stock House (PVT) Ltd.,28,341.2,9553.6,2025-07-29 12:02:13.089522
2025-07-29,113967,2025072904009677,RHPL,Himalayan Brokerage Company Limited,Dipshikha Dhitopatra Karobar Co. Pvt Ltd.,10,341.2,3412.0,2025-07-29 12:02:27.193710
2025-07-29,113910,2025072904009691,RHPL,Himalayan Securities Limited,Shree Krishna Securities Ltd.,30,342.0,10260.0,2025-07-29 12:02:31.363224
2025-07-29,113078,2025072904009824,RHPL,Imperial Securities Company Pvt. Ltd.,Shree Krishna Securities Ltd.,10,342.0,3420.0,2025-07-29 12:03:24.505682
2025-07-29,110963,2025072904010219,RHPL,Dipshikha Dhitopatra Karobar Co. Pvt Ltd.,Premier Securities Company Ltd.,20,342.1,6842.0,2025-07-29 12:05:31.516362
2025-07-29,109866,2025072904010441,RHPL,Dipshikha Dhitopatra Karobar Co. Pvt Ltd.,Oxford Securities Pvt. Ltd.,70,343.3,24031.0,2025-07-29 12:06:42.027562
2025-07-29,109769,2025072904010466,RHPL,Dipshikha Dhitopatra Karobar Co. Pvt Ltd.,Sundhara Securities Limited,410,343.5,140835.0,2025-07-29 12:06:49.455920
2025-07-29,108978,2025072904010581,RHPL,Sewa Securities Pvt. Ltd.,Sundhara Securities Limited,50,343.5,17175.0,2025-07-29 12:07:29.705803
2025-07-29,108392,2025072904010693,RHPL,Vision Securities Pvt. Ltd,Vision Securities Pvt. Ltd,1000,344.0,344000.0,2025-07-29 12:08:10.416571
2025-07-29,108343,2025072904010701,RHPL,Kohinoor Investment & Securities Pvt. Ltd.,Vision Securities Pvt. Ltd,200,344.0,68800.0,2025-07-29 12:08:14.273572
2025-07-29,108342,2025072904010702,RHPL,Kohinoor Investment & Securities Pvt. Ltd.,Naasa Securities Co. Ltd.,80,344.0,27520.0,2025-07-29 12:08:14.273805
2025-07-29,108341,2025072904010703,RHPL,Kohinoor Investment & Securities Pvt. Ltd.,Ashutosh Brokerage & Securities (PVT) Ltd.,40,344.0,13760.0,2025-07-29 12:08:14.273895
2025-07-29,108340,2025072904010704,RHPL,Kohinoor Investment & Securities Pvt. Ltd.,Vision Securities Pvt. Ltd,40,344.0,13760.0,2025-07-29 12:08:14.273981
2025-07-29,108339,2025072904010705,RHPL,Kohinoor Investment & Securities Pvt. Ltd.,Sani Securities Company Ltd.,140,344.0,48160.0,2025-07-29 12:08:14.274065
2025-07-29,108229,2025072904010738,RHPL,Agrawal Securities (PVT) Ltd.,Sani Securities Company Ltd.,200,344.0,68800.0,2025-07-29 12:08:20.181346
2025-07-29,107982,2025072904010768,RHPL,Dakshinkali Investment & Securities Pvt. Ltd.,Sani Securities Company Ltd.,50,344.0,17200.0,2025-07-29 12:08:34.277749
2025-07-29,107981,2025072904010769,RHPL,Dakshinkali Investment & Securities Pvt. Ltd.,Aryatara Investment & Securities,150,345.0,51750.0,2025-07-29 12:08:34.278041
2025-07-29,107980,2025072904010770,RHPL,Dakshinkali Investment & Securities Pvt. Ltd.,Dipshikha Dhitopatra Karobar Co. Pvt Ltd.,40,345.0,13800.0,2025-07-29 12:08:34.278130
2025-07-29,107979,2025072904010771,RHPL,Dakshinkali Investment & Securities Pvt. Ltd.,Online Securities Pvt. Ltd.,300,345.0,103500.0,2025-07-29 12:08:34.278218
2025-07-29,107978,2025072904010772,RHPL,Dakshinkali Investment & Securities Pvt. Ltd.,Dipshikha Dhitopatra Karobar Co. Pvt Ltd.,40,345.0,13800.0,2025-07-29 12:08:34.278304
2025-07-29,107977,2025072904010773,RHPL,Dakshinkali Investment & Securities Pvt. Ltd.,Dipshikha Dhitopatra Karobar Co. Pvt Ltd.,40,345.0,13800.0,2025-07-29 12:08:34.278401
2025-07-29,107976,2025072904010774,RHPL,Dakshinkali Investment & Securities Pvt. Ltd.,Online Securities Pvt. Ltd.,50,345.0,17250.0,2025-07-29 12:08:34.278485
2025-07-29,107975,2025072904010775,RHPL,Dakshinkali Investment & Securities Pvt. Ltd.,Kohinoor Investment & Securities Pvt. Ltd.,30,345.0,10350.0,2025-07-29 12:08:34.278567
2025-07-29,107974,2025072904010776,RHPL,Dakshinkali Investment & Securities Pvt. Ltd.,Sri Hari Securities Pvt. Ltd.,80,345.0,27600.0,2025-07-29 12:08:34.278650
2025-07-29,107973,2025072904010777,RHPL,Dakshinkali Investment & Securities Pvt. Ltd.,Trishakti Securities Public Limited,600,345.0,207000.0,2025-07-29 12:08:34.278751
2025-07-29,107972,2025072904010778,RHPL,Dakshinkali Investment & Securities Pvt. Ltd.,Neev Securities Pvt. Ltd.,50,345.0,17250.0,2025-07-29 12:08:34.278865
2025-07-29,107971,2025072904010779,RHPL,Dakshinkali Investment & Securities Pvt. Ltd.,Dynamic Money Managers Securities Pvt. Ltd.,50,345.0,17250.0,2025-07-29 12:08:34.278967
2025-07-29,107970,2025072904010780,RHPL,Dakshinkali Investment & Securities Pvt. Ltd.,Dynamic Money Managers Securities Pvt. Ltd.,400,345.0,138000.0,2025-07-29 12:08:34.279063
2025-07-29,107969,2025072904010781,RHPL,Dakshinkali Investment & Securities Pvt. Ltd.,ABC Securities Private Limited,20,345.0,6900.0,2025-07-29 12:08:34.279166
2025-07-29,107968,2025072904010782,RHPL,Dakshinkali Investment & Securities Pvt. Ltd.,Online Securities Pvt. Ltd.,30,345.0,10350.0,2025-07-29 12:08:34.279259
2025-07-29,107967,2025072904010783,RHPL,Dakshinkali Investment & Securities Pvt. Ltd.,Online Securities Pvt. Ltd.,70,345.0,24150.0,2025-07-29 12:08:34.279364
2025-07-29,107966,2025072904010784,RHPL,Dakshinkali Investment & Securities Pvt. Ltd.,Neev Securities Pvt. Ltd.,40,345.0,13800.0,2025-07-29 12:08:34.279466
2025-07-29,107965,2025072904010785,RHPL,Dakshinkali Investment & Securities Pvt. Ltd.,Naasa Securities Co. Ltd.,960,345.0,331200.0,2025-07-29 12:08:34.279566
2025-07-29,107897,2025072904010804,RHPL,Online Securities Pvt. Ltd.,Sumeru Securities Pvt. Ltd.,3,341.0,1023.0,2025-07-29 12:08:38.644921
2025-07-29,106836,2025072904010962,RHPL,J.F. Securites (PVT) Ltd.,Naasa Securities Co. Ltd.,100,345.0,34500.0,2025-07-29 12:09:49.325133
2025-07-29,106633,2025072904010978,RHPL,Online Securities Pvt. Ltd.,Naasa Securities Co. Ltd.,140,345.0,48300.0,2025-07-29 12:09:55.007327
2025-07-29,106632,2025072904010979,RHPL,Online Securities Pvt. Ltd.,ABC Securities Private Limited,10,345.0,3450.0,2025-07-29 12:09:55.007527
2025-07-29,106502,2025072904010996,RHPL,Online Securities Pvt. Ltd.,Sani Securities Company Ltd.,10,345.0,3450.0,2025-07-29 12:10:01.838374
2025-07-29,106440,2025072904011011,RHPL,Online Securities Pvt. Ltd.,Creative Securities Pvt Ltd,70,345.0,24150.0,2025-07-29 12:10:07.495890
2025-07-29,105682,2025072904011131,RHPL,Online Securities Pvt. Ltd.,Trisul Securities & Invt. Ltd.,40,345.0,13800.0,2025-07-29 12:10:54.776932
2025-07-29,105228,2025072904011242,RHPL,Midas Stock Broking Company Private Limited,Online Securities Pvt. Ltd.,80,345.1,27608.0,2025-07-29 12:11:21.579541
2025-07-29,105070,2025072904011271,RHPL,BHOLE GANESH SECURITIES LTD,Vision Securities Pvt. Ltd,20,345.4,6908.0,2025-07-29 12:11:30.510115
2025-07-29,105069,2025072904011272,RHPL,BHOLE GANESH SECURITIES LTD,South Asian Bulls Pvt. Ltd.,70,345.5,24185.0,2025-07-29 12:11:30.510358
2025-07-29,105068,2025072904011273,RHPL,BHOLE GANESH SECURITIES LTD,South Asian Bulls Pvt. Ltd.,80,346.0,27680.0,2025-07-29 12:11:30.510463
2025-07-29,105067,2025072904011274,RHPL,BHOLE GANESH SECURITIES LTD,Sani Securities Company Ltd.,33,346.0,11418.0,2025-07-29 12:11:30.510548
2025-07-29,104599,2025072904011364,RHPL,Elite Stock House Limited,Sani Securities Company Ltd.,80,345.2,27616.0,2025-07-29 12:12:05.656222
2025-07-29,104272,2025072904011422,RHPL,Naasa Securities Co. Ltd.,Sani Securities Company Ltd.,47,346.0,16262.0,2025-07-29 12:12:30.900600
2025-07-29,104271,2025072904011423,RHPL,Naasa Securities Co. Ltd.,Siprabi Securities Pvt. Ltd.,70,346.0,24220.0,2025-07-29 12:12:30.900818
2025-07-29,104270,2025072904011424,RHPL,Naasa Securities Co. Ltd.,Asian Securities Private Ltd.,40,346.0,13840.0,2025-07-29 12:12:30.900902
2025-07-29,103545,2025072904011590,RHPL,Naasa Securities Co. Ltd.,Naasa Securities Co. Ltd.,1283,346.0,443918.0,2025-07-29 12:13:22.372637
2025-07-29,103544,2025072904011591,RHPL,Naasa Securities Co. Ltd.,Naasa Securities Co. Ltd.,20,346.0,6920.0,2025-07-29 12:13:22.372885
2025-07-29,103543,2025072904011592,RHPL,Elite Stock House Limited,Naasa Securities Co. Ltd.,920,345.2,317584.0,2025-07-29 12:13:22.372977
2025-07-29,103542,2025072904011593,RHPL,Midas Stock Broking Company Private Limited,Naasa Securities Co. Ltd.,20,345.1,6902.0,2025-07-29 12:13:22.373063
2025-07-29,103541,2025072904011594,RHPL,Online Securities Pvt. Ltd.,Naasa Securities Co. Ltd.,230,345.0,79350.0,2025-07-29 12:13:22.373148
2025-07-29,103540,2025072904011595,RHPL,Online Securities Pvt. Ltd.,Naasa Securities Co. Ltd.,130,345.0,44850.0,2025-07-29 12:13:22.373236
2025-07-29,103539,2025072904011596,RHPL,Malla & Malla Stock Broking Company Pvt. Limited,Naasa Securities Co. Ltd.,1397,345.0,481965.0,2025-07-29 12:13:22.373328
2025-07-29,102464,2025072904011834,RHPL,Bhrikuti Stock Broking Co. Pvt. Ltd.,Trishakti Securities Public Limited,30,345.1,10353.0,2025-07-29 12:14:36.179518
2025-07-29,102213,2025072904011865,RHPL,Bhrikuti Stock Broking Co. Pvt. Ltd.,Naasa Securities Co. Ltd.,470,345.1,162197.0,2025-07-29 12:14:59.669757
2025-07-29,102212,2025072904011866,RHPL,Dakshinkali Investment & Securities Pvt. Ltd.,Naasa Securities Co. Ltd.,200,345.0,69000.0,2025-07-29 12:14:59.670155
2025-07-29,101864,2025072904011974,RHPL,Premier Securities Company Ltd.,Naasa Securities Co. Ltd.,330,345.0,113850.0,2025-07-29 12:15:24.254803
2025-07-29,101613,2025072904012049,RHPL,Opal Securities Investment (PVT) Ltd.,Naasa Securities Co. Ltd.,10,345.1,3451.0,2025-07-29 12:15:44.626886
2025-07-29,100953,2025072904012190,RHPL,Opal Securities Investment (PVT) Ltd.,Imperial Securities Company Pvt. Ltd.,70,345.1,24157.0,2025-07-29 12:16:22.186654
2025-07-29,100716,2025072904012251,RHPL,Opal Securities Investment (PVT) Ltd.,Online Securities Pvt. Ltd.,20,345.1,6902.0,2025-07-29 12:16:40.846775
2025-07-29,100715,2025072904012252,RHPL,Premier Securities Company Ltd.,Online Securities Pvt. Ltd.,170,345.0,58650.0,2025-07-29 12:16:40.847058
2025-07-29,99462,2025072904012511,RHPL,Market Securities & Exchange (PVT) Ltd.,Imperial Securities Company Pvt. Ltd.,70,344.0,24080.0,2025-07-29 12:18:27.519262
2025-07-29,99202,2025072904012560,RHPL,Roadshow securities limited,Neev Securities Pvt. Ltd.,70,345.0,24150.0,2025-07-29 12:18:49.912032
2025-07-29,98996,2025072904012632,RHPL,Roadshow securities limited,Aryatara Investment & Securities,130,345.0,44850.0,2025-07-29 12:19:04.171693
2025-07-29,98995,2025072904012633,RHPL,Trishakti Securities Public Limited,Aryatara Investment & Securities,370,344.1,127317.0,2025-07-29 12:19:04.171907
2025-07-29,97619,2025072904012908,RHPL,Imperial Securities Company Pvt. Ltd.,Dynamic Money Managers Securities Pvt. Ltd.,40,344.2,13768.0,2025-07-29 12:20:37.557814
2025-07-29,97288,2025072904012986,RHPL,Imperial Securities Company Pvt. Ltd.,Sundhara Securities Limited,50,344.2,17210.0,2025-07-29 12:20:57.083901
2025-07-29,97239,2025072904012987,RHPL,Imperial Securities Company Pvt. Ltd.,Online Securities Pvt. Ltd.,10,344.2,3442.0,2025-07-29 12:20:57.753710
2025-07-29,95280,2025072904013388,RHPL,Trishakti Securities Public Limited,Vision Securities Pvt. Ltd,10,344.1,3441.0,2025-07-29 12:23:10.291543
2025-07-29,94892,2025072904013484,RHPL,Trishakti Securities Public Limited,Creative Securities Pvt Ltd,50,344.1,17205.0,2025-07-29 12:23:35.306177
2025-07-29,94793,2025072904013515,RHPL,Trishakti Securities Public Limited,Sewa Securities Pvt. Ltd.,70,344.1,24087.0,2025-07-29 12:23:43.259494
2025-07-29,94526,2025072904013572,RHPL,Trishakti Securities Public Limited,S.P.S.A. Securities Limited,10,344.1,3441.0,2025-07-29 12:24:05.518572
2025-07-29,94200,2025072904013634,RHPL,Naasa Securities Co. Ltd.,Naasa Securities Co. Ltd.,50,344.2,17210.0,2025-07-29 12:24:28.433428
2025-07-29,94199,2025072904013635,RHPL,Naasa Securities Co. Ltd.,Sunrise Securities Limited,10,345.0,3450.0,2025-07-29 12:24:28.433681
2025-07-29,94198,2025072904013636,RHPL,Naasa Securities Co. Ltd.,Sani Securities Company Ltd.,70,345.0,24150.0,2025-07-29 12:24:28.433775
2025-07-29,94197,2025072904013637,RHPL,Naasa Securities Co. Ltd.,Sumeru Securities Pvt. Ltd.,370,345.0,127650.0,2025-07-29 12:24:28.433862
2025-07-29,93651,2025072904013776,RHPL,Sewa Securities Pvt. Ltd.,Oxford Securities Pvt. Ltd.,15,344.2,5163.0,2025-07-29 12:25:08.230632
2025-07-29,93345,2025072904013870,RHPL,Imperial Securities Company Pvt. Ltd.,Sumeru Securities Pvt. Ltd.,30,345.0,10350.0,2025-07-29 12:25:27.453443
2025-07-29,93155,2025072904013916,RHPL,Sewa Securities Pvt. Ltd.,Vision Securities Pvt. Ltd,10,344.2,3442.0,2025-07-29 12:25:41.271741
2025-07-29,91691,2025072904014357,RHPL,Sewa Securities Pvt. Ltd.,Investment Management Nepal Pvt. Ltd.,35,344.2,12047.0,2025-07-29 12:27:34.881544
2025-07-29,91128,2025072904014528,RHPL,Oxford Securities Pvt. Ltd.,Investment Management Nepal Pvt. Ltd.,15,344.2,5163.0,2025-07-29 12:28:12.816151
2025-07-29,91127,2025072904014529,RHPL,Oxford Securities Pvt. Ltd.,Aryatara Investment & Securities,35,344.8,12068.0,2025-07-29 12:28:12.816210
2025-07-29,89708,2025072904014829,RHPL,Trishakti Securities Public Limited,Swarna Laxmi Securities Pvt. Ltd.,320,344.1,110112.0,2025-07-29 12:29:57.227336
2025-07-29,89707,2025072904014830,RHPL,Market Securities & Exchange (PVT) Ltd.,Swarna Laxmi Securities Pvt. Ltd.,100,344.0,34400.0,2025-07-29 12:29:57.227860
2025-07-29,89003,2025072904015008,RHPL,Market Securities & Exchange (PVT) Ltd.,Thrive Brokerage House Pvt. Ltd,220,344.0,75680.0,2025-07-29 12:30:46.859978
2025-07-29,88943,2025072904015026,RHPL,Market Securities & Exchange (PVT) Ltd.,Aryatara Investment & Securities,110,344.0,37840.0,2025-07-29 12:30:50.772759
2025-07-29,88942,2025072904015027,RHPL,Dynamic Money Managers Securities Pvt. Ltd.,Aryatara Investment & Securities,140,344.0,48160.0,2025-07-29 12:30:50.772985
2025-07-29,88694,2025072904015117,RHPL,Dynamic Money Managers Securities Pvt. Ltd.,Online Securities Pvt. Ltd.,460,344.0,158240.0,2025-07-29 12:31:13.800077
2025-07-29,88693,2025072904015118,RHPL,Siprabi Securities Pvt. Ltd.,Online Securities Pvt. Ltd.,40,344.0,13760.0,2025-07-29 12:31:13.800336
2025-07-29,88533,2025072904015135,RHPL,Vision Securities Pvt. Ltd,J.F. Securites (PVT) Ltd.,3,344.0,1032.0,2025-07-29 12:31:24.900138
2025-07-29,87685,2025072904015349,RHPL,Siprabi Securities Pvt. Ltd.,Online Securities Pvt. Ltd.,10,344.0,3440.0,2025-07-29 12:32:43.366040
2025-07-29,87684,2025072904015350,RHPL,Aryatara Investment & Securities,Online Securities Pvt. Ltd.,80,344.0,27520.0,2025-07-29 12:32:43.366295
2025-07-29,87361,2025072904015444,RHPL,Dakshinkali Investment & Securities Pvt. Ltd.,Siprabi Securities Pvt. Ltd.,450,344.0,154800.0,2025-07-29 12:33:10.204585
2025-07-29,86412,2025072904015644,RHPL,Shree Krishna Securities Ltd.,Siprabi Securities Pvt. Ltd.,550,344.0,189200.0,2025-07-29 12:34:39.333809
2025-07-29,86411,2025072904015645,RHPL,Shree Krishna Securities Ltd.,Dipshikha Dhitopatra Karobar Co. Pvt Ltd.,40,344.0,13760.0,2025-07-29 12:34:39.334081
2025-07-29,86410,2025072904015646,RHPL,Shree Krishna Securities Ltd.,Malla & Malla Stock Broking Company Pvt. Limited,410,344.0,141040.0,2025-07-29 12:34:39.334182
2025-07-29,86267,2025072904015680,RHPL,ABC Securities Private Limited,Oxford Securities Pvt. Ltd.,10,343.9,3439.0,2025-07-29 12:34:54.235843
2025-07-29,86266,2025072904015681,RHPL,Sewa Securities Pvt. Ltd.,Oxford Securities Pvt. Ltd.,10,343.5,3435.0,2025-07-29 12:34:54.236042
2025-07-29,86224,2025072904015694,RHPL,Sewa Securities Pvt. Ltd.,Vision Securities Pvt. Ltd,10,343.5,3435.0,2025-07-29 12:34:58.337142
2025-07-29,85827,2025072904015811,RHPL,Sewa Securities Pvt. Ltd.,Midas Stock Broking Company Private Limited,70,343.5,24045.0,2025-07-29 12:35:36.200174
2025-07-29,85770,2025072904015823,RHPL,Dipshikha Dhitopatra Karobar Co. Pvt Ltd.,Malla & Malla Stock Broking Company Pvt. Limited,100,344.0,34400.0,2025-07-29 12:35:41.567571
2025-07-29,85599,2025072904015859,RHPL,Sewa Securities Pvt. Ltd.,Dipshikha Dhitopatra Karobar Co. Pvt Ltd.,80,343.5,27480.0,2025-07-29 12:36:00.051622
2025-07-29,85510,2025072904015878,RHPL,Deevyaa Securities & Stock House Pvt. Ltd,Malla & Malla Stock Broking Company Pvt. Limited,690,344.0,237360.0,2025-07-29 12:36:09.701977
2025-07-29,85509,2025072904015879,RHPL,Deevyaa Securities & Stock House Pvt. Ltd,Imperial Securities Company Pvt. Ltd.,110,344.0,37840.0,2025-07-29 12:36:09.702226
2025-07-29,84516,2025072904016136,RHPL,Shree Krishna Securities Ltd.,Online Securities Pvt. Ltd.,200,344.0,68800.0,2025-07-29 12:37:46.569710
2025-07-29,84442,2025072904016165,RHPL,Asian Securities Private Ltd.,Online Securities Pvt. Ltd.,70,344.0,24080.0,2025-07-29 12:37:50.658949
2025-07-29,83878,2025072904016283,RHPL,Asian Securities Private Ltd.,South Asian Bulls Pvt. Ltd.,40,344.0,13760.0,2025-07-29 12:38:42.157239
2025-07-29,83774,2025072904016318,RHPL,Asian Securities Private Ltd.,Capital Max Securities Ltd,90,344.0,30960.0,2025-07-29 12:38:54.936036
2025-07-29,82455,2025072904016629,RHPL,Ashutosh Brokerage & Securities (PVT) Ltd.,Oxford Securities Pvt. Ltd.,20,343.6,6872.0,2025-07-29 12:40:59.630381
2025-07-29,82454,2025072904016630,RHPL,Sewa Securities Pvt. Ltd.,Oxford Securities Pvt. Ltd.,60,343.5,20610.0,2025-07-29 12:40:59.630868
2025-07-29,82080,2025072904016710,RHPL,Sewa Securities Pvt. Ltd.,Naasa Securities Co. Ltd.,20,343.5,6870.0,2025-07-29 12:41:32.654022
2025-07-29,82079,2025072904016711,RHPL,ABC Securities Private Limited,Naasa Securities Co. Ltd.,90,343.5,30915.0,2025-07-29 12:41:32.654074
2025-07-29,82078,2025072904016712,RHPL,Linch Stock Market Ltd.,Naasa Securities Co. Ltd.,100,343.2,34320.0,2025-07-29 12:41:32.654107
2025-07-29,82077,2025072904016713,RHPL,Ashutosh Brokerage & Securities (PVT) Ltd.,Naasa Securities Co. Ltd.,2318,343.1,795305.8,2025-07-29 12:41:32.654139
2025-07-29,81246,2025072904016905,RHPL,Naasa Securities Co. Ltd.,Trisul Securities & Invt. Ltd.,40,344.0,13760.0,2025-07-29 12:42:54.945104
2025-07-29,81245,2025072904016906,RHPL,Naasa Securities Co. Ltd.,Sumeru Securities Pvt. Ltd.,200,344.0,68800.0,2025-07-29 12:42:54.945393
2025-07-29,79740,2025072904017152,RHPL,Trisul Securities & Invt. Ltd.,Nepal Stock House (PVT) Ltd.,20,344.0,6880.0,2025-07-29 12:45:08.994388
2025-07-29,79622,2025072904017181,RHPL,Sundhara Securities Limited,NIMB Stock Markets Limited,40,343.6,13744.0,2025-07-29 12:45:19.172801
2025-07-29,79414,2025072904017230,RHPL,Sundhara Securities Limited,Sani Securities Company Ltd.,40,343.6,13744.0,2025-07-29 12:45:43.939617
2025-07-29,77654,2025072904017643,RHPL,Ashutosh Brokerage & Securities (PVT) Ltd.,Naasa Securities Co. Ltd.,10,343.8,3438.0,2025-07-29 12:48:34.034388
2025-07-29,77021,2025072904017784,RHPL,Aryatara Investment & Securities,Sani Securities Company Ltd.,10,343.8,3438.0,2025-07-29 12:49:47.682307
2025-07-29,76279,2025072904017976,RHPL,Aryatara Investment & Securities,Nepal Stock House (PVT) Ltd.,20,344.0,6880.0,2025-07-29 12:51:23.098738
2025-07-29,76278,2025072904017977,RHPL,Aryatara Investment & Securities,Naasa Securities Co. Ltd.,17,344.0,5848.0,2025-07-29 12:51:23.099041
2025-07-29,76277,2025072904017978,RHPL,Aryatara Investment & Securities,Imperial Securities Company Pvt. Ltd.,10,344.0,3440.0,2025-07-29 12:51:23.099149
2025-07-29,76276,2025072904017979,RHPL,Aryatara Investment & Securities,Naasa Securities Co. Ltd.,20,344.0,6880.0,2025-07-29 12:51:23.099254
2025-07-29,76275,2025072904017980,RHPL,Aryatara Investment & Securities,Sani Securities Company Ltd.,70,344.0,24080.0,2025-07-29 12:51:23.099372
2025-07-29,75290,2025072904018159,RHPL,Naasa Securities Co. Ltd.,Linch Stock Market Ltd.,40,344.5,13780.0,2025-07-29 12:53:17.760884
2025-07-29,75289,2025072904018160,RHPL,Naasa Securities Co. Ltd.,Naasa Securities Co. Ltd.,30,344.5,10335.0,2025-07-29 12:53:17.761167
2025-07-29,75076,2025072904018194,RHPL,Agrawal Securities (PVT) Ltd.,Naasa Securities Co. Ltd.,40,344.5,13780.0,2025-07-29 12:53:45.319926
2025-07-29,73447,2025072904018524,RHPL,Aryatara Investment & Securities,Sri Hari Securities Pvt. Ltd.,80,344.8,27584.0,2025-07-29 12:56:34.937850
2025-07-29,73446,2025072904018525,RHPL,Aryatara Investment & Securities,Aryatara Investment & Securities,20,344.9,6898.0,2025-07-29 12:56:34.938128
2025-07-29,73445,2025072904018526,RHPL,Aryatara Investment & Securities,Vision Securities Pvt. Ltd,30,345.0,10350.0,2025-07-29 12:56:34.938245
2025-07-29,73444,2025072904018527,RHPL,Aryatara Investment & Securities,Midas Stock Broking Company Private Limited,70,345.0,24150.0,2025-07-29 12:56:34.938366
2025-07-29,73443,2025072904018528,RHPL,Aryatara Investment & Securities,Imperial Securities Company Pvt. Ltd.,50,345.0,17250.0,2025-07-29 12:56:34.938491
2025-07-29,73442,2025072904018529,RHPL,Aryatara Investment & Securities,Siprabi Securities Pvt. Ltd.,30,345.0,10350.0,2025-07-29 12:56:34.938624
2025-07-29,73441,2025072904018530,RHPL,Aryatara Investment & Securities,Vision Securities Pvt. Ltd,220,345.0,75900.0,2025-07-29 12:56:34.938798
2025-07-29,72777,2025072904018674,RHPL,Vision Securities Pvt. Ltd,Midas Stock Broking Company Private Limited,25,344.0,8600.0,2025-07-29 12:57:57.442519
2025-07-29,72776,2025072904018675,RHPL,Trisul Securities & Invt. Ltd.,Midas Stock Broking Company Private Limited,20,343.8,6876.0,2025-07-29 12:57:57.442825
2025-07-29,72775,2025072904018676,RHPL,Bhrikuti Stock Broking Co. Pvt. Ltd.,Midas Stock Broking Company Private Limited,35,343.7,12029.5,2025-07-29 12:57:57.442948
2025-07-29,71558,2025072904018946,RHPL,Bhrikuti Stock Broking Co. Pvt. Ltd.,Miyo Securities Pvt Ltd,80,343.7,27496.0,2025-07-29 12:59:36.389827
2025-07-29,71519,2025072904018951,RHPL,Deevyaa Securities & Stock House Pvt. Ltd,Asian Securities Private Ltd.,70,344.0,24080.0,2025-07-29 12:59:40.916597
2025-07-29,71461,2025072904018956,RHPL,Deevyaa Securities & Stock House Pvt. Ltd,NIMB Stock Markets Limited,40,344.0,13760.0,2025-07-29 12:59:46.443173
2025-07-29,71293,2025072904019010,RHPL,Deevyaa Securities & Stock House Pvt. Ltd,Sumeru Securities Pvt. Ltd.,390,344.0,134160.0,2025-07-29 13:00:09.272249
2025-07-29,71163,2025072904019039,RHPL,Bhrikuti Stock Broking Co. Pvt. Ltd.,Opal Securities Investment (PVT) Ltd.,40,343.7,13748.0,2025-07-29 13:00:23.103082
2025-07-29,70780,2025072904019099,RHPL,Vision Securities Pvt. Ltd,Sumeru Securities Pvt. Ltd.,200,344.0,68800.0,2025-07-29 13:01:02.310705
2025-07-29,69990,2025072904019238,RHPL,Bhrikuti Stock Broking Co. Pvt. Ltd.,Linch Stock Market Ltd.,40,343.7,13748.0,2025-07-29 13:02:17.952424
2025-07-29,69502,2025072904019324,RHPL,Bhrikuti Stock Broking Co. Pvt. Ltd.,Aryatara Investment & Securities,305,343.7,104828.5,2025-07-29 13:03:11.637685
2025-07-29,69501,2025072904019325,RHPL,Linch Stock Market Ltd.,Aryatara Investment & Securities,45,343.7,15466.5,2025-07-29 13:03:11.638002
2025-07-29,69500,2025072904019326,RHPL,Deevyaa Securities & Stock House Pvt. Ltd,Aryatara Investment & Securities,650,343.7,223405.0,2025-07-29 13:03:11.638121
2025-07-29,69108,2025072904019417,RHPL,Deevyaa Securities & Stock House Pvt. Ltd,Ashutosh Brokerage & Securities (PVT) Ltd.,350,343.7,120295.0,2025-07-29 13:03:56.526633
2025-07-29,69107,2025072904019418,RHPL,Naasa Securities Co. Ltd.,Ashutosh Brokerage & Securities (PVT) Ltd.,28,343.7,9623.6,2025-07-29 13:03:56.526953
2025-07-29,69106,2025072904019419,RHPL,Deevyaa Securities & Stock House Pvt. Ltd,Ashutosh Brokerage & Securities (PVT) Ltd.,1020,343.7,350574.0,2025-07-29 13:03:56.527065
2025-07-29,69105,2025072904019420,RHPL,Sundhara Securities Limited,Ashutosh Brokerage & Securities (PVT) Ltd.,420,343.6,144312.0,2025-07-29 13:03:56.527173
2025-07-29,69104,2025072904019421,RHPL,Online Securities Pvt. Ltd.,Ashutosh Brokerage & Securities (PVT) Ltd.,145,343.6,49822.0,2025-07-29 13:03:56.527293
2025-07-29,69103,2025072904019422,RHPL,Malla & Malla Stock Broking Company Pvt. Limited,Ashutosh Brokerage & Securities (PVT) Ltd.,800,343.2,274560.0,2025-07-29 13:03:56.527411
2025-07-29,69102,2025072904019423,RHPL,Ashutosh Brokerage & Securities (PVT) Ltd.,Ashutosh Brokerage & Securities (PVT) Ltd.,2682,343.1,920194.2,2025-07-29 13:03:56.527528
2025-07-29,69101,2025072904019424,RHPL,Ashutosh Brokerage & Securities (PVT) Ltd.,Ashutosh Brokerage & Securities (PVT) Ltd.,221,343.1,75825.1,2025-07-29 13:03:56.527646
2025-07-29,69100,2025072904019425,RHPL,Agrawal Securities (PVT) Ltd.,Ashutosh Brokerage & Securities (PVT) Ltd.,100,343.0,34300.0,2025-07-29 13:03:56.527757
2025-07-29,69099,2025072904019426,RHPL,Deevyaa Securities & Stock House Pvt. Ltd,Ashutosh Brokerage & Securities (PVT) Ltd.,734,343.0,251762.0,2025-07-29 13:03:56.527894
2025-07-29,68320,2025072904019587,RHPL,Naasa Securities Co. Ltd.,Sani Securities Company Ltd.,300,343.8,103140.0,2025-07-29 13:05:39.588779
2025-07-29,67938,2025072904019644,RHPL,Naasa Securities Co. Ltd.,Aryatara Investment & Securities,30,343.8,10314.0,2025-07-29 13:06:22.996180
2025-07-29,67684,2025072904019747,RHPL,Naasa Securities Co. Ltd.,Sri Hari Securities Pvt. Ltd.,20,343.8,6876.0,2025-07-29 13:06:50.384316
2025-07-29,67683,2025072904019748,RHPL,Deevyaa Securities & Stock House Pvt. Ltd,Sri Hari Securities Pvt. Ltd.,60,343.0,20580.0,2025-07-29 13:06:50.384588
2025-07-29,67386,2025072904019817,RHPL,SHUBHAKAMANA SECURITIES PVT. LTD,Sumeru Securities Pvt. Ltd.,10,344.0,3440.0,2025-07-29 13:07:30.409710
2025-07-29,67235,2025072904019848,RHPL,Deevyaa Securities & Stock House Pvt. Ltd,Sumeru Securities Pvt. Ltd.,300,344.0,103200.0,2025-07-29 13:07:46.276673
2025-07-29,67176,2025072904019863,RHPL,Trisul Securities & Invt. Ltd.,Sumeru Securities Pvt. Ltd.,1000,344.0,344000.0,2025-07-29 13:07:52.827891
2025-07-29,66728,2025072904019958,RHPL,Deevyaa Securities & Stock House Pvt. Ltd,Naasa Securities Co. Ltd.,10,343.0,3430.0,2025-07-29 13:08:48.351208
2025-07-29,66579,2025072904019995,RHPL,Deevyaa Securities & Stock House Pvt. Ltd,Linch Stock Market Ltd.,30,343.0,10290.0,2025-07-29 13:09:09.604509
2025-07-29,66171,2025072904020076,RHPL,Naasa Securities Co. Ltd.,Sunrise Securities Limited,101,343.1,34653.1,2025-07-29 13:10:08.274068
2025-07-29,66170,2025072904020077,RHPL,Deevyaa Securities & Stock House Pvt. Ltd,Sunrise Securities Limited,49,343.0,16807.0,2025-07-29 13:10:08.274423
2025-07-29,64338,2025072904020470,RHPL,Midas Stock Broking Company Private Limited,Sumeru Securities Pvt. Ltd.,100,344.0,34400.0,2025-07-29 13:14:03.928241
2025-07-29,64301,2025072904020480,RHPL,Property Wiard Limited,Dynamic Money Managers Securities Pvt. Ltd.,40,343.5,13740.0,2025-07-29 13:14:09.010671
2025-07-29,63687,2025072904020642,RHPL,Property Wiard Limited,Shree Krishna Securities Ltd.,10,343.5,3435.0,2025-07-29 13:15:18.922907
2025-07-29,63686,2025072904020643,RHPL,Dynamic Money Managers Securities Pvt. Ltd.,Shree Krishna Securities Ltd.,40,343.2,13728.0,2025-07-29 13:15:18.923223
2025-07-29,63383,2025072904020701,RHPL,Shree Krishna Securities Ltd.,Sumeru Securities Pvt. Ltd.,904,344.0,310976.0,2025-07-29 13:15:39.038996
2025-07-29,63382,2025072904020702,RHPL,Shree Krishna Securities Ltd.,Aryatara Investment & Securities,80,344.0,27520.0,2025-07-29 13:15:39.039333
2025-07-29,62792,2025072904020874,RHPL,Shree Krishna Securities Ltd.,Naasa Securities Co. Ltd.,16,344.0,5504.0,2025-07-29 13:16:36.103085
2025-07-29,62791,2025072904020875,RHPL,Dynamic Money Managers Securities Pvt. Ltd.,Naasa Securities Co. Ltd.,9,343.0,3087.0,2025-07-29 13:16:36.103409
2025-07-29,62718,2025072904020890,RHPL,Vision Securities Pvt. Ltd,Opal Securities Investment (PVT) Ltd.,40,344.0,13760.0,2025-07-29 13:16:41.682100
2025-07-29,62654,2025072904020905,RHPL,Vision Securities Pvt. Ltd,Secured Securities Ltd.,10,344.0,3440.0,2025-07-29 13:16:52.354885
2025-07-29,62299,2025072904020974,RHPL,Neev Securities Pvt. Ltd.,Vision Securities Pvt. Ltd,200,345.0,69000.0,2025-07-29 13:17:33.168894
2025-07-29,62287,2025072904020979,RHPL,Aryatara Investment & Securities,Vision Securities Pvt. Ltd,250,345.0,86250.0,2025-07-29 13:17:36.492185
2025-07-29,61929,2025072904021036,RHPL,Vision Securities Pvt. Ltd,Agrawal Securities (PVT) Ltd.,40,344.0,13760.0,2025-07-29 13:18:17.606378
2025-07-29,61924,2025072904021037,RHPL,Vision Securities Pvt. Ltd,Vision Securities Pvt. Ltd,200,345.0,69000.0,2025-07-29 13:18:18.159082
2025-07-29,61433,2025072904021140,RHPL,Linch Stock Market Ltd.,Siprabi Securities Pvt. Ltd.,270,345.0,93150.0,2025-07-29 13:19:15.024426
2025-07-29,61432,2025072904021141,RHPL,Linch Stock Market Ltd.,Aryatara Investment & Securities,730,345.0,251850.0,2025-07-29 13:19:15.025009
2025-07-29,61363,2025072904021160,RHPL,Vision Securities Pvt. Ltd,Trishakti Securities Public Limited,10,344.0,3440.0,2025-07-29 13:19:20.713798
2025-07-29,61362,2025072904021161,RHPL,Vision Securities Pvt. Ltd,Trishakti Securities Public Limited,60,344.0,20640.0,2025-07-29 13:19:20.714361
2025-07-29,60448,2025072904021305,RHPL,Aryatara Investment & Securities,Aryatara Investment & Securities,270,345.0,93150.0,2025-07-29 13:21:04.068870
2025-07-29,60447,2025072904021306,RHPL,Aryatara Investment & Securities,Trisul Securities & Invt. Ltd.,500,345.0,172500.0,2025-07-29 13:21:04.069212
2025-07-29,60446,2025072904021307,RHPL,Aryatara Investment & Securities,Pragyan Securities (PVT) Ltd.,40,345.0,13800.0,2025-07-29 13:21:04.069439
2025-07-29,60444,2025072904021308,RHPL,Aryatara Investment & Securities,Secured Securities Ltd.,70,345.0,24150.0,2025-07-29 13:21:04.069620
2025-07-29,60443,2025072904021309,RHPL,Aryatara Investment & Securities,Elite Stock House Limited,70,345.0,24150.0,2025-07-29 13:21:04.069790
2025-07-29,60442,2025072904021310,RHPL,Aryatara Investment & Securities,Neev Securities Pvt. Ltd.,10,345.0,3450.0,2025-07-29 13:21:04.069932
2025-07-29,60441,2025072904021311,RHPL,Aryatara Investment & Securities,Dipshikha Dhitopatra Karobar Co. Pvt Ltd.,40,345.0,13800.0,2025-07-29 13:21:04.070045
2025-07-29,59716,2025072904021539,RHPL,Vision Securities Pvt. Ltd,South Asian Bulls Pvt. Ltd.,40,344.0,13760.0,2025-07-29 13:22:46.790902
2025-07-29,59715,2025072904021540,RHPL,Shree Krishna Securities Ltd.,South Asian Bulls Pvt. Ltd.,10,344.0,3440.0,2025-07-29 13:22:46.791211
2025-07-29,59670,2025072904021546,RHPL,Aryatara Investment & Securities,Dipshikha Dhitopatra Karobar Co. Pvt Ltd.,30,345.0,10350.0,2025-07-29 13:22:53.635099
2025-07-29,59669,2025072904021547,RHPL,Aryatara Investment & Securities,Kumari Securities Private Limited,30,345.0,10350.0,2025-07-29 13:22:53.635673
2025-07-29,59668,2025072904021548,RHPL,Aryatara Investment & Securities,Dipshikha Dhitopatra Karobar Co. Pvt Ltd.,20,345.0,6900.0,2025-07-29 13:22:53.636043
2025-07-29,59667,2025072904021549,RHPL,Aryatara Investment & Securities,J.F. Securites (PVT) Ltd.,24,345.0,8280.0,2025-07-29 13:22:53.636391
2025-07-29,59666,2025072904021550,RHPL,Aryatara Investment & Securities,Online Securities Pvt. Ltd.,30,346.0,10380.0,2025-07-29 13:22:53.636738
2025-07-29,59665,2025072904021551,RHPL,Aryatara Investment & Securities,Online Securities Pvt. Ltd.,10,346.0,3460.0,2025-07-29 13:22:53.637088
2025-07-29,59664,2025072904021552,RHPL,Aryatara Investment & Securities,Infinity Securities Limited,500,346.7,173350.0,2025-07-29 13:22:53.637464
2025-07-29,59663,2025072904021553,RHPL,Aryatara Investment & Securities,Online Securities Pvt. Ltd.,200,346.8,69360.0,2025-07-29 13:22:53.637821
2025-07-29,59662,2025072904021554,RHPL,Aryatara Investment & Securities,Online Securities Pvt. Ltd.,30,347.0,10410.0,2025-07-29 13:22:53.638133
2025-07-29,59661,2025072904021555,RHPL,Aryatara Investment & Securities,Naasa Securities Co. Ltd.,126,347.0,43722.0,2025-07-29 13:22:53.638456
2025-07-29,58518,2025072904021760,RHPL,Naasa Securities Co. Ltd.,ABC Securities Private Limited,20,345.0,6900.0,2025-07-29 13:25:19.319466
2025-07-29,58280,2025072904021821,RHPL,Deevyaa Securities & Stock House Pvt. Ltd,Midas Stock Broking Company Private Limited,50,345.0,17250.0,2025-07-29 13:25:54.618868
2025-07-29,56330,2025072904022237,RHPL,Deevyaa Securities & Stock House Pvt. Ltd,Sundhara Securities Limited,20,344.0,6880.0,2025-07-29 13:30:16.628252
2025-07-29,56307,2025072904022243,RHPL,Deevyaa Securities & Stock House Pvt. Ltd,Sundhara Securities Limited,20,344.0,6880.0,2025-07-29 13:30:19.650823
2025-07-29,56088,2025072904022295,RHPL,Deevyaa Securities & Stock House Pvt. Ltd,Vision Securities Pvt. Ltd,20,344.0,6880.0,2025-07-29 13:30:52.685180
2025-07-29,55076,2025072904022523,RHPL,Deevyaa Securities & Stock House Pvt. Ltd,Sewa Securities Pvt. Ltd.,290,344.0,99760.0,2025-07-29 13:33:05.087342
2025-07-29,55075,2025072904022524,RHPL,Naasa Securities Co. Ltd.,Sewa Securities Pvt. Ltd.,50,344.0,17200.0,2025-07-29 13:33:05.087649
2025-07-29,55074,2025072904022525,RHPL,Shree Krishna Securities Ltd.,Sewa Securities Pvt. Ltd.,990,343.8,340362.0,2025-07-29 13:33:05.087767
2025-07-29,55073,2025072904022526,RHPL,Naasa Securities Co. Ltd.,Sewa Securities Pvt. Ltd.,110,343.7,37807.0,2025-07-29 13:33:05.087883
2025-07-29,55072,2025072904022527,RHPL,Vision Securities Pvt. Ltd,Sewa Securities Pvt. Ltd.,100,343.6,34360.0,2025-07-29 13:33:05.088002
2025-07-29,55071,2025072904022528,RHPL,Naasa Securities Co. Ltd.,Sewa Securities Pvt. Ltd.,50,343.6,17180.0,2025-07-29 13:33:05.088137
2025-07-29,55070,2025072904022529,RHPL,Sri Hari Securities Pvt. Ltd.,Sewa Securities Pvt. Ltd.,500,343.5,171750.0,2025-07-29 13:33:05.088249
2025-07-29,55069,2025072904022530,RHPL,Premier Securities Company Ltd.,Sewa Securities Pvt. Ltd.,150,343.3,51495.0,2025-07-29 13:33:05.088370
2025-07-29,54810,2025072904022586,RHPL,Premier Securities Company Ltd.,Nepal Stock House (PVT) Ltd.,10,343.3,3433.0,2025-07-29 13:33:36.379715
2025-07-29,53686,2025072904022759,RHPL,Shree Krishna Securities Ltd.,Premier Securities Company Ltd.,40,343.4,13736.0,2025-07-29 13:35:32.799321
2025-07-29,52679,2025072904023093,RHPL,Investment Management Nepal Pvt. Ltd.,Secured Securities Ltd.,80,343.5,27480.0,2025-07-29 13:37:06.869973
2025-07-29,51751,2025072904023304,RHPL,Premier Securities Company Ltd.,Vision Securities Pvt. Ltd,40,343.6,13744.0,2025-07-29 13:38:43.438386
2025-07-29,51177,2025072904023478,RHPL,Premier Securities Company Ltd.,Kalika Securities Pvt. Ltd.,70,343.6,24052.0,2025-07-29 13:39:50.829064
2025-07-29,50377,2025072904023685,RHPL,Premier Securities Company Ltd.,Trisul Securities & Invt. Ltd.,10,343.6,3436.0,2025-07-29 13:41:21.899186
2025-07-29,48619,2025072904024159,RHPL,Shree Krishna Securities Ltd.,Investment Management Nepal Pvt. Ltd.,40,344.0,13760.0,2025-07-29 13:44:33.327117
2025-07-29,48492,2025072904024183,RHPL,Shree Krishna Securities Ltd.,Asian Securities Private Ltd.,70,344.0,24080.0,2025-07-29 13:44:47.182481
2025-07-29,47510,2025072904024402,RHPL,Shree Krishna Securities Ltd.,Premier Securities Company Ltd.,100,344.0,34400.0,2025-07-29 13:46:21.021882
2025-07-29,47406,2025072904024436,RHPL,Shree Krishna Securities Ltd.,Nepal Stock House (PVT) Ltd.,10,344.0,3440.0,2025-07-29 13:46:31.576342
2025-07-29,47309,2025072904024467,RHPL,Shree Krishna Securities Ltd.,Trisul Securities & Invt. Ltd.,10,344.0,3440.0,2025-07-29 13:46:41.740587
2025-07-29,47015,2025072904024560,RHPL,Naasa Securities Co. Ltd.,ABC Securities Private Limited,40,345.0,13800.0,2025-07-29 13:47:16.099640
2025-07-29,47014,2025072904024561,RHPL,Naasa Securities Co. Ltd.,Nagarik Stock Dealer ,110,345.0,37950.0,2025-07-29 13:47:16.099983
2025-07-29,46673,2025072904024651,RHPL,Shree Krishna Securities Ltd.,Primo Securities (PVT) Ltd.,100,344.0,34400.0,2025-07-29 13:47:57.572147
2025-07-29,46542,2025072904024682,RHPL,Vision Securities Pvt. Ltd,Nagarik Stock Dealer ,10,345.0,3450.0,2025-07-29 13:48:11.545637
2025-07-29,46164,2025072904024776,RHPL,Trishakti Securities Public Limited,Nagarik Stock Dealer ,10,345.0,3450.0,2025-07-29 13:48:45.922267
2025-07-29,44988,2025072904025060,RHPL,Shree Krishna Securities Ltd.,Imperial Securities Company Pvt. Ltd.,20,344.0,6880.0,2025-07-29 13:51:14.206425
2025-07-29,44278,2025072904025206,RHPL,Dipshikha Dhitopatra Karobar Co. Pvt Ltd.,Trisul Securities & Invt. Ltd.,10,344.1,3441.0,2025-07-29 13:52:47.206945
2025-07-29,44103,2025072904025277,RHPL,Dipshikha Dhitopatra Karobar Co. Pvt Ltd.,Midas Stock Broking Company Private Limited,70,344.1,24087.0,2025-07-29 13:53:05.690329
2025-07-29,43620,2025072904025407,RHPL,Sumeru Securities Pvt. Ltd.,Nagarik Stock Dealer ,99,345.0,34155.0,2025-07-29 13:54:08.876473
2025-07-29,42511,2025072904025675,RHPL,Imperial Securities Company Pvt. Ltd.,Nepal Stock House (PVT) Ltd.,20,344.5,6890.0,2025-07-29 13:56:29.854697
2025-07-29,42510,2025072904025676,RHPL,Dipshikha Dhitopatra Karobar Co. Pvt Ltd.,Nepal Stock House (PVT) Ltd.,50,344.1,17205.0,2025-07-29 13:56:29.855018
2025-07-29,42240,2025072904025729,RHPL,Dipshikha Dhitopatra Karobar Co. Pvt Ltd.,Naasa Securities Co. Ltd.,70,344.1,24087.0,2025-07-29 13:57:16.841753
2025-07-29,40976,2025072904026010,RHPL,Dipshikha Dhitopatra Karobar Co. Pvt Ltd.,Bhrikuti Stock Broking Co. Pvt. Ltd.,80,344.1,27528.0,2025-07-29 13:59:58.437183
2025-07-29,40632,2025072904026103,RHPL,Dipshikha Dhitopatra Karobar Co. Pvt Ltd.,Asian Securities Private Ltd.,220,344.1,75702.0,2025-07-29 14:00:41.964368
2025-07-29,40499,2025072904026137,RHPL,Shree Krishna Securities Ltd.,Imperial Securities Company Pvt. Ltd.,60,344.0,20640.0,2025-07-29 14:00:59.155016
2025-07-29,40498,2025072904026138,RHPL,Dakshinkali Investment & Securities Pvt. Ltd.,Imperial Securities Company Pvt. Ltd.,10,344.0,3440.0,2025-07-29 14:00:59.155628
2025-07-29,40490,2025072904026142,RHPL,Dakshinkali Investment & Securities Pvt. Ltd.,Asian Securities Private Ltd.,190,344.0,65360.0,2025-07-29 14:01:00.470629
2025-07-29,40489,2025072904026143,RHPL,Vision Securities Pvt. Ltd,Asian Securities Private Ltd.,110,344.0,37840.0,2025-07-29 14:01:00.470960
2025-07-29,39220,2025072904026421,RHPL,Premier Securities Company Ltd.,Imperial Securities Company Pvt. Ltd.,70,343.6,24052.0,2025-07-29 14:03:57.534793
2025-07-29,38716,2025072904026562,RHPL,Premier Securities Company Ltd.,Miyo Securities Pvt Ltd,130,343.6,44668.0,2025-07-29 14:05:05.076694
2025-07-29,38715,2025072904026563,RHPL,Naasa Securities Co. Ltd.,Miyo Securities Pvt Ltd,30,343.6,10308.0,2025-07-29 14:05:05.077006
2025-07-29,38714,2025072904026564,RHPL,Premier Securities Company Ltd.,Miyo Securities Pvt Ltd,1340,343.6,460424.0,2025-07-29 14:05:05.077128
2025-07-29,37918,2025072904026761,RHPL,Trisul Securities & Invt. Ltd.,Asian Securities Private Ltd.,280,344.0,96320.0,2025-07-29 14:06:33.665592
2025-07-29,37917,2025072904026762,RHPL,Trisul Securities & Invt. Ltd.,Investment Management Nepal Pvt. Ltd.,40,344.0,13760.0,2025-07-29 14:06:33.665933
2025-07-29,37884,2025072904026765,RHPL,Trisul Securities & Invt. Ltd.,Naasa Securities Co. Ltd.,133,344.0,45752.0,2025-07-29 14:06:36.278176
2025-07-29,37855,2025072904026770,RHPL,Premier Securities Company Ltd.,Vision Securities Pvt. Ltd,40,343.6,13744.0,2025-07-29 14:06:41.596176
2025-07-29,37810,2025072904026780,RHPL,Imperial Securities Company Pvt. Ltd.,Naasa Securities Co. Ltd.,355,344.0,122120.0,2025-07-29 14:06:50.104580
2025-07-29,37731,2025072904026801,RHPL,Premier Securities Company Ltd.,Nepal Stock House (PVT) Ltd.,40,343.6,13744.0,2025-07-29 14:07:00.237193
2025-07-29,37270,2025072904026891,RHPL,Premier Securities Company Ltd.,Dipshikha Dhitopatra Karobar Co. Pvt Ltd.,230,343.6,79028.0,2025-07-29 14:07:58.047282
2025-07-29,36456,2025072904027124,RHPL,Premier Securities Company Ltd.,Sani Securities Company Ltd.,80,343.6,27488.0,2025-07-29 14:09:25.613489
2025-07-29,35889,2025072904027287,RHPL,Dipshikha Dhitopatra Karobar Co. Pvt Ltd.,Aryatara Investment & Securities,40,343.7,13748.0,2025-07-29 14:10:33.230921
2025-07-29,35000,2025072904027534,RHPL,Dipshikha Dhitopatra Karobar Co. Pvt Ltd.,Aryatara Investment & Securities,50,343.7,17185.0,2025-07-29 14:12:26.692574
2025-07-29,34573,2025072904027653,RHPL,Dipshikha Dhitopatra Karobar Co. Pvt Ltd.,Dakshinkali Investment & Securities Pvt. Ltd.,70,343.7,24059.0,2025-07-29 14:13:18.976775
2025-07-29,34331,2025072904027713,RHPL,Dipshikha Dhitopatra Karobar Co. Pvt Ltd.,Midas Stock Broking Company Private Limited,20,343.7,6874.0,2025-07-29 14:13:54.397251
2025-07-29,34330,2025072904027714,RHPL,Premier Securities Company Ltd.,Midas Stock Broking Company Private Limited,1261,343.6,433279.6,2025-07-29 14:13:54.397590
2025-07-29,33932,2025072904027818,RHPL,Premier Securities Company Ltd.,Naasa Securities Co. Ltd.,4874,343.6,1674706.4,2025-07-29 14:14:44.876248
2025-07-29,33432,2025072904027918,RHPL,Premier Securities Company Ltd.,Ashutosh Brokerage & Securities (PVT) Ltd.,975,343.6,335010.0,2025-07-29 14:15:31.832983
2025-07-29,33431,2025072904027919,RHPL,Naasa Securities Co. Ltd.,Ashutosh Brokerage & Securities (PVT) Ltd.,33,343.6,11338.8,2025-07-29 14:15:31.833326
2025-07-29,33430,2025072904027920,RHPL,Investment Management Nepal Pvt. Ltd.,Ashutosh Brokerage & Securities (PVT) Ltd.,220,343.5,75570.0,2025-07-29 14:15:31.833457
2025-07-29,33429,2025072904027921,RHPL,Deevyaa Securities & Stock House Pvt. Ltd,Ashutosh Brokerage & Securities (PVT) Ltd.,1000,343.5,343500.0,2025-07-29 14:15:31.833579
2025-07-29,33428,2025072904027922,RHPL,Oxford Securities Pvt. Ltd.,Ashutosh Brokerage & Securities (PVT) Ltd.,672,343.3,230697.6,2025-07-29 14:15:31.833710
2025-07-29,33335,2025072904027938,RHPL,Oxford Securities Pvt. Ltd.,Ashutosh Brokerage & Securities (PVT) Ltd.,500,343.3,171650.0,2025-07-29 14:15:47.962405
2025-07-29,32896,2025072904028042,RHPL,pahiinvestment,Naasa Securities Co. Ltd.,35,344.0,12040.0,2025-07-29 14:16:37.593024
2025-07-29,31391,2025072904028410,RHPL,Oxford Securities Pvt. Ltd.,Siprabi Securities Pvt. Ltd.,60,343.3,20598.0,2025-07-29 14:19:17.403970
2025-07-29,31237,2025072904028424,RHPL,Oxford Securities Pvt. Ltd.,Linch Stock Market Ltd.,40,343.3,13732.0,2025-07-29 14:19:35.207728
2025-07-29,31161,2025072904028444,RHPL,Oxford Securities Pvt. Ltd.,Online Securities Pvt. Ltd.,50,343.3,17165.0,2025-07-29 14:19:46.798025
2025-07-29,30169,2025072904028694,RHPL,Oxford Securities Pvt. Ltd.,Deevyaa Securities & Stock House Pvt. Ltd,15,343.3,5149.5,2025-07-29 14:21:36.002069
2025-07-29,30131,2025072904028705,RHPL,Oxford Securities Pvt. Ltd.,Dipshikha Dhitopatra Karobar Co. Pvt Ltd.,10,343.3,3433.0,2025-07-29 14:21:43.145872
2025-07-29,30035,2025072904028722,RHPL,Oxford Securities Pvt. Ltd.,Cristal Kanchanjanga Securites Pvt. Ltd.,653,343.3,224174.9,2025-07-29 14:21:52.180422
2025-07-29,30034,2025072904028723,RHPL,Ashutosh Brokerage & Securities (PVT) Ltd.,Cristal Kanchanjanga Securites Pvt. Ltd.,145,343.3,49778.5,2025-07-29 14:21:52.180752
2025-07-29,30033,2025072904028724,RHPL,Nepal Investment And Securities Trading Private Limited,Cristal Kanchanjanga Securites Pvt. Ltd.,200,343.3,68660.0,2025-07-29 14:21:52.180875
2025-07-29,30032,2025072904028725,RHPL,Dynamic Money Managers Securities Pvt. Ltd.,Cristal Kanchanjanga Securites Pvt. Ltd.,160,343.2,54912.0,2025-07-29 14:21:52.181002
2025-07-29,30031,2025072904028726,RHPL,Asian Securities Private Ltd.,Cristal Kanchanjanga Securites Pvt. Ltd.,200,343.1,68620.0,2025-07-29 14:21:52.181121
2025-07-29,30030,2025072904028727,RHPL,Online Securities Pvt. Ltd.,Cristal Kanchanjanga Securites Pvt. Ltd.,50,343.1,17155.0,2025-07-29 14:21:52.181238
2025-07-29,30029,2025072904028728,RHPL,Deevyaa Securities & Stock House Pvt. Ltd,Cristal Kanchanjanga Securites Pvt. Ltd.,592,343.0,203056.0,2025-07-29 14:21:52.181367
2025-07-29,28847,2025072904028997,RHPL,Dipshikha Dhitopatra Karobar Co. Pvt Ltd.,Naasa Securities Co. Ltd.,300,344.0,103200.0,2025-07-29 14:23:59.717579
2025-07-29,28574,2025072904029046,RHPL,Naasa Securities Co. Ltd.,Nagarik Stock Dealer ,100,343.3,34330.0,2025-07-29 14:24:25.661555
2025-07-29,28573,2025072904029047,RHPL,Naasa Securities Co. Ltd.,Nagarik Stock Dealer ,171,343.1,58670.1,2025-07-29 14:24:25.661885
2025-07-29,28568,2025072904029048,RHPL,Naasa Securities Co. Ltd.,Malla & Malla Stock Broking Company Pvt. Limited,80,343.1,27448.0,2025-07-29 14:24:26.861725
2025-07-29,28028,2025072904029164,RHPL,Naasa Securities Co. Ltd.,Premier Securities Company Ltd.,100,343.1,34310.0,2025-07-29 14:25:34.603616
2025-07-29,27825,2025072904029217,RHPL,Naasa Securities Co. Ltd.,Thrive Brokerage House Pvt. Ltd,70,343.1,24017.0,2025-07-29 14:26:00.589084
2025-07-29,27693,2025072904029249,RHPL,Naasa Securities Co. Ltd.,Sumeru Securities Pvt. Ltd.,10,343.1,3431.0,2025-07-29 14:26:18.101346
2025-07-29,24790,2025072904029933,RHPL,Naasa Securities Co. Ltd.,Aryatara Investment & Securities,69,343.1,23673.9,2025-07-29 14:31:21.104080
2025-07-29,24628,2025072904029973,RHPL,Sundhara Securities Limited,Nepal Stock House (PVT) Ltd.,40,343.1,13724.0,2025-07-29 14:31:34.076670
2025-07-29,24091,2025072904030188,RHPL,Sundhara Securities Limited,SUN SECURITIES PVT LTD,106,343.1,36368.6,2025-07-29 14:32:18.934591
2025-07-29,23877,2025072904030241,RHPL,Naasa Securities Co. Ltd.,SUN SECURITIES PVT LTD,50,343.1,17155.0,2025-07-29 14:32:43.616365
2025-07-29,23747,2025072904030272,RHPL,Deevyaa Securities & Stock House Pvt. Ltd,SUN SECURITIES PVT LTD,1000,343.0,343000.0,2025-07-29 14:32:55.083201
2025-07-29,23522,2025072904030320,RHPL,Deevyaa Securities & Stock House Pvt. Ltd,SUN SECURITIES PVT LTD,525,343.0,180075.0,2025-07-29 14:33:16.161480
2025-07-29,23521,2025072904030321,RHPL,Deevyaa Securities & Stock House Pvt. Ltd,SUN SECURITIES PVT LTD,475,343.0,162925.0,2025-07-29 14:33:16.161796
2025-07-29,23461,2025072904030333,RHPL,Deevyaa Securities & Stock House Pvt. Ltd,Siprabi Securities Pvt. Ltd.,80,343.0,27440.0,2025-07-29 14:33:25.130981
2025-07-29,23363,2025072904030360,RHPL,Deevyaa Securities & Stock House Pvt. Ltd,South Asian Bulls Pvt. Ltd.,10,343.0,3430.0,2025-07-29 14:33:31.765867
2025-07-29,23010,2025072904030504,RHPL,Deevyaa Securities & Stock House Pvt. Ltd,Opal Securities Investment (PVT) Ltd.,100,343.0,34300.0,2025-07-29 14:34:02.571015
2025-07-29,22932,2025072904030519,RHPL,Deevyaa Securities & Stock House Pvt. Ltd,SUN SECURITIES PVT LTD,204,343.1,69992.4,2025-07-29 14:34:07.273498
2025-07-29,22628,2025072904030665,RHPL,Deevyaa Securities & Stock House Pvt. Ltd,Deevyaa Securities & Stock House Pvt. Ltd,100,343.9,34390.0,2025-07-29 14:34:33.674273
2025-07-29,22415,2025072904030730,RHPL,Deevyaa Securities & Stock House Pvt. Ltd,Naasa Securities Co. Ltd.,96,344.0,33024.0,2025-07-29 14:34:52.798205
2025-07-29,22269,2025072904030767,RHPL,Deevyaa Securities & Stock House Pvt. Ltd,Online Securities Pvt. Ltd.,10,343.0,3430.0,2025-07-29 14:35:12.642580
2025-07-29,22092,2025072904030823,RHPL,Sundhara Securities Limited,Kalika Securities Pvt. Ltd.,50,343.1,17155.0,2025-07-29 14:35:33.575838
2025-07-29,21895,2025072904030879,RHPL,Sundhara Securities Limited,Bhrikuti Stock Broking Co. Pvt. Ltd.,70,343.1,24017.0,2025-07-29 14:36:01.352123
2025-07-29,21691,2025072904030938,RHPL,Sundhara Securities Limited,Vision Securities Pvt. Ltd,10,343.1,3431.0,2025-07-29 14:36:20.975769
2025-07-29,21549,2025072904030976,RHPL,Sundhara Securities Limited,Nepal Stock House (PVT) Ltd.,70,343.1,24017.0,2025-07-29 14:36:34.827462
2025-07-29,21035,2025072904031101,RHPL,Secured Securities Ltd.,Naasa Securities Co. Ltd.,81,344.0,27864.0,2025-07-29 14:37:27.765995
2025-07-29,21034,2025072904031102,RHPL,Secured Securities Ltd.,Linch Stock Market Ltd.,10,344.0,3440.0,2025-07-29 14:37:27.766299
2025-07-29,21033,2025072904031103,RHPL,Secured Securities Ltd.,Aryatara Investment & Securities,115,344.0,39560.0,2025-07-29 14:37:27.766434
2025-07-29,21032,2025072904031104,RHPL,Secured Securities Ltd.,Linch Stock Market Ltd.,10,344.0,3440.0,2025-07-29 14:37:27.766550
2025-07-29,21031,2025072904031105,RHPL,Secured Securities Ltd.,Aryatara Investment & Securities,40,344.0,13760.0,2025-07-29 14:37:27.766668
2025-07-29,21030,2025072904031106,RHPL,Secured Securities Ltd.,Naasa Securities Co. Ltd.,244,344.0,83936.0,2025-07-29 14:37:27.766783
2025-07-29,20374,2025072904031235,RHPL,Sundhara Securities Limited,Dynamic Money Managers Securities Pvt. Ltd.,100,343.1,34310.0,2025-07-29 14:38:39.771721
2025-07-29,20373,2025072904031236,RHPL,Deevyaa Securities & Stock House Pvt. Ltd,Dynamic Money Managers Securities Pvt. Ltd.,900,343.0,308700.0,2025-07-29 14:38:39.772038
2025-07-29,19882,2025072904031348,RHPL,MILKY WAY SHARE BROKER COMPANY LTD ,Naasa Securities Co. Ltd.,256,344.0,88064.0,2025-07-29 14:39:25.263752
2025-07-29,19881,2025072904031349,RHPL,MILKY WAY SHARE BROKER COMPANY LTD ,Naasa Securities Co. Ltd.,1000,344.0,344000.0,2025-07-29 14:39:25.264068
2025-07-29,19335,2025072904031462,RHPL,Sani Securities Company Ltd.,Sweta Securities Private Limited,10,344.5,3445.0,2025-07-29 14:40:10.982057
2025-07-29,18954,2025072904031543,RHPL,South Asian Bulls Pvt. Ltd.,Sweta Securities Private Limited,30,344.5,10335.0,2025-07-29 14:40:44.365303
2025-07-29,18953,2025072904031544,RHPL,South Asian Bulls Pvt. Ltd.,Premier Securities Company Ltd.,10,344.5,3445.0,2025-07-29 14:40:44.365596
2025-07-29,18867,2025072904031563,RHPL,Deevyaa Securities & Stock House Pvt. Ltd,Online Securities Pvt. Ltd.,80,344.2,27536.0,2025-07-29 14:40:55.056052
2025-07-29,18726,2025072904031592,RHPL,Deevyaa Securities & Stock House Pvt. Ltd,Dakshinkali Investment & Securities Pvt. Ltd.,10,344.2,3442.0,2025-07-29 14:41:10.052286
2025-07-29,18541,2025072904031617,RHPL,Dakshinkali Investment & Securities Pvt. Ltd.,Premier Securities Company Ltd.,90,344.5,31005.0,2025-07-29 14:41:28.348417
2025-07-29,18540,2025072904031618,RHPL,Dakshinkali Investment & Securities Pvt. Ltd.,J.F. Securites (PVT) Ltd.,70,345.0,24150.0,2025-07-29 14:41:28.348483
2025-07-29,18539,2025072904031619,RHPL,Dakshinkali Investment & Securities Pvt. Ltd.,Dynamic Money Managers Securities Pvt. Ltd.,70,345.0,24150.0,2025-07-29 14:41:28.348517
2025-07-29,18538,2025072904031620,RHPL,Dakshinkali Investment & Securities Pvt. Ltd.,Naasa Securities Co. Ltd.,50,345.0,17250.0,2025-07-29 14:41:28.348541
2025-07-29,18537,2025072904031621,RHPL,Dakshinkali Investment & Securities Pvt. Ltd.,Deevyaa Securities & Stock House Pvt. Ltd,20,345.0,6900.0,2025-07-29 14:41:28.348564
2025-07-29,18536,2025072904031622,RHPL,Dakshinkali Investment & Securities Pvt. Ltd.,Online Securities Pvt. Ltd.,10,345.0,3450.0,2025-07-29 14:41:28.348587
2025-07-29,18535,2025072904031623,RHPL,Dakshinkali Investment & Securities Pvt. Ltd.,Investment Management Nepal Pvt. Ltd.,40,345.0,13800.0,2025-07-29 14:41:28.348609
2025-07-29,18534,2025072904031624,RHPL,Dakshinkali Investment & Securities Pvt. Ltd.,Malla & Malla Stock Broking Company Pvt. Limited,50,345.0,17250.0,2025-07-29 14:41:28.348634
2025-07-29,18533,2025072904031625,RHPL,Dakshinkali Investment & Securities Pvt. Ltd.,Imperial Securities Company Pvt. Ltd.,500,345.0,172500.0,2025-07-29 14:41:28.348708
2025-07-29,18532,2025072904031626,RHPL,Dakshinkali Investment & Securities Pvt. Ltd.,Vision Securities Pvt. Ltd,40,345.0,13800.0,2025-07-29 14:41:28.348737
2025-07-29,18531,2025072904031627,RHPL,Dakshinkali Investment & Securities Pvt. Ltd.,Sri Hari Securities Pvt. Ltd.,40,345.0,13800.0,2025-07-29 14:41:28.348759
2025-07-29,18530,2025072904031628,RHPL,Dakshinkali Investment & Securities Pvt. Ltd.,Sri Hari Securities Pvt. Ltd.,70,345.0,24150.0,2025-07-29 14:41:28.348781
2025-07-29,18529,2025072904031629,RHPL,Dakshinkali Investment & Securities Pvt. Ltd.,Malla & Malla Stock Broking Company Pvt. Limited,40,345.0,13800.0,2025-07-29 14:41:28.348804
2025-07-29,18528,2025072904031630,RHPL,Dakshinkali Investment & Securities Pvt. Ltd.,Malla & Malla Stock Broking Company Pvt. Limited,30,345.0,10350.0,2025-07-29 14:41:28.348827
2025-07-29,18527,2025072904031631,RHPL,Dakshinkali Investment & Securities Pvt. Ltd.,Siprabi Securities Pvt. Ltd.,86,345.0,29670.0,2025-07-29 14:41:28.348850
2025-07-29,18526,2025072904031632,RHPL,Dakshinkali Investment & Securities Pvt. Ltd.,Trishakti Securities Public Limited,500,345.0,172500.0,2025-07-29 14:41:28.348873
2025-07-29,18525,2025072904031633,RHPL,Dakshinkali Investment & Securities Pvt. Ltd.,Ashutosh Brokerage & Securities (PVT) Ltd.,70,345.0,24150.0,2025-07-29 14:41:28.348901
2025-07-29,18524,2025072904031634,RHPL,Dakshinkali Investment & Securities Pvt. Ltd.,Imperial Securities Company Pvt. Ltd.,50,345.9,17295.0,2025-07-29 14:41:28.348927
2025-07-29,18523,2025072904031635,RHPL,Dakshinkali Investment & Securities Pvt. Ltd.,Naasa Securities Co. Ltd.,40,346.0,13840.0,2025-07-29 14:41:28.348952
2025-07-29,18522,2025072904031636,RHPL,Dakshinkali Investment & Securities Pvt. Ltd.,Investment Management Nepal Pvt. Ltd.,10,346.0,3460.0,2025-07-29 14:41:28.348977
2025-07-29,18521,2025072904031637,RHPL,Dakshinkali Investment & Securities Pvt. Ltd.,Oxford Securities Pvt. Ltd.,40,346.0,13840.0,2025-07-29 14:41:28.348998
2025-07-29,18520,2025072904031638,RHPL,Dakshinkali Investment & Securities Pvt. Ltd.,Deevyaa Securities & Stock House Pvt. Ltd,50,346.9,17345.0,2025-07-29 14:41:28.349023
2025-07-29,18519,2025072904031639,RHPL,Dakshinkali Investment & Securities Pvt. Ltd.,Oxford Securities Pvt. Ltd.,34,346.9,11794.6,2025-07-29 14:41:28.349047
2025-07-29,18156,2025072904031727,RHPL,Deevyaa Securities & Stock House Pvt. Ltd,Naasa Securities Co. Ltd.,110,344.2,37862.0,2025-07-29 14:42:04.376193
2025-07-29,18155,2025072904031728,RHPL,Naasa Securities Co. Ltd.,Naasa Securities Co. Ltd.,50,344.1,17205.0,2025-07-29 14:42:04.376752
2025-07-29,18154,2025072904031729,RHPL,MILKY WAY SHARE BROKER COMPANY LTD ,Naasa Securities Co. Ltd.,240,344.0,82560.0,2025-07-29 14:42:04.377089
2025-07-29,16803,2025072904032123,RHPL,Kohinoor Investment & Securities Pvt. Ltd.,Oxford Securities Pvt. Ltd.,40,345.0,13800.0,2025-07-29 14:44:05.124616
2025-07-29,14897,2025072904032547,RHPL,MILKY WAY SHARE BROKER COMPANY LTD ,Sri Hari Securities Pvt. Ltd.,500,344.0,172000.0,2025-07-29 14:46:37.360447
2025-07-29,13664,2025072904032842,RHPL,MILKY WAY SHARE BROKER COMPANY LTD ,ABC Securities Private Limited,10,344.0,3440.0,2025-07-29 14:48:24.510173
2025-07-29,13120,2025072904032982,RHPL,MILKY WAY SHARE BROKER COMPANY LTD ,Online Securities Pvt. Ltd.,500,344.0,172000.0,2025-07-29 14:49:08.606890
2025-07-29,12827,2025072904033062,RHPL,Vision Securities Pvt. Ltd,Sumeru Securities Pvt. Ltd.,30,344.2,10326.0,2025-07-29 14:49:34.875967
2025-07-29,12724,2025072904033090,RHPL,Vision Securities Pvt. Ltd,Vision Securities Pvt. Ltd,20,344.2,6884.0,2025-07-29 14:49:40.934276
2025-07-29,12049,2025072904033233,RHPL,Online Securities Pvt. Ltd.,Vision Securities Pvt. Ltd,20,344.2,6884.0,2025-07-29 14:50:32.202609
2025-07-29,12032,2025072904033238,RHPL,Online Securities Pvt. Ltd.,Vision Securities Pvt. Ltd,30,344.2,10326.0,2025-07-29 14:50:34.896987
2025-07-29,12031,2025072904033239,RHPL,MILKY WAY SHARE BROKER COMPANY LTD ,Vision Securities Pvt. Ltd,50,344.0,17200.0,2025-07-29 14:50:34.897292
2025-07-29,11775,2025072904033304,RHPL,MILKY WAY SHARE BROKER COMPANY LTD ,Vision Securities Pvt. Ltd,80,344.0,27520.0,2025-07-29 14:50:54.298935
2025-07-29,11247,2025072904033452,RHPL,MILKY WAY SHARE BROKER COMPANY LTD ,Dynamic Money Managers Securities Pvt. Ltd.,50,344.0,17200.0,2025-07-29 14:51:29.994682
2025-07-29,10754,2025072904033581,RHPL,MILKY WAY SHARE BROKER COMPANY LTD ,Property Wiard Limited,500,344.0,172000.0,2025-07-29 14:52:03.306130
2025-07-29,9847,2025072904033812,RHPL,MILKY WAY SHARE BROKER COMPANY LTD ,J.F. Securites (PVT) Ltd.,70,344.0,24080.0,2025-07-29 14:52:55.937619
2025-07-29,9072,2025072904034087,RHPL,MILKY WAY SHARE BROKER COMPANY LTD ,Vision Securities Pvt. Ltd,300,344.0,103200.0,2025-07-29 14:53:36.187998
2025-07-29,9008,2025072904034108,RHPL,MILKY WAY SHARE BROKER COMPANY LTD ,Premier Securities Company Ltd.,20,344.0,6880.0,2025-07-29 14:53:40.978827
2025-07-29,8100,2025072904034352,RHPL,MILKY WAY SHARE BROKER COMPANY LTD ,Vision Securities Pvt. Ltd,50,344.0,17200.0,2025-07-29 14:54:31.100619
2025-07-29,8063,2025072904034356,RHPL,MILKY WAY SHARE BROKER COMPANY LTD ,Sundhara Securities Limited,105,344.0,36120.0,2025-07-29 14:54:32.827945
2025-07-29,6284,2025072904034844,RHPL,Asian Securities Private Ltd.,Dipshikha Dhitopatra Karobar Co. Pvt Ltd.,30,344.2,10326.0,2025-07-29 14:56:19.138324
2025-07-29,5813,2025072904034977,RHPL,Asian Securities Private Ltd.,Primo Securities (PVT) Ltd.,10,344.2,3442.0,2025-07-29 14:56:40.829543
2025-07-29,5393,2025072904035100,RHPL,Siprabi Securities Pvt. Ltd.,Online Securities Pvt. Ltd.,60,344.5,20670.0,2025-07-29 14:56:58.323830
2025-07-29,5317,2025072904035122,RHPL,Asian Securities Private Ltd.,Deevyaa Securities & Stock House Pvt. Ltd,190,344.9,65531.0,2025-07-29 14:57:03.310447
2025-07-29,4520,2025072904035295,RHPL,Asian Securities Private Ltd.,Sundhara Securities Limited,220,345.0,75900.0,2025-07-29 14:57:40.059514
2025-07-29,4519,2025072904035296,RHPL,Asian Securities Private Ltd.,Imperial Securities Company Pvt. Ltd.,100,345.0,34500.0,2025-07-29 14:57:40.059835
2025-07-29,4518,2025072904035297,RHPL,Asian Securities Private Ltd.,Linch Stock Market Ltd.,40,345.0,13800.0,2025-07-29 14:57:40.060051
2025-07-29,4517,2025072904035298,RHPL,Asian Securities Private Ltd.,Aryatara Investment & Securities,70,345.0,24150.0,2025-07-29 14:57:40.060196
2025-07-29,3974,2025072904035467,RHPL,Asian Securities Private Ltd.,Thrive Brokerage House Pvt. Ltd,70,345.0,24150.0,2025-07-29 14:58:03.420824
2025-07-29,3973,2025072904035468,RHPL,INDEX SECURITIES LIMITED,Thrive Brokerage House Pvt. Ltd,130,345.0,44850.0,2025-07-29 14:58:03.421130
2025-07-29,3737,2025072904035520,RHPL,Asian Securities Private Ltd.,Vision Securities Pvt. Ltd,70,345.6,24192.0,2025-07-29 14:58:12.804862
2025-07-29,3598,2025072904035544,RHPL,INDEX SECURITIES LIMITED,Kumari Securities Private Limited,70,345.0,24150.0,2025-07-29 14:58:18.416762
2025-07-29,3597,2025072904035545,RHPL,Siprabi Securities Pvt. Ltd.,Kumari Securities Private Limited,30,345.0,10350.0,2025-07-29 14:58:18.417044
2025-07-29,3423,2025072904035582,RHPL,Sewa Securities Pvt. Ltd.,Thrive Brokerage House Pvt. Ltd,100,345.1,34510.0,2025-07-29 14:58:24.607677
2025-07-29,3422,2025072904035583,RHPL,Siprabi Securities Pvt. Ltd.,Thrive Brokerage House Pvt. Ltd,10,345.0,3450.0,2025-07-29 14:58:24.607967
2025-07-29,3421,2025072904035584,RHPL,Sundhara Securities Limited,Thrive Brokerage House Pvt. Ltd,160,345.0,55200.0,2025-07-29 14:58:24.608106
2025-07-29,3420,2025072904035585,RHPL,MILKY WAY SHARE BROKER COMPANY LTD ,Thrive Brokerage House Pvt. Ltd,1269,344.0,436536.0,2025-07-29 14:58:24.608269
2025-07-29,3419,2025072904035586,RHPL,Deevyaa Securities & Stock House Pvt. Ltd,Thrive Brokerage House Pvt. Ltd,1000,344.0,344000.0,2025-07-29 14:58:24.608425
2025-07-29,3418,2025072904035587,RHPL,Naasa Securities Co. Ltd.,Thrive Brokerage House Pvt. Ltd,222,344.0,76368.0,2025-07-29 14:58:24.608598
2025-07-29,3417,2025072904035588,RHPL,Kohinoor Investment & Securities Pvt. Ltd.,Thrive Brokerage House Pvt. Ltd,71,344.0,24424.0,2025-07-29 14:58:24.608744
2025-07-29,3416,2025072904035589,RHPL,Aryatara Investment & Securities,Thrive Brokerage House Pvt. Ltd,1000,344.0,344000.0,2025-07-29 14:58:24.608910
2025-07-29,3415,2025072904035590,RHPL,Aryatara Investment & Securities,Thrive Brokerage House Pvt. Ltd,168,344.0,57792.0,2025-07-29 14:58:24.609077
2025-07-29,2460,2025072904035850,RHPL,Investment Management Nepal Pvt. Ltd.,Opal Securities Investment (PVT) Ltd.,500,345.0,172500.0,2025-07-29 14:58:58.680437
2025-07-29,1902,2025072904036009,RHPL,Agrawal Securities (PVT) Ltd.,Opal Securities Investment (PVT) Ltd.,50,345.0,17250.0,2025-07-29 14:59:16.646300
2025-07-29,1765,2025072904036044,RHPL,Investment Management Nepal Pvt. Ltd.,Opal Securities Investment (PVT) Ltd.,100,345.0,34500.0,2025-07-29 14:59:20.852928
2025-07-29,1297,2025072904036182,RHPL,Miyo Securities Pvt Ltd,Opal Securities Investment (PVT) Ltd.,250,345.0,86250.0,2025-07-29 14:59:31.747456
2025-07-29,1032,2025072904036251,RHPL,Sewa Securities Pvt. Ltd.,Opal Securities Investment (PVT) Ltd.,100,345.0,34500.0,2025-07-29 14:59:38.734852
2025-07-29,1031,2025072904036252,RHPL,Sewa Securities Pvt. Ltd.,Deevyaa Securities & Stock House Pvt. Ltd,150,345.0,51750.0,2025-07-29 14:59:38.735153
2025-07-29,1030,2025072904036253,RHPL,Sewa Securities Pvt. Ltd.,ABC Securities Private Limited,45,345.0,15525.0,2025-07-29 14:59:38.735271
2025-07-29,594,2025072904036340,RHPL,Agrawal Securities (PVT) Ltd.,Naasa Securities Co. Ltd.,30,345.0,10350.0,2025-07-29 14:59:49.266164
2025-07-29,508,2025072904036374,RHPL,Agrawal Securities (PVT) Ltd.,Vision Securities Pvt. Ltd,470,345.0,162150.0,2025-07-29 14:59:50.761193
2025-07-29,507,2025072904036375,RHPL,Kumari Securities Private Limited,Vision Securities Pvt. Ltd,50,344.2,17210.0,2025-07-29 14:59:50.761472
2025-07-29,506,2025072904036376,RHPL,Primo Securities (PVT) Ltd.,Vision Securities Pvt. Ltd,140,344.2,48188.0,2025-07-29 14:59:50.761590
