Date,S.N.,contract_id,symbol,buyer_broker,seller_broker,volume,price,amount,transaction_time
2025-07-29,157475,2025072903000008,SADBL,Bhrikuti Stock Broking Co. Pvt. Ltd.,Sri Hari Securities Pvt. Ltd.,50,526.5,26325.0,2025-07-29 10:46:00.047732
2025-07-29,157182,2025072903000046,SADBL,S.P.S.A. Securities Limited,Dakshinkali Investment & Securities Pvt. Ltd.,10,518.0,5180.0,2025-07-29 11:01:07.660622
2025-07-29,157090,2025072903000060,SADBL,Primo Securities (PVT) Ltd.,Dakshinkali Investment & Securities Pvt. Ltd.,500,525.0,262500.0,2025-07-29 11:01:24.007989
2025-07-29,156625,2025072903000144,SADBL,Sani Securities Company Ltd.,South Asian Bulls Pvt. Ltd.,100,520.0,52000.0,2025-07-29 11:02:26.851063
2025-07-29,156535,2025072903000157,SADBL,Primo Securities (PVT) Ltd.,Dynamic Money Managers Securities Pvt. Ltd.,500,523.0,261500.0,2025-07-29 11:02:38.287807
2025-07-29,156531,2025072903000159,SADBL,Asian Securities Private Ltd.,Shree Krishna Securities Ltd.,14,520.0,7280.0,2025-07-29 11:02:38.896273
2025-07-29,155816,2025072903000297,SADBL,Agrawal Securities (PVT) Ltd.,Imperial Securities Company Pvt. Ltd.,500,522.0,261000.0,2025-07-29 11:04:00.142826
2025-07-29,155728,2025072903000318,SADBL,Sumeru Securities Pvt. Ltd.,Agrawal Securities (PVT) Ltd.,100,520.1,52010.0,2025-07-29 11:04:10.526581
2025-07-29,155727,2025072903000319,SADBL,Agrawal Securities (PVT) Ltd.,Dynamic Money Managers Securities Pvt. Ltd.,500,523.0,261500.0,2025-07-29 11:04:10.530321
2025-07-29,155726,2025072903000320,SADBL,Agrawal Securities (PVT) Ltd.,South Asian Bulls Pvt. Ltd.,100,523.0,52300.0,2025-07-29 11:04:10.530358
2025-07-29,155462,2025072903000370,SADBL,Online Securities Pvt. Ltd.,Dakshinkali Investment & Securities Pvt. Ltd.,500,523.0,261500.0,2025-07-29 11:04:36.930412
2025-07-29,155043,2025072903000468,SADBL,S.P.S.A. Securities Limited,Kumari Securities Private Limited,10,523.8,5238.0,2025-07-29 11:05:16.498381
2025-07-29,155042,2025072903000469,SADBL,S.P.S.A. Securities Limited,South Asian Bulls Pvt. Ltd.,100,523.8,52380.0,2025-07-29 11:05:16.498489
2025-07-29,155041,2025072903000470,SADBL,S.P.S.A. Securities Limited,Sharepro Securities Private Limited,140,523.9,73346.0,2025-07-29 11:05:16.498535
2025-07-29,155040,2025072903000471,SADBL,S.P.S.A. Securities Limited,KALASH STOCK MARKET PVT. LTD.,750,523.9,392925.0,2025-07-29 11:05:16.498579
2025-07-29,154991,2025072903000487,SADBL,Deevyaa Securities & Stock House Pvt. Ltd,ABC Securities Private Limited,500,523.0,261500.0,2025-07-29 11:05:22.814410
2025-07-29,154990,2025072903000488,SADBL,Malla & Malla Stock Broking Company Pvt. Limited,ABC Securities Private Limited,200,523.0,104600.0,2025-07-29 11:05:22.814533
2025-07-29,154963,2025072903000497,SADBL,Naasa Securities Co. Ltd.,ABC Securities Private Limited,100,523.0,52300.0,2025-07-29 11:05:24.742191
2025-07-29,154951,2025072903000500,SADBL,Malla & Malla Stock Broking Company Pvt. Limited,ABC Securities Private Limited,200,523.0,104600.0,2025-07-29 11:05:25.768306
2025-07-29,154928,2025072903000509,SADBL,Sani Securities Company Ltd.,Sri Hari Securities Pvt. Ltd.,150,523.0,78450.0,2025-07-29 11:05:28.672558
2025-07-29,154916,2025072903000511,SADBL,Premier Securities Company Ltd.,Sri Hari Securities Pvt. Ltd.,50,523.0,26150.0,2025-07-29 11:05:31.466967
2025-07-29,154876,2025072903000529,SADBL,Premier Securities Company Ltd.,Nagarik Stock Dealer ,200,523.0,104600.0,2025-07-29 11:05:36.368075
2025-07-29,154865,2025072903000530,SADBL,Premier Securities Company Ltd.,Dipshikha Dhitopatra Karobar Co. Pvt Ltd.,200,523.0,104600.0,2025-07-29 11:05:36.796143
2025-07-29,154695,2025072903000573,SADBL,Sumeru Securities Pvt. Ltd.,KALASH STOCK MARKET PVT. LTD.,210,523.9,110019.0,2025-07-29 11:05:53.965906
2025-07-29,154664,2025072903000580,SADBL,Opal Securities Investment (PVT) Ltd.,Dakshinkali Investment & Securities Pvt. Ltd.,500,523.1,261550.0,2025-07-29 11:05:56.699119
2025-07-29,154663,2025072903000581,SADBL,Premier Securities Company Ltd.,Dakshinkali Investment & Securities Pvt. Ltd.,50,523.0,26150.0,2025-07-29 11:05:56.699218
2025-07-29,154658,2025072903000582,SADBL,Asian Securities Private Ltd.,Naasa Securities Co. Ltd.,86,522.5,44935.0,2025-07-29 11:05:57.379670
2025-07-29,154657,2025072903000583,SADBL,Malla & Malla Stock Broking Company Pvt. Limited,Naasa Securities Co. Ltd.,44,522.5,22990.0,2025-07-29 11:05:57.379780
2025-07-29,154651,2025072903000584,SADBL,S.P.S.A. Securities Limited,Dakshinkali Investment & Securities Pvt. Ltd.,100,523.0,52300.0,2025-07-29 11:05:58.578783
2025-07-29,154568,2025072903000611,SADBL,South Asian Bulls Pvt. Ltd.,Dakshinkali Investment & Securities Pvt. Ltd.,350,523.0,183050.0,2025-07-29 11:06:04.898874
2025-07-29,154247,2025072903000664,SADBL,South Asian Bulls Pvt. Ltd.,Thrive Brokerage House Pvt. Ltd,150,523.1,78465.0,2025-07-29 11:06:30.798157
2025-07-29,154246,2025072903000665,SADBL,Malla & Malla Stock Broking Company Pvt. Limited,Thrive Brokerage House Pvt. Ltd,56,522.5,29260.0,2025-07-29 11:06:30.798257
2025-07-29,154245,2025072903000666,SADBL,Naasa Securities Co. Ltd.,Thrive Brokerage House Pvt. Ltd,100,522.0,52200.0,2025-07-29 11:06:30.798319
2025-07-29,154244,2025072903000667,SADBL,Primo Securities (PVT) Ltd.,Thrive Brokerage House Pvt. Ltd,1000,522.0,522000.0,2025-07-29 11:06:30.798367
2025-07-29,154091,2025072903000700,SADBL,Sani Securities Company Ltd.,Thrive Brokerage House Pvt. Ltd,200,522.0,104400.0,2025-07-29 11:06:46.270518
2025-07-29,154078,2025072903000703,SADBL,S.P.S.A. Securities Limited,Dakshinkali Investment & Securities Pvt. Ltd.,20,520.1,10402.0,2025-07-29 11:06:47.531192
2025-07-29,154077,2025072903000704,SADBL,Vision Securities Pvt. Ltd,Dakshinkali Investment & Securities Pvt. Ltd.,500,520.1,260050.0,2025-07-29 11:06:47.531300
2025-07-29,154076,2025072903000705,SADBL,Sundhara Securities Limited,Dakshinkali Investment & Securities Pvt. Ltd.,210,520.0,109200.0,2025-07-29 11:06:47.531358
2025-07-29,154075,2025072903000706,SADBL,Vision Securities Pvt. Ltd,Dakshinkali Investment & Securities Pvt. Ltd.,270,520.0,140400.0,2025-07-29 11:06:47.531405
2025-07-29,153164,2025072903000889,SADBL,Naasa Securities Co. Ltd.,Magnet Securities and Investment Company Private Limited,37,521.0,19277.0,2025-07-29 11:08:05.040934
2025-07-29,153163,2025072903000890,SADBL,Naasa Securities Co. Ltd.,ABC Securities Private Limited,77,521.0,40117.0,2025-07-29 11:08:05.041159
2025-07-29,153141,2025072903000894,SADBL,Malla & Malla Stock Broking Company Pvt. Limited,ABC Securities Private Limited,200,520.6,104120.0,2025-07-29 11:08:06.502341
2025-07-29,153140,2025072903000895,SADBL,Sani Securities Company Ltd.,ABC Securities Private Limited,200,520.5,104100.0,2025-07-29 11:08:06.502587
2025-07-29,153139,2025072903000896,SADBL,Imperial Securities Company Pvt. Ltd.,ABC Securities Private Limited,100,520.2,52020.0,2025-07-29 11:08:06.502746
2025-07-29,153136,2025072903000897,SADBL,Malla & Malla Stock Broking Company Pvt. Limited,ABC Securities Private Limited,200,521.0,104200.0,2025-07-29 11:08:06.748573
2025-07-29,153078,2025072903000906,SADBL,Vision Securities Pvt. Ltd,ABC Securities Private Limited,230,520.0,119600.0,2025-07-29 11:08:12.539920
2025-07-29,153077,2025072903000907,SADBL,Agrawal Securities (PVT) Ltd.,ABC Securities Private Limited,50,520.0,26000.0,2025-07-29 11:08:12.540034
2025-07-29,153003,2025072903000924,SADBL,Deevyaa Securities & Stock House Pvt. Ltd,ABC Securities Private Limited,220,520.0,114400.0,2025-07-29 11:08:19.678327
2025-07-29,153002,2025072903000925,SADBL,Deevyaa Securities & Stock House Pvt. Ltd,ABC Securities Private Limited,80,521.0,41680.0,2025-07-29 11:08:19.678447
2025-07-29,152995,2025072903000927,SADBL,Sundhara Securities Limited,ABC Securities Private Limited,90,521.0,46890.0,2025-07-29 11:08:20.101682
2025-07-29,152742,2025072903000987,SADBL,Vision Securities Pvt. Ltd,Midas Stock Broking Company Private Limited,19,519.1,9862.9,2025-07-29 11:08:41.534663
2025-07-29,152730,2025072903000989,SADBL,Vision Securities Pvt. Ltd,Sani Securities Company Ltd.,481,519.1,249687.1,2025-07-29 11:08:42.678559
2025-07-29,152729,2025072903000990,SADBL,Dipshikha Dhitopatra Karobar Co. Pvt Ltd.,Sani Securities Company Ltd.,19,519.0,9861.0,2025-07-29 11:08:42.678593
2025-07-29,152542,2025072903001028,SADBL,Dipshikha Dhitopatra Karobar Co. Pvt Ltd.,Blue Chip Securities Ltd,181,519.0,93939.0,2025-07-29 11:08:56.836880
2025-07-29,152541,2025072903001029,SADBL,Kumari Securities Private Limited,Blue Chip Securities Ltd,600,519.0,311400.0,2025-07-29 11:08:56.836996
2025-07-29,152540,2025072903001030,SADBL,Property Wiard Limited,Blue Chip Securities Ltd,60,519.0,31140.0,2025-07-29 11:08:56.837066
2025-07-29,152407,2025072903001048,SADBL,S.P.S.A. Securities Limited,Imperial Securities Company Pvt. Ltd.,375,518.0,194250.0,2025-07-29 11:09:05.936661
2025-07-29,152406,2025072903001049,SADBL,Sundhara Securities Limited,Imperial Securities Company Pvt. Ltd.,500,518.0,259000.0,2025-07-29 11:09:05.936695
2025-07-29,152405,2025072903001050,SADBL,Sani Securities Company Ltd.,Imperial Securities Company Pvt. Ltd.,200,517.1,103420.0,2025-07-29 11:09:05.936718
2025-07-29,152404,2025072903001051,SADBL,Vision Securities Pvt. Ltd,Imperial Securities Company Pvt. Ltd.,425,517.1,219767.5,2025-07-29 11:09:05.936739
2025-07-29,151718,2025072903001187,SADBL,Vision Securities Pvt. Ltd,Miyo Securities Pvt Ltd,75,517.1,38782.5,2025-07-29 11:09:59.570598
2025-07-29,151717,2025072903001188,SADBL,Naasa Securities Co. Ltd.,Miyo Securities Pvt Ltd,165,517.0,85305.0,2025-07-29 11:09:59.570634
2025-07-29,151716,2025072903001189,SADBL,Aakashbhairab Securities Ltd.,Miyo Securities Pvt Ltd,1000,517.0,517000.0,2025-07-29 11:09:59.570656
2025-07-29,151715,2025072903001190,SADBL,Kumari Securities Private Limited,Miyo Securities Pvt Ltd,40,517.0,20680.0,2025-07-29 11:09:59.570681
2025-07-29,151714,2025072903001191,SADBL,Sundhara Securities Limited,Miyo Securities Pvt Ltd,500,517.0,258500.0,2025-07-29 11:09:59.570712
2025-07-29,151713,2025072903001192,SADBL,Naasa Securities Co. Ltd.,Miyo Securities Pvt Ltd,10,516.0,5160.0,2025-07-29 11:09:59.570733
2025-07-29,151712,2025072903001193,SADBL,ABC Securities Private Limited,Miyo Securities Pvt Ltd,20,515.0,10300.0,2025-07-29 11:09:59.570754
2025-07-29,151711,2025072903001194,SADBL,ABC Securities Private Limited,Miyo Securities Pvt Ltd,150,515.0,77250.0,2025-07-29 11:09:59.570777
2025-07-29,151710,2025072903001195,SADBL,Dipshikha Dhitopatra Karobar Co. Pvt Ltd.,Miyo Securities Pvt Ltd,40,515.0,20600.0,2025-07-29 11:09:59.570798
2025-07-29,151095,2025072903001366,SADBL,Dipshikha Dhitopatra Karobar Co. Pvt Ltd.,Linch Stock Market Ltd.,50,515.0,25750.0,2025-07-29 11:10:49.967261
2025-07-29,151084,2025072903001370,SADBL,Dipshikha Dhitopatra Karobar Co. Pvt Ltd.,Blue Chip Securities Ltd,110,515.0,56650.0,2025-07-29 11:10:51.010829
2025-07-29,151083,2025072903001371,SADBL,Sweta Securities Private Limited,Blue Chip Securities Ltd,200,515.0,103000.0,2025-07-29 11:10:51.011057
2025-07-29,151082,2025072903001372,SADBL,Aryatara Investment & Securities,Blue Chip Securities Ltd,100,515.0,51500.0,2025-07-29 11:10:51.011204
2025-07-29,151081,2025072903001373,SADBL,Nagarik Stock Dealer ,Blue Chip Securities Ltd,300,515.0,154500.0,2025-07-29 11:10:51.011345
2025-07-29,151080,2025072903001374,SADBL,Malla & Malla Stock Broking Company Pvt. Limited,Blue Chip Securities Ltd,80,515.0,41200.0,2025-07-29 11:10:51.011472
2025-07-29,151079,2025072903001375,SADBL,Malla & Malla Stock Broking Company Pvt. Limited,Blue Chip Securities Ltd,200,515.0,103000.0,2025-07-29 11:10:51.011611
2025-07-29,151078,2025072903001376,SADBL,Online Securities Pvt. Ltd.,Blue Chip Securities Ltd,75,515.0,38625.0,2025-07-29 11:10:51.011747
2025-07-29,150996,2025072903001390,SADBL,Imperial Securities Company Pvt. Ltd.,Blue Chip Securities Ltd,94,515.0,48410.0,2025-07-29 11:10:55.630993
2025-07-29,150995,2025072903001391,SADBL,Imperial Securities Company Pvt. Ltd.,Trisul Securities & Invt. Ltd.,50,517.0,25850.0,2025-07-29 11:10:55.631149
2025-07-29,150994,2025072903001392,SADBL,Imperial Securities Company Pvt. Ltd.,Deevyaa Securities & Stock House Pvt. Ltd,20,519.0,10380.0,2025-07-29 11:10:55.631200
2025-07-29,150992,2025072903001393,SADBL,Imperial Securities Company Pvt. Ltd.,Kohinoor Investment & Securities Pvt. Ltd.,200,519.9,103980.0,2025-07-29 11:10:55.631252
2025-07-29,150991,2025072903001394,SADBL,Imperial Securities Company Pvt. Ltd.,Dakshinkali Investment & Securities Pvt. Ltd.,46,520.0,23920.0,2025-07-29 11:10:55.631304
2025-07-29,149960,2025072903001633,SADBL,Sani Securities Company Ltd.,Imperial Securities Company Pvt. Ltd.,30,518.0,15540.0,2025-07-29 11:12:19.043573
2025-07-29,149668,2025072903001688,SADBL,S.P.S.A. Securities Limited,Sharepro Securities Private Limited,380,516.1,196118.0,2025-07-29 11:12:48.368406
2025-07-29,149667,2025072903001689,SADBL,Sani Securities Company Ltd.,Sharepro Securities Private Limited,100,516.0,51600.0,2025-07-29 11:12:48.368449
2025-07-29,149666,2025072903001690,SADBL,Agrawal Securities (PVT) Ltd.,Sharepro Securities Private Limited,1000,516.0,516000.0,2025-07-29 11:12:48.368478
2025-07-29,149665,2025072903001691,SADBL,Neev Securities Pvt. Ltd.,Sharepro Securities Private Limited,500,515.6,257800.0,2025-07-29 11:12:48.368501
2025-07-29,149664,2025072903001692,SADBL,Midas Stock Broking Company Private Limited,Sharepro Securities Private Limited,20,515.5,10310.0,2025-07-29 11:12:48.368535
2025-07-29,149394,2025072903001748,SADBL,Miyo Securities Pvt Ltd,Imperial Securities Company Pvt. Ltd.,40,516.0,20640.0,2025-07-29 11:13:15.928838
2025-07-29,149117,2025072903001795,SADBL,Miyo Securities Pvt Ltd,Cristal Kanchanjanga Securites Pvt. Ltd.,560,516.0,288960.0,2025-07-29 11:13:40.297009
2025-07-29,148523,2025072903001890,SADBL,Capital Max Securities Ltd,Secured Securities Ltd.,200,515.7,103140.0,2025-07-29 11:14:36.282801
2025-07-29,148522,2025072903001891,SADBL,Capital Max Securities Ltd,Secured Securities Ltd.,300,515.6,154680.0,2025-07-29 11:14:36.282943
2025-07-29,148521,2025072903001892,SADBL,Pragyan Securities (PVT) Ltd.,Secured Securities Ltd.,200,515.6,103120.0,2025-07-29 11:14:36.283012
2025-07-29,148520,2025072903001893,SADBL,Midas Stock Broking Company Private Limited,Secured Securities Ltd.,480,515.5,247440.0,2025-07-29 11:14:36.283089
2025-07-29,148519,2025072903001894,SADBL,Pragyan Securities (PVT) Ltd.,Secured Securities Ltd.,200,515.1,103020.0,2025-07-29 11:14:36.283150
2025-07-29,148518,2025072903001895,SADBL,S.P.S.A. Securities Limited,Secured Securities Ltd.,300,515.0,154500.0,2025-07-29 11:14:36.283214
2025-07-29,148517,2025072903001896,SADBL,Malla & Malla Stock Broking Company Pvt. Limited,Secured Securities Ltd.,100,515.0,51500.0,2025-07-29 11:14:36.283280
2025-07-29,148516,2025072903001897,SADBL,S.P.S.A. Securities Limited,Secured Securities Ltd.,100,515.0,51500.0,2025-07-29 11:14:36.283358
2025-07-29,148515,2025072903001898,SADBL,Online Securities Pvt. Ltd.,Secured Securities Ltd.,100,515.0,51500.0,2025-07-29 11:14:36.283439
2025-07-29,148514,2025072903001899,SADBL,Sundhara Securities Limited,Secured Securities Ltd.,200,515.0,103000.0,2025-07-29 11:14:36.283512
2025-07-29,148513,2025072903001900,SADBL,Linch Stock Market Ltd.,Secured Securities Ltd.,156,515.0,80340.0,2025-07-29 11:14:36.283582
2025-07-29,148512,2025072903001901,SADBL,Kohinoor Investment & Securities Pvt. Ltd.,Secured Securities Ltd.,50,515.0,25750.0,2025-07-29 11:14:36.283649
2025-07-29,148511,2025072903001902,SADBL,Siprabi Securities Pvt. Ltd.,Secured Securities Ltd.,14,515.0,7210.0,2025-07-29 11:14:36.283723
2025-07-29,148410,2025072903001914,SADBL,Siprabi Securities Pvt. Ltd.,Sharepro Securities Private Limited,100,515.0,51500.0,2025-07-29 11:14:43.563465
2025-07-29,148389,2025072903001917,SADBL,Capital Max Securities Ltd,Sumeru Securities Pvt. Ltd.,250,515.1,128775.0,2025-07-29 11:14:45.318801
2025-07-29,148207,2025072903001950,SADBL,Capital Max Securities Ltd,Sumeru Securities Pvt. Ltd.,250,515.1,128775.0,2025-07-29 11:15:02.414687
2025-07-29,148183,2025072903001951,SADBL,Siprabi Securities Pvt. Ltd.,Aryatara Investment & Securities,86,515.0,44290.0,2025-07-29 11:15:03.052412
2025-07-29,147942,2025072903001997,SADBL,Capital Max Securities Ltd,Cristal Kanchanjanga Securites Pvt. Ltd.,250,514.7,128675.0,2025-07-29 11:15:25.960525
2025-07-29,147941,2025072903001998,SADBL,Deevyaa Securities & Stock House Pvt. Ltd,Cristal Kanchanjanga Securites Pvt. Ltd.,100,514.7,51470.0,2025-07-29 11:15:25.960674
2025-07-29,147940,2025072903001999,SADBL,Malla & Malla Stock Broking Company Pvt. Limited,Cristal Kanchanjanga Securites Pvt. Ltd.,50,514.6,25730.0,2025-07-29 11:15:25.960734
2025-07-29,147712,2025072903002051,SADBL,Sani Securities Company Ltd.,South Asian Bulls Pvt. Ltd.,15,515.0,7725.0,2025-07-29 11:15:42.781761
2025-07-29,147635,2025072903002080,SADBL,Capital Max Securities Ltd,Dakshinkali Investment & Securities Pvt. Ltd.,250,514.7,128675.0,2025-07-29 11:15:49.756193
2025-07-29,147634,2025072903002081,SADBL,Malla & Malla Stock Broking Company Pvt. Limited,Dakshinkali Investment & Securities Pvt. Ltd.,150,514.6,77190.0,2025-07-29 11:15:49.756348
2025-07-29,147633,2025072903002082,SADBL,Primo Securities (PVT) Ltd.,Dakshinkali Investment & Securities Pvt. Ltd.,100,514.5,51450.0,2025-07-29 11:15:49.756435
2025-07-29,147481,2025072903002109,SADBL,Naasa Securities Co. Ltd.,South Asian Bulls Pvt. Ltd.,11,515.0,5665.0,2025-07-29 11:16:02.862533
2025-07-29,146968,2025072903002233,SADBL,Primo Securities (PVT) Ltd.,Online Securities Pvt. Ltd.,400,514.5,205800.0,2025-07-29 11:16:48.953873
2025-07-29,146967,2025072903002234,SADBL,Naasa Securities Co. Ltd.,Online Securities Pvt. Ltd.,500,514.1,257050.0,2025-07-29 11:16:48.954191
2025-07-29,146966,2025072903002235,SADBL,Naasa Securities Co. Ltd.,Online Securities Pvt. Ltd.,500,514.1,257050.0,2025-07-29 11:16:48.954415
2025-07-29,146367,2025072903002337,SADBL,Aryatara Investment & Securities,Cristal Kanchanjanga Securites Pvt. Ltd.,40,512.7,20508.0,2025-07-29 11:17:43.759087
2025-07-29,145907,2025072903002425,SADBL,Midas Stock Broking Company Private Limited,Online Securities Pvt. Ltd.,20,514.0,10280.0,2025-07-29 11:18:27.839993
2025-07-29,145900,2025072903002427,SADBL,Aryatara Investment & Securities,Agrawal Securities (PVT) Ltd.,100,512.7,51270.0,2025-07-29 11:18:28.507420
2025-07-29,145768,2025072903002444,SADBL,Aryatara Investment & Securities,NIMB Stock Markets Limited,110,512.7,56397.0,2025-07-29 11:18:39.985087
2025-07-29,145648,2025072903002468,SADBL,Vision Securities Pvt. Ltd,Sani Securities Company Ltd.,1000,513.0,513000.0,2025-07-29 11:18:50.732122
2025-07-29,145637,2025072903002471,SADBL,Dipshikha Dhitopatra Karobar Co. Pvt Ltd.,Opal Securities Investment (PVT) Ltd.,200,512.8,102560.0,2025-07-29 11:18:53.248702
2025-07-29,145636,2025072903002472,SADBL,Aryatara Investment & Securities,Opal Securities Investment (PVT) Ltd.,250,512.7,128175.0,2025-07-29 11:18:53.248757
2025-07-29,145635,2025072903002473,SADBL,Pragyan Securities (PVT) Ltd.,Opal Securities Investment (PVT) Ltd.,100,510.3,51030.0,2025-07-29 11:18:53.248790
2025-07-29,145634,2025072903002474,SADBL,Citizens Share Broker Limited,Opal Securities Investment (PVT) Ltd.,200,510.2,102040.0,2025-07-29 11:18:53.248822
2025-07-29,145633,2025072903002475,SADBL,Vision Securities Pvt. Ltd,Opal Securities Investment (PVT) Ltd.,300,510.2,153060.0,2025-07-29 11:18:53.248852
2025-07-29,145632,2025072903002476,SADBL,Vision Securities Pvt. Ltd,Opal Securities Investment (PVT) Ltd.,200,510.1,102020.0,2025-07-29 11:18:53.248883
2025-07-29,145631,2025072903002477,SADBL,Dipshikha Dhitopatra Karobar Co. Pvt Ltd.,Opal Securities Investment (PVT) Ltd.,500,510.1,255050.0,2025-07-29 11:18:53.248915
2025-07-29,145630,2025072903002478,SADBL,Trishakti Securities Public Limited,Opal Securities Investment (PVT) Ltd.,250,510.1,127525.0,2025-07-29 11:18:53.248944
2025-07-29,144605,2025072903002683,SADBL,Aakashbhairab Securities Ltd.,KALASH STOCK MARKET PVT. LTD.,500,511.0,255500.0,2025-07-29 11:20:36.066788
2025-07-29,144604,2025072903002684,SADBL,Nepal Stock House (PVT) Ltd.,KALASH STOCK MARKET PVT. LTD.,18,510.2,9183.6,2025-07-29 11:20:36.067119
2025-07-29,143874,2025072903002817,SADBL,Sani Securities Company Ltd.,Neev Securities Pvt. Ltd.,20,511.0,10220.0,2025-07-29 11:21:40.297111
2025-07-29,143780,2025072903002836,SADBL,Sani Securities Company Ltd.,Dipshikha Dhitopatra Karobar Co. Pvt Ltd.,42,513.0,21546.0,2025-07-29 11:21:49.740714
2025-07-29,143779,2025072903002837,SADBL,Sani Securities Company Ltd.,Online Securities Pvt. Ltd.,80,514.0,41120.0,2025-07-29 11:21:49.740896
2025-07-29,143778,2025072903002838,SADBL,Sani Securities Company Ltd.,Aryatara Investment & Securities,128,514.8,65894.4,2025-07-29 11:21:49.740974
2025-07-29,143437,2025072903002900,SADBL,Cristal Kanchanjanga Securites Pvt. Ltd.,Online Securities Pvt. Ltd.,500,514.9,257450.0,2025-07-29 11:22:15.673400
2025-07-29,143135,2025072903002955,SADBL,Aakashbhairab Securities Ltd.,South Asian Bulls Pvt. Ltd.,74,515.0,38110.0,2025-07-29 11:22:36.236004
2025-07-29,143134,2025072903002956,SADBL,Aakashbhairab Securities Ltd.,Asian Securities Private Ltd.,200,515.0,103000.0,2025-07-29 11:22:36.236183
2025-07-29,143133,2025072903002957,SADBL,Aakashbhairab Securities Ltd.,Nepal Stock House (PVT) Ltd.,100,515.0,51500.0,2025-07-29 11:22:36.236261
2025-07-29,143131,2025072903002958,SADBL,Aakashbhairab Securities Ltd.,Secured Securities Ltd.,126,515.0,64890.0,2025-07-29 11:22:36.236336
2025-07-29,143082,2025072903002972,SADBL,Sundhara Securities Limited,Secured Securities Ltd.,215,515.0,110725.0,2025-07-29 11:22:40.361287
2025-07-29,142915,2025072903003018,SADBL,Deevyaa Securities & Stock House Pvt. Ltd,Secured Securities Ltd.,500,515.0,257500.0,2025-07-29 11:22:54.479543
2025-07-29,142635,2025072903003071,SADBL,Creative Securities Pvt Ltd,Sumeru Securities Pvt. Ltd.,500,515.1,257550.0,2025-07-29 11:23:17.873309
2025-07-29,142634,2025072903003072,SADBL,Creative Securities Pvt Ltd,South Asian Bulls Pvt. Ltd.,100,517.9,51790.0,2025-07-29 11:23:17.873379
2025-07-29,142633,2025072903003073,SADBL,Creative Securities Pvt Ltd,Kohinoor Investment & Securities Pvt. Ltd.,500,517.9,258950.0,2025-07-29 11:23:17.873402
2025-07-29,142632,2025072903003074,SADBL,Creative Securities Pvt Ltd,Opal Securities Investment (PVT) Ltd.,400,517.9,207160.0,2025-07-29 11:23:17.873428
2025-07-29,142631,2025072903003075,SADBL,Premier Securities Company Ltd.,Dakshinkali Investment & Securities Pvt. Ltd.,900,515.0,463500.0,2025-07-29 11:23:17.887009
2025-07-29,142503,2025072903003100,SADBL,Premier Securities Company Ltd.,Dakshinkali Investment & Securities Pvt. Ltd.,900,515.0,463500.0,2025-07-29 11:23:23.772438
2025-07-29,142448,2025072903003115,SADBL,Kohinoor Investment & Securities Pvt. Ltd.,Dakshinkali Investment & Securities Pvt. Ltd.,95,515.0,48925.0,2025-07-29 11:23:27.720836
2025-07-29,142355,2025072903003137,SADBL,KALASH STOCK MARKET PVT. LTD.,Dakshinkali Investment & Securities Pvt. Ltd.,100,515.0,51500.0,2025-07-29 11:23:34.717243
2025-07-29,142125,2025072903003184,SADBL,Premier Securities Company Ltd.,Dakshinkali Investment & Securities Pvt. Ltd.,500,515.0,257500.0,2025-07-29 11:23:52.191809
2025-07-29,141329,2025072903003383,SADBL,Online Securities Pvt. Ltd.,Swarna Laxmi Securities Pvt. Ltd.,125,514.0,64250.0,2025-07-29 11:24:45.200460
2025-07-29,141328,2025072903003384,SADBL,Agrawal Securities (PVT) Ltd.,Dakshinkali Investment & Securities Pvt. Ltd.,2000,515.0,1030000.0,2025-07-29 11:24:45.506405
2025-07-29,141214,2025072903003423,SADBL,Dynamic Money Managers Securities Pvt. Ltd.,Dakshinkali Investment & Securities Pvt. Ltd.,10,515.0,5150.0,2025-07-29 11:24:53.967856
2025-07-29,141161,2025072903003433,SADBL,Midas Stock Broking Company Private Limited,South Asian Bulls Pvt. Ltd.,500,514.0,257000.0,2025-07-29 11:24:57.161998
2025-07-29,141152,2025072903003434,SADBL,Neev Securities Pvt. Ltd.,Malla & Malla Stock Broking Company Pvt. Limited,24,513.1,12314.4,2025-07-29 11:24:58.062576
2025-07-29,140315,2025072903003607,SADBL,Ashutosh Brokerage & Securities (PVT) Ltd.,Nagarik Stock Dealer ,100,514.0,51400.0,2025-07-29 11:26:03.882580
2025-07-29,139745,2025072903003752,SADBL,Ashutosh Brokerage & Securities (PVT) Ltd.,Aryatara Investment & Securities,400,514.0,205600.0,2025-07-29 11:27:04.388109
2025-07-29,139744,2025072903003753,SADBL,Imperial Securities Company Pvt. Ltd.,Aryatara Investment & Securities,100,514.0,51400.0,2025-07-29 11:27:04.388175
2025-07-29,139743,2025072903003754,SADBL,Aryatara Investment & Securities,Aryatara Investment & Securities,500,514.0,257000.0,2025-07-29 11:27:04.388207
2025-07-29,139713,2025072903003767,SADBL,Naasa Securities Co. Ltd.,Dakshinkali Investment & Securities Pvt. Ltd.,30,515.0,15450.0,2025-07-29 11:27:06.352742
2025-07-29,139292,2025072903003853,SADBL,S.P.S.A. Securities Limited,Sweta Securities Private Limited,100,514.0,51400.0,2025-07-29 11:27:43.939653
2025-07-29,139275,2025072903003860,SADBL,Siprabi Securities Pvt. Ltd.,Dakshinkali Investment & Securities Pvt. Ltd.,100,515.0,51500.0,2025-07-29 11:27:45.544528
2025-07-29,139233,2025072903003866,SADBL,Naasa Securities Co. Ltd.,Kalika Securities Pvt. Ltd.,50,514.0,25700.0,2025-07-29 11:27:48.486885
2025-07-29,139186,2025072903003875,SADBL,Pragyan Securities (PVT) Ltd.,Dakshinkali Investment & Securities Pvt. Ltd.,160,515.0,82400.0,2025-07-29 11:27:52.007663
2025-07-29,139122,2025072903003894,SADBL,Naasa Securities Co. Ltd.,Secured Securities Ltd.,140,514.0,71960.0,2025-07-29 11:27:59.123114
2025-07-29,138635,2025072903003996,SADBL,Neev Securities Pvt. Ltd.,Aryatara Investment & Securities,476,513.7,244521.2,2025-07-29 11:28:40.464193
2025-07-29,138634,2025072903003997,SADBL,Agrawal Securities (PVT) Ltd.,Aryatara Investment & Securities,500,513.6,256800.0,2025-07-29 11:28:40.464318
2025-07-29,138633,2025072903003998,SADBL,Agrawal Securities (PVT) Ltd.,Aryatara Investment & Securities,24,513.5,12324.0,2025-07-29 11:28:40.464419
2025-07-29,138467,2025072903004020,SADBL,Midas Stock Broking Company Private Limited,Secured Securities Ltd.,300,514.0,154200.0,2025-07-29 11:28:52.405469
2025-07-29,138426,2025072903004029,SADBL,Agrawal Securities (PVT) Ltd.,Naasa Securities Co. Ltd.,476,513.5,244426.0,2025-07-29 11:28:55.391217
2025-07-29,138425,2025072903004030,SADBL,Agrawal Securities (PVT) Ltd.,Naasa Securities Co. Ltd.,287,513.2,147288.4,2025-07-29 11:28:55.391406
2025-07-29,138283,2025072903004052,SADBL,Agrawal Securities (PVT) Ltd.,Opal Securities Investment (PVT) Ltd.,713,513.2,365911.6,2025-07-29 11:29:08.546033
2025-07-29,138282,2025072903004053,SADBL,Deevyaa Securities & Stock House Pvt. Ltd,Opal Securities Investment (PVT) Ltd.,500,513.0,256500.0,2025-07-29 11:29:08.546215
2025-07-29,138281,2025072903004054,SADBL,Agrawal Securities (PVT) Ltd.,Opal Securities Investment (PVT) Ltd.,787,513.0,403731.0,2025-07-29 11:29:08.546300
2025-07-29,137792,2025072903004133,SADBL,Agrawal Securities (PVT) Ltd.,Opal Securities Investment (PVT) Ltd.,150,513.0,76950.0,2025-07-29 11:29:50.976412
2025-07-29,137744,2025072903004138,SADBL,ABC Securities Private Limited,Secured Securities Ltd.,200,514.0,102800.0,2025-07-29 11:29:55.358380
2025-07-29,137251,2025072903004241,SADBL,Agrawal Securities (PVT) Ltd.,Agrawal Securities (PVT) Ltd.,63,513.0,32319.0,2025-07-29 11:30:46.728430
2025-07-29,137250,2025072903004242,SADBL,Elite Stock House Limited,Agrawal Securities (PVT) Ltd.,500,513.0,256500.0,2025-07-29 11:30:46.728637
2025-07-29,137249,2025072903004243,SADBL,Siprabi Securities Pvt. Ltd.,Agrawal Securities (PVT) Ltd.,25,513.0,12825.0,2025-07-29 11:30:46.728726
2025-07-29,137248,2025072903004244,SADBL,Nepal Stock House (PVT) Ltd.,Agrawal Securities (PVT) Ltd.,182,512.2,93220.4,2025-07-29 11:30:46.728812
2025-07-29,137247,2025072903004245,SADBL,Midas Stock Broking Company Private Limited,Agrawal Securities (PVT) Ltd.,500,512.1,256050.0,2025-07-29 11:30:46.728900
2025-07-29,137246,2025072903004246,SADBL,Agrawal Securities (PVT) Ltd.,Agrawal Securities (PVT) Ltd.,1000,512.0,512000.0,2025-07-29 11:30:46.728995
2025-07-29,137245,2025072903004247,SADBL,Linch Stock Market Ltd.,Agrawal Securities (PVT) Ltd.,144,512.0,73728.0,2025-07-29 11:30:46.729084
2025-07-29,137111,2025072903004286,SADBL,Imperial Securities Company Pvt. Ltd.,Agrawal Securities (PVT) Ltd.,76,512.0,38912.0,2025-07-29 11:30:59.657995
2025-07-29,137110,2025072903004287,SADBL,Imperial Securities Company Pvt. Ltd.,Secured Securities Ltd.,24,514.0,12336.0,2025-07-29 11:30:59.658259
2025-07-29,137081,2025072903004301,SADBL,Imperial Securities Company Pvt. Ltd.,Opal Securities Investment (PVT) Ltd.,50,511.5,25575.0,2025-07-29 11:31:01.368387
2025-07-29,136646,2025072903004399,SADBL,Agrawal Securities (PVT) Ltd.,Secured Securities Ltd.,200,514.0,102800.0,2025-07-29 11:31:42.571223
2025-07-29,136633,2025072903004401,SADBL,ABC Securities Private Limited,ABC Securities Private Limited,50,512.0,25600.0,2025-07-29 11:31:43.796380
2025-07-29,136632,2025072903004402,SADBL,Imperial Securities Company Pvt. Ltd.,ABC Securities Private Limited,950,511.5,485925.0,2025-07-29 11:31:43.796575
2025-07-29,136631,2025072903004403,SADBL,Nepal Stock House (PVT) Ltd.,ABC Securities Private Limited,200,511.2,102240.0,2025-07-29 11:31:43.796665
2025-07-29,136630,2025072903004404,SADBL,Sani Securities Company Ltd.,ABC Securities Private Limited,130,511.0,66430.0,2025-07-29 11:31:43.796747
2025-07-29,136629,2025072903004405,SADBL,Sri Hari Securities Pvt. Ltd.,ABC Securities Private Limited,500,511.0,255500.0,2025-07-29 11:31:43.796829
2025-07-29,136628,2025072903004406,SADBL,Dipshikha Dhitopatra Karobar Co. Pvt Ltd.,ABC Securities Private Limited,300,510.3,153090.0,2025-07-29 11:31:43.796908
2025-07-29,136627,2025072903004407,SADBL,Pragyan Securities (PVT) Ltd.,ABC Securities Private Limited,100,510.3,51030.0,2025-07-29 11:31:43.796988
2025-07-29,136626,2025072903004408,SADBL,Trishakti Securities Public Limited,ABC Securities Private Limited,270,510.2,137754.0,2025-07-29 11:31:43.797076
2025-07-29,136352,2025072903004489,SADBL,Trishakti Securities Public Limited,Sweta Securities Private Limited,52,510.2,26530.4,2025-07-29 11:32:08.342040
2025-07-29,135960,2025072903004597,SADBL,Agrawal Securities (PVT) Ltd.,Agrawal Securities (PVT) Ltd.,100,511.5,51150.0,2025-07-29 11:32:39.524556
2025-07-29,135959,2025072903004598,SADBL,ABC Securities Private Limited,Agrawal Securities (PVT) Ltd.,100,511.0,51100.0,2025-07-29 11:32:39.524760
2025-07-29,135958,2025072903004599,SADBL,Nepal Investment And Securities Trading Private Limited,Agrawal Securities (PVT) Ltd.,20,510.3,10206.0,2025-07-29 11:32:39.524853
2025-07-29,135957,2025072903004600,SADBL,Trishakti Securities Public Limited,Agrawal Securities (PVT) Ltd.,428,510.2,218365.6,2025-07-29 11:32:39.524936
2025-07-29,135956,2025072903004601,SADBL,Vision Securities Pvt. Ltd,Agrawal Securities (PVT) Ltd.,250,510.1,127525.0,2025-07-29 11:32:39.525017
2025-07-29,135955,2025072903004602,SADBL,Imperial Securities Company Pvt. Ltd.,Agrawal Securities (PVT) Ltd.,120,510.1,61212.0,2025-07-29 11:32:39.525118
2025-07-29,135954,2025072903004603,SADBL,Kohinoor Investment & Securities Pvt. Ltd.,Agrawal Securities (PVT) Ltd.,50,510.0,25500.0,2025-07-29 11:32:39.525219
2025-07-29,135953,2025072903004604,SADBL,Siprabi Securities Pvt. Ltd.,Agrawal Securities (PVT) Ltd.,100,510.0,51000.0,2025-07-29 11:32:39.525309
2025-07-29,135952,2025072903004605,SADBL,Imperial Securities Company Pvt. Ltd.,Agrawal Securities (PVT) Ltd.,300,510.0,153000.0,2025-07-29 11:32:39.525388
2025-07-29,135951,2025072903004606,SADBL,Agrawal Securities (PVT) Ltd.,Agrawal Securities (PVT) Ltd.,100,510.0,51000.0,2025-07-29 11:32:39.525491
2025-07-29,135950,2025072903004607,SADBL,Kohinoor Investment & Securities Pvt. Ltd.,Agrawal Securities (PVT) Ltd.,932,510.0,475320.0,2025-07-29 11:32:39.525587
2025-07-29,135719,2025072903004643,SADBL,Vision Securities Pvt. Ltd,Linch Stock Market Ltd.,10,511.0,5110.0,2025-07-29 11:33:00.438981
2025-07-29,135711,2025072903004644,SADBL,Vision Securities Pvt. Ltd,Dipshikha Dhitopatra Karobar Co. Pvt Ltd.,450,511.0,229950.0,2025-07-29 11:33:01.944125
2025-07-29,135656,2025072903004661,SADBL,Vision Securities Pvt. Ltd,SHUBHAKAMANA SECURITIES PVT. LTD,50,511.0,25550.0,2025-07-29 11:33:06.206363
2025-07-29,135607,2025072903004682,SADBL,Vision Securities Pvt. Ltd,Kalika Securities Pvt. Ltd.,100,511.0,51100.0,2025-07-29 11:33:11.527605
2025-07-29,135395,2025072903004701,SADBL,Vision Securities Pvt. Ltd,Opal Securities Investment (PVT) Ltd.,50,511.0,25550.0,2025-07-29 11:33:18.276324
2025-07-29,135390,2025072903004702,SADBL,Agrawal Securities (PVT) Ltd.,Kalika Securities Pvt. Ltd.,50,512.0,25600.0,2025-07-29 11:33:19.308511
2025-07-29,135171,2025072903004749,SADBL,Aryatara Investment & Securities,Kalika Securities Pvt. Ltd.,79,512.0,40448.0,2025-07-29 11:33:41.502934
2025-07-29,134910,2025072903004799,SADBL,Aryatara Investment & Securities,Deevyaa Securities & Stock House Pvt. Ltd,21,512.0,10752.0,2025-07-29 11:34:06.529713
2025-07-29,134909,2025072903004800,SADBL,Premier Securities Company Ltd.,Deevyaa Securities & Stock House Pvt. Ltd,800,512.0,409600.0,2025-07-29 11:34:06.529923
2025-07-29,134720,2025072903004827,SADBL,Premier Securities Company Ltd.,Opal Securities Investment (PVT) Ltd.,900,511.5,460350.0,2025-07-29 11:34:25.908909
2025-07-29,134719,2025072903004828,SADBL,KALASH STOCK MARKET PVT. LTD.,Opal Securities Investment (PVT) Ltd.,100,511.2,51120.0,2025-07-29 11:34:25.908955
2025-07-29,134718,2025072903004829,SADBL,Agrawal Securities (PVT) Ltd.,Opal Securities Investment (PVT) Ltd.,100,511.1,51110.0,2025-07-29 11:34:25.909009
2025-07-29,134717,2025072903004830,SADBL,Vision Securities Pvt. Ltd,Opal Securities Investment (PVT) Ltd.,1900,511.0,970900.0,2025-07-29 11:34:25.909054
2025-07-29,134427,2025072903004887,SADBL,Aryatara Investment & Securities,Opal Securities Investment (PVT) Ltd.,68,512.0,34816.0,2025-07-29 11:34:55.135434
2025-07-29,134426,2025072903004888,SADBL,Vision Securities Pvt. Ltd,Opal Securities Investment (PVT) Ltd.,440,511.0,224840.0,2025-07-29 11:34:55.135481
2025-07-29,134425,2025072903004889,SADBL,Primo Securities (PVT) Ltd.,Opal Securities Investment (PVT) Ltd.,1000,511.0,511000.0,2025-07-29 11:34:55.135509
2025-07-29,134424,2025072903004890,SADBL,Midas Stock Broking Company Private Limited,Opal Securities Investment (PVT) Ltd.,20,511.0,10220.0,2025-07-29 11:34:55.135536
2025-07-29,134423,2025072903004891,SADBL,S.P.S.A. Securities Limited,Opal Securities Investment (PVT) Ltd.,100,511.0,51100.0,2025-07-29 11:34:55.135565
2025-07-29,134422,2025072903004892,SADBL,Primo Securities (PVT) Ltd.,Opal Securities Investment (PVT) Ltd.,50,510.2,25510.0,2025-07-29 11:34:55.135592
2025-07-29,134421,2025072903004893,SADBL,Nepal Stock House (PVT) Ltd.,Opal Securities Investment (PVT) Ltd.,200,510.1,102020.0,2025-07-29 11:34:55.135621
2025-07-29,134420,2025072903004894,SADBL,Siprabi Securities Pvt. Ltd.,Opal Securities Investment (PVT) Ltd.,100,510.1,51010.0,2025-07-29 11:34:55.135646
2025-07-29,134419,2025072903004895,SADBL,Kohinoor Investment & Securities Pvt. Ltd.,Opal Securities Investment (PVT) Ltd.,22,510.0,11220.0,2025-07-29 11:34:55.135692
2025-07-29,134413,2025072903004896,SADBL,Vision Securities Pvt. Ltd,Sri Hari Securities Pvt. Ltd.,100,513.9,51390.0,2025-07-29 11:34:56.577270
2025-07-29,134412,2025072903004897,SADBL,Vision Securities Pvt. Ltd,Secured Securities Ltd.,400,514.0,205600.0,2025-07-29 11:34:56.577459
2025-07-29,133570,2025072903005136,SADBL,Aryatara Investment & Securities,Secured Securities Ltd.,700,514.0,359800.0,2025-07-29 11:36:02.258853
2025-07-29,133481,2025072903005169,SADBL,Nagarik Stock Dealer ,Opal Securities Investment (PVT) Ltd.,92,511.0,47012.0,2025-07-29 11:36:10.721269
2025-07-29,132955,2025072903005269,SADBL,Nagarik Stock Dealer ,Nagarik Stock Dealer ,200,511.0,102200.0,2025-07-29 11:36:53.585829
2025-07-29,132786,2025072903005320,SADBL,Aryatara Investment & Securities,SHUBHAKAMANA SECURITIES PVT. LTD,100,511.0,51100.0,2025-07-29 11:37:10.828986
2025-07-29,132731,2025072903005334,SADBL,Aryatara Investment & Securities,Kalika Securities Pvt. Ltd.,100,511.0,51100.0,2025-07-29 11:37:16.026981
2025-07-29,132676,2025072903005358,SADBL,Aryatara Investment & Securities,Opal Securities Investment (PVT) Ltd.,50,511.0,25550.0,2025-07-29 11:37:20.268299
2025-07-29,132045,2025072903005497,SADBL,Dynamic Money Managers Securities Pvt. Ltd.,Sipla Securities Private Limited,100,513.8,51380.0,2025-07-29 11:38:06.504219
2025-07-29,131935,2025072903005538,SADBL,Aryatara Investment & Securities,Opal Securities Investment (PVT) Ltd.,50,511.0,25550.0,2025-07-29 11:38:13.679738
2025-07-29,131820,2025072903005590,SADBL,Dynamic Money Managers Securities Pvt. Ltd.,Linch Stock Market Ltd.,120,513.7,61644.0,2025-07-29 11:38:22.915043
2025-07-29,131819,2025072903005591,SADBL,Dynamic Money Managers Securities Pvt. Ltd.,Secured Securities Ltd.,36,514.0,18504.0,2025-07-29 11:38:22.915272
2025-07-29,131818,2025072903005592,SADBL,Dynamic Money Managers Securities Pvt. Ltd.,Imperial Securities Company Pvt. Ltd.,244,514.0,125416.0,2025-07-29 11:38:22.915365
2025-07-29,131184,2025072903005755,SADBL,Aryatara Investment & Securities,Imperial Securities Company Pvt. Ltd.,1000,514.0,514000.0,2025-07-29 11:39:21.591048
2025-07-29,130955,2025072903005816,SADBL,Nagarik Stock Dealer ,Nagarik Stock Dealer ,10,511.0,5110.0,2025-07-29 11:39:38.634699
2025-07-29,130954,2025072903005817,SADBL,Agrawal Securities (PVT) Ltd.,Nagarik Stock Dealer ,290,511.0,148190.0,2025-07-29 11:39:38.635137
2025-07-29,130305,2025072903006005,SADBL,Agrawal Securities (PVT) Ltd.,Opal Securities Investment (PVT) Ltd.,50,511.0,25550.0,2025-07-29 11:40:30.890955
2025-07-29,130138,2025072903006056,SADBL,Agrawal Securities (PVT) Ltd.,Opal Securities Investment (PVT) Ltd.,50,511.0,25550.0,2025-07-29 11:40:44.991721
2025-07-29,129632,2025072903006183,SADBL,Aryatara Investment & Securities,Imperial Securities Company Pvt. Ltd.,756,514.0,388584.0,2025-07-29 11:41:33.617729
2025-07-29,129631,2025072903006184,SADBL,Aryatara Investment & Securities,Opal Securities Investment (PVT) Ltd.,129,514.0,66306.0,2025-07-29 11:41:33.617944
2025-07-29,129259,2025072903006299,SADBL,Aryatara Investment & Securities,Capital Max Securities Ltd,115,514.0,59110.0,2025-07-29 11:42:07.312739
2025-07-29,129155,2025072903006326,SADBL,Sumeru Securities Pvt. Ltd.,Capital Max Securities Ltd,100,514.0,51400.0,2025-07-29 11:42:15.391811
2025-07-29,129101,2025072903006343,SADBL,Kumari Securities Private Limited,SHUBHAKAMANA SECURITIES PVT. LTD,100,512.0,51200.0,2025-07-29 11:42:19.501412
2025-07-29,129088,2025072903006345,SADBL,Kumari Securities Private Limited,INDEX SECURITIES LIMITED,50,512.0,25600.0,2025-07-29 11:42:21.346011
2025-07-29,129087,2025072903006346,SADBL,Aryatara Investment & Securities,INDEX SECURITIES LIMITED,350,512.0,179200.0,2025-07-29 11:42:21.346448
2025-07-29,128828,2025072903006377,SADBL,Aryatara Investment & Securities,Sri Hari Securities Pvt. Ltd.,500,512.0,256000.0,2025-07-29 11:42:44.782961
2025-07-29,128786,2025072903006386,SADBL,Aryatara Investment & Securities,Siprabi Securities Pvt. Ltd.,150,512.0,76800.0,2025-07-29 11:42:47.105761
2025-07-29,128785,2025072903006387,SADBL,ABC Securities Private Limited,Siprabi Securities Pvt. Ltd.,20,512.0,10240.0,2025-07-29 11:42:47.106220
2025-07-29,128729,2025072903006405,SADBL,Swarna Laxmi Securities Pvt. Ltd.,Siprabi Securities Pvt. Ltd.,430,512.0,220160.0,2025-07-29 11:42:52.546781
2025-07-29,127916,2025072903006528,SADBL,Swarna Laxmi Securities Pvt. Ltd.,Sri Hari Securities Pvt. Ltd.,70,512.0,35840.0,2025-07-29 11:44:04.220456
2025-07-29,127915,2025072903006529,SADBL,Agrawal Securities (PVT) Ltd.,Sri Hari Securities Pvt. Ltd.,180,512.0,92160.0,2025-07-29 11:44:04.220681
2025-07-29,127513,2025072903006611,SADBL,Agrawal Securities (PVT) Ltd.,Cristal Kanchanjanga Securites Pvt. Ltd.,320,512.0,163840.0,2025-07-29 11:44:38.932695
2025-07-29,127512,2025072903006612,SADBL,Agrawal Securities (PVT) Ltd.,Cristal Kanchanjanga Securites Pvt. Ltd.,110,511.0,56210.0,2025-07-29 11:44:38.932918
2025-07-29,127511,2025072903006613,SADBL,Kohinoor Investment & Securities Pvt. Ltd.,Cristal Kanchanjanga Securites Pvt. Ltd.,95,511.0,48545.0,2025-07-29 11:44:38.933018
2025-07-29,127510,2025072903006614,SADBL,KALASH STOCK MARKET PVT. LTD.,Cristal Kanchanjanga Securites Pvt. Ltd.,200,511.0,102200.0,2025-07-29 11:44:38.933132
2025-07-29,127509,2025072903006615,SADBL,Vision Securities Pvt. Ltd,Cristal Kanchanjanga Securites Pvt. Ltd.,10,511.0,5110.0,2025-07-29 11:44:38.933225
2025-07-29,127508,2025072903006616,SADBL,Online Securities Pvt. Ltd.,Cristal Kanchanjanga Securites Pvt. Ltd.,100,511.0,51100.0,2025-07-29 11:44:38.933322
2025-07-29,127507,2025072903006617,SADBL,Dynamic Money Managers Securities Pvt. Ltd.,Cristal Kanchanjanga Securites Pvt. Ltd.,50,511.0,25550.0,2025-07-29 11:44:38.933415
2025-07-29,127506,2025072903006618,SADBL,Asian Securities Private Ltd.,Cristal Kanchanjanga Securites Pvt. Ltd.,115,511.0,58765.0,2025-07-29 11:44:38.933510
2025-07-29,127115,2025072903006704,SADBL,Asian Securities Private Ltd.,Blue Chip Securities Ltd,35,511.0,17885.0,2025-07-29 11:45:11.339494
2025-07-29,127114,2025072903006705,SADBL,Online Securities Pvt. Ltd.,Blue Chip Securities Ltd,10,511.0,5110.0,2025-07-29 11:45:11.339975
2025-07-29,127113,2025072903006706,SADBL,Pragyan Securities (PVT) Ltd.,Blue Chip Securities Ltd,100,510.6,51060.0,2025-07-29 11:45:11.340294
2025-07-29,127112,2025072903006707,SADBL,Trishakti Securities Public Limited,Blue Chip Securities Ltd,100,510.5,51050.0,2025-07-29 11:45:11.340664
2025-07-29,127111,2025072903006708,SADBL,Agrawal Securities (PVT) Ltd.,Blue Chip Securities Ltd,500,510.5,255250.0,2025-07-29 11:45:11.340991
2025-07-29,127110,2025072903006709,SADBL,Imperial Securities Company Pvt. Ltd.,Blue Chip Securities Ltd,200,510.3,102060.0,2025-07-29 11:45:11.341325
2025-07-29,127109,2025072903006710,SADBL,Imperial Securities Company Pvt. Ltd.,Blue Chip Securities Ltd,55,510.2,28061.0,2025-07-29 11:45:11.341658
2025-07-29,126411,2025072903006856,SADBL,J.F. Securites (PVT) Ltd.,Secured Securities Ltd.,100,511.0,51100.0,2025-07-29 11:46:07.977074
2025-07-29,124993,2025072903007200,SADBL,Vision Securities Pvt. Ltd,Naasa Securities Co. Ltd.,200,512.0,102400.0,2025-07-29 11:48:07.626010
2025-07-29,124818,2025072903007240,SADBL,Sani Securities Company Ltd.,Naasa Securities Co. Ltd.,10,512.0,5120.0,2025-07-29 11:48:20.906622
2025-07-29,124803,2025072903007241,SADBL,Nepal Investment And Securities Trading Private Limited,Naasa Securities Co. Ltd.,300,512.0,153600.0,2025-07-29 11:48:23.206272
2025-07-29,124710,2025072903007269,SADBL,Nepal Investment And Securities Trading Private Limited,Naasa Securities Co. Ltd.,23,512.0,11776.0,2025-07-29 11:48:33.310892
2025-07-29,124683,2025072903007272,SADBL,Vision Securities Pvt. Ltd,Naasa Securities Co. Ltd.,300,512.0,153600.0,2025-07-29 11:48:37.120394
2025-07-29,124522,2025072903007313,SADBL,Dynamic Money Managers Securities Pvt. Ltd.,Midas Stock Broking Company Private Limited,388,511.0,198268.0,2025-07-29 11:48:52.989836
2025-07-29,124521,2025072903007314,SADBL,Pragyan Securities (PVT) Ltd.,Midas Stock Broking Company Private Limited,100,510.4,51040.0,2025-07-29 11:48:52.990111
2025-07-29,124520,2025072903007315,SADBL,Vision Securities Pvt. Ltd,Midas Stock Broking Company Private Limited,512,510.3,261273.6,2025-07-29 11:48:52.990219
2025-07-29,124200,2025072903007407,SADBL,Trishakti Securities Public Limited,Midas Stock Broking Company Private Limited,271,511.0,138481.0,2025-07-29 11:49:23.340787
2025-07-29,123875,2025072903007450,SADBL,Trishakti Securities Public Limited,Sipla Securities Private Limited,229,511.0,117019.0,2025-07-29 11:49:44.016854
2025-07-29,123836,2025072903007466,SADBL,Vision Securities Pvt. Ltd,Dipshikha Dhitopatra Karobar Co. Pvt Ltd.,88,510.3,44906.4,2025-07-29 11:49:47.951167
2025-07-29,123835,2025072903007467,SADBL,Agrawal Securities (PVT) Ltd.,Dipshikha Dhitopatra Karobar Co. Pvt Ltd.,500,510.3,255150.0,2025-07-29 11:49:47.951688
2025-07-29,123834,2025072903007468,SADBL,Imperial Securities Company Pvt. Ltd.,Dipshikha Dhitopatra Karobar Co. Pvt Ltd.,45,510.2,22959.0,2025-07-29 11:49:47.952055
2025-07-29,123833,2025072903007469,SADBL,Nagarik Stock Dealer ,Dipshikha Dhitopatra Karobar Co. Pvt Ltd.,367,510.2,187243.4,2025-07-29 11:49:47.952395
2025-07-29,123797,2025072903007485,SADBL,Nagarik Stock Dealer ,Prabhu Stock Market Limited,133,510.2,67856.6,2025-07-29 11:49:50.301089
2025-07-29,123796,2025072903007486,SADBL,Ashutosh Brokerage & Securities (PVT) Ltd.,Prabhu Stock Market Limited,170,510.2,86734.0,2025-07-29 11:49:50.301140
2025-07-29,123795,2025072903007487,SADBL,Premier Securities Company Ltd.,Prabhu Stock Market Limited,500,510.2,255100.0,2025-07-29 11:49:50.301166
2025-07-29,123794,2025072903007488,SADBL,Dipshikha Dhitopatra Karobar Co. Pvt Ltd.,Prabhu Stock Market Limited,197,510.1,100489.7,2025-07-29 11:49:50.301232
2025-07-29,123720,2025072903007510,SADBL,Sumeru Securities Pvt. Ltd.,Sipla Securities Private Limited,172,511.0,87892.0,2025-07-29 11:49:57.984861
2025-07-29,123562,2025072903007542,SADBL,Capital Max Securities Ltd,Sipla Securities Private Limited,200,511.9,102380.0,2025-07-29 11:50:14.749350
2025-07-29,123272,2025072903007604,SADBL,Dynamic Money Managers Securities Pvt. Ltd.,Naasa Securities Co. Ltd.,167,512.0,85504.0,2025-07-29 11:50:41.406635
2025-07-29,122616,2025072903007750,SADBL,ABC Securities Private Limited,Midas Stock Broking Company Private Limited,80,512.8,41024.0,2025-07-29 11:51:38.484794
2025-07-29,122615,2025072903007751,SADBL,ABC Securities Private Limited,Secured Securities Ltd.,20,512.9,10258.0,2025-07-29 11:51:38.485096
2025-07-29,122487,2025072903007775,SADBL,Capital Max Securities Ltd,Opal Securities Investment (PVT) Ltd.,23,511.9,11773.7,2025-07-29 11:51:52.941286
2025-07-29,122189,2025072903007847,SADBL,Capital Max Securities Ltd,Nepal Stock House (PVT) Ltd.,77,511.9,39416.3,2025-07-29 11:52:21.421230
2025-07-29,122188,2025072903007848,SADBL,Sumeru Securities Pvt. Ltd.,Nepal Stock House (PVT) Ltd.,328,511.0,167608.0,2025-07-29 11:52:21.421512
2025-07-29,122187,2025072903007849,SADBL,Siprabi Securities Pvt. Ltd.,Nepal Stock House (PVT) Ltd.,50,511.0,25550.0,2025-07-29 11:52:21.421621
2025-07-29,122186,2025072903007850,SADBL,Imperial Securities Company Pvt. Ltd.,Nepal Stock House (PVT) Ltd.,45,510.1,22954.5,2025-07-29 11:52:21.421725
2025-07-29,122133,2025072903007866,SADBL,Trishakti Securities Public Limited,Malla & Malla Stock Broking Company Pvt. Limited,100,512.0,51200.0,2025-07-29 11:52:26.553958
2025-07-29,122026,2025072903007892,SADBL,Imperial Securities Company Pvt. Ltd.,Midas Stock Broking Company Private Limited,455,510.1,232095.5,2025-07-29 11:52:32.308772
2025-07-29,122025,2025072903007893,SADBL,Aryatara Investment & Securities,Midas Stock Broking Company Private Limited,200,510.1,102020.0,2025-07-29 11:52:32.309116
2025-07-29,122024,2025072903007894,SADBL,Imperial Securities Company Pvt. Ltd.,Midas Stock Broking Company Private Limited,1000,510.1,510100.0,2025-07-29 11:52:32.309226
2025-07-29,122023,2025072903007895,SADBL,Premier Securities Company Ltd.,Midas Stock Broking Company Private Limited,500,510.1,255050.0,2025-07-29 11:52:32.309341
2025-07-29,122022,2025072903007896,SADBL,Premier Securities Company Ltd.,Midas Stock Broking Company Private Limited,500,510.1,255050.0,2025-07-29 11:52:32.309460
2025-07-29,122021,2025072903007897,SADBL,Kohinoor Investment & Securities Pvt. Ltd.,Midas Stock Broking Company Private Limited,2345,510.0,1195950.0,2025-07-29 11:52:32.309578
2025-07-29,121997,2025072903007901,SADBL,Kohinoor Investment & Securities Pvt. Ltd.,Nepal Stock House (PVT) Ltd.,500,510.0,255000.0,2025-07-29 11:52:34.758578
2025-07-29,121856,2025072903007934,SADBL,Sumeru Securities Pvt. Ltd.,Nepal Investment And Securities Trading Private Limited,500,510.1,255050.0,2025-07-29 11:52:47.879217
2025-07-29,121855,2025072903007935,SADBL,Sumeru Securities Pvt. Ltd.,Nepal Investment And Securities Trading Private Limited,500,510.1,255050.0,2025-07-29 11:52:47.879510
2025-07-29,121854,2025072903007936,SADBL,Kohinoor Investment & Securities Pvt. Ltd.,Nepal Investment And Securities Trading Private Limited,4500,510.0,2295000.0,2025-07-29 11:52:47.879625
2025-07-29,121696,2025072903007969,SADBL,Sumeru Securities Pvt. Ltd.,ABC Securities Private Limited,500,510.1,255050.0,2025-07-29 11:53:02.539279
2025-07-29,121695,2025072903007970,SADBL,Agrawal Securities (PVT) Ltd.,ABC Securities Private Limited,500,510.1,255050.0,2025-07-29 11:53:02.539513
2025-07-29,121694,2025072903007971,SADBL,Kohinoor Investment & Securities Pvt. Ltd.,ABC Securities Private Limited,1701,510.0,867510.0,2025-07-29 11:53:02.539616
2025-07-29,121693,2025072903007972,SADBL,Midas Stock Broking Company Private Limited,ABC Securities Private Limited,100,510.0,51000.0,2025-07-29 11:53:02.539720
2025-07-29,121692,2025072903007973,SADBL,Capital Max Securities Ltd,ABC Securities Private Limited,200,510.0,102000.0,2025-07-29 11:53:02.539830
2025-07-29,121691,2025072903007974,SADBL,Deevyaa Securities & Stock House Pvt. Ltd,ABC Securities Private Limited,500,510.0,255000.0,2025-07-29 11:53:02.539948
2025-07-29,121690,2025072903007975,SADBL,Agrawal Securities (PVT) Ltd.,ABC Securities Private Limited,1000,510.0,510000.0,2025-07-29 11:53:02.540085
2025-07-29,121689,2025072903007976,SADBL,Neev Securities Pvt. Ltd.,ABC Securities Private Limited,250,510.0,127500.0,2025-07-29 11:53:02.540196
2025-07-29,121688,2025072903007977,SADBL,Primo Securities (PVT) Ltd.,ABC Securities Private Limited,20,510.0,10200.0,2025-07-29 11:53:02.540303
2025-07-29,121687,2025072903007978,SADBL,Naasa Securities Co. Ltd.,ABC Securities Private Limited,50,510.0,25500.0,2025-07-29 11:53:02.540406
2025-07-29,121686,2025072903007979,SADBL,Linch Stock Market Ltd.,ABC Securities Private Limited,500,510.0,255000.0,2025-07-29 11:53:02.540510
2025-07-29,121685,2025072903007980,SADBL,Siprabi Securities Pvt. Ltd.,ABC Securities Private Limited,27,510.0,13770.0,2025-07-29 11:53:02.540615
2025-07-29,121684,2025072903007981,SADBL,Imperial Securities Company Pvt. Ltd.,ABC Securities Private Limited,1000,510.0,510000.0,2025-07-29 11:53:02.540716
2025-07-29,121683,2025072903007982,SADBL,Creative Securities Pvt Ltd,ABC Securities Private Limited,65,510.0,33150.0,2025-07-29 11:53:02.540814
2025-07-29,121682,2025072903007983,SADBL,Naasa Securities Co. Ltd.,ABC Securities Private Limited,35,510.0,17850.0,2025-07-29 11:53:02.540911
2025-07-29,121681,2025072903007984,SADBL,Naasa Securities Co. Ltd.,ABC Securities Private Limited,40,510.0,20400.0,2025-07-29 11:53:02.541006
2025-07-29,121680,2025072903007985,SADBL,Linch Stock Market Ltd.,ABC Securities Private Limited,200,510.0,102000.0,2025-07-29 11:53:02.541107
2025-07-29,121679,2025072903007986,SADBL,Secured Securities Ltd.,ABC Securities Private Limited,100,510.0,51000.0,2025-07-29 11:53:02.541214
2025-07-29,121678,2025072903007987,SADBL,Online Securities Pvt. Ltd.,ABC Securities Private Limited,100,510.0,51000.0,2025-07-29 11:53:02.541321
2025-07-29,121677,2025072903007988,SADBL,Swarna Laxmi Securities Pvt. Ltd.,ABC Securities Private Limited,25,510.0,12750.0,2025-07-29 11:53:02.541424
2025-07-29,121676,2025072903007989,SADBL,Sajilo Broker Limited,ABC Securities Private Limited,500,509.1,254550.0,2025-07-29 11:53:02.541521
2025-07-29,121675,2025072903007990,SADBL,Online Securities Pvt. Ltd.,ABC Securities Private Limited,100,509.0,50900.0,2025-07-29 11:53:02.541617
2025-07-29,121674,2025072903007991,SADBL,Dakshinkali Investment & Securities Pvt. Ltd.,ABC Securities Private Limited,8487,509.0,4319883.0,2025-07-29 11:53:02.541719
2025-07-29,121534,2025072903008030,SADBL,Naasa Securities Co. Ltd.,ABC Securities Private Limited,20,510.5,10210.0,2025-07-29 11:53:16.645112
2025-07-29,121057,2025072903008125,SADBL,Naasa Securities Co. Ltd.,Trishakti Securities Public Limited,300,510.5,153150.0,2025-07-29 11:54:05.377007
2025-07-29,120921,2025072903008156,SADBL,Aryatara Investment & Securities,Kohinoor Investment & Securities Pvt. Ltd.,500,512.6,256300.0,2025-07-29 11:54:19.832317
2025-07-29,120149,2025072903008336,SADBL,Aryatara Investment & Securities,Kohinoor Investment & Securities Pvt. Ltd.,18,512.6,9226.8,2025-07-29 11:55:22.407655
2025-07-29,120148,2025072903008337,SADBL,Aryatara Investment & Securities,Capital Hub P. Ltd,232,512.7,118946.4,2025-07-29 11:55:22.407896
2025-07-29,119208,2025072903008498,SADBL,Nagarik Stock Dealer ,Capital Hub P. Ltd,768,512.7,393753.6,2025-07-29 11:56:33.234790
2025-07-29,119055,2025072903008545,SADBL,Aryatara Investment & Securities,Sipla Securities Private Limited,250,512.8,128200.0,2025-07-29 11:56:47.301173
2025-07-29,119054,2025072903008546,SADBL,Aryatara Investment & Securities,Secured Securities Ltd.,550,512.9,282095.0,2025-07-29 11:56:47.301426
2025-07-29,119005,2025072903008561,SADBL,Online Securities Pvt. Ltd.,Midas Stock Broking Company Private Limited,100,512.0,51200.0,2025-07-29 11:56:50.854644
2025-07-29,118803,2025072903008582,SADBL,Aryatara Investment & Securities,Midas Stock Broking Company Private Limited,400,511.0,204400.0,2025-07-29 11:57:02.964779
2025-07-29,118802,2025072903008583,SADBL,Primo Securities (PVT) Ltd.,Midas Stock Broking Company Private Limited,500,510.7,255350.0,2025-07-29 11:57:02.964896
2025-07-29,118519,2025072903008633,SADBL,Naasa Securities Co. Ltd.,Nepal Stock House (PVT) Ltd.,120,510.5,61260.0,2025-07-29 11:57:26.934765
2025-07-29,116777,2025072903008972,SADBL,Midas Stock Broking Company Private Limited,Ashutosh Brokerage & Securities (PVT) Ltd.,50,510.7,25535.0,2025-07-29 11:59:35.411236
2025-07-29,116760,2025072903008973,SADBL,SHUBHAKAMANA SECURITIES PVT. LTD,Shree Krishna Securities Ltd.,382,511.0,195202.0,2025-07-29 11:59:36.078632
2025-07-29,116734,2025072903008976,SADBL,SHUBHAKAMANA SECURITIES PVT. LTD,Elite Stock House Limited,200,512.8,102560.0,2025-07-29 11:59:38.087692
2025-07-29,116733,2025072903008977,SADBL,SHUBHAKAMANA SECURITIES PVT. LTD,Secured Securities Ltd.,30,512.9,15387.0,2025-07-29 11:59:38.087946
2025-07-29,116732,2025072903008978,SADBL,SHUBHAKAMANA SECURITIES PVT. LTD,Sundhara Securities Limited,10,513.5,5135.0,2025-07-29 11:59:38.088065
2025-07-29,116731,2025072903008979,SADBL,SHUBHAKAMANA SECURITIES PVT. LTD,Swarna Laxmi Securities Pvt. Ltd.,400,513.9,205560.0,2025-07-29 11:59:38.088173
2025-07-29,116730,2025072903008980,SADBL,SHUBHAKAMANA SECURITIES PVT. LTD,Sundhara Securities Limited,20,513.9,10278.0,2025-07-29 11:59:38.088288
2025-07-29,116729,2025072903008981,SADBL,SHUBHAKAMANA SECURITIES PVT. LTD,Capital Max Securities Ltd,840,514.0,431760.0,2025-07-29 11:59:38.088422
2025-07-29,114897,2025072903009222,SADBL,Imperial Securities Company Pvt. Ltd.,Asian Securities Private Ltd.,300,513.0,153900.0,2025-07-29 12:01:25.714162
2025-07-29,113836,2025072903009471,SADBL,SHUBHAKAMANA SECURITIES PVT. LTD,SHUBHAKAMANA SECURITIES PVT. LTD,50,512.0,25600.0,2025-07-29 12:02:36.288420
2025-07-29,113607,2025072903009525,SADBL,Midas Stock Broking Company Private Limited,Elite Stock House Limited,10,513.9,5139.0,2025-07-29 12:02:52.330170
2025-07-29,113606,2025072903009526,SADBL,Midas Stock Broking Company Private Limited,Capital Max Securities Ltd,145,514.0,74530.0,2025-07-29 12:02:52.330694
2025-07-29,113605,2025072903009527,SADBL,Midas Stock Broking Company Private Limited,Imperial Securities Company Pvt. Ltd.,700,514.0,359800.0,2025-07-29 12:02:52.331038
2025-07-29,113604,2025072903009528,SADBL,Midas Stock Broking Company Private Limited,Sweta Securities Private Limited,95,514.0,48830.0,2025-07-29 12:02:52.331403
2025-07-29,113530,2025072903009542,SADBL,Secured Securities Ltd.,Dipshikha Dhitopatra Karobar Co. Pvt Ltd.,109,512.5,55862.5,2025-07-29 12:02:56.626899
2025-07-29,113080,2025072903009614,SADBL,Secured Securities Ltd.,Nagarik Stock Dealer ,200,512.5,102500.0,2025-07-29 12:03:24.460060
2025-07-29,112873,2025072903009659,SADBL,Secured Securities Ltd.,South Asian Bulls Pvt. Ltd.,191,512.5,97887.5,2025-07-29 12:03:34.819525
2025-07-29,112237,2025072903009751,SADBL,Dakshinkali Investment & Securities Pvt. Ltd.,Siprabi Securities Pvt. Ltd.,18,513.9,9250.2,2025-07-29 12:04:13.274166
2025-07-29,111420,2025072903009883,SADBL,Dipshikha Dhitopatra Karobar Co. Pvt Ltd.,Sani Securities Company Ltd.,10,513.0,5130.0,2025-07-29 12:05:00.471217
2025-07-29,110522,2025072903010027,SADBL,Sweta Securities Private Limited,Sani Securities Company Ltd.,50,513.0,25650.0,2025-07-29 12:06:03.792008
2025-07-29,110481,2025072903010029,SADBL,Imperial Securities Company Pvt. Ltd.,Sani Securities Company Ltd.,40,513.0,20520.0,2025-07-29 12:06:05.341541
2025-07-29,110262,2025072903010046,SADBL,Imperial Securities Company Pvt. Ltd.,Sani Securities Company Ltd.,29,513.0,14877.0,2025-07-29 12:06:19.700237
2025-07-29,110261,2025072903010047,SADBL,Imperial Securities Company Pvt. Ltd.,Siprabi Securities Pvt. Ltd.,71,513.9,36486.9,2025-07-29 12:06:19.700793
2025-07-29,110145,2025072903010062,SADBL,Agrawal Securities (PVT) Ltd.,ABC Securities Private Limited,13,512.6,6663.8,2025-07-29 12:06:24.793782
2025-07-29,108944,2025072903010264,SADBL,Nepal Investment And Securities Trading Private Limited,Aryatara Investment & Securities,50,513.0,25650.0,2025-07-29 12:07:33.585222
2025-07-29,108943,2025072903010265,SADBL,Nepal Investment And Securities Trading Private Limited,Aryatara Investment & Securities,50,513.0,25650.0,2025-07-29 12:07:33.585789
2025-07-29,108881,2025072903010289,SADBL,Sharepro Securities Private Limited,Siprabi Securities Pvt. Ltd.,411,513.9,211212.9,2025-07-29 12:07:39.188239
2025-07-29,108880,2025072903010290,SADBL,Sharepro Securities Private Limited,BHOLE GANESH SECURITIES LTD,348,514.0,178872.0,2025-07-29 12:07:39.188282
2025-07-29,108879,2025072903010291,SADBL,Sharepro Securities Private Limited,Aryatara Investment & Securities,110,514.0,56540.0,2025-07-29 12:07:39.188310
2025-07-29,108878,2025072903010292,SADBL,Sharepro Securities Private Limited,Dakshinkali Investment & Securities Pvt. Ltd.,205,515.0,105575.0,2025-07-29 12:07:39.188338
2025-07-29,108877,2025072903010293,SADBL,Sharepro Securities Private Limited,Primo Securities (PVT) Ltd.,31,515.0,15965.0,2025-07-29 12:07:39.188369
2025-07-29,107434,2025072903010633,SADBL,Nepal Investment And Securities Trading Private Limited,Vision Securities Pvt. Ltd,36,513.0,18468.0,2025-07-29 12:09:05.598809
2025-07-29,106607,2025072903010753,SADBL,Nepal Investment And Securities Trading Private Limited,Siprabi Securities Pvt. Ltd.,14,513.0,7182.0,2025-07-29 12:09:56.831605
2025-07-29,106606,2025072903010754,SADBL,Nepal Investment And Securities Trading Private Limited,Siprabi Securities Pvt. Ltd.,50,513.0,25650.0,2025-07-29 12:09:56.832133
2025-07-29,106605,2025072903010755,SADBL,Agrawal Securities (PVT) Ltd.,Siprabi Securities Pvt. Ltd.,37,512.6,18966.2,2025-07-29 12:09:56.832496
2025-07-29,106604,2025072903010756,SADBL,Imperial Securities Company Pvt. Ltd.,Siprabi Securities Pvt. Ltd.,50,512.6,25630.0,2025-07-29 12:09:56.832829
2025-07-29,106603,2025072903010757,SADBL,Oxford Securities Pvt. Ltd.,Siprabi Securities Pvt. Ltd.,149,512.1,76302.9,2025-07-29 12:09:56.833171
2025-07-29,106245,2025072903010836,SADBL,Midas Stock Broking Company Private Limited,Opal Securities Investment (PVT) Ltd.,10,515.0,5150.0,2025-07-29 12:10:19.369326
2025-07-29,105650,2025072903010966,SADBL,Asian Securities Private Ltd.,Vision Securities Pvt. Ltd,10,514.0,5140.0,2025-07-29 12:10:57.478431
2025-07-29,105491,2025072903010987,SADBL,Oxford Securities Pvt. Ltd.,Naasa Securities Co. Ltd.,51,512.1,26117.1,2025-07-29 12:11:06.733176
2025-07-29,105490,2025072903010988,SADBL,SHUBHAKAMANA SECURITIES PVT. LTD,Naasa Securities Co. Ltd.,68,512.0,34816.0,2025-07-29 12:11:06.733679
2025-07-29,105489,2025072903010989,SADBL,Naasa Securities Co. Ltd.,Naasa Securities Co. Ltd.,10,512.0,5120.0,2025-07-29 12:11:06.734066
2025-07-29,105488,2025072903010990,SADBL,Asian Securities Private Ltd.,Naasa Securities Co. Ltd.,150,512.0,76800.0,2025-07-29 12:11:06.734418
2025-07-29,105487,2025072903010991,SADBL,Bhrikuti Stock Broking Co. Pvt. Ltd.,Naasa Securities Co. Ltd.,50,512.0,25600.0,2025-07-29 12:11:06.734766
2025-07-29,105486,2025072903010992,SADBL,Dipshikha Dhitopatra Karobar Co. Pvt Ltd.,Naasa Securities Co. Ltd.,500,512.0,256000.0,2025-07-29 12:11:06.735126
2025-07-29,105485,2025072903010993,SADBL,Imperial Securities Company Pvt. Ltd.,Naasa Securities Co. Ltd.,50,511.1,25555.0,2025-07-29 12:11:06.735488
2025-07-29,105484,2025072903010994,SADBL,Midas Stock Broking Company Private Limited,Naasa Securities Co. Ltd.,500,511.1,255550.0,2025-07-29 12:11:06.735833
2025-07-29,105483,2025072903010995,SADBL,Kumari Securities Private Limited,Naasa Securities Co. Ltd.,50,511.0,25550.0,2025-07-29 12:11:06.736177
2025-07-29,105482,2025072903010996,SADBL,Midas Stock Broking Company Private Limited,Naasa Securities Co. Ltd.,200,511.0,102200.0,2025-07-29 12:11:06.736522
2025-07-29,105481,2025072903010997,SADBL,Thrive Brokerage House Pvt. Ltd,Naasa Securities Co. Ltd.,50,510.9,25545.0,2025-07-29 12:11:06.736877
2025-07-29,105480,2025072903010998,SADBL,Bhrikuti Stock Broking Co. Pvt. Ltd.,Naasa Securities Co. Ltd.,100,510.8,51080.0,2025-07-29 12:11:06.737245
2025-07-29,105479,2025072903010999,SADBL,Naasa Securities Co. Ltd.,Naasa Securities Co. Ltd.,60,510.6,30636.0,2025-07-29 12:11:06.737569
2025-07-29,105478,2025072903011000,SADBL,Premier Securities Company Ltd.,Naasa Securities Co. Ltd.,500,510.6,255300.0,2025-07-29 12:11:06.737909
2025-07-29,105477,2025072903011001,SADBL,Online Securities Pvt. Ltd.,Naasa Securities Co. Ltd.,10,510.0,5100.0,2025-07-29 12:11:06.738294
2025-07-29,105476,2025072903011002,SADBL,Malla & Malla Stock Broking Company Pvt. Limited,Naasa Securities Co. Ltd.,37,510.0,18870.0,2025-07-29 12:11:06.738632
2025-07-29,105421,2025072903011007,SADBL,Linch Stock Market Ltd.,Vision Securities Pvt. Ltd,100,514.0,51400.0,2025-07-29 12:11:11.696819
2025-07-29,105356,2025072903011021,SADBL,Malla & Malla Stock Broking Company Pvt. Limited,Kalika Securities Pvt. Ltd.,50,510.0,25500.0,2025-07-29 12:11:16.065040
2025-07-29,104204,2025072903011260,SADBL,Shree Krishna Securities Ltd.,Kumari Securities Private Limited,500,511.0,255500.0,2025-07-29 12:12:35.408576
2025-07-29,103978,2025072903011305,SADBL,Sani Securities Company Ltd.,Vision Securities Pvt. Ltd,90,514.0,46260.0,2025-07-29 12:12:48.525102
2025-07-29,103977,2025072903011306,SADBL,Sani Securities Company Ltd.,Elite Stock House Limited,810,514.0,416340.0,2025-07-29 12:12:48.525605
2025-07-29,103618,2025072903011362,SADBL,Shree Krishna Securities Ltd.,Elite Stock House Limited,65,514.0,33410.0,2025-07-29 12:13:16.613467
2025-07-29,103484,2025072903011381,SADBL,Sweta Securities Private Limited,Elite Stock House Limited,25,514.0,12850.0,2025-07-29 12:13:25.971147
2025-07-29,102663,2025072903011528,SADBL,NIMB Stock Markets Limited,Sipla Securities Private Limited,300,514.9,154470.0,2025-07-29 12:14:21.808540
2025-07-29,102662,2025072903011529,SADBL,NIMB Stock Markets Limited,Opal Securities Investment (PVT) Ltd.,1590,515.0,818850.0,2025-07-29 12:14:21.808795
2025-07-29,102661,2025072903011530,SADBL,NIMB Stock Markets Limited,Indira securities pvt. ltd,53,515.0,27295.0,2025-07-29 12:14:21.808913
2025-07-29,102660,2025072903011531,SADBL,NIMB Stock Markets Limited,Sweta Securities Private Limited,300,515.0,154500.0,2025-07-29 12:14:21.809062
2025-07-29,102659,2025072903011532,SADBL,NIMB Stock Markets Limited,Capital Max Securities Ltd,1340,515.0,690100.0,2025-07-29 12:14:21.809197
2025-07-29,102658,2025072903011533,SADBL,NIMB Stock Markets Limited,Dakshinkali Investment & Securities Pvt. Ltd.,350,515.0,180250.0,2025-07-29 12:14:21.809338
2025-07-29,102657,2025072903011534,SADBL,NIMB Stock Markets Limited,Imperial Securities Company Pvt. Ltd.,19,515.0,9785.0,2025-07-29 12:14:21.809451
2025-07-29,102656,2025072903011535,SADBL,NIMB Stock Markets Limited,KALASH STOCK MARKET PVT. LTD.,100,515.0,51500.0,2025-07-29 12:14:21.809593
2025-07-29,102655,2025072903011536,SADBL,NIMB Stock Markets Limited,Sundhara Securities Limited,10,515.0,5150.0,2025-07-29 12:14:21.809709
2025-07-29,102654,2025072903011537,SADBL,NIMB Stock Markets Limited,Sagarmatha Securities Private Limited,438,515.0,225570.0,2025-07-29 12:14:21.809836
2025-07-29,102371,2025072903011601,SADBL,Sweta Securities Private Limited,Sundhara Securities Limited,10,514.0,5140.0,2025-07-29 12:14:42.303878
2025-07-29,102370,2025072903011602,SADBL,Sweta Securities Private Limited,Sweta Securities Private Limited,5,514.0,2570.0,2025-07-29 12:14:42.303994
2025-07-29,102123,2025072903011662,SADBL,Thrive Brokerage House Pvt. Ltd,Dipshikha Dhitopatra Karobar Co. Pvt Ltd.,100,514.0,51400.0,2025-07-29 12:15:03.924386
2025-07-29,101877,2025072903011714,SADBL,NIMB Stock Markets Limited,Dipshikha Dhitopatra Karobar Co. Pvt Ltd.,418,514.0,214852.0,2025-07-29 12:15:21.855838
2025-07-29,101863,2025072903011715,SADBL,NIMB Stock Markets Limited,Imperial Securities Company Pvt. Ltd.,582,514.9,299671.8,2025-07-29 12:15:24.286083
2025-07-29,101861,2025072903011716,SADBL,Siprabi Securities Pvt. Ltd.,Aryatara Investment & Securities,200,512.0,102400.0,2025-07-29 12:15:24.374498
2025-07-29,101860,2025072903011717,SADBL,Asian Securities Private Ltd.,Aryatara Investment & Securities,500,511.1,255550.0,2025-07-29 12:15:24.374588
2025-07-29,100958,2025072903011857,SADBL,NIMB Stock Markets Limited,Imperial Securities Company Pvt. Ltd.,318,513.0,163134.0,2025-07-29 12:16:21.385450
2025-07-29,100957,2025072903011858,SADBL,NIMB Stock Markets Limited,Imperial Securities Company Pvt. Ltd.,100,513.0,51300.0,2025-07-29 12:16:21.385708
2025-07-29,100956,2025072903011859,SADBL,NIMB Stock Markets Limited,Sagarmatha Securities Private Limited,259,513.0,132867.0,2025-07-29 12:16:21.385829
2025-07-29,100955,2025072903011860,SADBL,NIMB Stock Markets Limited,Dakshinkali Investment & Securities Pvt. Ltd.,800,513.0,410400.0,2025-07-29 12:16:21.385953
2025-07-29,100919,2025072903011868,SADBL,NIMB Stock Markets Limited,Dakshinkali Investment & Securities Pvt. Ltd.,23,513.0,11799.0,2025-07-29 12:16:23.811821
2025-07-29,100552,2025072903011935,SADBL,Sani Securities Company Ltd.,Dakshinkali Investment & Securities Pvt. Ltd.,170,513.0,87210.0,2025-07-29 12:16:54.007480
2025-07-29,99700,2025072903012090,SADBL,Sani Securities Company Ltd.,Sani Securities Company Ltd.,200,513.0,102600.0,2025-07-29 12:18:08.224113
2025-07-29,99366,2025072903012159,SADBL,Sani Securities Company Ltd.,Sani Securities Company Ltd.,100,513.0,51300.0,2025-07-29 12:18:33.697012
2025-07-29,99163,2025072903012197,SADBL,Aryatara Investment & Securities,Premier Securities Company Ltd.,100,514.5,51450.0,2025-07-29 12:18:52.975916
2025-07-29,99162,2025072903012198,SADBL,Aryatara Investment & Securities,Sipla Securities Private Limited,200,514.8,102960.0,2025-07-29 12:18:52.976655
2025-07-29,99161,2025072903012199,SADBL,Aryatara Investment & Securities,Kalika Securities Pvt. Ltd.,500,514.8,257400.0,2025-07-29 12:18:52.977348
2025-07-29,99160,2025072903012200,SADBL,Aryatara Investment & Securities,Kalika Securities Pvt. Ltd.,500,514.9,257450.0,2025-07-29 12:18:52.977978
2025-07-29,99135,2025072903012201,SADBL,Aryatara Investment & Securities,Market Securities & Exchange (PVT) Ltd.,700,514.9,360430.0,2025-07-29 12:18:53.391643
2025-07-29,98187,2025072903012376,SADBL,NIMB Stock Markets Limited,Garima Securities Limited,36,511.5,18414.0,2025-07-29 12:19:58.030726
2025-07-29,97606,2025072903012499,SADBL,S.P.S.A. Securities Limited,Market Securities & Exchange (PVT) Ltd.,1000,514.0,514000.0,2025-07-29 12:20:38.627861
2025-07-29,97445,2025072903012519,SADBL,Vision Securities Pvt. Ltd,Market Securities & Exchange (PVT) Ltd.,200,514.0,102800.0,2025-07-29 12:20:48.189906
2025-07-29,96796,2025072903012658,SADBL,Aryatara Investment & Securities,Vision Securities Pvt. Ltd,191,512.1,97811.1,2025-07-29 12:21:30.860713
2025-07-29,95649,2025072903012858,SADBL,Swarna Laxmi Securities Pvt. Ltd.,Sundhara Securities Limited,10,512.5,5125.0,2025-07-29 12:22:45.459036
2025-07-29,95648,2025072903012859,SADBL,Swarna Laxmi Securities Pvt. Ltd.,Dipshikha Dhitopatra Karobar Co. Pvt Ltd.,90,512.5,46125.0,2025-07-29 12:22:45.579602
2025-07-29,95647,2025072903012860,SADBL,Sumeru Securities Pvt. Ltd.,Dipshikha Dhitopatra Karobar Co. Pvt Ltd.,100,512.2,51220.0,2025-07-29 12:22:45.579895
2025-07-29,95646,2025072903012861,SADBL,Aryatara Investment & Securities,Dipshikha Dhitopatra Karobar Co. Pvt Ltd.,309,512.1,158238.9,2025-07-29 12:22:45.580066
2025-07-29,94951,2025072903012989,SADBL,NIMB Stock Markets Limited,Siprabi Securities Pvt. Ltd.,410,512.2,210002.0,2025-07-29 12:23:30.681710
2025-07-29,94708,2025072903013025,SADBL,NIMB Stock Markets Limited,Investment Management Nepal Pvt. Ltd.,590,512.2,302198.0,2025-07-29 12:23:48.899970
2025-07-29,94707,2025072903013026,SADBL,Aryatara Investment & Securities,Investment Management Nepal Pvt. Ltd.,500,512.1,256050.0,2025-07-29 12:23:48.900268
2025-07-29,94530,2025072903013076,SADBL,Neev Securities Pvt. Ltd.,Trisul Securities & Invt. Ltd.,300,511.7,153510.0,2025-07-29 12:24:04.993701
2025-07-29,94113,2025072903013165,SADBL,Siprabi Securities Pvt. Ltd.,Investment Management Nepal Pvt. Ltd.,500,512.0,256000.0,2025-07-29 12:24:34.440352
2025-07-29,93568,2025072903013289,SADBL,Capital Max Securities Ltd,Investment Management Nepal Pvt. Ltd.,1000,512.0,512000.0,2025-07-29 12:25:12.499584
2025-07-29,93317,2025072903013328,SADBL,ABC Securities Private Limited,Sumeru Securities Pvt. Ltd.,500,511.8,255900.0,2025-07-29 12:25:29.583253
2025-07-29,93316,2025072903013329,SADBL,Online Securities Pvt. Ltd.,Sumeru Securities Pvt. Ltd.,500,511.8,255900.0,2025-07-29 12:25:29.583538
2025-07-29,92766,2025072903013444,SADBL,Online Securities Pvt. Ltd.,Aryatara Investment & Securities,50,511.8,25590.0,2025-07-29 12:26:09.019429
2025-07-29,92765,2025072903013445,SADBL,Neev Securities Pvt. Ltd.,Aryatara Investment & Securities,200,511.7,102340.0,2025-07-29 12:26:09.019715
2025-07-29,92764,2025072903013446,SADBL,Imperial Securities Company Pvt. Ltd.,Aryatara Investment & Securities,55,511.6,28138.0,2025-07-29 12:26:09.019847
2025-07-29,92763,2025072903013447,SADBL,Sumeru Securities Pvt. Ltd.,Aryatara Investment & Securities,500,511.6,255800.0,2025-07-29 12:26:09.019976
2025-07-29,92762,2025072903013448,SADBL,Midas Stock Broking Company Private Limited,Aryatara Investment & Securities,245,511.6,125342.0,2025-07-29 12:26:09.020115
2025-07-29,92589,2025072903013475,SADBL,Midas Stock Broking Company Private Limited,Dakshinkali Investment & Securities Pvt. Ltd.,255,511.6,130458.0,2025-07-29 12:26:25.903425
2025-07-29,92588,2025072903013476,SADBL,NIMB Stock Markets Limited,Dakshinkali Investment & Securities Pvt. Ltd.,964,511.5,493086.0,2025-07-29 12:26:25.903745
2025-07-29,92587,2025072903013477,SADBL,Sumeru Securities Pvt. Ltd.,Dakshinkali Investment & Securities Pvt. Ltd.,500,511.5,255750.0,2025-07-29 12:26:25.903882
2025-07-29,92132,2025072903013538,SADBL,S.P.S.A. Securities Limited,Midas Stock Broking Company Private Limited,222,511.4,113530.8,2025-07-29 12:26:55.580368
2025-07-29,92100,2025072903013545,SADBL,NIMB Stock Markets Limited,Dakshinkali Investment & Securities Pvt. Ltd.,281,511.5,143731.5,2025-07-29 12:26:58.956118
2025-07-29,92057,2025072903013554,SADBL,NIMB Stock Markets Limited,Naasa Securities Co. Ltd.,450,511.5,230175.0,2025-07-29 12:27:02.547785
2025-07-29,91986,2025072903013564,SADBL,NIMB Stock Markets Limited,Linch Stock Market Ltd.,150,511.5,76725.0,2025-07-29 12:27:09.536681
2025-07-29,91636,2025072903013614,SADBL,Pragyan Securities (PVT) Ltd.,Sumeru Securities Pvt. Ltd.,100,511.6,51160.0,2025-07-29 12:27:38.755542
2025-07-29,91635,2025072903013615,SADBL,NIMB Stock Markets Limited,Sumeru Securities Pvt. Ltd.,119,511.5,60868.5,2025-07-29 12:27:38.756102
2025-07-29,91634,2025072903013616,SADBL,Sani Securities Company Ltd.,Sumeru Securities Pvt. Ltd.,281,511.5,143731.5,2025-07-29 12:27:38.756470
2025-07-29,91286,2025072903013660,SADBL,Sani Securities Company Ltd.,Sweta Securities Private Limited,19,511.5,9718.5,2025-07-29 12:28:02.654383
2025-07-29,91285,2025072903013661,SADBL,Oxford Securities Pvt. Ltd.,Sweta Securities Private Limited,81,511.5,41431.5,2025-07-29 12:28:02.654672
2025-07-29,91135,2025072903013679,SADBL,Oxford Securities Pvt. Ltd.,Kohinoor Investment & Securities Pvt. Ltd.,74,511.5,37851.0,2025-07-29 12:28:12.615729
2025-07-29,91134,2025072903013680,SADBL,S.P.S.A. Securities Limited,Kohinoor Investment & Securities Pvt. Ltd.,78,511.4,39889.2,2025-07-29 12:28:12.616036
2025-07-29,91133,2025072903013681,SADBL,Sumeru Securities Pvt. Ltd.,Kohinoor Investment & Securities Pvt. Ltd.,500,511.4,255700.0,2025-07-29 12:28:12.616187
2025-07-29,91132,2025072903013682,SADBL,Midas Stock Broking Company Private Limited,Kohinoor Investment & Securities Pvt. Ltd.,500,511.4,255700.0,2025-07-29 12:28:12.616315
2025-07-29,91131,2025072903013683,SADBL,S.P.S.A. Securities Limited,Kohinoor Investment & Securities Pvt. Ltd.,348,511.3,177932.4,2025-07-29 12:28:12.616449
2025-07-29,89802,2025072903013934,SADBL,Imperial Securities Company Pvt. Ltd.,Vision Securities Pvt. Ltd,500,511.5,255750.0,2025-07-29 12:29:48.503069
2025-07-29,89114,2025072903014068,SADBL,Imperial Securities Company Pvt. Ltd.,Sumeru Securities Pvt. Ltd.,101,511.5,51661.5,2025-07-29 12:30:34.689964
2025-07-29,89050,2025072903014079,SADBL,Naasa Securities Co. Ltd.,Investment Management Nepal Pvt. Ltd.,410,512.0,209920.0,2025-07-29 12:30:42.316526
2025-07-29,89049,2025072903014080,SADBL,Naasa Securities Co. Ltd.,Aryatara Investment & Securities,51,512.0,26112.0,2025-07-29 12:30:42.316829
2025-07-29,89048,2025072903014081,SADBL,Naasa Securities Co. Ltd.,Nepal Stock House (PVT) Ltd.,48,512.0,24576.0,2025-07-29 12:30:42.316959
2025-07-29,89035,2025072903014083,SADBL,Imperial Securities Company Pvt. Ltd.,Sewa Securities Pvt. Ltd.,399,511.5,204088.5,2025-07-29 12:30:43.248854
2025-07-29,89034,2025072903014084,SADBL,NIMB Stock Markets Limited,Sewa Securities Pvt. Ltd.,101,511.4,51651.4,2025-07-29 12:30:43.249457
2025-07-29,88892,2025072903014098,SADBL,NIMB Stock Markets Limited,SHUBHAKAMANA SECURITIES PVT. LTD,100,511.4,51140.0,2025-07-29 12:30:55.085580
2025-07-29,88512,2025072903014185,SADBL,Imperial Securities Company Pvt. Ltd.,Online Securities Pvt. Ltd.,300,511.5,153450.0,2025-07-29 12:31:26.134169
2025-07-29,88370,2025072903014219,SADBL,Imperial Securities Company Pvt. Ltd.,Asian Securities Private Ltd.,13,511.5,6649.5,2025-07-29 12:31:40.077920
2025-07-29,87932,2025072903014301,SADBL,Imperial Securities Company Pvt. Ltd.,Imperial Securities Company Pvt. Ltd.,100,511.5,51150.0,2025-07-29 12:32:19.298127
2025-07-29,87866,2025072903014323,SADBL,Vision Securities Pvt. Ltd,Nepal Stock House (PVT) Ltd.,100,512.0,51200.0,2025-07-29 12:32:25.811359
2025-07-29,87757,2025072903014343,SADBL,Imperial Securities Company Pvt. Ltd.,Kumari Securities Private Limited,387,511.5,197950.5,2025-07-29 12:32:35.400554
2025-07-29,87565,2025072903014384,SADBL,NIMB Stock Markets Limited,Dynamic Money Managers Securities Pvt. Ltd.,799,511.4,408608.6,2025-07-29 12:32:52.021435
2025-07-29,87564,2025072903014385,SADBL,S.P.S.A. Securities Limited,Dynamic Money Managers Securities Pvt. Ltd.,452,511.3,231107.6,2025-07-29 12:32:52.021757
2025-07-29,87563,2025072903014386,SADBL,Vision Securities Pvt. Ltd,Dynamic Money Managers Securities Pvt. Ltd.,500,511.1,255550.0,2025-07-29 12:32:52.021895
2025-07-29,87562,2025072903014387,SADBL,Siprabi Securities Pvt. Ltd.,Dynamic Money Managers Securities Pvt. Ltd.,500,511.1,255550.0,2025-07-29 12:32:52.022061
2025-07-29,87561,2025072903014388,SADBL,Online Securities Pvt. Ltd.,Dynamic Money Managers Securities Pvt. Ltd.,238,511.0,121618.0,2025-07-29 12:32:52.022242
2025-07-29,87560,2025072903014389,SADBL,Naasa Securities Co. Ltd.,Dynamic Money Managers Securities Pvt. Ltd.,920,511.0,470120.0,2025-07-29 12:32:52.022392
2025-07-29,87559,2025072903014390,SADBL,Nepal Stock House (PVT) Ltd.,Dynamic Money Managers Securities Pvt. Ltd.,500,511.0,255500.0,2025-07-29 12:32:52.022520
2025-07-29,87558,2025072903014391,SADBL,ABC Securities Private Limited,Dynamic Money Managers Securities Pvt. Ltd.,70,511.0,35770.0,2025-07-29 12:32:52.022657
2025-07-29,87557,2025072903014392,SADBL,Linch Stock Market Ltd.,Dynamic Money Managers Securities Pvt. Ltd.,200,511.0,102200.0,2025-07-29 12:32:52.022839
2025-07-29,87556,2025072903014393,SADBL,Imperial Securities Company Pvt. Ltd.,Dynamic Money Managers Securities Pvt. Ltd.,50,510.5,25525.0,2025-07-29 12:32:52.023012
2025-07-29,87555,2025072903014394,SADBL,Creative Securities Pvt Ltd,Dynamic Money Managers Securities Pvt. Ltd.,200,510.5,102100.0,2025-07-29 12:32:52.023158
2025-07-29,87554,2025072903014395,SADBL,Pragyan Securities (PVT) Ltd.,Dynamic Money Managers Securities Pvt. Ltd.,200,510.2,102040.0,2025-07-29 12:32:52.023307
2025-07-29,87553,2025072903014396,SADBL,Investment Management Nepal Pvt. Ltd.,Dynamic Money Managers Securities Pvt. Ltd.,200,510.1,102020.0,2025-07-29 12:32:52.023460
2025-07-29,87552,2025072903014397,SADBL,Sanima Securities Limited,Dynamic Money Managers Securities Pvt. Ltd.,400,510.1,204040.0,2025-07-29 12:32:52.023584
2025-07-29,87551,2025072903014398,SADBL,J.F. Securites (PVT) Ltd.,Dynamic Money Managers Securities Pvt. Ltd.,140,510.1,71414.0,2025-07-29 12:32:52.023703
2025-07-29,87550,2025072903014399,SADBL,Midas Stock Broking Company Private Limited,Dynamic Money Managers Securities Pvt. Ltd.,500,510.1,255050.0,2025-07-29 12:32:52.023822
2025-07-29,87549,2025072903014400,SADBL,Malla & Malla Stock Broking Company Pvt. Limited,Dynamic Money Managers Securities Pvt. Ltd.,113,510.0,57630.0,2025-07-29 12:32:52.023954
2025-07-29,87548,2025072903014401,SADBL,Imperial Securities Company Pvt. Ltd.,Dynamic Money Managers Securities Pvt. Ltd.,68,510.0,34680.0,2025-07-29 12:32:52.024087
2025-07-29,87547,2025072903014402,SADBL,Bhrikuti Stock Broking Co. Pvt. Ltd.,Dynamic Money Managers Securities Pvt. Ltd.,500,510.0,255000.0,2025-07-29 12:32:52.024213
2025-07-29,87546,2025072903014403,SADBL,Linch Stock Market Ltd.,Dynamic Money Managers Securities Pvt. Ltd.,200,510.0,102000.0,2025-07-29 12:32:52.024332
2025-07-29,87545,2025072903014404,SADBL,Dynamic Money Managers Securities Pvt. Ltd.,Dynamic Money Managers Securities Pvt. Ltd.,350,510.0,178500.0,2025-07-29 12:32:52.024463
2025-07-29,87544,2025072903014405,SADBL,Kohinoor Investment & Securities Pvt. Ltd.,Dynamic Money Managers Securities Pvt. Ltd.,5040,510.0,2570400.0,2025-07-29 12:32:52.024606
2025-07-29,86512,2025072903014595,SADBL,Swarna Laxmi Securities Pvt. Ltd.,Kumari Securities Private Limited,113,511.5,57799.5,2025-07-29 12:34:30.298017
2025-07-29,86511,2025072903014596,SADBL,Swarna Laxmi Securities Pvt. Ltd.,Nepal Stock House (PVT) Ltd.,111,511.5,56776.5,2025-07-29 12:34:30.298322
2025-07-29,86510,2025072903014597,SADBL,Swarna Laxmi Securities Pvt. Ltd.,Nepal Stock House (PVT) Ltd.,26,512.0,13312.0,2025-07-29 12:34:30.298459
2025-07-29,86352,2025072903014647,SADBL,Sumeru Securities Pvt. Ltd.,Kumari Securities Private Limited,500,510.1,255050.0,2025-07-29 12:34:44.785014
2025-07-29,86351,2025072903014648,SADBL,NIMB Stock Markets Limited,Kumari Securities Private Limited,500,510.1,255050.0,2025-07-29 12:34:44.785594
2025-07-29,86318,2025072903014652,SADBL,Secured Securities Ltd.,Nepal Stock House (PVT) Ltd.,126,512.0,64512.0,2025-07-29 12:34:47.646399
2025-07-29,86317,2025072903014653,SADBL,Secured Securities Ltd.,Neev Securities Pvt. Ltd.,40,512.0,20480.0,2025-07-29 12:34:47.646734
2025-07-29,86316,2025072903014654,SADBL,Secured Securities Ltd.,Swarna Laxmi Securities Pvt. Ltd.,330,512.0,168960.0,2025-07-29 12:34:47.646860
2025-07-29,86315,2025072903014655,SADBL,Secured Securities Ltd.,Dakshinkali Investment & Securities Pvt. Ltd.,1000,512.0,512000.0,2025-07-29 12:34:47.646979
2025-07-29,86024,2025072903014696,SADBL,Secured Securities Ltd.,Sri Hari Securities Pvt. Ltd.,10,512.0,5120.0,2025-07-29 12:35:15.468200
2025-07-29,85951,2025072903014709,SADBL,Naasa Securities Co. Ltd.,Himalayan Securities Limited,18,512.0,9216.0,2025-07-29 12:35:24.314500
2025-07-29,85807,2025072903014738,SADBL,ABC Securities Private Limited,Elite Stock House Limited,500,510.2,255100.0,2025-07-29 12:35:38.584207
2025-07-29,85806,2025072903014739,SADBL,NIMB Stock Markets Limited,Elite Stock House Limited,500,510.1,255050.0,2025-07-29 12:35:38.584513
2025-07-29,85805,2025072903014740,SADBL,Sumeru Securities Pvt. Ltd.,Elite Stock House Limited,500,510.1,255050.0,2025-07-29 12:35:38.584632
2025-07-29,85804,2025072903014741,SADBL,Sumeru Securities Pvt. Ltd.,Elite Stock House Limited,500,510.1,255050.0,2025-07-29 12:35:38.584754
2025-07-29,85803,2025072903014742,SADBL,Vision Securities Pvt. Ltd,Elite Stock House Limited,1000,510.1,510100.0,2025-07-29 12:35:38.584877
2025-07-29,85140,2025072903014843,SADBL,Vision Securities Pvt. Ltd,Himalayan Brokerage Company Limited,1000,510.1,510100.0,2025-07-29 12:36:40.269810
2025-07-29,84972,2025072903014873,SADBL,Naasa Securities Co. Ltd.,Himalayan Securities Limited,15,512.0,7680.0,2025-07-29 12:36:57.828769
2025-07-29,84298,2025072903015004,SADBL,Linch Stock Market Ltd.,Himalayan Brokerage Company Limited,40,511.0,20440.0,2025-07-29 12:38:05.616453
2025-07-29,84297,2025072903015005,SADBL,Sumeru Securities Pvt. Ltd.,Himalayan Brokerage Company Limited,1000,510.1,510100.0,2025-07-29 12:38:05.616733
2025-07-29,84296,2025072903015006,SADBL,Sumeru Securities Pvt. Ltd.,Himalayan Brokerage Company Limited,460,510.1,234646.0,2025-07-29 12:38:05.616857
2025-07-29,83919,2025072903015092,SADBL,Sumeru Securities Pvt. Ltd.,Aryatara Investment & Securities,10,510.1,5101.0,2025-07-29 12:38:39.172844
2025-07-29,83757,2025072903015124,SADBL,Sumeru Securities Pvt. Ltd.,Aryatara Investment & Securities,30,510.1,15303.0,2025-07-29 12:38:57.536278
2025-07-29,83756,2025072903015125,SADBL,Himalayan Brokerage Company Limited,Aryatara Investment & Securities,500,510.1,255050.0,2025-07-29 12:38:57.536572
2025-07-29,83755,2025072903015126,SADBL,Kohinoor Investment & Securities Pvt. Ltd.,Aryatara Investment & Securities,70,510.0,35700.0,2025-07-29 12:38:57.536698
2025-07-29,83267,2025072903015206,SADBL,Sewa Securities Pvt. Ltd.,Oxford Securities Pvt. Ltd.,500,510.5,255250.0,2025-07-29 12:39:45.584079
2025-07-29,83266,2025072903015207,SADBL,Agrawal Securities (PVT) Ltd.,Oxford Securities Pvt. Ltd.,100,510.1,51010.0,2025-07-29 12:39:45.584383
2025-07-29,83176,2025072903015224,SADBL,Dipshikha Dhitopatra Karobar Co. Pvt Ltd.,Aryatara Investment & Securities,3,510.1,1530.3,2025-07-29 12:39:55.511423
2025-07-29,82900,2025072903015265,SADBL,Himalayan Brokerage Company Limited,Kumari Securities Private Limited,286,510.1,145888.6,2025-07-29 12:40:25.688054
2025-07-29,82598,2025072903015315,SADBL,Himalayan Brokerage Company Limited,SHUBHAKAMANA SECURITIES PVT. LTD,50,510.1,25505.0,2025-07-29 12:40:48.696195
2025-07-29,82476,2025072903015342,SADBL,Himalayan Brokerage Company Limited,Elite Stock House Limited,164,510.1,83656.4,2025-07-29 12:40:56.873366
2025-07-29,82475,2025072903015343,SADBL,Kohinoor Investment & Securities Pvt. Ltd.,Elite Stock House Limited,836,510.0,426360.0,2025-07-29 12:40:56.873926
2025-07-29,82366,2025072903015357,SADBL,Vision Securities Pvt. Ltd,Himalayan Securities Limited,120,512.0,61440.0,2025-07-29 12:41:07.440228
2025-07-29,82153,2025072903015392,SADBL,Kumari Securities Private Limited,Himalayan Securities Limited,300,512.0,153600.0,2025-07-29 12:41:24.983009
2025-07-29,81973,2025072903015414,SADBL,Kumari Securities Private Limited,Himalayan Securities Limited,47,512.0,24064.0,2025-07-29 12:41:40.493650
2025-07-29,81706,2025072903015460,SADBL,Kumari Securities Private Limited,Siprabi Securities Pvt. Ltd.,253,512.0,129536.0,2025-07-29 12:42:07.387688
2025-07-29,81705,2025072903015461,SADBL,Aryatara Investment & Securities,Siprabi Securities Pvt. Ltd.,17,512.0,8704.0,2025-07-29 12:42:07.388296
2025-07-29,81662,2025072903015463,SADBL,Himalayan Brokerage Company Limited,Sani Securities Company Ltd.,100,510.2,51020.0,2025-07-29 12:42:09.946062
2025-07-29,81532,2025072903015515,SADBL,Himalayan Brokerage Company Limited,Sani Securities Company Ltd.,100,510.2,51020.0,2025-07-29 12:42:23.404190
2025-07-29,80536,2025072903015683,SADBL,Himalayan Brokerage Company Limited,Naasa Securities Co. Ltd.,194,510.5,99037.0,2025-07-29 12:43:55.710857
2025-07-29,80415,2025072903015708,SADBL,Trishakti Securities Public Limited,Kumari Securities Private Limited,200,510.6,102120.0,2025-07-29 12:44:09.178710
2025-07-29,80414,2025072903015709,SADBL,Naasa Securities Co. Ltd.,Kumari Securities Private Limited,10,510.6,5106.0,2025-07-29 12:44:09.179323
2025-07-29,80413,2025072903015710,SADBL,Himalayan Brokerage Company Limited,Kumari Securities Private Limited,306,510.5,156213.0,2025-07-29 12:44:09.179705
2025-07-29,80148,2025072903015755,SADBL,Sundhara Securities Limited,Kumari Securities Private Limited,100,510.5,51050.0,2025-07-29 12:44:31.530779
2025-07-29,80139,2025072903015758,SADBL,Indira securities pvt. ltd,Kumari Securities Private Limited,384,510.5,196032.0,2025-07-29 12:44:32.756034
2025-07-29,80065,2025072903015763,SADBL,Indira securities pvt. ltd,Sharepro Securities Private Limited,100,510.5,51050.0,2025-07-29 12:44:39.161308
2025-07-29,79714,2025072903015809,SADBL,Indira securities pvt. ltd,Imperial Securities Company Pvt. Ltd.,16,510.5,8168.0,2025-07-29 12:45:11.953994
2025-07-29,79713,2025072903015810,SADBL,KALASH STOCK MARKET PVT. LTD.,Imperial Securities Company Pvt. Ltd.,184,510.5,93932.0,2025-07-29 12:45:11.954589
2025-07-29,79130,2025072903015897,SADBL,Hatemalo Financial Services Private Limited,Siprabi Securities Pvt. Ltd.,11,512.0,5632.0,2025-07-29 12:46:10.710475
2025-07-29,77808,2025072903016170,SADBL,Naasa Securities Co. Ltd.,Siprabi Securities Pvt. Ltd.,20,512.0,10240.0,2025-07-29 12:48:17.757783
2025-07-29,77274,2025072903016254,SADBL,Online Securities Pvt. Ltd.,Kumari Securities Private Limited,500,511.2,255600.0,2025-07-29 12:49:20.168132
2025-07-29,76951,2025072903016333,SADBL,Online Securities Pvt. Ltd.,Kumari Securities Private Limited,34,511.2,17380.8,2025-07-29 12:49:56.523242
2025-07-29,76950,2025072903016334,SADBL,Imperial Securities Company Pvt. Ltd.,Kumari Securities Private Limited,15,511.2,7668.0,2025-07-29 12:49:56.523844
2025-07-29,76949,2025072903016335,SADBL,Himalayan Brokerage Company Limited,Kumari Securities Private Limited,200,511.2,102240.0,2025-07-29 12:49:56.524314
2025-07-29,76815,2025072903016364,SADBL,Naasa Securities Co. Ltd.,Sharepro Securities Private Limited,50,511.1,25555.0,2025-07-29 12:50:17.344797
2025-07-29,76383,2025072903016440,SADBL,Naasa Securities Co. Ltd.,Agrawal Securities (PVT) Ltd.,565,511.1,288771.5,2025-07-29 12:51:12.761189
2025-07-29,76382,2025072903016441,SADBL,Investment Management Nepal Pvt. Ltd.,Agrawal Securities (PVT) Ltd.,435,511.0,222285.0,2025-07-29 12:51:12.761565
2025-07-29,75829,2025072903016542,SADBL,Oxford Securities Pvt. Ltd.,Sharepro Securities Private Limited,100,511.1,51110.0,2025-07-29 12:52:04.861358
2025-07-29,75437,2025072903016637,SADBL,NIMB Stock Markets Limited,Kumari Securities Private Limited,250,511.2,127800.0,2025-07-29 12:52:58.583992
2025-07-29,75366,2025072903016649,SADBL,NIMB Stock Markets Limited,Agrawal Securities (PVT) Ltd.,750,511.2,383400.0,2025-07-29 12:53:09.824275
2025-07-29,75365,2025072903016650,SADBL,Oxford Securities Pvt. Ltd.,Agrawal Securities (PVT) Ltd.,250,511.1,127775.0,2025-07-29 12:53:09.824599
2025-07-29,75108,2025072903016688,SADBL,Oxford Securities Pvt. Ltd.,Aryatara Investment & Securities,150,511.1,76665.0,2025-07-29 12:53:41.536036
2025-07-29,75107,2025072903016689,SADBL,Sumeru Securities Pvt. Ltd.,Aryatara Investment & Securities,500,511.1,255550.0,2025-07-29 12:53:41.536094
2025-07-29,75106,2025072903016690,SADBL,Investment Management Nepal Pvt. Ltd.,Aryatara Investment & Securities,65,511.0,33215.0,2025-07-29 12:53:41.536117
2025-07-29,75105,2025072903016691,SADBL,Investment Management Nepal Pvt. Ltd.,Aryatara Investment & Securities,500,511.0,255500.0,2025-07-29 12:53:41.536143
2025-07-29,75104,2025072903016692,SADBL,Pragyan Securities (PVT) Ltd.,Aryatara Investment & Securities,20,511.0,10220.0,2025-07-29 12:53:41.536175
2025-07-29,75103,2025072903016693,SADBL,ABC Securities Private Limited,Aryatara Investment & Securities,30,511.0,15330.0,2025-07-29 12:53:41.536198
2025-07-29,75102,2025072903016694,SADBL,Sumeru Securities Pvt. Ltd.,Aryatara Investment & Securities,500,511.0,255500.0,2025-07-29 12:53:41.536221
2025-07-29,75101,2025072903016695,SADBL,Trishakti Securities Public Limited,Aryatara Investment & Securities,100,510.6,51060.0,2025-07-29 12:53:41.536253
2025-07-29,75100,2025072903016696,SADBL,Sumeru Securities Pvt. Ltd.,Aryatara Investment & Securities,435,510.6,222111.0,2025-07-29 12:53:41.536277
2025-07-29,75016,2025072903016718,SADBL,Sumeru Securities Pvt. Ltd.,Sharepro Securities Private Limited,65,510.6,33189.0,2025-07-29 12:53:53.636669
2025-07-29,75015,2025072903016719,SADBL,KALASH STOCK MARKET PVT. LTD.,Sharepro Securities Private Limited,25,510.5,12762.5,2025-07-29 12:53:53.637119
2025-07-29,74728,2025072903016774,SADBL,KALASH STOCK MARKET PVT. LTD.,Secured Securities Ltd.,50,510.5,25525.0,2025-07-29 12:54:22.956781
2025-07-29,74300,2025072903016890,SADBL,ABC Securities Private Limited,ABC Securities Private Limited,500,511.0,255500.0,2025-07-29 12:55:01.835094
2025-07-29,74228,2025072903016905,SADBL,KALASH STOCK MARKET PVT. LTD.,South Asian Bulls Pvt. Ltd.,241,510.5,123030.5,2025-07-29 12:55:10.522991
2025-07-29,74227,2025072903016906,SADBL,Indira securities pvt. ltd,South Asian Bulls Pvt. Ltd.,500,510.5,255250.0,2025-07-29 12:55:10.523577
2025-07-29,74226,2025072903016907,SADBL,Online Securities Pvt. Ltd.,South Asian Bulls Pvt. Ltd.,195,510.5,99547.5,2025-07-29 12:55:10.523989
2025-07-29,74225,2025072903016908,SADBL,Creative Securities Pvt Ltd,South Asian Bulls Pvt. Ltd.,40,510.5,20420.0,2025-07-29 12:55:10.524375
2025-07-29,74224,2025072903016909,SADBL,Sumeru Securities Pvt. Ltd.,South Asian Bulls Pvt. Ltd.,500,510.4,255200.0,2025-07-29 12:55:10.524758
2025-07-29,74223,2025072903016910,SADBL,NIMB Stock Markets Limited,South Asian Bulls Pvt. Ltd.,1000,510.3,510300.0,2025-07-29 12:55:10.525154
2025-07-29,74222,2025072903016911,SADBL,Sajilo Broker Limited,South Asian Bulls Pvt. Ltd.,500,510.3,255150.0,2025-07-29 12:55:10.525538
2025-07-29,74221,2025072903016912,SADBL,Aryatara Investment & Securities,South Asian Bulls Pvt. Ltd.,2024,510.2,1032644.8,2025-07-29 12:55:10.525925
2025-07-29,74057,2025072903016965,SADBL,Aryatara Investment & Securities,Sharepro Securities Private Limited,150,510.2,76530.0,2025-07-29 12:55:30.252681
2025-07-29,73637,2025072903017039,SADBL,Linch Stock Market Ltd.,Sri Hari Securities Pvt. Ltd.,60,510.5,30630.0,2025-07-29 12:56:20.177518
2025-07-29,73636,2025072903017040,SADBL,Aryatara Investment & Securities,Sri Hari Securities Pvt. Ltd.,70,510.2,35714.0,2025-07-29 12:56:20.178099
2025-07-29,73350,2025072903017081,SADBL,Aryatara Investment & Securities,BHOLE GANESH SECURITIES LTD,56,510.2,28571.2,2025-07-29 12:56:51.248920
2025-07-29,73349,2025072903017082,SADBL,Sundhara Securities Limited,BHOLE GANESH SECURITIES LTD,131,510.1,66823.1,2025-07-29 12:56:51.249591
2025-07-29,73164,2025072903017130,SADBL,Sundhara Securities Limited,Primo Securities (PVT) Ltd.,1,500.0,500.0,2025-07-29 12:57:13.860733
2025-07-29,72785,2025072903017215,SADBL,Trishakti Securities Public Limited,ABC Securities Private Limited,100,511.0,51100.0,2025-07-29 12:57:56.965874
2025-07-29,72728,2025072903017220,SADBL,Sundhara Securities Limited,Nepal Investment And Securities Trading Private Limited,1,505.0,505.0,2025-07-29 12:58:02.179690
2025-07-29,72525,2025072903017286,SADBL,Sharepro Securities Private Limited,Dakshinkali Investment & Securities Pvt. Ltd.,2000,510.2,1020400.0,2025-07-29 12:58:23.333867
2025-07-29,72376,2025072903017347,SADBL,Dakshinkali Investment & Securities Pvt. Ltd.,Dakshinkali Investment & Securities Pvt. Ltd.,8000,510.2,4081600.0,2025-07-29 12:58:36.738070
2025-07-29,71780,2025072903017600,SADBL,Sundhara Securities Limited,Online Securities Pvt. Ltd.,869,510.1,443276.9,2025-07-29 12:59:16.687372
2025-07-29,71779,2025072903017601,SADBL,Sanima Securities Limited,Online Securities Pvt. Ltd.,1000,510.1,510100.0,2025-07-29 12:59:16.687962
2025-07-29,71778,2025072903017602,SADBL,Sanima Securities Limited,Online Securities Pvt. Ltd.,131,510.1,66823.1,2025-07-29 12:59:16.688357
2025-07-29,71634,2025072903017638,SADBL,Sanima Securities Limited,Agrawal Securities (PVT) Ltd.,311,510.1,158641.1,2025-07-29 12:59:27.471654
2025-07-29,71606,2025072903017643,SADBL,Sanima Securities Limited,KALASH STOCK MARKET PVT. LTD.,508,510.1,259130.8,2025-07-29 12:59:31.020369
2025-07-29,71605,2025072903017644,SADBL,Kohinoor Investment & Securities Pvt. Ltd.,KALASH STOCK MARKET PVT. LTD.,2492,510.0,1270920.0,2025-07-29 12:59:31.020674
2025-07-29,70668,2025072903017786,SADBL,Kohinoor Investment & Securities Pvt. Ltd.,Kohinoor Investment & Securities Pvt. Ltd.,100,510.0,51000.0,2025-07-29 13:01:14.339189
2025-07-29,70509,2025072903017796,SADBL,Sundhara Securities Limited,Agrawal Securities (PVT) Ltd.,9,507.0,4563.0,2025-07-29 13:01:20.625875
2025-07-29,70442,2025072903017820,SADBL,Nepal Stock House (PVT) Ltd.,ABC Securities Private Limited,1400,511.0,715400.0,2025-07-29 13:01:29.886322
2025-07-29,70002,2025072903017930,SADBL,Nepal Stock House (PVT) Ltd.,Dipshikha Dhitopatra Karobar Co. Pvt Ltd.,300,511.0,153300.0,2025-07-29 13:02:14.948459
2025-07-29,69993,2025072903017935,SADBL,Nepal Stock House (PVT) Ltd.,Vision Securities Pvt. Ltd,300,511.0,153300.0,2025-07-29 13:02:16.666611
2025-07-29,69762,2025072903017978,SADBL,Thrive Brokerage House Pvt. Ltd,Vision Securities Pvt. Ltd,100,511.0,51100.0,2025-07-29 13:02:46.834451
2025-07-29,69742,2025072903017982,SADBL,Kohinoor Investment & Securities Pvt. Ltd.,Sharepro Securities Private Limited,100,510.0,51000.0,2025-07-29 13:02:50.065382
2025-07-29,69633,2025072903018014,SADBL,Himalayan Securities Limited,Vision Securities Pvt. Ltd,100,511.0,51100.0,2025-07-29 13:02:57.634255
2025-07-29,69358,2025072903018062,SADBL,Himalayan Securities Limited,Sumeru Securities Pvt. Ltd.,400,511.0,204400.0,2025-07-29 13:03:25.653379
2025-07-29,69357,2025072903018063,SADBL,Himalayan Securities Limited,Sumeru Securities Pvt. Ltd.,500,511.0,255500.0,2025-07-29 13:03:25.653425
2025-07-29,69356,2025072903018064,SADBL,Kohinoor Investment & Securities Pvt. Ltd.,Sumeru Securities Pvt. Ltd.,1100,510.0,561000.0,2025-07-29 13:03:25.653452
2025-07-29,69196,2025072903018097,SADBL,Aryatara Investment & Securities,Trishakti Securities Public Limited,12,511.0,6132.0,2025-07-29 13:03:47.320334
2025-07-29,69010,2025072903018130,SADBL,Sewa Securities Pvt. Ltd.,Trishakti Securities Public Limited,33,510.1,16833.3,2025-07-29 13:04:05.176738
2025-07-29,68511,2025072903018275,SADBL,Sewa Securities Pvt. Ltd.,Sharepro Securities Private Limited,68,510.1,34686.8,2025-07-29 13:05:15.996959
2025-07-29,67297,2025072903018566,SADBL,Trishakti Securities Public Limited,Sipla Securities Private Limited,300,511.8,153540.0,2025-07-29 13:07:36.859295
2025-07-29,67044,2025072903018633,SADBL,Aryatara Investment & Securities,Sharepro Securities Private Limited,130,511.9,66547.0,2025-07-29 13:08:09.541938
2025-07-29,67033,2025072903018634,SADBL,Trishakti Securities Public Limited,Sharepro Securities Private Limited,50,511.8,25590.0,2025-07-29 13:08:12.002791
2025-07-29,66803,2025072903018679,SADBL,Trishakti Securities Public Limited,Sharepro Securities Private Limited,90,511.9,46071.0,2025-07-29 13:08:39.395748
2025-07-29,66643,2025072903018705,SADBL,Dakshinkali Investment & Securities Pvt. Ltd.,Sharepro Securities Private Limited,40,511.9,20476.0,2025-07-29 13:09:03.669281
2025-07-29,66566,2025072903018713,SADBL,Trishakti Securities Public Limited,Sharepro Securities Private Limited,40,511.9,20476.0,2025-07-29 13:09:12.677161
2025-07-29,66564,2025072903018714,SADBL,Vision Securities Pvt. Ltd,Sharepro Securities Private Limited,100,511.9,51190.0,2025-07-29 13:09:13.591651
2025-07-29,66563,2025072903018715,SADBL,Vision Securities Pvt. Ltd,Siprabi Securities Pvt. Ltd.,100,512.0,51200.0,2025-07-29 13:09:13.591998
2025-07-29,62540,2025072903019374,SADBL,Agrawal Securities (PVT) Ltd.,Siprabi Securities Pvt. Ltd.,99,512.0,50688.0,2025-07-29 13:17:07.647995
2025-07-29,62539,2025072903019375,SADBL,Agrawal Securities (PVT) Ltd.,Trisul Securities & Invt. Ltd.,10,512.0,5120.0,2025-07-29 13:17:07.648407
2025-07-29,62538,2025072903019376,SADBL,Agrawal Securities (PVT) Ltd.,Shree Krishna Securities Ltd.,200,512.0,102400.0,2025-07-29 13:17:07.648632
2025-07-29,62537,2025072903019377,SADBL,Agrawal Securities (PVT) Ltd.,Capital Max Securities Ltd,100,512.0,51200.0,2025-07-29 13:17:07.648821
2025-07-29,62536,2025072903019378,SADBL,Agrawal Securities (PVT) Ltd.,Sri Hari Securities Pvt. Ltd.,10,512.0,5120.0,2025-07-29 13:17:07.649012
2025-07-29,62535,2025072903019379,SADBL,Agrawal Securities (PVT) Ltd.,Aryatara Investment & Securities,81,512.9,41544.9,2025-07-29 13:17:07.649215
2025-07-29,61950,2025072903019497,SADBL,Kumari Securities Private Limited,Opal Securities Investment (PVT) Ltd.,50,512.0,25600.0,2025-07-29 13:18:15.437437
2025-07-29,61949,2025072903019498,SADBL,Kumari Securities Private Limited,Opal Securities Investment (PVT) Ltd.,30,512.0,15360.0,2025-07-29 13:18:15.437481
2025-07-29,60998,2025072903019681,SADBL,Kumari Securities Private Limited,Opal Securities Investment (PVT) Ltd.,50,512.0,25600.0,2025-07-29 13:19:57.202757
2025-07-29,60612,2025072903019769,SADBL,Sundhara Securities Limited,Online Securities Pvt. Ltd.,3,502.0,1506.0,2025-07-29 13:20:46.295172
2025-07-29,60341,2025072903019817,SADBL,Kumari Securities Private Limited,Dakshinkali Investment & Securities Pvt. Ltd.,20,512.0,10240.0,2025-07-29 13:21:21.211215
2025-07-29,60340,2025072903019818,SADBL,Dakshinkali Investment & Securities Pvt. Ltd.,Dakshinkali Investment & Securities Pvt. Ltd.,9980,511.3,5102774.0,2025-07-29 13:21:21.211602
2025-07-29,59679,2025072903019931,SADBL,Dakshinkali Investment & Securities Pvt. Ltd.,Dynamic Money Managers Securities Pvt. Ltd.,20,511.3,10226.0,2025-07-29 13:22:53.372717
2025-07-29,59678,2025072903019932,SADBL,Sani Securities Company Ltd.,Dynamic Money Managers Securities Pvt. Ltd.,95,511.2,48564.0,2025-07-29 13:22:53.373139
2025-07-29,58584,2025072903020191,SADBL,Dipshikha Dhitopatra Karobar Co. Pvt Ltd.,Dipshikha Dhitopatra Karobar Co. Pvt Ltd.,288,511.3,147254.4,2025-07-29 13:25:10.780393
2025-07-29,57367,2025072903020405,SADBL,Sumeru Securities Pvt. Ltd.,Sani Securities Company Ltd.,10,512.0,5120.0,2025-07-29 13:27:58.131479
2025-07-29,57366,2025072903020406,SADBL,Sumeru Securities Pvt. Ltd.,Imperial Securities Company Pvt. Ltd.,64,512.0,32768.0,2025-07-29 13:27:58.131852
2025-07-29,57263,2025072903020418,SADBL,Sumeru Securities Pvt. Ltd.,Dipshikha Dhitopatra Karobar Co. Pvt Ltd.,96,512.0,49152.0,2025-07-29 13:28:09.620561
2025-07-29,57262,2025072903020419,SADBL,Dipshikha Dhitopatra Karobar Co. Pvt Ltd.,Dipshikha Dhitopatra Karobar Co. Pvt Ltd.,104,511.5,53196.0,2025-07-29 13:28:09.620610
2025-07-29,57154,2025072903020450,SADBL,Dipshikha Dhitopatra Karobar Co. Pvt Ltd.,Kalika Securities Pvt. Ltd.,103,511.5,52684.5,2025-07-29 13:28:33.490892
2025-07-29,56499,2025072903020546,SADBL,Investment Management Nepal Pvt. Ltd.,Neev Securities Pvt. Ltd.,800,512.0,409600.0,2025-07-29 13:29:54.748742
2025-07-29,56407,2025072903020562,SADBL,Investment Management Nepal Pvt. Ltd.,Market Securities & Exchange (PVT) Ltd.,100,512.0,51200.0,2025-07-29 13:30:08.614048
