Date,S.N.,contract_id,symbol,buyer_broker,seller_broker,volume,price,amount,transaction_time
2025-07-29,157456,2025072903000012,SAPDBL,Arun Securities (PVT) Ltd.,Kumari Securities Private Limited,10,940.6,9406.0,2025-07-29 10:46:00.079804
2025-07-29,157390,2025072903000015,SAPDBL,Aryatara Investment & Securities,Naasa Securities Co. Ltd.,120,930.0,111600.0,2025-07-29 11:00:25.378824
2025-07-29,157124,2025072903000051,SAPDBL,Sundhara Securities Limited,Pragyan Securities (PVT) Ltd.,10,933.0,9330.0,2025-07-29 11:01:17.240872
2025-07-29,157074,2025072903000061,SAPDBL,Creative Securities Pvt Ltd,Sundhara Securities Limited,20,938.0,18760.0,2025-07-29 11:01:26.869517
2025-07-29,156960,2025072903000090,SAPDBL,Creative Securities Pvt Ltd,Market Securities & Exchange (PVT) Ltd.,80,938.0,75040.0,2025-07-29 11:01:47.276164
2025-07-29,156959,2025072903000091,SAPDBL,Sundhara Securities Limited,Market Securities & Exchange (PVT) Ltd.,20,933.0,18660.0,2025-07-29 11:01:47.276211
2025-07-29,156470,2025072903000169,SAPDBL,Sundhara Securities Limited,Vision Securities Pvt. Ltd,75,933.0,69975.0,2025-07-29 11:02:42.877872
2025-07-29,156454,2025072903000171,SAPDBL,Sundhara Securities Limited,Imperial Securities Company Pvt. Ltd.,105,933.0,97965.0,2025-07-29 11:02:46.139355
2025-07-29,156453,2025072903000172,SAPDBL,Naasa Securities Co. Ltd.,Imperial Securities Company Pvt. Ltd.,10,933.0,9330.0,2025-07-29 11:02:46.139411
2025-07-29,156303,2025072903000206,SAPDBL,Aryatara Investment & Securities,Trishakti Securities Public Limited,90,930.0,83700.0,2025-07-29 11:03:07.499323
2025-07-29,156302,2025072903000207,SAPDBL,Imperial Securities Company Pvt. Ltd.,Trishakti Securities Public Limited,60,930.0,55800.0,2025-07-29 11:03:07.499386
2025-07-29,156300,2025072903000208,SAPDBL,Aryatara Investment & Securities,Imperial Securities Company Pvt. Ltd.,10,933.0,9330.0,2025-07-29 11:03:08.242601
2025-07-29,156147,2025072903000236,SAPDBL,Sani Securities Company Ltd.,Imperial Securities Company Pvt. Ltd.,60,933.0,55980.0,2025-07-29 11:03:22.090298
2025-07-29,156143,2025072903000237,SAPDBL,Imperial Securities Company Pvt. Ltd.,Aryatara Investment & Securities,40,930.0,37200.0,2025-07-29 11:03:22.429467
2025-07-29,156142,2025072903000238,SAPDBL,Dipshikha Dhitopatra Karobar Co. Pvt Ltd.,Aryatara Investment & Securities,100,930.0,93000.0,2025-07-29 11:03:22.429525
2025-07-29,155025,2025072903000482,SAPDBL,Agrawal Securities (PVT) Ltd.,Thrive Brokerage House Pvt. Ltd,100,929.0,92900.0,2025-07-29 11:05:17.863879
2025-07-29,154716,2025072903000565,SAPDBL,Dipshikha Dhitopatra Karobar Co. Pvt Ltd.,Kohinoor Investment & Securities Pvt. Ltd.,10,925.1,9251.0,2025-07-29 11:05:51.776574
2025-07-29,154715,2025072903000566,SAPDBL,Dipshikha Dhitopatra Karobar Co. Pvt Ltd.,Kohinoor Investment & Securities Pvt. Ltd.,10,923.0,9230.0,2025-07-29 11:05:51.776666
2025-07-29,154714,2025072903000567,SAPDBL,Asian Securities Private Ltd.,Kohinoor Investment & Securities Pvt. Ltd.,22,922.1,20286.2,2025-07-29 11:05:51.776703
2025-07-29,154683,2025072903000575,SAPDBL,Naasa Securities Co. Ltd.,Imperial Securities Company Pvt. Ltd.,20,928.0,18560.0,2025-07-29 11:05:55.128924
2025-07-29,154682,2025072903000576,SAPDBL,Naasa Securities Co. Ltd.,Online Securities Pvt. Ltd.,10,929.0,9290.0,2025-07-29 11:05:55.128999
2025-07-29,154574,2025072903000608,SAPDBL,Naasa Securities Co. Ltd.,Nepal Investment And Securities Trading Private Limited,30,929.0,27870.0,2025-07-29 11:06:03.606724
2025-07-29,154466,2025072903000626,SAPDBL,Naasa Securities Co. Ltd.,Nepal Investment And Securities Trading Private Limited,30,929.0,27870.0,2025-07-29 11:06:13.704413
2025-07-29,154372,2025072903000640,SAPDBL,Naasa Securities Co. Ltd.,Imperial Securities Company Pvt. Ltd.,50,929.0,46450.0,2025-07-29 11:06:20.471224
2025-07-29,154223,2025072903000670,SAPDBL,Sundhara Securities Limited,Aryatara Investment & Securities,10,930.0,9300.0,2025-07-29 11:06:31.424523
2025-07-29,154219,2025072903000671,SAPDBL,Online Securities Pvt. Ltd.,Aryatara Investment & Securities,53,930.0,49290.0,2025-07-29 11:06:32.667542
2025-07-29,153949,2025072903000744,SAPDBL,Imperial Securities Company Pvt. Ltd.,Aryatara Investment & Securities,87,930.0,80910.0,2025-07-29 11:06:59.319594
2025-07-29,153948,2025072903000745,SAPDBL,Imperial Securities Company Pvt. Ltd.,Deevyaa Securities & Stock House Pvt. Ltd,12,930.0,11160.0,2025-07-29 11:06:59.319680
2025-07-29,153890,2025072903000752,SAPDBL,Naasa Securities Co. Ltd.,Online Securities Pvt. Ltd.,10,930.0,9300.0,2025-07-29 11:07:02.485231
2025-07-29,153627,2025072903000813,SAPDBL,Naasa Securities Co. Ltd.,Himalayan Securities Limited,10,929.0,9290.0,2025-07-29 11:07:21.565238
2025-07-29,153498,2025072903000829,SAPDBL,Naasa Securities Co. Ltd.,Imperial Securities Company Pvt. Ltd.,50,929.0,46450.0,2025-07-29 11:07:33.818848
2025-07-29,153450,2025072903000840,SAPDBL,Naasa Securities Co. Ltd.,Sumeru Securities Pvt. Ltd.,100,929.0,92900.0,2025-07-29 11:07:36.854845
2025-07-29,152752,2025072903000985,SAPDBL,Naasa Securities Co. Ltd.,Online Securities Pvt. Ltd.,20,925.0,18500.0,2025-07-29 11:08:40.197938
2025-07-29,152361,2025072903001063,SAPDBL,Aryatara Investment & Securities,Imperial Securities Company Pvt. Ltd.,200,928.9,185780.0,2025-07-29 11:09:10.449327
2025-07-29,152360,2025072903001064,SAPDBL,Aryatara Investment & Securities,Sumeru Securities Pvt. Ltd.,300,929.0,278700.0,2025-07-29 11:09:10.449447
2025-07-29,152283,2025072903001080,SAPDBL,Agrawal Securities (PVT) Ltd.,Sumeru Securities Pvt. Ltd.,100,923.0,92300.0,2025-07-29 11:09:15.712708
2025-07-29,151752,2025072903001173,SAPDBL,Agrawal Securities (PVT) Ltd.,Sri Hari Securities Pvt. Ltd.,400,923.0,369200.0,2025-07-29 11:09:56.848797
2025-07-29,151507,2025072903001238,SAPDBL,Imperial Securities Company Pvt. Ltd.,Shree Krishna Securities Ltd.,1,930.0,930.0,2025-07-29 11:10:15.213481
2025-07-29,151356,2025072903001289,SAPDBL,Asian Securities Private Ltd.,Nagarik Stock Dealer ,28,922.1,25818.8,2025-07-29 11:10:29.035267
2025-07-29,151355,2025072903001290,SAPDBL,Naasa Securities Co. Ltd.,Nagarik Stock Dealer ,20,922.1,18442.0,2025-07-29 11:10:29.035356
2025-07-29,151354,2025072903001291,SAPDBL,Vision Securities Pvt. Ltd,Nagarik Stock Dealer ,50,920.1,46005.0,2025-07-29 11:10:29.035410
2025-07-29,151353,2025072903001292,SAPDBL,Midas Stock Broking Company Private Limited,Nagarik Stock Dealer ,50,920.0,46000.0,2025-07-29 11:10:29.035452
2025-07-29,151352,2025072903001293,SAPDBL,Sundhara Securities Limited,Nagarik Stock Dealer ,60,920.0,55200.0,2025-07-29 11:10:29.035491
2025-07-29,151312,2025072903001300,SAPDBL,Online Securities Pvt. Ltd.,Nagarik Stock Dealer ,60,920.0,55200.0,2025-07-29 11:10:31.706800
2025-07-29,150833,2025072903001422,SAPDBL,Sweta Securities Private Limited,Nepal Stock House (PVT) Ltd.,300,915.1,274530.0,2025-07-29 11:11:09.031383
2025-07-29,149989,2025072903001618,SAPDBL,Agrawal Securities (PVT) Ltd.,Kohinoor Investment & Securities Pvt. Ltd.,100,916.0,91600.0,2025-07-29 11:12:17.250417
2025-07-29,149988,2025072903001619,SAPDBL,Sweta Securities Private Limited,Kohinoor Investment & Securities Pvt. Ltd.,100,915.1,91510.0,2025-07-29 11:12:17.250456
2025-07-29,149987,2025072903001620,SAPDBL,Nepal Investment And Securities Trading Private Limited,Kohinoor Investment & Securities Pvt. Ltd.,20,915.1,18302.0,2025-07-29 11:12:17.250485
2025-07-29,149986,2025072903001621,SAPDBL,Vision Securities Pvt. Ltd,Kohinoor Investment & Securities Pvt. Ltd.,100,915.0,91500.0,2025-07-29 11:12:17.250515
2025-07-29,149985,2025072903001622,SAPDBL,Naasa Securities Co. Ltd.,Kohinoor Investment & Securities Pvt. Ltd.,50,915.0,45750.0,2025-07-29 11:12:17.250542
2025-07-29,149984,2025072903001623,SAPDBL,Vision Securities Pvt. Ltd,Kohinoor Investment & Securities Pvt. Ltd.,20,915.0,18300.0,2025-07-29 11:12:17.250568
2025-07-29,149983,2025072903001624,SAPDBL,Kohinoor Investment & Securities Pvt. Ltd.,Kohinoor Investment & Securities Pvt. Ltd.,100,915.0,91500.0,2025-07-29 11:12:17.250597
2025-07-29,149982,2025072903001625,SAPDBL,Vision Securities Pvt. Ltd,Kohinoor Investment & Securities Pvt. Ltd.,10,915.0,9150.0,2025-07-29 11:12:17.250624
2025-07-29,149981,2025072903001626,SAPDBL,Aryatara Investment & Securities,Kohinoor Investment & Securities Pvt. Ltd.,10,914.9,9149.0,2025-07-29 11:12:17.250652
2025-07-29,149980,2025072903001627,SAPDBL,Premier Securities Company Ltd.,Kohinoor Investment & Securities Pvt. Ltd.,200,914.4,182880.0,2025-07-29 11:12:17.250680
2025-07-29,149979,2025072903001628,SAPDBL,Deevyaa Securities & Stock House Pvt. Ltd,Kohinoor Investment & Securities Pvt. Ltd.,100,913.0,91300.0,2025-07-29 11:12:17.250709
2025-07-29,149978,2025072903001629,SAPDBL,Nagarik Stock Dealer ,Kohinoor Investment & Securities Pvt. Ltd.,90,912.0,82080.0,2025-07-29 11:12:17.250737
2025-07-29,149614,2025072903001702,SAPDBL,Agrawal Securities (PVT) Ltd.,Nagarik Stock Dealer ,10,924.9,9249.0,2025-07-29 11:12:52.070966
2025-07-29,146887,2025072903002251,SAPDBL,Online Securities Pvt. Ltd.,Premier Securities Company Ltd.,100,920.0,92000.0,2025-07-29 11:16:57.774538
2025-07-29,145950,2025072903002419,SAPDBL,Vision Securities Pvt. Ltd,Dakshinkali Investment & Securities Pvt. Ltd.,20,916.1,18322.0,2025-07-29 11:18:24.998388
2025-07-29,145949,2025072903002420,SAPDBL,Dynamic Money Managers Securities Pvt. Ltd.,Dakshinkali Investment & Securities Pvt. Ltd.,30,916.0,27480.0,2025-07-29 11:18:24.998501
2025-07-29,145351,2025072903002544,SAPDBL,Sweta Securities Private Limited,Sewa Securities Pvt. Ltd.,10,916.0,9160.0,2025-07-29 11:19:19.510114
2025-07-29,145205,2025072903002586,SAPDBL,Sweta Securities Private Limited,Primo Securities (PVT) Ltd.,90,916.0,82440.0,2025-07-29 11:19:38.155577
2025-07-29,145091,2025072903002606,SAPDBL,Trishakti Securities Public Limited,Naasa Securities Co. Ltd.,500,920.0,460000.0,2025-07-29 11:19:48.987554
2025-07-29,145090,2025072903002607,SAPDBL,Trishakti Securities Public Limited,Pragyan Securities (PVT) Ltd.,10,920.0,9200.0,2025-07-29 11:19:48.987693
2025-07-29,143811,2025072903002834,SAPDBL,Nepal Stock House (PVT) Ltd.,Naasa Securities Co. Ltd.,100,921.0,92100.0,2025-07-29 11:21:45.960528
2025-07-29,142331,2025072903003140,SAPDBL,Trishakti Securities Public Limited,Primo Securities (PVT) Ltd.,100,920.0,92000.0,2025-07-29 11:23:37.060928
2025-07-29,141559,2025072903003314,SAPDBL,Trishakti Securities Public Limited,Dipshikha Dhitopatra Karobar Co. Pvt Ltd.,15,923.5,13852.5,2025-07-29 11:24:29.554672
2025-07-29,141558,2025072903003315,SAPDBL,Trishakti Securities Public Limited,Primo Securities (PVT) Ltd.,41,924.8,37916.8,2025-07-29 11:24:29.554778
2025-07-29,141557,2025072903003316,SAPDBL,Trishakti Securities Public Limited,Nagarik Stock Dealer ,222,924.9,205327.8,2025-07-29 11:24:29.554877
2025-07-29,141556,2025072903003317,SAPDBL,Trishakti Securities Public Limited,Imperial Securities Company Pvt. Ltd.,22,925.0,20350.0,2025-07-29 11:24:29.554969
2025-07-29,141319,2025072903003387,SAPDBL,Trishakti Securities Public Limited,Imperial Securities Company Pvt. Ltd.,143,925.0,132275.0,2025-07-29 11:24:46.689876
2025-07-29,140439,2025072903003592,SAPDBL,Deevyaa Securities & Stock House Pvt. Ltd,Online Securities Pvt. Ltd.,10,929.0,9290.0,2025-07-29 11:25:53.101418
2025-07-29,140193,2025072903003634,SAPDBL,Malla & Malla Stock Broking Company Pvt. Limited,Naasa Securities Co. Ltd.,10,928.0,9280.0,2025-07-29 11:26:18.673663
2025-07-29,140192,2025072903003635,SAPDBL,Malla & Malla Stock Broking Company Pvt. Limited,Imperial Securities Company Pvt. Ltd.,20,930.0,18600.0,2025-07-29 11:26:18.673813
2025-07-29,140191,2025072903003636,SAPDBL,Malla & Malla Stock Broking Company Pvt. Limited,Dipshikha Dhitopatra Karobar Co. Pvt Ltd.,20,930.0,18600.0,2025-07-29 11:26:18.673872
2025-07-29,139597,2025072903003783,SAPDBL,Sundhara Securities Limited,Midas Stock Broking Company Private Limited,1,918.0,918.0,2025-07-29 11:27:16.354203
2025-07-29,138650,2025072903003995,SAPDBL,Deevyaa Securities & Stock House Pvt. Ltd,Imperial Securities Company Pvt. Ltd.,20,929.0,18580.0,2025-07-29 11:28:37.841532
2025-07-29,137392,2025072903004215,SAPDBL,Dipshikha Dhitopatra Karobar Co. Pvt Ltd.,Dipshikha Dhitopatra Karobar Co. Pvt Ltd.,80,930.0,74400.0,2025-07-29 11:30:33.068983
2025-07-29,137391,2025072903004216,SAPDBL,Dipshikha Dhitopatra Karobar Co. Pvt Ltd.,Naasa Securities Co. Ltd.,10,930.0,9300.0,2025-07-29 11:30:33.069154
2025-07-29,136992,2025072903004329,SAPDBL,Dipshikha Dhitopatra Karobar Co. Pvt Ltd.,Online Securities Pvt. Ltd.,18,930.0,16740.0,2025-07-29 11:31:10.126669
2025-07-29,136879,2025072903004355,SAPDBL,Dipshikha Dhitopatra Karobar Co. Pvt Ltd.,ABC Securities Private Limited,10,930.0,9300.0,2025-07-29 11:31:23.502397
2025-07-29,136503,2025072903004436,SAPDBL,Dipshikha Dhitopatra Karobar Co. Pvt Ltd.,Hatemalo Financial Services Private Limited,122,932.0,113704.0,2025-07-29 11:31:53.260521
2025-07-29,136436,2025072903004467,SAPDBL,Capital Max Securities Ltd,Asian Securities Private Ltd.,5,930.0,4650.0,2025-07-29 11:32:01.332763
2025-07-29,136373,2025072903004479,SAPDBL,Malla & Malla Stock Broking Company Pvt. Limited,Imperial Securities Company Pvt. Ltd.,50,930.0,46500.0,2025-07-29 11:32:06.102138
2025-07-29,136114,2025072903004544,SAPDBL,Vision Securities Pvt. Ltd,Primo Securities (PVT) Ltd.,100,927.0,92700.0,2025-07-29 11:32:24.244181
2025-07-29,135644,2025072903004662,SAPDBL,Capital Max Securities Ltd,Primo Securities (PVT) Ltd.,75,930.0,69750.0,2025-07-29 11:33:08.620702
2025-07-29,134908,2025072903004801,SAPDBL,Online Securities Pvt. Ltd.,Premier Securities Company Ltd.,20,930.0,18600.0,2025-07-29 11:34:06.560765
2025-07-29,134780,2025072903004817,SAPDBL,Capital Max Securities Ltd,Primo Securities (PVT) Ltd.,40,928.0,37120.0,2025-07-29 11:34:17.102148
2025-07-29,134779,2025072903004818,SAPDBL,Nabil Stock Dealer Ltd.,Primo Securities (PVT) Ltd.,30,927.0,27810.0,2025-07-29 11:34:17.102314
2025-07-29,134778,2025072903004819,SAPDBL,Imperial Securities Company Pvt. Ltd.,Primo Securities (PVT) Ltd.,27,927.0,25029.0,2025-07-29 11:34:17.102408
2025-07-29,134764,2025072903004821,SAPDBL,Agrawal Securities (PVT) Ltd.,SHUBHAKAMANA SECURITIES PVT. LTD,108,931.9,100645.2,2025-07-29 11:34:18.214795
2025-07-29,134630,2025072903004844,SAPDBL,Agrawal Securities (PVT) Ltd.,Primo Securities (PVT) Ltd.,32,931.9,29820.8,2025-07-29 11:34:33.176221
2025-07-29,133684,2025072903005109,SAPDBL,Trishakti Securities Public Limited,Online Securities Pvt. Ltd.,50,927.0,46350.0,2025-07-29 11:35:54.768169
2025-07-29,133532,2025072903005150,SAPDBL,Online Securities Pvt. Ltd.,Primo Securities (PVT) Ltd.,100,927.0,92700.0,2025-07-29 11:36:05.796518
2025-07-29,132511,2025072903005409,SAPDBL,Sani Securities Company Ltd.,Imperial Securities Company Pvt. Ltd.,55,927.0,50985.0,2025-07-29 11:37:34.147873
2025-07-29,132510,2025072903005410,SAPDBL,Asian Securities Private Ltd.,Imperial Securities Company Pvt. Ltd.,145,927.0,134415.0,2025-07-29 11:37:34.148300
2025-07-29,132029,2025072903005500,SAPDBL,Sweta Securities Private Limited,Sweta Securities Private Limited,37,927.1,34302.7,2025-07-29 11:38:07.854776
2025-07-29,131924,2025072903005543,SAPDBL,Sweta Securities Private Limited,Primo Securities (PVT) Ltd.,63,927.1,58407.3,2025-07-29 11:38:14.741656
2025-07-29,131923,2025072903005544,SAPDBL,Nepal Stock House (PVT) Ltd.,Primo Securities (PVT) Ltd.,100,927.1,92710.0,2025-07-29 11:38:14.741820
2025-07-29,131922,2025072903005545,SAPDBL,Asian Securities Private Ltd.,Primo Securities (PVT) Ltd.,37,927.0,34299.0,2025-07-29 11:38:14.741918
2025-07-29,131910,2025072903005548,SAPDBL,Asian Securities Private Ltd.,Aryatara Investment & Securities,18,927.0,16686.0,2025-07-29 11:38:16.202209
2025-07-29,131798,2025072903005597,SAPDBL,Sani Securities Company Ltd.,Aryatara Investment & Securities,20,927.0,18540.0,2025-07-29 11:38:26.314552
2025-07-29,131761,2025072903005604,SAPDBL,Vision Securities Pvt. Ltd,Sagarmatha Securities Private Limited,300,926.0,277800.0,2025-07-29 11:38:28.504755
2025-07-29,131427,2025072903005684,SAPDBL,Dipshikha Dhitopatra Karobar Co. Pvt Ltd.,Primo Securities (PVT) Ltd.,180,926.0,166680.0,2025-07-29 11:39:01.004345
2025-07-29,131398,2025072903005699,SAPDBL,Dipshikha Dhitopatra Karobar Co. Pvt Ltd.,Premier Securities Company Ltd.,100,926.0,92600.0,2025-07-29 11:39:05.031293
2025-07-29,131382,2025072903005707,SAPDBL,Dipshikha Dhitopatra Karobar Co. Pvt Ltd.,Capital Max Securities Ltd,20,926.0,18520.0,2025-07-29 11:39:06.184364
2025-07-29,130878,2025072903005839,SAPDBL,Malla & Malla Stock Broking Company Pvt. Limited,Capital Max Securities Ltd,15,926.0,13890.0,2025-07-29 11:39:42.983655
2025-07-29,130875,2025072903005840,SAPDBL,Naasa Securities Co. Ltd.,Imperial Securities Company Pvt. Ltd.,50,925.1,46255.0,2025-07-29 11:39:43.159401
2025-07-29,130874,2025072903005841,SAPDBL,Asian Securities Private Ltd.,Imperial Securities Company Pvt. Ltd.,150,925.0,138750.0,2025-07-29 11:39:43.159703
2025-07-29,130567,2025072903005936,SAPDBL,Asian Securities Private Ltd.,Cristal Kanchanjanga Securites Pvt. Ltd.,50,925.0,46250.0,2025-07-29 11:40:06.871021
2025-07-29,130566,2025072903005937,SAPDBL,Naasa Securities Co. Ltd.,Cristal Kanchanjanga Securites Pvt. Ltd.,30,925.0,27750.0,2025-07-29 11:40:06.871191
2025-07-29,130565,2025072903005938,SAPDBL,ABC Securities Private Limited,Cristal Kanchanjanga Securites Pvt. Ltd.,85,925.0,78625.0,2025-07-29 11:40:06.871258
2025-07-29,129390,2025072903006260,SAPDBL,ABC Securities Private Limited,Imperial Securities Company Pvt. Ltd.,15,925.0,13875.0,2025-07-29 11:41:54.750224
2025-07-29,129389,2025072903006261,SAPDBL,Nepal Stock House (PVT) Ltd.,Imperial Securities Company Pvt. Ltd.,35,925.0,32375.0,2025-07-29 11:41:54.750593
2025-07-29,127864,2025072903006550,SAPDBL,Nepal Stock House (PVT) Ltd.,Online Securities Pvt. Ltd.,15,925.0,13875.0,2025-07-29 11:44:08.958227
2025-07-29,127863,2025072903006551,SAPDBL,Premier Securities Company Ltd.,Online Securities Pvt. Ltd.,200,925.0,185000.0,2025-07-29 11:44:08.958417
2025-07-29,127580,2025072903006608,SAPDBL,Asian Securities Private Ltd.,Online Securities Pvt. Ltd.,100,925.0,92500.0,2025-07-29 11:44:32.169528
2025-07-29,126644,2025072903006811,SAPDBL,Nepal Stock House (PVT) Ltd.,Online Securities Pvt. Ltd.,70,925.0,64750.0,2025-07-29 11:45:52.468469
2025-07-29,126643,2025072903006812,SAPDBL,Nepal Stock House (PVT) Ltd.,Imperial Securities Company Pvt. Ltd.,50,925.0,46250.0,2025-07-29 11:45:52.468653
2025-07-29,126642,2025072903006813,SAPDBL,Nepal Stock House (PVT) Ltd.,Secured Securities Ltd.,40,925.0,37000.0,2025-07-29 11:45:52.468726
2025-07-29,126226,2025072903006887,SAPDBL,Kohinoor Investment & Securities Pvt. Ltd.,Secured Securities Ltd.,20,925.0,18500.0,2025-07-29 11:46:20.855406
2025-07-29,125811,2025072903006996,SAPDBL,Nabil Stock Dealer Ltd.,MILKY WAY SHARE BROKER COMPANY LTD ,30,924.0,27720.0,2025-07-29 11:46:55.861992
2025-07-29,125810,2025072903006997,SAPDBL,Trishakti Securities Public Limited,MILKY WAY SHARE BROKER COMPANY LTD ,100,923.0,92300.0,2025-07-29 11:46:55.862180
2025-07-29,125809,2025072903006998,SAPDBL,South Asian Bulls Pvt. Ltd.,MILKY WAY SHARE BROKER COMPANY LTD ,50,921.0,46050.0,2025-07-29 11:46:55.862257
2025-07-29,125808,2025072903006999,SAPDBL,Siprabi Securities Pvt. Ltd.,MILKY WAY SHARE BROKER COMPANY LTD ,20,921.0,18420.0,2025-07-29 11:46:55.862328
2025-07-29,124919,2025072903007212,SAPDBL,Siprabi Securities Pvt. Ltd.,S.P.S.A. Securities Limited,100,921.0,92100.0,2025-07-29 11:48:13.939739
2025-07-29,124517,2025072903007317,SAPDBL,Siprabi Securities Pvt. Ltd.,Hatemalo Financial Services Private Limited,30,921.0,27630.0,2025-07-29 11:48:53.324634
2025-07-29,124339,2025072903007361,SAPDBL,Nepal Stock House (PVT) Ltd.,Capital Max Securities Ltd,100,920.0,92000.0,2025-07-29 11:49:10.383480
2025-07-29,124338,2025072903007362,SAPDBL,Nepal Stock House (PVT) Ltd.,Capital Max Securities Ltd,130,920.0,119600.0,2025-07-29 11:49:10.383659
2025-07-29,123993,2025072903007443,SAPDBL,Nepal Stock House (PVT) Ltd.,Dakshinkali Investment & Securities Pvt. Ltd.,70,920.0,64400.0,2025-07-29 11:49:41.713285
2025-07-29,123992,2025072903007444,SAPDBL,Imperial Securities Company Pvt. Ltd.,Dakshinkali Investment & Securities Pvt. Ltd.,50,920.0,46000.0,2025-07-29 11:49:41.713454
2025-07-29,123991,2025072903007445,SAPDBL,Naasa Securities Co. Ltd.,Dakshinkali Investment & Securities Pvt. Ltd.,101,920.0,92920.0,2025-07-29 11:49:41.713552
2025-07-29,123990,2025072903007446,SAPDBL,Vision Securities Pvt. Ltd,Dakshinkali Investment & Securities Pvt. Ltd.,100,920.0,92000.0,2025-07-29 11:49:41.713617
2025-07-29,123989,2025072903007447,SAPDBL,Sani Securities Company Ltd.,Dakshinkali Investment & Securities Pvt. Ltd.,90,920.0,82800.0,2025-07-29 11:49:41.713696
2025-07-29,123988,2025072903007448,SAPDBL,Nepal Stock House (PVT) Ltd.,Dakshinkali Investment & Securities Pvt. Ltd.,50,920.0,46000.0,2025-07-29 11:49:41.713796
2025-07-29,123660,2025072903007526,SAPDBL,Online Securities Pvt. Ltd.,Dakshinkali Investment & Securities Pvt. Ltd.,39,919.0,35841.0,2025-07-29 11:50:04.120224
2025-07-29,123579,2025072903007537,SAPDBL,Asian Securities Private Ltd.,Capital Max Securities Ltd,30,921.0,27630.0,2025-07-29 11:50:11.847987
2025-07-29,121703,2025072903007968,SAPDBL,Asian Securities Private Ltd.,Cristal Kanchanjanga Securites Pvt. Ltd.,15,920.0,13800.0,2025-07-29 11:53:02.115361
2025-07-29,121478,2025072903008044,SAPDBL,Opal Securities Investment (PVT) Ltd.,Cristal Kanchanjanga Securites Pvt. Ltd.,20,920.0,18400.0,2025-07-29 11:53:22.531404
2025-07-29,121328,2025072903008065,SAPDBL,Opal Securities Investment (PVT) Ltd.,Swarna Laxmi Securities Pvt. Ltd.,30,924.0,27720.0,2025-07-29 11:53:35.426571
2025-07-29,121327,2025072903008066,SAPDBL,Vision Securities Pvt. Ltd,Swarna Laxmi Securities Pvt. Ltd.,40,919.1,36764.0,2025-07-29 11:53:35.426900
2025-07-29,121155,2025072903008101,SAPDBL,Online Securities Pvt. Ltd.,Swarna Laxmi Securities Pvt. Ltd.,11,919.0,10109.0,2025-07-29 11:53:53.520254
2025-07-29,121154,2025072903008102,SAPDBL,Sri Hari Securities Pvt. Ltd.,Swarna Laxmi Securities Pvt. Ltd.,19,919.0,17461.0,2025-07-29 11:53:53.520630
2025-07-29,120942,2025072903008152,SAPDBL,Sri Hari Securities Pvt. Ltd.,Swarna Laxmi Securities Pvt. Ltd.,31,919.0,28489.0,2025-07-29 11:54:16.720184
2025-07-29,120777,2025072903008188,SAPDBL,Nabil Stock Dealer Ltd.,Swarna Laxmi Securities Pvt. Ltd.,50,918.5,45925.0,2025-07-29 11:54:32.798751
2025-07-29,120776,2025072903008189,SAPDBL,Online Securities Pvt. Ltd.,Swarna Laxmi Securities Pvt. Ltd.,60,918.0,55080.0,2025-07-29 11:54:32.798924
2025-07-29,120257,2025072903008316,SAPDBL,Online Securities Pvt. Ltd.,Swarna Laxmi Securities Pvt. Ltd.,50,918.0,45900.0,2025-07-29 11:55:16.211156
2025-07-29,115669,2025072903009101,SAPDBL,Dipshikha Dhitopatra Karobar Co. Pvt Ltd.,Asian Securities Private Ltd.,44,920.0,40480.0,2025-07-29 12:00:42.949816
2025-07-29,114877,2025072903009228,SAPDBL,Malla & Malla Stock Broking Company Pvt. Limited,Hatemalo Financial Services Private Limited,50,924.0,46200.0,2025-07-29 12:01:27.985503
2025-07-29,114025,2025072903009427,SAPDBL,Dipshikha Dhitopatra Karobar Co. Pvt Ltd.,Kumari Securities Private Limited,100,924.8,92480.0,2025-07-29 12:02:26.175530
2025-07-29,113724,2025072903009494,SAPDBL,Trishakti Securities Public Limited,Kumari Securities Private Limited,40,924.8,36992.0,2025-07-29 12:02:42.033134
2025-07-29,113723,2025072903009495,SAPDBL,Trishakti Securities Public Limited,Imperial Securities Company Pvt. Ltd.,115,924.9,106363.5,2025-07-29 12:02:42.033179
2025-07-29,113722,2025072903009496,SAPDBL,Trishakti Securities Public Limited,Secured Securities Ltd.,240,925.0,222000.0,2025-07-29 12:02:42.033210
2025-07-29,111547,2025072903009855,SAPDBL,Kalika Securities Pvt. Ltd.,Dynamic Money Managers Securities Pvt. Ltd.,10,925.0,9250.0,2025-07-29 12:04:54.103463
2025-07-29,110914,2025072903009958,SAPDBL,Siprabi Securities Pvt. Ltd.,Dipshikha Dhitopatra Karobar Co. Pvt Ltd.,200,925.0,185000.0,2025-07-29 12:05:35.648947
2025-07-29,110530,2025072903010024,SAPDBL,Aryatara Investment & Securities,Dipshikha Dhitopatra Karobar Co. Pvt Ltd.,33,925.0,30525.0,2025-07-29 12:06:03.324213
2025-07-29,110212,2025072903010058,SAPDBL,Asian Securities Private Ltd.,Dipshikha Dhitopatra Karobar Co. Pvt Ltd.,60,925.0,55500.0,2025-07-29 12:06:21.802345
2025-07-29,108890,2025072903010282,SAPDBL,Naasa Securities Co. Ltd.,Thrive Brokerage House Pvt. Ltd,100,927.9,92790.0,2025-07-29 12:07:38.661159
2025-07-29,108889,2025072903010283,SAPDBL,Naasa Securities Co. Ltd.,South Asian Bulls Pvt. Ltd.,70,928.8,65016.0,2025-07-29 12:07:38.661264
2025-07-29,108888,2025072903010284,SAPDBL,Naasa Securities Co. Ltd.,Capital Max Securities Ltd,65,929.0,60385.0,2025-07-29 12:07:38.661290
2025-07-29,108887,2025072903010285,SAPDBL,Naasa Securities Co. Ltd.,Kumari Securities Private Limited,30,929.0,27870.0,2025-07-29 12:07:38.661320
2025-07-29,108886,2025072903010286,SAPDBL,Naasa Securities Co. Ltd.,Online Securities Pvt. Ltd.,100,929.0,92900.0,2025-07-29 12:07:38.661342
2025-07-29,108885,2025072903010287,SAPDBL,Naasa Securities Co. Ltd.,Pragyan Securities (PVT) Ltd.,500,930.0,465000.0,2025-07-29 12:07:38.661365
2025-07-29,108884,2025072903010288,SAPDBL,Naasa Securities Co. Ltd.,Trishakti Securities Public Limited,98,930.0,91140.0,2025-07-29 12:07:38.661445
2025-07-29,104874,2025072903011140,SAPDBL,Midas Stock Broking Company Private Limited,South Asian Bulls Pvt. Ltd.,50,928.9,46445.0,2025-07-29 12:11:43.862328
2025-07-29,104873,2025072903011141,SAPDBL,Midas Stock Broking Company Private Limited,Dynamic Money Managers Securities Pvt. Ltd.,490,929.0,455210.0,2025-07-29 12:11:43.862524
2025-07-29,104872,2025072903011142,SAPDBL,Midas Stock Broking Company Private Limited,Trishakti Securities Public Limited,102,930.0,94860.0,2025-07-29 12:11:43.862609
2025-07-29,104871,2025072903011143,SAPDBL,Midas Stock Broking Company Private Limited,Neev Securities Pvt. Ltd.,730,930.0,678900.0,2025-07-29 12:11:43.862689
2025-07-29,104870,2025072903011144,SAPDBL,Midas Stock Broking Company Private Limited,Nepal Investment And Securities Trading Private Limited,30,930.0,27900.0,2025-07-29 12:11:43.862767
2025-07-29,104869,2025072903011145,SAPDBL,Midas Stock Broking Company Private Limited,Online Securities Pvt. Ltd.,10,930.0,9300.0,2025-07-29 12:11:43.862839
2025-07-29,104868,2025072903011146,SAPDBL,Midas Stock Broking Company Private Limited,Nepal Investment And Securities Trading Private Limited,30,930.0,27900.0,2025-07-29 12:11:43.862918
2025-07-29,104867,2025072903011147,SAPDBL,Midas Stock Broking Company Private Limited,Asian Securities Private Ltd.,58,930.0,53940.0,2025-07-29 12:11:43.862995
2025-07-29,102771,2025072903011502,SAPDBL,Midas Stock Broking Company Private Limited,Asian Securities Private Ltd.,42,930.0,39060.0,2025-07-29 12:14:12.988545
2025-07-29,102770,2025072903011503,SAPDBL,Midas Stock Broking Company Private Limited,Thrive Brokerage House Pvt. Ltd,10,930.0,9300.0,2025-07-29 12:14:12.988726
2025-07-29,102769,2025072903011504,SAPDBL,Midas Stock Broking Company Private Limited,Naasa Securities Co. Ltd.,448,930.0,416640.0,2025-07-29 12:14:12.988812
2025-07-29,97997,2025072903012417,SAPDBL,Midas Stock Broking Company Private Limited,Imperial Securities Company Pvt. Ltd.,20,929.7,18594.0,2025-07-29 12:20:10.926948
2025-07-29,97996,2025072903012418,SAPDBL,Midas Stock Broking Company Private Limited,Thrive Brokerage House Pvt. Ltd,10,929.7,9297.0,2025-07-29 12:20:10.927176
2025-07-29,97995,2025072903012419,SAPDBL,Midas Stock Broking Company Private Limited,Aryatara Investment & Securities,50,929.8,46490.0,2025-07-29 12:20:10.927279
2025-07-29,97994,2025072903012420,SAPDBL,Midas Stock Broking Company Private Limited,Naasa Securities Co. Ltd.,52,930.0,48360.0,2025-07-29 12:20:10.927363
2025-07-29,97993,2025072903012421,SAPDBL,Midas Stock Broking Company Private Limited,Naasa Securities Co. Ltd.,10,930.0,9300.0,2025-07-29 12:20:10.927445
2025-07-29,97992,2025072903012422,SAPDBL,Midas Stock Broking Company Private Limited,Sweta Securities Private Limited,858,930.0,797940.0,2025-07-29 12:20:10.927545
2025-07-29,97379,2025072903012536,SAPDBL,Linch Stock Market Ltd.,Midas Stock Broking Company Private Limited,50,925.0,46250.0,2025-07-29 12:20:52.886766
2025-07-29,97378,2025072903012537,SAPDBL,Investment Management Nepal Pvt. Ltd.,Midas Stock Broking Company Private Limited,177,925.0,163725.0,2025-07-29 12:20:52.886965
2025-07-29,96867,2025072903012650,SAPDBL,Sani Securities Company Ltd.,Imperial Securities Company Pvt. Ltd.,10,926.0,9260.0,2025-07-29 12:21:24.229256
2025-07-29,96866,2025072903012651,SAPDBL,Investment Management Nepal Pvt. Ltd.,Imperial Securities Company Pvt. Ltd.,40,925.0,37000.0,2025-07-29 12:21:24.229452
2025-07-29,96110,2025072903012776,SAPDBL,Trishakti Securities Public Limited,Aryatara Investment & Securities,12,925.1,11101.2,2025-07-29 12:22:14.038711
2025-07-29,95332,2025072903012940,SAPDBL,Midas Stock Broking Company Private Limited,Imperial Securities Company Pvt. Ltd.,500,926.0,463000.0,2025-07-29 12:23:06.942219
2025-07-29,94195,2025072903013150,SAPDBL,South Asian Bulls Pvt. Ltd.,Asian Securities Private Ltd.,53,926.0,49078.0,2025-07-29 12:24:29.232391
2025-07-29,93632,2025072903013267,SAPDBL,Trishakti Securities Public Limited,Online Securities Pvt. Ltd.,100,925.1,92510.0,2025-07-29 12:25:09.726449
2025-07-29,93430,2025072903013298,SAPDBL,Trishakti Securities Public Limited,Online Securities Pvt. Ltd.,11,925.1,10176.1,2025-07-29 12:25:19.812124
2025-07-29,92955,2025072903013405,SAPDBL,Trishakti Securities Public Limited,Dipshikha Dhitopatra Karobar Co. Pvt Ltd.,35,925.1,32378.5,2025-07-29 12:25:59.060681
2025-07-29,92305,2025072903013520,SAPDBL,Vision Securities Pvt. Ltd,Miyo Securities Pvt Ltd,100,925.0,92500.0,2025-07-29 12:26:46.782897
2025-07-29,91888,2025072903013580,SAPDBL,Midas Stock Broking Company Private Limited,Miyo Securities Pvt Ltd,100,925.0,92500.0,2025-07-29 12:27:16.747302
2025-07-29,90474,2025072903013809,SAPDBL,Midas Stock Broking Company Private Limited,Online Securities Pvt. Ltd.,10,925.0,9250.0,2025-07-29 12:29:06.608581
2025-07-29,88700,2025072903014144,SAPDBL,Midas Stock Broking Company Private Limited,Nepal Stock House (PVT) Ltd.,390,925.0,360750.0,2025-07-29 12:31:13.648552
2025-07-29,88699,2025072903014145,SAPDBL,Naasa Securities Co. Ltd.,Nepal Stock House (PVT) Ltd.,10,925.0,9250.0,2025-07-29 12:31:13.648771
2025-07-29,87734,2025072903014352,SAPDBL,Trishakti Securities Public Limited,Asian Securities Private Ltd.,12,926.0,11112.0,2025-07-29 12:32:37.571038
2025-07-29,87202,2025072903014461,SAPDBL,Naasa Securities Co. Ltd.,Online Securities Pvt. Ltd.,14,925.0,12950.0,2025-07-29 12:33:23.354222
2025-07-29,86695,2025072903014553,SAPDBL,Vision Securities Pvt. Ltd,Aryatara Investment & Securities,20,925.0,18500.0,2025-07-29 12:34:11.879352
2025-07-29,86694,2025072903014554,SAPDBL,Nepal Stock House (PVT) Ltd.,Aryatara Investment & Securities,50,924.6,46230.0,2025-07-29 12:34:11.879585
2025-07-29,86693,2025072903014555,SAPDBL,Aryatara Investment & Securities,Aryatara Investment & Securities,70,924.5,64715.0,2025-07-29 12:34:11.879683
2025-07-29,86692,2025072903014556,SAPDBL,Sweta Securities Private Limited,Aryatara Investment & Securities,60,924.2,55452.0,2025-07-29 12:34:11.879773
2025-07-29,86258,2025072903014663,SAPDBL,Sweta Securities Private Limited,Imperial Securities Company Pvt. Ltd.,32,924.2,29574.4,2025-07-29 12:34:55.177997
2025-07-29,86257,2025072903014664,SAPDBL,Sani Securities Company Ltd.,Imperial Securities Company Pvt. Ltd.,105,924.0,97020.0,2025-07-29 12:34:55.178440
2025-07-29,85904,2025072903014728,SAPDBL,Naasa Securities Co. Ltd.,Imperial Securities Company Pvt. Ltd.,18,923.0,16614.0,2025-07-29 12:35:27.744270
2025-07-29,85903,2025072903014729,SAPDBL,Dynamic Money Managers Securities Pvt. Ltd.,Imperial Securities Company Pvt. Ltd.,14,922.0,12908.0,2025-07-29 12:35:27.744638
2025-07-29,85603,2025072903014771,SAPDBL,Asian Securities Private Ltd.,SHUBHAKAMANA SECURITIES PVT. LTD,50,923.9,46195.0,2025-07-29 12:35:59.259596
2025-07-29,85444,2025072903014798,SAPDBL,Vision Securities Pvt. Ltd,Imperial Securities Company Pvt. Ltd.,10,921.1,9211.0,2025-07-29 12:36:15.514239
2025-07-29,84794,2025072903014912,SAPDBL,Asian Securities Private Ltd.,Opal Securities Investment (PVT) Ltd.,100,921.0,92100.0,2025-07-29 12:37:19.035343
2025-07-29,84793,2025072903014913,SAPDBL,Sani Securities Company Ltd.,Opal Securities Investment (PVT) Ltd.,50,921.0,46050.0,2025-07-29 12:37:19.035567
2025-07-29,84792,2025072903014914,SAPDBL,Siprabi Securities Pvt. Ltd.,Opal Securities Investment (PVT) Ltd.,110,921.0,101310.0,2025-07-29 12:37:19.035674
2025-07-29,84791,2025072903014915,SAPDBL,Vision Securities Pvt. Ltd,Opal Securities Investment (PVT) Ltd.,10,920.1,9201.0,2025-07-29 12:37:19.035755
2025-07-29,84790,2025072903014916,SAPDBL,Sumeru Securities Pvt. Ltd.,Opal Securities Investment (PVT) Ltd.,300,920.0,276000.0,2025-07-29 12:37:19.035842
2025-07-29,84522,2025072903014974,SAPDBL,ABC Securities Private Limited,Dipshikha Dhitopatra Karobar Co. Pvt Ltd.,2,930.0,1860.0,2025-07-29 12:37:46.443913
2025-07-29,84432,2025072903014982,SAPDBL,Sweta Securities Private Limited,Dipshikha Dhitopatra Karobar Co. Pvt Ltd.,5,918.0,4590.0,2025-07-29 12:37:53.517186
2025-07-29,83590,2025072903015154,SAPDBL,Midas Stock Broking Company Private Limited,Kohinoor Investment & Securities Pvt. Ltd.,20,920.1,18402.0,2025-07-29 12:39:15.407545
2025-07-29,81229,2025072903015575,SAPDBL,South Asian Bulls Pvt. Ltd.,Agrawal Securities (PVT) Ltd.,50,925.0,46250.0,2025-07-29 12:42:55.979344
2025-07-29,81228,2025072903015576,SAPDBL,South Asian Bulls Pvt. Ltd.,Sundhara Securities Limited,20,925.0,18500.0,2025-07-29 12:42:55.979627
2025-07-29,81227,2025072903015577,SAPDBL,South Asian Bulls Pvt. Ltd.,SHUBHAKAMANA SECURITIES PVT. LTD,200,925.0,185000.0,2025-07-29 12:42:55.979726
2025-07-29,80696,2025072903015655,SAPDBL,South Asian Bulls Pvt. Ltd.,Asian Securities Private Ltd.,35,926.0,32410.0,2025-07-29 12:43:43.427917
2025-07-29,80695,2025072903015656,SAPDBL,South Asian Bulls Pvt. Ltd.,Online Securities Pvt. Ltd.,10,926.0,9260.0,2025-07-29 12:43:43.428151
2025-07-29,80694,2025072903015657,SAPDBL,South Asian Bulls Pvt. Ltd.,Deevyaa Securities & Stock House Pvt. Ltd,10,926.0,9260.0,2025-07-29 12:43:43.428243
2025-07-29,79008,2025072903015920,SAPDBL,Midas Stock Broking Company Private Limited,Online Securities Pvt. Ltd.,10,925.0,9250.0,2025-07-29 12:46:27.339111
2025-07-29,78311,2025072903016078,SAPDBL,Kohinoor Investment & Securities Pvt. Ltd.,Nepal Stock House (PVT) Ltd.,2,915.0,1830.0,2025-07-29 12:47:27.868506
2025-07-29,78271,2025072903016085,SAPDBL,Bhrikuti Stock Broking Co. Pvt. Ltd.,Trishakti Securities Public Limited,100,927.0,92700.0,2025-07-29 12:47:33.044670
2025-07-29,77560,2025072903016213,SAPDBL,Midas Stock Broking Company Private Limited,Arun Securities (PVT) Ltd.,30,928.5,27855.0,2025-07-29 12:48:44.936332
2025-07-29,77559,2025072903016214,SAPDBL,Midas Stock Broking Company Private Limited,J.F. Securites (PVT) Ltd.,104,929.0,96616.0,2025-07-29 12:48:44.936545
2025-07-29,77558,2025072903016215,SAPDBL,Midas Stock Broking Company Private Limited,Imperial Securities Company Pvt. Ltd.,20,929.9,18598.0,2025-07-29 12:48:44.936643
2025-07-29,77557,2025072903016216,SAPDBL,Midas Stock Broking Company Private Limited,Sharepro Securities Private Limited,66,929.9,61373.4,2025-07-29 12:48:44.936733
2025-07-29,77428,2025072903016242,SAPDBL,Midas Stock Broking Company Private Limited,Sharepro Securities Private Limited,10,929.9,9299.0,2025-07-29 12:49:02.072904
2025-07-29,77303,2025072903016251,SAPDBL,Bhrikuti Stock Broking Co. Pvt. Ltd.,Midas Stock Broking Company Private Limited,49,927.0,45423.0,2025-07-29 12:49:17.199671
2025-07-29,77227,2025072903016268,SAPDBL,South Asian Bulls Pvt. Ltd.,Sundhara Securities Limited,25,930.0,23250.0,2025-07-29 12:49:25.590938
2025-07-29,77226,2025072903016269,SAPDBL,South Asian Bulls Pvt. Ltd.,Asian Securities Private Ltd.,100,930.0,93000.0,2025-07-29 12:49:25.591382
2025-07-29,77225,2025072903016270,SAPDBL,South Asian Bulls Pvt. Ltd.,Miyo Securities Pvt Ltd,550,930.0,511500.0,2025-07-29 12:49:25.591648
2025-07-29,76977,2025072903016329,SAPDBL,Midas Stock Broking Company Private Limited,Miyo Securities Pvt Ltd,30,930.0,27900.0,2025-07-29 12:49:53.439499
2025-07-29,76538,2025072903016418,SAPDBL,Bhrikuti Stock Broking Co. Pvt. Ltd.,Vision Securities Pvt. Ltd,100,927.0,92700.0,2025-07-29 12:50:47.099436
2025-07-29,76221,2025072903016454,SAPDBL,Bhrikuti Stock Broking Co. Pvt. Ltd.,Imperial Securities Company Pvt. Ltd.,50,927.0,46350.0,2025-07-29 12:51:28.607324
2025-07-29,75192,2025072903016670,SAPDBL,ABC Securities Private Limited,Naasa Securities Co. Ltd.,75,929.9,69742.5,2025-07-29 12:53:29.360060
2025-07-29,73699,2025072903017030,SAPDBL,Oxford Securities Pvt. Ltd.,Naasa Securities Co. Ltd.,50,925.5,46275.0,2025-07-29 12:56:11.740435
2025-07-29,72100,2025072903017559,SAPDBL,Sani Securities Company Ltd.,Sagarmatha Securities Private Limited,10,929.0,9290.0,2025-07-29 12:58:46.463736
2025-07-29,70792,2025072903017760,SAPDBL,Oxford Securities Pvt. Ltd.,Nepal Investment And Securities Trading Private Limited,50,925.5,46275.0,2025-07-29 13:01:01.127832
2025-07-29,70791,2025072903017761,SAPDBL,Online Securities Pvt. Ltd.,Nepal Investment And Securities Trading Private Limited,200,925.0,185000.0,2025-07-29 13:01:01.128105
2025-07-29,70790,2025072903017762,SAPDBL,Investment Management Nepal Pvt. Ltd.,Nepal Investment And Securities Trading Private Limited,10,925.0,9250.0,2025-07-29 13:01:01.128200
2025-07-29,70789,2025072903017763,SAPDBL,ABC Securities Private Limited,Nepal Investment And Securities Trading Private Limited,200,925.0,185000.0,2025-07-29 13:01:01.128290
2025-07-29,70779,2025072903017765,SAPDBL,ABC Securities Private Limited,Nepal Investment And Securities Trading Private Limited,300,925.0,277500.0,2025-07-29 13:01:02.403084
2025-07-29,68795,2025072903018187,SAPDBL,Online Securities Pvt. Ltd.,Nabil Stock Dealer Ltd.,30,925.5,27765.0,2025-07-29 13:04:34.836985
2025-07-29,68673,2025072903018227,SAPDBL,Online Securities Pvt. Ltd.,NIMB Stock Markets Limited,10,925.5,9255.0,2025-07-29 13:04:55.891258
2025-07-29,66978,2025072903018641,SAPDBL,Bhrikuti Stock Broking Co. Pvt. Ltd.,ABC Securities Private Limited,5,908.0,4540.0,2025-07-29 13:08:18.312458
2025-07-29,66685,2025072903018701,SAPDBL,Naasa Securities Co. Ltd.,Agrawal Securities (PVT) Ltd.,20,927.0,18540.0,2025-07-29 13:08:57.480591
2025-07-29,66605,2025072903018706,SAPDBL,Online Securities Pvt. Ltd.,Dakshinkali Investment & Securities Pvt. Ltd.,10,925.5,9255.0,2025-07-29 13:09:06.715592
2025-07-29,66416,2025072903018733,SAPDBL,Nabil Stock Dealer Ltd.,Nepal Investment And Securities Trading Private Limited,15,924.5,13867.5,2025-07-29 13:09:29.674993
2025-07-29,66329,2025072903018758,SAPDBL,Nabil Stock Dealer Ltd.,Nepal Investment And Securities Trading Private Limited,20,924.5,18490.0,2025-07-29 13:09:45.840157
2025-07-29,66265,2025072903018771,SAPDBL,Asian Securities Private Ltd.,Asian Securities Private Ltd.,20,926.0,18520.0,2025-07-29 13:09:57.270183
2025-07-29,66264,2025072903018772,SAPDBL,Asian Securities Private Ltd.,Agrawal Securities (PVT) Ltd.,130,927.0,120510.0,2025-07-29 13:09:57.270479
2025-07-29,64903,2025072903018979,SAPDBL,Kumari Securities Private Limited,Agrawal Securities (PVT) Ltd.,23,927.0,21321.0,2025-07-29 13:12:45.802144
2025-07-29,64902,2025072903018980,SAPDBL,Kumari Securities Private Limited,Sagarmatha Securities Private Limited,17,927.0,15759.0,2025-07-29 13:12:45.802397
2025-07-29,64352,2025072903019087,SAPDBL,ABC Securities Private Limited,Secured Securities Ltd.,1,908.5,908.5,2025-07-29 13:14:01.087789
2025-07-29,63518,2025072903019214,SAPDBL,Neev Securities Pvt. Ltd.,Kohinoor Investment & Securities Pvt. Ltd.,20,926.9,18538.0,2025-07-29 13:15:33.309409
2025-07-29,63517,2025072903019215,SAPDBL,Neev Securities Pvt. Ltd.,Sagarmatha Securities Private Limited,173,927.0,160371.0,2025-07-29 13:15:33.309672
2025-07-29,63516,2025072903019216,SAPDBL,Neev Securities Pvt. Ltd.,ABC Securities Private Limited,10,927.0,9270.0,2025-07-29 13:15:33.309775
2025-07-29,62842,2025072903019310,SAPDBL,Asian Securities Private Ltd.,Premier Securities Company Ltd.,100,928.0,92800.0,2025-07-29 13:16:29.257709
2025-07-29,62658,2025072903019337,SAPDBL,South Asian Bulls Pvt. Ltd.,Premier Securities Company Ltd.,100,928.0,92800.0,2025-07-29 13:16:51.626622
2025-07-29,62647,2025072903019339,SAPDBL,Neev Securities Pvt. Ltd.,Nepal Investment And Securities Trading Private Limited,97,927.9,90006.3,2025-07-29 13:16:53.496290
2025-07-29,62646,2025072903019340,SAPDBL,Nabil Stock Dealer Ltd.,Nepal Investment And Securities Trading Private Limited,15,924.5,13867.5,2025-07-29 13:16:53.496733
2025-07-29,62645,2025072903019341,SAPDBL,Online Securities Pvt. Ltd.,Nepal Investment And Securities Trading Private Limited,50,924.0,46200.0,2025-07-29 13:16:53.497010
2025-07-29,62644,2025072903019342,SAPDBL,Online Securities Pvt. Ltd.,Nepal Investment And Securities Trading Private Limited,200,923.0,184600.0,2025-07-29 13:16:53.497449
2025-07-29,62643,2025072903019343,SAPDBL,Imperial Securities Company Pvt. Ltd.,Nepal Investment And Securities Trading Private Limited,200,923.0,184600.0,2025-07-29 13:16:53.497793
2025-07-29,59141,2025072903020047,SAPDBL,Vision Securities Pvt. Ltd,Dakshinkali Investment & Securities Pvt. Ltd.,50,927.0,46350.0,2025-07-29 13:24:02.618511
2025-07-29,58197,2025072903020269,SAPDBL,Asian Securities Private Ltd.,Roadshow securities limited,100,925.0,92500.0,2025-07-29 13:26:05.472379
2025-07-29,57919,2025072903020311,SAPDBL,Asian Securities Private Ltd.,Roadshow securities limited,20,925.0,18500.0,2025-07-29 13:26:35.664633
2025-07-29,55845,2025072903020680,SAPDBL,Imperial Securities Company Pvt. Ltd.,Dakshinkali Investment & Securities Pvt. Ltd.,10,923.0,9230.0,2025-07-29 13:31:31.009258
2025-07-29,55844,2025072903020681,SAPDBL,Neev Securities Pvt. Ltd.,Dakshinkali Investment & Securities Pvt. Ltd.,100,922.5,92250.0,2025-07-29 13:31:31.009724
2025-07-29,55843,2025072903020682,SAPDBL,Neev Securities Pvt. Ltd.,Dakshinkali Investment & Securities Pvt. Ltd.,100,922.4,92240.0,2025-07-29 13:31:31.010016
2025-07-29,55842,2025072903020683,SAPDBL,Sweta Securities Private Limited,Dakshinkali Investment & Securities Pvt. Ltd.,500,922.3,461150.0,2025-07-29 13:31:31.010326
2025-07-29,55841,2025072903020684,SAPDBL,Naasa Securities Co. Ltd.,Dakshinkali Investment & Securities Pvt. Ltd.,10,922.2,9222.0,2025-07-29 13:31:31.010675
2025-07-29,55840,2025072903020685,SAPDBL,Asian Securities Private Ltd.,Dakshinkali Investment & Securities Pvt. Ltd.,200,922.2,184440.0,2025-07-29 13:31:31.010987
2025-07-29,55839,2025072903020686,SAPDBL,Online Securities Pvt. Ltd.,Dakshinkali Investment & Securities Pvt. Ltd.,80,922.1,73768.0,2025-07-29 13:31:31.011318
2025-07-29,55734,2025072903020706,SAPDBL,Online Securities Pvt. Ltd.,Dakshinkali Investment & Securities Pvt. Ltd.,120,922.1,110652.0,2025-07-29 13:31:49.343297
2025-07-29,55733,2025072903020707,SAPDBL,Market Securities & Exchange (PVT) Ltd.,Dakshinkali Investment & Securities Pvt. Ltd.,200,922.1,184420.0,2025-07-29 13:31:49.343547
2025-07-29,55732,2025072903020708,SAPDBL,South Asian Bulls Pvt. Ltd.,Dakshinkali Investment & Securities Pvt. Ltd.,130,922.0,119860.0,2025-07-29 13:31:49.343645
2025-07-29,55579,2025072903020725,SAPDBL,Online Securities Pvt. Ltd.,Imperial Securities Company Pvt. Ltd.,100,925.0,92500.0,2025-07-29 13:32:05.191097
2025-07-29,52077,2025072903021341,SAPDBL,Asian Securities Private Ltd.,Aryatara Investment & Securities,100,925.0,92500.0,2025-07-29 13:38:07.024419
2025-07-29,50768,2025072903021658,SAPDBL,Aryatara Investment & Securities,Online Securities Pvt. Ltd.,100,922.2,92220.0,2025-07-29 13:40:34.799992
2025-07-29,49995,2025072903021794,SAPDBL,Aryatara Investment & Securities,Sewa Securities Pvt. Ltd.,100,922.2,92220.0,2025-07-29 13:42:03.853286
2025-07-29,49994,2025072903021795,SAPDBL,Online Securities Pvt. Ltd.,Sewa Securities Pvt. Ltd.,100,922.1,92210.0,2025-07-29 13:42:03.853621
2025-07-29,49423,2025072903021875,SAPDBL,Linch Stock Market Ltd.,Nepal Stock House (PVT) Ltd.,50,923.0,46150.0,2025-07-29 13:43:04.999665
2025-07-29,48738,2025072903021996,SAPDBL,Linch Stock Market Ltd.,Naasa Securities Co. Ltd.,50,923.0,46150.0,2025-07-29 13:44:22.106969
2025-07-29,48617,2025072903022021,SAPDBL,Online Securities Pvt. Ltd.,Dakshinkali Investment & Securities Pvt. Ltd.,50,922.2,46110.0,2025-07-29 13:44:34.076837
2025-07-29,48616,2025072903022022,SAPDBL,Online Securities Pvt. Ltd.,Dakshinkali Investment & Securities Pvt. Ltd.,100,922.1,92210.0,2025-07-29 13:44:34.077089
2025-07-29,48615,2025072903022023,SAPDBL,South Asian Bulls Pvt. Ltd.,Dakshinkali Investment & Securities Pvt. Ltd.,370,922.0,341140.0,2025-07-29 13:44:34.077191
2025-07-29,48614,2025072903022024,SAPDBL,Kumari Securities Private Limited,Dakshinkali Investment & Securities Pvt. Ltd.,20,922.0,18440.0,2025-07-29 13:44:34.077285
2025-07-29,48613,2025072903022025,SAPDBL,ABC Securities Private Limited,Dakshinkali Investment & Securities Pvt. Ltd.,100,922.0,92200.0,2025-07-29 13:44:34.077378
2025-07-29,48612,2025072903022026,SAPDBL,Vision Securities Pvt. Ltd,Dakshinkali Investment & Securities Pvt. Ltd.,20,922.0,18440.0,2025-07-29 13:44:34.077471
2025-07-29,48221,2025072903022119,SAPDBL,Asian Securities Private Ltd.,Premier Securities Company Ltd.,10,922.0,9220.0,2025-07-29 13:45:15.478427
2025-07-29,47795,2025072903022198,SAPDBL,Asian Securities Private Ltd.,Dakshinkali Investment & Securities Pvt. Ltd.,90,922.0,82980.0,2025-07-29 13:45:50.853789
2025-07-29,47459,2025072903022280,SAPDBL,Asian Securities Private Ltd.,Dakshinkali Investment & Securities Pvt. Ltd.,50,922.0,46100.0,2025-07-29 13:46:25.297789
2025-07-29,47366,2025072903022294,SAPDBL,Asian Securities Private Ltd.,Siprabi Securities Pvt. Ltd.,50,921.3,46065.0,2025-07-29 13:46:34.516889
2025-07-29,47365,2025072903022295,SAPDBL,Imperial Securities Company Pvt. Ltd.,Siprabi Securities Pvt. Ltd.,100,921.0,92100.0,2025-07-29 13:46:34.517142
2025-07-29,47246,2025072903022318,SAPDBL,Trishakti Securities Public Limited,Dakshinkali Investment & Securities Pvt. Ltd.,10,920.5,9205.0,2025-07-29 13:46:49.764378
2025-07-29,47245,2025072903022319,SAPDBL,Bhrikuti Stock Broking Co. Pvt. Ltd.,Dakshinkali Investment & Securities Pvt. Ltd.,13,920.5,11966.5,2025-07-29 13:46:49.764619
2025-07-29,47244,2025072903022320,SAPDBL,Trishakti Securities Public Limited,Dakshinkali Investment & Securities Pvt. Ltd.,10,920.4,9204.0,2025-07-29 13:46:49.764713
2025-07-29,47243,2025072903022321,SAPDBL,Trishakti Securities Public Limited,Dakshinkali Investment & Securities Pvt. Ltd.,10,920.3,9203.0,2025-07-29 13:46:49.764804
2025-07-29,47242,2025072903022322,SAPDBL,Trishakti Securities Public Limited,Dakshinkali Investment & Securities Pvt. Ltd.,10,920.2,9202.0,2025-07-29 13:46:49.764894
2025-07-29,47241,2025072903022323,SAPDBL,Trishakti Securities Public Limited,Dakshinkali Investment & Securities Pvt. Ltd.,10,920.1,9201.0,2025-07-29 13:46:49.764986
2025-07-29,47240,2025072903022324,SAPDBL,Naasa Securities Co. Ltd.,Dakshinkali Investment & Securities Pvt. Ltd.,50,920.0,46000.0,2025-07-29 13:46:49.765085
2025-07-29,47239,2025072903022325,SAPDBL,Dynamic Money Managers Securities Pvt. Ltd.,Dakshinkali Investment & Securities Pvt. Ltd.,10,920.0,9200.0,2025-07-29 13:46:49.765177
2025-07-29,47238,2025072903022326,SAPDBL,Imperial Securities Company Pvt. Ltd.,Dakshinkali Investment & Securities Pvt. Ltd.,20,920.0,18400.0,2025-07-29 13:46:49.765276
2025-07-29,47237,2025072903022327,SAPDBL,Naasa Securities Co. Ltd.,Dakshinkali Investment & Securities Pvt. Ltd.,57,920.0,52440.0,2025-07-29 13:46:49.765367
2025-07-29,47193,2025072903022341,SAPDBL,Vision Securities Pvt. Ltd,Siprabi Securities Pvt. Ltd.,10,921.0,9210.0,2025-07-29 13:46:53.604855
2025-07-29,46706,2025072903022441,SAPDBL,ABC Securities Private Limited,Siprabi Securities Pvt. Ltd.,50,921.0,46050.0,2025-07-29 13:47:53.527937
2025-07-29,46705,2025072903022442,SAPDBL,Online Securities Pvt. Ltd.,Siprabi Securities Pvt. Ltd.,200,921.0,184200.0,2025-07-29 13:47:53.528446
2025-07-29,46704,2025072903022443,SAPDBL,Naasa Securities Co. Ltd.,Siprabi Securities Pvt. Ltd.,43,920.0,39560.0,2025-07-29 13:47:53.528729
2025-07-29,46703,2025072903022444,SAPDBL,Primo Securities (PVT) Ltd.,Siprabi Securities Pvt. Ltd.,100,920.0,92000.0,2025-07-29 13:47:53.529014
2025-07-29,46702,2025072903022445,SAPDBL,Online Securities Pvt. Ltd.,Siprabi Securities Pvt. Ltd.,18,920.0,16560.0,2025-07-29 13:47:53.529299
2025-07-29,46701,2025072903022446,SAPDBL,Nepal Stock House (PVT) Ltd.,Siprabi Securities Pvt. Ltd.,10,920.0,9200.0,2025-07-29 13:47:53.529603
2025-07-29,46700,2025072903022447,SAPDBL,Cristal Kanchanjanga Securites Pvt. Ltd.,Siprabi Securities Pvt. Ltd.,25,920.0,23000.0,2025-07-29 13:47:53.529876
2025-07-29,46699,2025072903022448,SAPDBL,Neev Securities Pvt. Ltd.,Siprabi Securities Pvt. Ltd.,200,920.0,184000.0,2025-07-29 13:47:53.530148
2025-07-29,46698,2025072903022449,SAPDBL,Nagarik Stock Dealer ,Siprabi Securities Pvt. Ltd.,100,920.0,92000.0,2025-07-29 13:47:53.530424
2025-07-29,46697,2025072903022450,SAPDBL,Nagarik Stock Dealer ,Siprabi Securities Pvt. Ltd.,100,920.0,92000.0,2025-07-29 13:47:53.530671
2025-07-29,46461,2025072903022500,SAPDBL,Asian Securities Private Ltd.,Nepal Investment And Securities Trading Private Limited,50,920.1,46005.0,2025-07-29 13:48:17.259238
2025-07-29,46460,2025072903022501,SAPDBL,Sri Hari Securities Pvt. Ltd.,Nepal Investment And Securities Trading Private Limited,100,920.0,92000.0,2025-07-29 13:48:17.259464
2025-07-29,46459,2025072903022502,SAPDBL,Sundhara Securities Limited,Nepal Investment And Securities Trading Private Limited,50,920.0,46000.0,2025-07-29 13:48:17.259554
2025-07-29,46458,2025072903022503,SAPDBL,Siprabi Securities Pvt. Ltd.,Nepal Investment And Securities Trading Private Limited,75,920.0,69000.0,2025-07-29 13:48:17.259639
2025-07-29,46457,2025072903022504,SAPDBL,Kohinoor Investment & Securities Pvt. Ltd.,Nepal Investment And Securities Trading Private Limited,100,920.0,92000.0,2025-07-29 13:48:17.259726
2025-07-29,46392,2025072903022514,SAPDBL,Trishakti Securities Public Limited,Nepal Investment And Securities Trading Private Limited,10,919.0,9190.0,2025-07-29 13:48:24.310337
2025-07-29,46391,2025072903022515,SAPDBL,Aryatara Investment & Securities,Nepal Investment And Securities Trading Private Limited,100,918.5,91850.0,2025-07-29 13:48:24.310836
2025-07-29,46390,2025072903022516,SAPDBL,Sri Hari Securities Pvt. Ltd.,Nepal Investment And Securities Trading Private Limited,50,918.0,45900.0,2025-07-29 13:48:24.311273
2025-07-29,46389,2025072903022517,SAPDBL,Agrawal Securities (PVT) Ltd.,Nepal Investment And Securities Trading Private Limited,20,918.0,18360.0,2025-07-29 13:48:24.311629
2025-07-29,46388,2025072903022518,SAPDBL,Magnet Securities and Investment Company Private Limited,Nepal Investment And Securities Trading Private Limited,400,918.0,367200.0,2025-07-29 13:48:24.311982
2025-07-29,46387,2025072903022519,SAPDBL,Sweta Securities Private Limited,Nepal Investment And Securities Trading Private Limited,100,918.0,91800.0,2025-07-29 13:48:24.312318
2025-07-29,46386,2025072903022520,SAPDBL,Nepal Stock House (PVT) Ltd.,Nepal Investment And Securities Trading Private Limited,10,918.0,9180.0,2025-07-29 13:48:24.312673
2025-07-29,46208,2025072903022562,SAPDBL,Trishakti Securities Public Limited,Aryatara Investment & Securities,50,917.0,45850.0,2025-07-29 13:48:40.399515
2025-07-29,46204,2025072903022563,SAPDBL,Trishakti Securities Public Limited,Nepal Investment And Securities Trading Private Limited,113,918.0,103734.0,2025-07-29 13:48:41.876177
2025-07-29,46093,2025072903022576,SAPDBL,Asian Securities Private Ltd.,Sani Securities Company Ltd.,100,918.0,91800.0,2025-07-29 13:48:55.903801
2025-07-29,45855,2025072903022633,SAPDBL,Trishakti Securities Public Limited,Sani Securities Company Ltd.,200,918.0,183600.0,2025-07-29 13:49:18.321644
2025-07-29,45808,2025072903022645,SAPDBL,Trishakti Securities Public Limited,Sani Securities Company Ltd.,200,918.0,183600.0,2025-07-29 13:49:27.588277
2025-07-29,44830,2025072903022806,SAPDBL,Vision Securities Pvt. Ltd,Siprabi Securities Pvt. Ltd.,20,918.1,18362.0,2025-07-29 13:51:29.585794
2025-07-29,44829,2025072903022807,SAPDBL,Aryatara Investment & Securities,Siprabi Securities Pvt. Ltd.,20,918.0,18360.0,2025-07-29 13:51:29.586042
2025-07-29,44828,2025072903022808,SAPDBL,Online Securities Pvt. Ltd.,Siprabi Securities Pvt. Ltd.,20,918.0,18360.0,2025-07-29 13:51:29.586134
2025-07-29,44388,2025072903022902,SAPDBL,Sani Securities Company Ltd.,Siprabi Securities Pvt. Ltd.,137,918.0,125766.0,2025-07-29 13:52:27.239854
2025-07-29,43989,2025072903023008,SAPDBL,Asian Securities Private Ltd.,Kumari Securities Private Limited,10,918.1,9181.0,2025-07-29 13:53:22.777422
2025-07-29,43914,2025072903023032,SAPDBL,Naasa Securities Co. Ltd.,Siprabi Securities Pvt. Ltd.,75,918.0,68850.0,2025-07-29 13:53:31.435272
2025-07-29,43913,2025072903023033,SAPDBL,ABC Securities Private Limited,Siprabi Securities Pvt. Ltd.,10,918.0,9180.0,2025-07-29 13:53:31.435495
2025-07-29,43795,2025072903023062,SAPDBL,Trishakti Securities Public Limited,Siprabi Securities Pvt. Ltd.,52,918.0,47736.0,2025-07-29 13:53:46.069324
2025-07-29,43529,2025072903023110,SAPDBL,Asian Securities Private Ltd.,Siprabi Securities Pvt. Ltd.,50,918.0,45900.0,2025-07-29 13:54:15.789819
2025-07-29,42905,2025072903023249,SAPDBL,Investment Management Nepal Pvt. Ltd.,Hatemalo Financial Services Private Limited,10,917.4,9174.0,2025-07-29 13:55:35.203486
2025-07-29,42649,2025072903023307,SAPDBL,Naasa Securities Co. Ltd.,APPLE SECURITIES PRIVATE LIMITED,10,917.5,9175.0,2025-07-29 13:56:09.236765
2025-07-29,42648,2025072903023308,SAPDBL,Investment Management Nepal Pvt. Ltd.,APPLE SECURITIES PRIVATE LIMITED,40,917.4,36696.0,2025-07-29 13:56:09.237047
2025-07-29,42647,2025072903023309,SAPDBL,Naasa Securities Co. Ltd.,APPLE SECURITIES PRIVATE LIMITED,13,917.4,11926.2,2025-07-29 13:56:09.237185
2025-07-29,42646,2025072903023310,SAPDBL,Asian Securities Private Ltd.,APPLE SECURITIES PRIVATE LIMITED,37,917.2,33936.4,2025-07-29 13:56:09.237314
2025-07-29,42363,2025072903023374,SAPDBL,Asian Securities Private Ltd.,ABC Securities Private Limited,50,917.2,45860.0,2025-07-29 13:56:53.693006
2025-07-29,41852,2025072903023503,SAPDBL,Asian Securities Private Ltd.,Siprabi Securities Pvt. Ltd.,130,917.2,119236.0,2025-07-29 13:58:10.366271
2025-07-29,41851,2025072903023504,SAPDBL,Sri Hari Securities Pvt. Ltd.,Siprabi Securities Pvt. Ltd.,100,917.1,91710.0,2025-07-29 13:58:10.366507
2025-07-29,41850,2025072903023505,SAPDBL,Trishakti Securities Public Limited,Siprabi Securities Pvt. Ltd.,50,917.0,45850.0,2025-07-29 13:58:10.366599
2025-07-29,41849,2025072903023506,SAPDBL,Trishakti Securities Public Limited,Siprabi Securities Pvt. Ltd.,25,917.0,22925.0,2025-07-29 13:58:10.366725
2025-07-29,41480,2025072903023599,SAPDBL,Bhrikuti Stock Broking Co. Pvt. Ltd.,Siprabi Securities Pvt. Ltd.,100,917.3,91730.0,2025-07-29 13:58:51.837835
2025-07-29,40895,2025072903023703,SAPDBL,Bhrikuti Stock Broking Co. Pvt. Ltd.,Primo Securities (PVT) Ltd.,1,927.0,927.0,2025-07-29 14:00:10.273137
2025-07-29,40572,2025072903023758,SAPDBL,Naasa Securities Co. Ltd.,Secured Securities Ltd.,100,917.5,91750.0,2025-07-29 14:00:48.506435
2025-07-29,40571,2025072903023759,SAPDBL,Cristal Kanchanjanga Securites Pvt. Ltd.,Secured Securities Ltd.,100,917.4,91740.0,2025-07-29 14:00:48.506676
2025-07-29,40423,2025072903023790,SAPDBL,Sundhara Securities Limited,Imperial Securities Company Pvt. Ltd.,200,920.0,184000.0,2025-07-29 14:01:07.570102
2025-07-29,40265,2025072903023825,SAPDBL,Online Securities Pvt. Ltd.,Online Securities Pvt. Ltd.,12,920.0,11040.0,2025-07-29 14:01:33.396267
2025-07-29,40017,2025072903023858,SAPDBL,Asian Securities Private Ltd.,Online Securities Pvt. Ltd.,80,920.0,73600.0,2025-07-29 14:02:02.837188
2025-07-29,39718,2025072903023887,SAPDBL,Dipshikha Dhitopatra Karobar Co. Pvt Ltd.,Siprabi Securities Pvt. Ltd.,50,920.0,46000.0,2025-07-29 14:02:42.070980
2025-07-29,39717,2025072903023888,SAPDBL,Kohinoor Investment & Securities Pvt. Ltd.,Siprabi Securities Pvt. Ltd.,65,920.0,59800.0,2025-07-29 14:02:42.071257
2025-07-29,39321,2025072903023964,SAPDBL,Asian Securities Private Ltd.,Siprabi Securities Pvt. Ltd.,100,920.0,92000.0,2025-07-29 14:03:37.935300
2025-07-29,39289,2025072903023967,SAPDBL,Online Securities Pvt. Ltd.,Siprabi Securities Pvt. Ltd.,100,920.0,92000.0,2025-07-29 14:03:45.303359
2025-07-29,38914,2025072903024021,SAPDBL,Sani Securities Company Ltd.,Siprabi Securities Pvt. Ltd.,50,919.0,45950.0,2025-07-29 14:04:44.383740
2025-07-29,38913,2025072903024022,SAPDBL,Naasa Securities Co. Ltd.,Siprabi Securities Pvt. Ltd.,41,919.0,37679.0,2025-07-29 14:04:44.384216
2025-07-29,38436,2025072903024133,SAPDBL,Naasa Securities Co. Ltd.,Secured Securities Ltd.,10,919.0,9190.0,2025-07-29 14:05:43.265359
2025-07-29,37928,2025072903024248,SAPDBL,Naasa Securities Co. Ltd.,Asian Securities Private Ltd.,59,919.0,54221.0,2025-07-29 14:06:32.896872
2025-07-29,37438,2025072903024354,SAPDBL,Dipshikha Dhitopatra Karobar Co. Pvt Ltd.,Ashutosh Brokerage & Securities (PVT) Ltd.,10,919.0,9190.0,2025-07-29 14:07:34.216833
2025-07-29,37437,2025072903024355,SAPDBL,Cristal Kanchanjanga Securites Pvt. Ltd.,Ashutosh Brokerage & Securities (PVT) Ltd.,40,917.4,36696.0,2025-07-29 14:07:34.217111
2025-07-29,37436,2025072903024356,SAPDBL,Dakshinkali Investment & Securities Pvt. Ltd.,Ashutosh Brokerage & Securities (PVT) Ltd.,60,917.4,55044.0,2025-07-29 14:07:34.217248
2025-07-29,37435,2025072903024357,SAPDBL,Bhrikuti Stock Broking Co. Pvt. Ltd.,Ashutosh Brokerage & Securities (PVT) Ltd.,400,917.3,366920.0,2025-07-29 14:07:34.217361
2025-07-29,37434,2025072903024358,SAPDBL,Imperial Securities Company Pvt. Ltd.,Ashutosh Brokerage & Securities (PVT) Ltd.,100,917.3,91730.0,2025-07-29 14:07:34.217449
2025-07-29,37433,2025072903024359,SAPDBL,Trishakti Securities Public Limited,Ashutosh Brokerage & Securities (PVT) Ltd.,75,917.0,68775.0,2025-07-29 14:07:34.217538
2025-07-29,37432,2025072903024360,SAPDBL,Trishakti Securities Public Limited,Ashutosh Brokerage & Securities (PVT) Ltd.,15,917.0,13755.0,2025-07-29 14:07:34.217644
2025-07-29,37383,2025072903024366,SAPDBL,Sani Securities Company Ltd.,Sani Securities Company Ltd.,12,921.9,11062.8,2025-07-29 14:07:40.753278
2025-07-29,37037,2025072903024429,SAPDBL,Vision Securities Pvt. Ltd,SHUBHAKAMANA SECURITIES PVT. LTD,20,917.4,18348.0,2025-07-29 14:08:22.542553
2025-07-29,37036,2025072903024430,SAPDBL,Trishakti Securities Public Limited,SHUBHAKAMANA SECURITIES PVT. LTD,85,917.0,77945.0,2025-07-29 14:08:22.543087
2025-07-29,37035,2025072903024431,SAPDBL,Stoxkarts Securities Limited,SHUBHAKAMANA SECURITIES PVT. LTD,61,917.0,55937.0,2025-07-29 14:08:22.543431
2025-07-29,37034,2025072903024432,SAPDBL,Sani Securities Company Ltd.,SHUBHAKAMANA SECURITIES PVT. LTD,234,917.0,214578.0,2025-07-29 14:08:22.543724
2025-07-29,35767,2025072903024676,SAPDBL,Nepal Investment And Securities Trading Private Limited,Sani Securities Company Ltd.,100,917.0,91700.0,2025-07-29 14:10:49.576905
2025-07-29,35766,2025072903024677,SAPDBL,Trishakti Securities Public Limited,Sani Securities Company Ltd.,100,917.0,91700.0,2025-07-29 14:10:49.577194
2025-07-29,35765,2025072903024678,SAPDBL,Trishakti Securities Public Limited,Sani Securities Company Ltd.,100,917.0,91700.0,2025-07-29 14:10:49.577322
2025-07-29,35650,2025072903024694,SAPDBL,Vision Securities Pvt. Ltd,Neev Securities Pvt. Ltd.,10,916.2,9162.0,2025-07-29 14:11:10.050330
2025-07-29,35649,2025072903024695,SAPDBL,Secured Securities Ltd.,Neev Securities Pvt. Ltd.,40,916.2,36648.0,2025-07-29 14:11:10.050431
2025-07-29,35647,2025072903024696,SAPDBL,Trishakti Securities Public Limited,Sani Securities Company Ltd.,200,917.0,183400.0,2025-07-29 14:11:10.790969
2025-07-29,32432,2025072903025383,SAPDBL,Dynamic Money Managers Securities Pvt. Ltd.,Online Securities Pvt. Ltd.,6,922.0,5532.0,2025-07-29 14:17:21.864696
2025-07-29,32162,2025072903025445,SAPDBL,Asian Securities Private Ltd.,Hatemalo Financial Services Private Limited,50,920.0,46000.0,2025-07-29 14:17:50.120576
2025-07-29,31572,2025072903025551,SAPDBL,Naasa Securities Co. Ltd.,Sumeru Securities Pvt. Ltd.,11,920.0,10120.0,2025-07-29 14:18:57.688112
2025-07-29,31571,2025072903025552,SAPDBL,J.F. Securites (PVT) Ltd.,Sumeru Securities Pvt. Ltd.,110,917.5,100925.0,2025-07-29 14:18:57.688165
2025-07-29,31570,2025072903025553,SAPDBL,Trishakti Securities Public Limited,Sumeru Securities Pvt. Ltd.,50,917.0,45850.0,2025-07-29 14:18:57.688192
2025-07-29,31569,2025072903025554,SAPDBL,Imperial Securities Company Pvt. Ltd.,Sumeru Securities Pvt. Ltd.,50,917.0,45850.0,2025-07-29 14:18:57.688220
2025-07-29,31568,2025072903025555,SAPDBL,Oxford Securities Pvt. Ltd.,Sumeru Securities Pvt. Ltd.,50,917.0,45850.0,2025-07-29 14:18:57.688254
2025-07-29,31567,2025072903025556,SAPDBL,Online Securities Pvt. Ltd.,Sumeru Securities Pvt. Ltd.,100,917.0,91700.0,2025-07-29 14:18:57.688284
2025-07-29,31566,2025072903025557,SAPDBL,Secured Securities Ltd.,Sumeru Securities Pvt. Ltd.,129,916.2,118189.8,2025-07-29 14:18:57.688314
2025-07-29,29870,2025072903025887,SAPDBL,Dakshinkali Investment & Securities Pvt. Ltd.,Dynamic Money Managers Securities Pvt. Ltd.,500,920.0,460000.0,2025-07-29 14:22:09.537242
2025-07-29,29724,2025072903025908,SAPDBL,Naasa Securities Co. Ltd.,Imperial Securities Company Pvt. Ltd.,45,919.0,41355.0,2025-07-29 14:22:24.486343
2025-07-29,29505,2025072903025946,SAPDBL,Trishakti Securities Public Limited,Sani Securities Company Ltd.,100,917.0,91700.0,2025-07-29 14:22:46.156002
2025-07-29,29361,2025072903025968,SAPDBL,Trishakti Securities Public Limited,Sani Securities Company Ltd.,100,917.0,91700.0,2025-07-29 14:22:57.252697
2025-07-29,26884,2025072903026463,SAPDBL,Asian Securities Private Ltd.,Sani Securities Company Ltd.,33,917.0,30261.0,2025-07-29 14:27:48.339473
2025-07-29,25455,2025072903026819,SAPDBL,Asian Securities Private Ltd.,Imperial Securities Company Pvt. Ltd.,67,917.0,61439.0,2025-07-29 14:30:07.800072
2025-07-29,25454,2025072903026820,SAPDBL,Trishakti Securities Public Limited,Imperial Securities Company Pvt. Ltd.,33,917.0,30261.0,2025-07-29 14:30:07.800357
2025-07-29,25163,2025072903026899,SAPDBL,Trishakti Securities Public Limited,Nepal Stock House (PVT) Ltd.,17,917.0,15589.0,2025-07-29 14:30:35.294609
2025-07-29,25162,2025072903026900,SAPDBL,Primo Securities (PVT) Ltd.,Nepal Stock House (PVT) Ltd.,200,917.0,183400.0,2025-07-29 14:30:35.294931
2025-07-29,25161,2025072903026901,SAPDBL,Secured Securities Ltd.,Nepal Stock House (PVT) Ltd.,60,917.0,55020.0,2025-07-29 14:30:35.295101
2025-07-29,24922,2025072903026949,SAPDBL,Trishakti Securities Public Limited,Nepal Stock House (PVT) Ltd.,23,917.0,21091.0,2025-07-29 14:31:05.244221
2025-07-29,24316,2025072903027082,SAPDBL,Aryatara Investment & Securities,Imperial Securities Company Pvt. Ltd.,100,917.0,91700.0,2025-07-29 14:32:04.470533
2025-07-29,23696,2025072903027209,SAPDBL,Dynamic Money Managers Securities Pvt. Ltd.,Nepal Investment And Securities Trading Private Limited,10,916.5,9165.0,2025-07-29 14:32:59.162514
2025-07-29,23695,2025072903027210,SAPDBL,Sani Securities Company Ltd.,Nepal Investment And Securities Trading Private Limited,20,916.5,18330.0,2025-07-29 14:32:59.162757
2025-07-29,23694,2025072903027211,SAPDBL,Sri Hari Securities Pvt. Ltd.,Nepal Investment And Securities Trading Private Limited,220,916.3,201586.0,2025-07-29 14:32:59.162854
2025-07-29,23526,2025072903027242,SAPDBL,SUN SECURITIES PVT LTD,Thrive Brokerage House Pvt. Ltd,10,919.9,9199.0,2025-07-29 14:33:15.155859
2025-07-29,23383,2025072903027267,SAPDBL,Sani Securities Company Ltd.,Arun Securities (PVT) Ltd.,20,920.0,18400.0,2025-07-29 14:33:29.877505
2025-07-29,23382,2025072903027268,SAPDBL,Sani Securities Company Ltd.,Infinity Securities Limited,400,920.0,368000.0,2025-07-29 14:33:29.877747
2025-07-29,23381,2025072903027269,SAPDBL,Sani Securities Company Ltd.,SUN SECURITIES PVT LTD,50,920.0,46000.0,2025-07-29 14:33:29.877838
2025-07-29,23212,2025072903027284,SAPDBL,SUN SECURITIES PVT LTD,Imperial Securities Company Pvt. Ltd.,100,919.9,91990.0,2025-07-29 14:33:45.542043
2025-07-29,22008,2025072903027507,SAPDBL,Online Securities Pvt. Ltd.,Imperial Securities Company Pvt. Ltd.,100,918.0,91800.0,2025-07-29 14:35:43.327281
2025-07-29,21784,2025072903027558,SAPDBL,Naasa Securities Co. Ltd.,Infinity Securities Limited,60,920.0,55200.0,2025-07-29 14:36:11.049019
2025-07-29,21512,2025072903027621,SAPDBL,Sweta Securities Private Limited,Sani Securities Company Ltd.,48,917.0,44016.0,2025-07-29 14:36:37.481905
2025-07-29,21325,2025072903027641,SAPDBL,Prabhu Stock Market Limited,Infinity Securities Limited,370,920.0,340400.0,2025-07-29 14:36:59.194136
2025-07-29,20801,2025072903027725,SAPDBL,Sweta Securities Private Limited,Imperial Securities Company Pvt. Ltd.,16,917.0,14672.0,2025-07-29 14:37:53.500406
2025-07-29,20800,2025072903027726,SAPDBL,Dynamic Money Managers Securities Pvt. Ltd.,Imperial Securities Company Pvt. Ltd.,10,917.0,9170.0,2025-07-29 14:37:53.500847
2025-07-29,20799,2025072903027727,SAPDBL,Sundhara Securities Limited,Imperial Securities Company Pvt. Ltd.,24,917.0,22008.0,2025-07-29 14:37:53.501127
2025-07-29,20536,2025072903027781,SAPDBL,Malla & Malla Stock Broking Company Pvt. Limited,Sweta Securities Private Limited,50,918.0,45900.0,2025-07-29 14:38:23.751674
2025-07-29,19404,2025072903028018,SAPDBL,Sani Securities Company Ltd.,Sweta Securities Private Limited,200,918.0,183600.0,2025-07-29 14:40:04.768259
2025-07-29,19269,2025072903028046,SAPDBL,Secured Securities Ltd.,Sweta Securities Private Limited,10,918.0,9180.0,2025-07-29 14:40:15.873006
2025-07-29,19183,2025072903028065,SAPDBL,Sundhara Securities Limited,Sweta Securities Private Limited,140,918.0,128520.0,2025-07-29 14:40:22.912353
2025-07-29,18729,2025072903028121,SAPDBL,Sri Hari Securities Pvt. Ltd.,Sri Hari Securities Pvt. Ltd.,2300,918.9,2113470.0,2025-07-29 14:41:09.812386
2025-07-29,18514,2025072903028173,SAPDBL,J.F. Securites (PVT) Ltd.,Swarna Laxmi Securities Pvt. Ltd.,100,919.0,91900.0,2025-07-29 14:41:29.292382
2025-07-29,18238,2025072903028219,SAPDBL,Neev Securities Pvt. Ltd.,Swarna Laxmi Securities Pvt. Ltd.,50,919.0,45950.0,2025-07-29 14:41:56.212208
2025-07-29,17972,2025072903028267,SAPDBL,Sundhara Securities Limited,Dipshikha Dhitopatra Karobar Co. Pvt Ltd.,10,918.0,9180.0,2025-07-29 14:42:21.479760
2025-07-29,17971,2025072903028268,SAPDBL,Asian Securities Private Ltd.,Dipshikha Dhitopatra Karobar Co. Pvt Ltd.,10,918.0,9180.0,2025-07-29 14:42:21.480200
2025-07-29,17617,2025072903028326,SAPDBL,ABC Securities Private Limited,Swarna Laxmi Securities Pvt. Ltd.,50,919.0,45950.0,2025-07-29 14:42:53.842574
2025-07-29,17358,2025072903028372,SAPDBL,ABC Securities Private Limited,Infinity Securities Limited,70,920.0,64400.0,2025-07-29 14:43:21.531886
2025-07-29,17357,2025072903028373,SAPDBL,ABC Securities Private Limited,Swarna Laxmi Securities Pvt. Ltd.,60,920.0,55200.0,2025-07-29 14:43:21.531932
2025-07-29,16338,2025072903028494,SAPDBL,Nabil Stock Dealer Ltd.,Imperial Securities Company Pvt. Ltd.,70,920.0,64400.0,2025-07-29 14:44:49.142432
2025-07-29,16121,2025072903028581,SAPDBL,Bhrikuti Stock Broking Co. Pvt. Ltd.,Siprabi Securities Pvt. Ltd.,20,919.0,18380.0,2025-07-29 14:44:59.228297
2025-07-29,16120,2025072903028582,SAPDBL,Asian Securities Private Ltd.,Siprabi Securities Pvt. Ltd.,50,919.0,45950.0,2025-07-29 14:44:59.228799
2025-07-29,15780,2025072903028634,SAPDBL,Asian Securities Private Ltd.,Sri Hari Securities Pvt. Ltd.,40,918.0,36720.0,2025-07-29 14:45:21.808858
2025-07-29,15779,2025072903028635,SAPDBL,Sundhara Securities Limited,Sri Hari Securities Pvt. Ltd.,26,918.0,23868.0,2025-07-29 14:45:21.809300
2025-07-29,15778,2025072903028636,SAPDBL,Vision Securities Pvt. Ltd,Sri Hari Securities Pvt. Ltd.,30,918.0,27540.0,2025-07-29 14:45:21.809569
2025-07-29,15777,2025072903028637,SAPDBL,Midas Stock Broking Company Private Limited,Sri Hari Securities Pvt. Ltd.,354,918.0,324972.0,2025-07-29 14:45:21.809829
2025-07-29,15755,2025072903028647,SAPDBL,Midas Stock Broking Company Private Limited,Siprabi Securities Pvt. Ltd.,80,918.0,73440.0,2025-07-29 14:45:23.576893
2025-07-29,14355,2025072903028922,SAPDBL,Siprabi Securities Pvt. Ltd.,Imperial Securities Company Pvt. Ltd.,58,920.0,53360.0,2025-07-29 14:47:19.999609
2025-07-29,13212,2025072903029091,SAPDBL,Dynamic Money Managers Securities Pvt. Ltd.,Midas Stock Broking Company Private Limited,100,921.0,92100.0,2025-07-29 14:48:57.885601
2025-07-29,12903,2025072903029136,SAPDBL,Sri Hari Securities Pvt. Ltd.,Midas Stock Broking Company Private Limited,340,921.0,313140.0,2025-07-29 14:49:27.917133
2025-07-29,12705,2025072903029182,SAPDBL,Sri Hari Securities Pvt. Ltd.,Creative Securities Pvt Ltd,225,921.0,207225.0,2025-07-29 14:49:43.502613
2025-07-29,12545,2025072903029201,SAPDBL,Sri Hari Securities Pvt. Ltd.,Sumeru Securities Pvt. Ltd.,253,921.0,233013.0,2025-07-29 14:49:54.101410
2025-07-29,12359,2025072903029242,SAPDBL,Midas Stock Broking Company Private Limited,Cristal Kanchanjanga Securites Pvt. Ltd.,500,921.9,460950.0,2025-07-29 14:50:11.545402
2025-07-29,12035,2025072903029337,SAPDBL,ABC Securities Private Limited,Sweta Securities Private Limited,200,922.0,184400.0,2025-07-29 14:50:34.144945
2025-07-29,11549,2025072903029446,SAPDBL,Sri Hari Securities Pvt. Ltd.,Vision Securities Pvt. Ltd,182,921.0,167622.0,2025-07-29 14:51:06.575605
2025-07-29,11548,2025072903029447,SAPDBL,Asian Securities Private Ltd.,Vision Securities Pvt. Ltd,50,921.0,46050.0,2025-07-29 14:51:06.575824
2025-07-29,11547,2025072903029448,SAPDBL,Naasa Securities Co. Ltd.,Vision Securities Pvt. Ltd,50,921.0,46050.0,2025-07-29 14:51:06.575918
2025-07-29,11494,2025072903029455,SAPDBL,Sani Securities Company Ltd.,Vision Securities Pvt. Ltd,178,921.0,163938.0,2025-07-29 14:51:10.075109
2025-07-29,11493,2025072903029456,SAPDBL,Sani Securities Company Ltd.,Sweta Securities Private Limited,100,922.0,92200.0,2025-07-29 14:51:10.075337
2025-07-29,11492,2025072903029457,SAPDBL,Sani Securities Company Ltd.,NIMB Stock Markets Limited,222,923.0,204906.0,2025-07-29 14:51:10.075434
2025-07-29,10706,2025072903029662,SAPDBL,Vision Securities Pvt. Ltd,NIMB Stock Markets Limited,300,923.0,276900.0,2025-07-29 14:52:08.905041
2025-07-29,10616,2025072903029686,SAPDBL,Neev Securities Pvt. Ltd.,Kohinoor Investment & Securities Pvt. Ltd.,50,922.9,46145.0,2025-07-29 14:52:13.038769
2025-07-29,10615,2025072903029687,SAPDBL,Neev Securities Pvt. Ltd.,NIMB Stock Markets Limited,28,923.0,25844.0,2025-07-29 14:52:13.038974
2025-07-29,10178,2025072903029771,SAPDBL,Naasa Securities Co. Ltd.,Sagarmatha Securities Private Limited,100,924.0,92400.0,2025-07-29 14:52:40.534125
2025-07-29,9473,2025072903029887,SAPDBL,Naasa Securities Co. Ltd.,Swarna Laxmi Securities Pvt. Ltd.,40,924.0,36960.0,2025-07-29 14:53:16.931064
2025-07-29,9472,2025072903029888,SAPDBL,Neev Securities Pvt. Ltd.,Swarna Laxmi Securities Pvt. Ltd.,60,923.0,55380.0,2025-07-29 14:53:16.931305
2025-07-29,9326,2025072903029916,SAPDBL,Neev Securities Pvt. Ltd.,Asian Securities Private Ltd.,60,923.0,55380.0,2025-07-29 14:53:25.917374
2025-07-29,9153,2025072903029952,SAPDBL,Midas Stock Broking Company Private Limited,Cristal Kanchanjanga Securites Pvt. Ltd.,500,924.4,462200.0,2025-07-29 14:53:33.207970
2025-07-29,9152,2025072903029953,SAPDBL,Midas Stock Broking Company Private Limited,Sweta Securities Private Limited,500,924.5,462250.0,2025-07-29 14:53:33.208199
2025-07-29,8967,2025072903029968,SAPDBL,Online Securities Pvt. Ltd.,Sweta Securities Private Limited,100,924.5,92450.0,2025-07-29 14:53:43.103214
2025-07-29,7420,2025072903030241,SAPDBL,Sani Securities Company Ltd.,Linch Stock Market Ltd.,25,921.2,23030.0,2025-07-29 14:55:12.815806
2025-07-29,6586,2025072903030419,SAPDBL,Naasa Securities Co. Ltd.,Linch Stock Market Ltd.,50,921.0,46050.0,2025-07-29 14:56:02.186682
2025-07-29,6547,2025072903030424,SAPDBL,Sani Securities Company Ltd.,Linch Stock Market Ltd.,20,921.0,18420.0,2025-07-29 14:56:04.268159
2025-07-29,6275,2025072903030494,SAPDBL,Investment Management Nepal Pvt. Ltd.,Dynamic Money Managers Securities Pvt. Ltd.,200,920.1,184020.0,2025-07-29 14:56:20.087007
2025-07-29,6274,2025072903030495,SAPDBL,Sweta Securities Private Limited,Dynamic Money Managers Securities Pvt. Ltd.,53,920.0,48760.0,2025-07-29 14:56:20.087246
2025-07-29,6273,2025072903030496,SAPDBL,Imperial Securities Company Pvt. Ltd.,Dynamic Money Managers Securities Pvt. Ltd.,50,920.0,46000.0,2025-07-29 14:56:20.087338
2025-07-29,6272,2025072903030497,SAPDBL,Market Securities & Exchange (PVT) Ltd.,Dynamic Money Managers Securities Pvt. Ltd.,200,920.0,184000.0,2025-07-29 14:56:20.087449
2025-07-29,6271,2025072903030498,SAPDBL,Midas Stock Broking Company Private Limited,Dynamic Money Managers Securities Pvt. Ltd.,275,920.0,253000.0,2025-07-29 14:56:20.087564
2025-07-29,6270,2025072903030499,SAPDBL,Naasa Securities Co. Ltd.,Dynamic Money Managers Securities Pvt. Ltd.,32,920.0,29440.0,2025-07-29 14:56:20.087668
2025-07-29,6160,2025072903030521,SAPDBL,Naasa Securities Co. Ltd.,Asian Securities Private Ltd.,50,920.0,46000.0,2025-07-29 14:56:25.219355
2025-07-29,5851,2025072903030567,SAPDBL,Naasa Securities Co. Ltd.,Roadshow securities limited,18,920.0,16560.0,2025-07-29 14:56:39.654179
2025-07-29,5850,2025072903030568,SAPDBL,Online Securities Pvt. Ltd.,Roadshow securities limited,82,920.0,75440.0,2025-07-29 14:56:39.654407
2025-07-29,5796,2025072903030577,SAPDBL,Online Securities Pvt. Ltd.,Asian Securities Private Ltd.,60,920.0,55200.0,2025-07-29 14:56:41.676765
2025-07-29,5727,2025072903030592,SAPDBL,Online Securities Pvt. Ltd.,Nepal Investment And Securities Trading Private Limited,58,920.0,53360.0,2025-07-29 14:56:46.427244
2025-07-29,5726,2025072903030593,SAPDBL,Trishakti Securities Public Limited,Nepal Investment And Securities Trading Private Limited,10,920.0,9200.0,2025-07-29 14:56:46.427471
2025-07-29,5308,2025072903030627,SAPDBL,Imperial Securities Company Pvt. Ltd.,Nepal Investment And Securities Trading Private Limited,50,920.0,46000.0,2025-07-29 14:57:04.014135
2025-07-29,5114,2025072903030685,SAPDBL,Sani Securities Company Ltd.,Midas Stock Broking Company Private Limited,49,919.0,45031.0,2025-07-29 14:57:14.007134
2025-07-29,5113,2025072903030686,SAPDBL,Nepal Investment And Securities Trading Private Limited,Midas Stock Broking Company Private Limited,51,919.0,46869.0,2025-07-29 14:57:14.007396
2025-07-29,5014,2025072903030710,SAPDBL,Nepal Investment And Securities Trading Private Limited,Thrive Brokerage House Pvt. Ltd,100,919.0,91900.0,2025-07-29 14:57:19.050742
2025-07-29,5009,2025072903030711,SAPDBL,Vision Securities Pvt. Ltd,Nepal Investment And Securities Trading Private Limited,50,920.0,46000.0,2025-07-29 14:57:19.074753
2025-07-29,4818,2025072903030738,SAPDBL,Nepal Investment And Securities Trading Private Limited,Kumari Securities Private Limited,100,919.0,91900.0,2025-07-29 14:57:26.581130
2025-07-29,4540,2025072903030779,SAPDBL,Sani Securities Company Ltd.,Nepal Investment And Securities Trading Private Limited,52,920.0,47840.0,2025-07-29 14:57:39.360555
2025-07-29,4539,2025072903030780,SAPDBL,Sani Securities Company Ltd.,ABC Securities Private Limited,98,920.0,90160.0,2025-07-29 14:57:39.360769
2025-07-29,4096,2025072903030861,SAPDBL,Dakshinkali Investment & Securities Pvt. Ltd.,Trishakti Securities Public Limited,30,920.0,27600.0,2025-07-29 14:57:59.138912
2025-07-29,3920,2025072903030890,SAPDBL,Vision Securities Pvt. Ltd,Trishakti Securities Public Limited,20,920.0,18400.0,2025-07-29 14:58:05.105732
2025-07-29,3681,2025072903030943,SAPDBL,Bhrikuti Stock Broking Co. Pvt. Ltd.,Imperial Securities Company Pvt. Ltd.,20,919.9,18398.0,2025-07-29 14:58:15.176528
2025-07-29,3372,2025072903030997,SAPDBL,Nepal Investment And Securities Trading Private Limited,Indira securities pvt. ltd,35,919.0,32165.0,2025-07-29 14:58:26.064094
2025-07-29,3200,2025072903031034,SAPDBL,Nepal Investment And Securities Trading Private Limited,Nagarik Stock Dealer ,14,919.0,12866.0,2025-07-29 14:58:31.975079
2025-07-29,3199,2025072903031035,SAPDBL,Naasa Securities Co. Ltd.,Nagarik Stock Dealer ,10,919.0,9190.0,2025-07-29 14:58:31.975124
2025-07-29,3198,2025072903031036,SAPDBL,Sani Securities Company Ltd.,Nagarik Stock Dealer ,200,919.0,183800.0,2025-07-29 14:58:31.975153
2025-07-29,3197,2025072903031037,SAPDBL,Nepal Investment And Securities Trading Private Limited,Nagarik Stock Dealer ,230,918.0,211140.0,2025-07-29 14:58:31.975180
2025-07-29,3196,2025072903031038,SAPDBL,Naasa Securities Co. Ltd.,Nagarik Stock Dealer ,20,918.0,18360.0,2025-07-29 14:58:31.975226
2025-07-29,3195,2025072903031039,SAPDBL,Naasa Securities Co. Ltd.,Nagarik Stock Dealer ,26,918.0,23868.0,2025-07-29 14:58:31.975258
2025-07-29,2924,2025072903031078,SAPDBL,Naasa Securities Co. Ltd.,Trishakti Securities Public Limited,10,918.0,9180.0,2025-07-29 14:58:42.563729
2025-07-29,2432,2025072903031185,SAPDBL,Aryatara Investment & Securities,Linch Stock Market Ltd.,30,919.0,27570.0,2025-07-29 14:59:00.530467
2025-07-29,1833,2025072903031309,SAPDBL,Naasa Securities Co. Ltd.,Imperial Securities Company Pvt. Ltd.,24,918.0,22032.0,2025-07-29 14:59:19.013587
2025-07-29,1385,2025072903031421,SAPDBL,Sani Securities Company Ltd.,Linch Stock Market Ltd.,75,919.0,68925.0,2025-07-29 14:59:29.821387
2025-07-29,1384,2025072903031422,SAPDBL,Sani Securities Company Ltd.,Magnet Securities and Investment Company Private Limited,100,919.0,91900.0,2025-07-29 14:59:29.821634
2025-07-29,976,2025072903031522,SAPDBL,Sani Securities Company Ltd.,Roadshow securities limited,100,920.0,92000.0,2025-07-29 14:59:40.308286
2025-07-29,641,2025072903031593,SAPDBL,Trishakti Securities Public Limited,Neev Securities Pvt. Ltd.,100,923.0,92300.0,2025-07-29 14:59:48.285569
2025-07-29,640,2025072903031594,SAPDBL,Trishakti Securities Public Limited,Indira securities pvt. ltd,50,924.0,46200.0,2025-07-29 14:59:48.285617
2025-07-29,639,2025072903031595,SAPDBL,Trishakti Securities Public Limited,Sweta Securities Private Limited,350,924.5,323575.0,2025-07-29 14:59:48.285656
2025-07-29,435,2025072903031633,SAPDBL,Dakshinkali Investment & Securities Pvt. Ltd.,Online Securities Pvt. Ltd.,20,921.0,18420.0,2025-07-29 14:59:52.397848
2025-07-29,434,2025072903031634,SAPDBL,Sani Securities Company Ltd.,Online Securities Pvt. Ltd.,156,920.0,143520.0,2025-07-29 14:59:52.398106
2025-07-29,146,2025072903031701,SAPDBL,Sani Securities Company Ltd.,Nepal Stock House (PVT) Ltd.,69,920.0,63480.0,2025-07-29 14:59:58.128823
2025-07-29,145,2025072903031702,SAPDBL,Nagarik Stock Dealer ,Nepal Stock House (PVT) Ltd.,131,920.0,120520.0,2025-07-29 14:59:58.129062
