Date,S.N.,contract_id,symbol,buyer_broker,seller_broker,volume,price,amount,transaction_time
2025-07-29,157472,2025072903000009,SHINE,Naasa Securities Co. Ltd.,Trisul Securities & Invt. Ltd.,25,489.0,12225.0,2025-07-29 10:46:00.049682
2025-07-29,157333,2025072903000021,SHINE,Naasa Securities Co. Ltd.,Kumari Securities Private Limited,31,492.0,15252.0,2025-07-29 11:00:40.796995
2025-07-29,157332,2025072903000022,SHINE,Midas Stock Broking Company Private Limited,Kumari Securities Private Limited,19,492.0,9348.0,2025-07-29 11:00:40.797039
2025-07-29,157058,2025072903000065,SHINE,Agrawal Securities (PVT) Ltd.,Vision Securities Pvt. Ltd,100,493.5,49350.0,2025-07-29 11:01:31.194140
2025-07-29,156668,2025072903000133,SHINE,Midas Stock Broking Company Private Limited,Trisul Securities & Invt. Ltd.,131,493.5,64648.5,2025-07-29 11:02:21.490521
2025-07-29,156667,2025072903000134,SHINE,Online Securities Pvt. Ltd.,Trisul Securities & Invt. Ltd.,96,493.5,47376.0,2025-07-29 11:02:21.490580
2025-07-29,156666,2025072903000135,SHINE,J.F. Securites (PVT) Ltd.,Trisul Securities & Invt. Ltd.,1000,493.0,493000.0,2025-07-29 11:02:21.490613
2025-07-29,156665,2025072903000136,SHINE,Primo Securities (PVT) Ltd.,Trisul Securities & Invt. Ltd.,73,493.0,35989.0,2025-07-29 11:02:21.490642
2025-07-29,156434,2025072903000179,SHINE,Aryatara Investment & Securities,Trisul Securities & Invt. Ltd.,10,494.0,4940.0,2025-07-29 11:02:49.781663
2025-07-29,156226,2025072903000223,SHINE,Sani Securities Company Ltd.,South Asian Bulls Pvt. Ltd.,50,496.0,24800.0,2025-07-29 11:03:13.924453
2025-07-29,156123,2025072903000248,SHINE,Pragyan Securities (PVT) Ltd.,Sewa Securities Pvt. Ltd.,50,496.9,24845.0,2025-07-29 11:03:25.302123
2025-07-29,156122,2025072903000249,SHINE,Pragyan Securities (PVT) Ltd.,Magnet Securities and Investment Company Private Limited,150,497.0,74550.0,2025-07-29 11:03:25.302298
2025-07-29,156065,2025072903000254,SHINE,Nagarik Stock Dealer ,Magnet Securities and Investment Company Private Limited,50,497.0,24850.0,2025-07-29 11:03:32.150147
2025-07-29,156064,2025072903000255,SHINE,Nagarik Stock Dealer ,Trisul Securities & Invt. Ltd.,10,497.0,4970.0,2025-07-29 11:03:32.150212
2025-07-29,156063,2025072903000256,SHINE,Nagarik Stock Dealer ,Nepal Stock House (PVT) Ltd.,50,498.0,24900.0,2025-07-29 11:03:32.150247
2025-07-29,156062,2025072903000257,SHINE,Nagarik Stock Dealer ,Vision Securities Pvt. Ltd,75,498.0,37350.0,2025-07-29 11:03:32.150308
2025-07-29,156061,2025072903000258,SHINE,Nagarik Stock Dealer ,Sani Securities Company Ltd.,100,499.0,49900.0,2025-07-29 11:03:32.150350
2025-07-29,156060,2025072903000259,SHINE,Nagarik Stock Dealer ,Nepal Stock House (PVT) Ltd.,715,499.0,356785.0,2025-07-29 11:03:32.150383
2025-07-29,155983,2025072903000273,SHINE,Deevyaa Securities & Stock House Pvt. Ltd,Nepal Stock House (PVT) Ltd.,200,499.0,99800.0,2025-07-29 11:03:41.014310
2025-07-29,155541,2025072903000355,SHINE,Sani Securities Company Ltd.,Kohinoor Investment & Securities Pvt. Ltd.,350,498.0,174300.0,2025-07-29 11:04:27.411194
2025-07-29,155422,2025072903000382,SHINE,Dynamic Money Managers Securities Pvt. Ltd.,Kohinoor Investment & Securities Pvt. Ltd.,1000,498.0,498000.0,2025-07-29 11:04:39.216265
2025-07-29,155338,2025072903000393,SHINE,Dakshinkali Investment & Securities Pvt. Ltd.,Secured Securities Ltd.,200,497.0,99400.0,2025-07-29 11:04:45.776550
2025-07-29,155204,2025072903000422,SHINE,Aryatara Investment & Securities,Secured Securities Ltd.,990,494.0,489060.0,2025-07-29 11:04:58.579292
2025-07-29,155203,2025072903000423,SHINE,Primo Securities (PVT) Ltd.,Secured Securities Ltd.,427,494.0,210938.0,2025-07-29 11:04:58.579371
2025-07-29,154613,2025072903000590,SHINE,Naasa Securities Co. Ltd.,Sweta Securities Private Limited,50,493.0,24650.0,2025-07-29 11:06:00.836945
2025-07-29,154150,2025072903000685,SHINE,Agrawal Securities (PVT) Ltd.,Aryatara Investment & Securities,100,493.1,49310.0,2025-07-29 11:06:40.005522
2025-07-29,153880,2025072903000754,SHINE,Primo Securities (PVT) Ltd.,Dipshikha Dhitopatra Karobar Co. Pvt Ltd.,500,493.5,246750.0,2025-07-29 11:07:03.397909
2025-07-29,153603,2025072903000814,SHINE,ABC Securities Private Limited,Dipshikha Dhitopatra Karobar Co. Pvt Ltd.,1000,493.5,493500.0,2025-07-29 11:07:21.934368
2025-07-29,153293,2025072903000861,SHINE,Aryatara Investment & Securities,Dipshikha Dhitopatra Karobar Co. Pvt Ltd.,100,493.5,49350.0,2025-07-29 11:07:51.374839
2025-07-29,153288,2025072903000862,SHINE,Agrawal Securities (PVT) Ltd.,Dipshikha Dhitopatra Karobar Co. Pvt Ltd.,400,493.5,197400.0,2025-07-29 11:07:52.019857
2025-07-29,153287,2025072903000863,SHINE,Agrawal Securities (PVT) Ltd.,Aryatara Investment & Securities,87,493.5,42934.5,2025-07-29 11:07:52.019957
2025-07-29,153267,2025072903000868,SHINE,Agrawal Securities (PVT) Ltd.,Nepal Stock House (PVT) Ltd.,13,493.5,6415.5,2025-07-29 11:07:54.579789
2025-07-29,153266,2025072903000869,SHINE,Agrawal Securities (PVT) Ltd.,Nepal Stock House (PVT) Ltd.,50,493.0,24650.0,2025-07-29 11:07:54.579989
2025-07-29,153265,2025072903000870,SHINE,Shree Krishna Securities Ltd.,Nepal Stock House (PVT) Ltd.,250,493.0,123250.0,2025-07-29 11:07:54.580143
2025-07-29,153264,2025072903000871,SHINE,Naasa Securities Co. Ltd.,Nepal Stock House (PVT) Ltd.,30,493.0,14790.0,2025-07-29 11:07:54.580275
2025-07-29,153112,2025072903000900,SHINE,Investment Management Nepal Pvt. Ltd.,Nepal Stock House (PVT) Ltd.,444,493.0,218892.0,2025-07-29 11:08:08.660152
2025-07-29,152955,2025072903000934,SHINE,Investment Management Nepal Pvt. Ltd.,Nepal Stock House (PVT) Ltd.,43,493.5,21220.5,2025-07-29 11:08:23.802620
2025-07-29,152726,2025072903000991,SHINE,Agrawal Securities (PVT) Ltd.,Kalika Securities Pvt. Ltd.,100,493.0,49300.0,2025-07-29 11:08:42.727397
2025-07-29,152314,2025072903001073,SHINE,Dynamic Money Managers Securities Pvt. Ltd.,Dynamic Money Managers Securities Pvt. Ltd.,500,493.0,246500.0,2025-07-29 11:09:13.817151
2025-07-29,151968,2025072903001122,SHINE,Agrawal Securities (PVT) Ltd.,Online Securities Pvt. Ltd.,20,493.4,9868.0,2025-07-29 11:09:39.620925
2025-07-29,151967,2025072903001123,SHINE,Agrawal Securities (PVT) Ltd.,Nepal Stock House (PVT) Ltd.,80,493.5,39480.0,2025-07-29 11:09:39.621158
2025-07-29,151625,2025072903001212,SHINE,Agrawal Securities (PVT) Ltd.,Nepal Stock House (PVT) Ltd.,100,493.5,49350.0,2025-07-29 11:10:05.951180
2025-07-29,151617,2025072903001215,SHINE,Dynamic Money Managers Securities Pvt. Ltd.,Sri Hari Securities Pvt. Ltd.,3000,493.0,1479000.0,2025-07-29 11:10:07.184442
2025-07-29,151465,2025072903001264,SHINE,Dynamic Money Managers Securities Pvt. Ltd.,Oxford Securities Pvt. Ltd.,3000,493.0,1479000.0,2025-07-29 11:10:17.758811
2025-07-29,151463,2025072903001266,SHINE,Dynamic Money Managers Securities Pvt. Ltd.,Sharepro Securities Private Limited,441,493.0,217413.0,2025-07-29 11:10:17.969793
2025-07-29,151460,2025072903001267,SHINE,Agrawal Securities (PVT) Ltd.,Nepal Stock House (PVT) Ltd.,100,493.5,49350.0,2025-07-29 11:10:18.360251
2025-07-29,151430,2025072903001272,SHINE,Dynamic Money Managers Securities Pvt. Ltd.,Infinity Securities Limited,100,493.0,49300.0,2025-07-29 11:10:21.515341
2025-07-29,151227,2025072903001329,SHINE,J.F. Securites (PVT) Ltd.,Nepal Stock House (PVT) Ltd.,177,493.5,87349.5,2025-07-29 11:10:38.722083
2025-07-29,151215,2025072903001331,SHINE,J.F. Securites (PVT) Ltd.,Online Securities Pvt. Ltd.,10,493.6,4936.0,2025-07-29 11:10:39.821584
2025-07-29,150931,2025072903001403,SHINE,Nabil Stock Dealer Ltd.,Online Securities Pvt. Ltd.,200,493.5,98700.0,2025-07-29 11:11:00.119437
2025-07-29,150753,2025072903001443,SHINE,Nabil Stock Dealer Ltd.,Trishakti Securities Public Limited,75,493.5,37012.5,2025-07-29 11:11:17.905240
2025-07-29,150752,2025072903001444,SHINE,Dynamic Money Managers Securities Pvt. Ltd.,Trishakti Securities Public Limited,125,493.0,61625.0,2025-07-29 11:11:17.905365
2025-07-29,150624,2025072903001492,SHINE,Dynamic Money Managers Securities Pvt. Ltd.,Imperial Securities Company Pvt. Ltd.,2834,493.0,1397162.0,2025-07-29 11:11:28.422088
2025-07-29,150259,2025072903001562,SHINE,Dakshinkali Investment & Securities Pvt. Ltd.,Sharepro Securities Private Limited,130,491.0,63830.0,2025-07-29 11:11:54.238539
2025-07-29,150258,2025072903001563,SHINE,Naasa Securities Co. Ltd.,Sharepro Securities Private Limited,1000,490.0,490000.0,2025-07-29 11:11:54.238688
2025-07-29,150257,2025072903001564,SHINE,Nabil Stock Dealer Ltd.,Sharepro Securities Private Limited,250,490.0,122500.0,2025-07-29 11:11:54.238811
2025-07-29,150256,2025072903001565,SHINE,Imperial Securities Company Pvt. Ltd.,Sharepro Securities Private Limited,500,490.0,245000.0,2025-07-29 11:11:54.238992
2025-07-29,150255,2025072903001566,SHINE,Nepal Stock House (PVT) Ltd.,Sharepro Securities Private Limited,500,489.1,244550.0,2025-07-29 11:11:54.239145
2025-07-29,150254,2025072903001567,SHINE,Opal Securities Investment (PVT) Ltd.,Sharepro Securities Private Limited,44,489.0,21516.0,2025-07-29 11:11:54.239250
2025-07-29,150253,2025072903001568,SHINE,Naasa Securities Co. Ltd.,Sharepro Securities Private Limited,168,489.0,82152.0,2025-07-29 11:11:54.239464
2025-07-29,150252,2025072903001569,SHINE,Trishakti Securities Public Limited,Sharepro Securities Private Limited,400,488.0,195200.0,2025-07-29 11:11:54.239576
2025-07-29,150040,2025072903001607,SHINE,Naasa Securities Co. Ltd.,Imperial Securities Company Pvt. Ltd.,350,493.0,172550.0,2025-07-29 11:12:11.844113
2025-07-29,149500,2025072903001728,SHINE,Dynamic Money Managers Securities Pvt. Ltd.,Trishakti Securities Public Limited,18,486.2,8751.6,2025-07-29 11:13:03.452933
2025-07-29,149011,2025072903001817,SHINE,Swarna Laxmi Securities Pvt. Ltd.,Himalayan Securities Limited,25,488.2,12205.0,2025-07-29 11:13:51.610207
2025-07-29,147143,2025072903002198,SHINE,Aryatara Investment & Securities,Secured Securities Ltd.,1000,489.0,489000.0,2025-07-29 11:16:36.158760
2025-07-29,146861,2025072903002256,SHINE,Imperial Securities Company Pvt. Ltd.,Capital Max Securities Ltd,235,488.3,114750.5,2025-07-29 11:17:01.091730
2025-07-29,146716,2025072903002291,SHINE,Swarna Laxmi Securities Pvt. Ltd.,Trishakti Securities Public Limited,500,488.5,244250.0,2025-07-29 11:17:15.428219
2025-07-29,146165,2025072903002380,SHINE,Property Wiard Limited,Aryatara Investment & Securities,200,489.0,97800.0,2025-07-29 11:18:02.131242
2025-07-29,146164,2025072903002381,SHINE,Property Wiard Limited,J.F. Securites (PVT) Ltd.,100,489.0,48900.0,2025-07-29 11:18:02.131537
2025-07-29,146072,2025072903002402,SHINE,Primo Securities (PVT) Ltd.,Trisul Securities & Invt. Ltd.,150,488.5,73275.0,2025-07-29 11:18:11.668685
2025-07-29,145867,2025072903002430,SHINE,Primo Securities (PVT) Ltd.,Property Wiard Limited,50,489.0,24450.0,2025-07-29 11:18:31.229992
2025-07-29,145866,2025072903002431,SHINE,Imperial Securities Company Pvt. Ltd.,Property Wiard Limited,65,488.3,31739.5,2025-07-29 11:18:31.230043
2025-07-29,145865,2025072903002432,SHINE,Swarna Laxmi Securities Pvt. Ltd.,Property Wiard Limited,475,488.1,231847.5,2025-07-29 11:18:31.230069
2025-07-29,145864,2025072903002433,SHINE,Dynamic Money Managers Securities Pvt. Ltd.,Property Wiard Limited,888,488.0,433344.0,2025-07-29 11:18:31.230095
2025-07-29,145863,2025072903002434,SHINE,Dynamic Money Managers Securities Pvt. Ltd.,Property Wiard Limited,22,487.0,10714.0,2025-07-29 11:18:31.230148
2025-07-29,144671,2025072903002673,SHINE,Dynamic Money Managers Securities Pvt. Ltd.,Miyo Securities Pvt Ltd,9960,487.0,4850520.0,2025-07-29 11:20:28.022153
2025-07-29,144670,2025072903002674,SHINE,Trishakti Securities Public Limited,Miyo Securities Pvt Ltd,500,487.0,243500.0,2025-07-29 11:20:28.022250
2025-07-29,143631,2025072903002855,SHINE,Pragyan Securities (PVT) Ltd.,Online Securities Pvt. Ltd.,10,488.0,4880.0,2025-07-29 11:22:04.148134
2025-07-29,142165,2025072903003175,SHINE,Pragyan Securities (PVT) Ltd.,Imperial Securities Company Pvt. Ltd.,490,488.0,239120.0,2025-07-29 11:23:48.427764
2025-07-29,142164,2025072903003176,SHINE,KALASH STOCK MARKET PVT. LTD.,Imperial Securities Company Pvt. Ltd.,200,488.0,97600.0,2025-07-29 11:23:48.427938
2025-07-29,142163,2025072903003177,SHINE,Sharepro Securities Private Limited,Imperial Securities Company Pvt. Ltd.,1000,488.0,488000.0,2025-07-29 11:23:48.428006
2025-07-29,142150,2025072903003178,SHINE,Dynamic Money Managers Securities Pvt. Ltd.,Sundhara Securities Limited,10,488.9,4889.0,2025-07-29 11:23:48.998221
2025-07-29,142149,2025072903003179,SHINE,Dynamic Money Managers Securities Pvt. Ltd.,Himalayan Securities Limited,25,489.0,12225.0,2025-07-29 11:23:48.998384
2025-07-29,141856,2025072903003239,SHINE,Swarna Laxmi Securities Pvt. Ltd.,Creative Securities Pvt Ltd,28,490.0,13720.0,2025-07-29 11:24:10.057113
2025-07-29,141855,2025072903003240,SHINE,Swarna Laxmi Securities Pvt. Ltd.,Vision Securities Pvt. Ltd,51,490.0,24990.0,2025-07-29 11:24:10.057281
2025-07-29,141854,2025072903003241,SHINE,Swarna Laxmi Securities Pvt. Ltd.,Siprabi Securities Pvt. Ltd.,625,490.0,306250.0,2025-07-29 11:24:10.057366
2025-07-29,141849,2025072903003242,SHINE,Swarna Laxmi Securities Pvt. Ltd.,ABC Securities Private Limited,30,490.0,14700.0,2025-07-29 11:24:10.812747
2025-07-29,141269,2025072903003402,SHINE,Swarna Laxmi Securities Pvt. Ltd.,Aryatara Investment & Securities,266,490.0,130340.0,2025-07-29 11:24:51.431710
2025-07-29,141268,2025072903003403,SHINE,J.F. Securites (PVT) Ltd.,Aryatara Investment & Securities,234,490.0,114660.0,2025-07-29 11:24:51.431905
2025-07-29,141140,2025072903003443,SHINE,KALASH STOCK MARKET PVT. LTD.,Capital Max Securities Ltd,100,490.5,49050.0,2025-07-29 11:24:59.050807
2025-07-29,140608,2025072903003552,SHINE,J.F. Securites (PVT) Ltd.,Primo Securities (PVT) Ltd.,158,490.0,77420.0,2025-07-29 11:25:39.006889
2025-07-29,140605,2025072903003553,SHINE,Pragyan Securities (PVT) Ltd.,Capital Max Securities Ltd,10,490.5,4905.0,2025-07-29 11:25:39.179730
2025-07-29,140444,2025072903003589,SHINE,Sweta Securities Private Limited,Trisul Securities & Invt. Ltd.,50,491.0,24550.0,2025-07-29 11:25:52.740967
2025-07-29,139226,2025072903003867,SHINE,Malla & Malla Stock Broking Company Pvt. Limited,Kumari Securities Private Limited,10,491.8,4918.0,2025-07-29 11:27:49.369233
2025-07-29,139225,2025072903003868,SHINE,Malla & Malla Stock Broking Company Pvt. Limited,Online Securities Pvt. Ltd.,10,491.9,4919.0,2025-07-29 11:27:49.369404
2025-07-29,139224,2025072903003869,SHINE,Malla & Malla Stock Broking Company Pvt. Limited,Online Securities Pvt. Ltd.,20,491.9,9838.0,2025-07-29 11:27:49.369479
2025-07-29,139223,2025072903003870,SHINE,Malla & Malla Stock Broking Company Pvt. Limited,Himalayan Securities Limited,15,491.9,7378.5,2025-07-29 11:27:49.369568
2025-07-29,139222,2025072903003871,SHINE,Malla & Malla Stock Broking Company Pvt. Limited,Imperial Securities Company Pvt. Ltd.,45,491.9,22135.5,2025-07-29 11:27:49.369640
2025-07-29,139212,2025072903003873,SHINE,Aryatara Investment & Securities,Imperial Securities Company Pvt. Ltd.,151,491.9,74276.9,2025-07-29 11:27:50.316906
2025-07-29,139068,2025072903003908,SHINE,Imperial Securities Company Pvt. Ltd.,Imperial Securities Company Pvt. Ltd.,100,491.9,49190.0,2025-07-29 11:28:04.142623
2025-07-29,137855,2025072903004127,SHINE,J.F. Securites (PVT) Ltd.,Midas Stock Broking Company Private Limited,1000,491.8,491800.0,2025-07-29 11:29:47.753865
2025-07-29,137598,2025072903004163,SHINE,Kumari Securities Private Limited,Premier Securities Company Ltd.,10,491.7,4917.0,2025-07-29 11:30:11.078510
2025-07-29,137597,2025072903004164,SHINE,Kumari Securities Private Limited,Linch Stock Market Ltd.,50,491.8,24590.0,2025-07-29 11:30:11.078840
2025-07-29,137334,2025072903004222,SHINE,Kumari Securities Private Limited,Opal Securities Investment (PVT) Ltd.,40,491.8,19672.0,2025-07-29 11:30:39.234311
2025-07-29,137333,2025072903004223,SHINE,Naasa Securities Co. Ltd.,Opal Securities Investment (PVT) Ltd.,19,490.2,9313.8,2025-07-29 11:30:39.234352
2025-07-29,137263,2025072903004233,SHINE,Sumeru Securities Pvt. Ltd.,Aryatara Investment & Securities,5,481.0,2405.0,2025-07-29 11:30:46.175628
2025-07-29,137020,2025072903004321,SHINE,Naasa Securities Co. Ltd.,Opal Securities Investment (PVT) Ltd.,304,490.2,149020.8,2025-07-29 11:31:07.405687
2025-07-29,136676,2025072903004389,SHINE,J.F. Securites (PVT) Ltd.,Imperial Securities Company Pvt. Ltd.,150,491.9,73785.0,2025-07-29 11:31:40.488130
2025-07-29,136674,2025072903004390,SHINE,Naasa Securities Co. Ltd.,Vision Securities Pvt. Ltd,36,490.2,17647.2,2025-07-29 11:31:40.636295
2025-07-29,136044,2025072903004578,SHINE,J.F. Securites (PVT) Ltd.,Shree Krishna Securities Ltd.,16,490.3,7844.8,2025-07-29 11:32:29.585567
2025-07-29,135813,2025072903004625,SHINE,J.F. Securites (PVT) Ltd.,Trisul Securities & Invt. Ltd.,25,490.3,12257.5,2025-07-29 11:32:52.567328
2025-07-29,135220,2025072903004729,SHINE,Kalika Securities Pvt. Ltd.,Online Securities Pvt. Ltd.,10,491.8,4918.0,2025-07-29 11:33:36.041117
2025-07-29,135219,2025072903004730,SHINE,Kalika Securities Pvt. Ltd.,Online Securities Pvt. Ltd.,10,491.8,4918.0,2025-07-29 11:33:36.041317
2025-07-29,134814,2025072903004815,SHINE,Opal Securities Investment (PVT) Ltd.,Imperial Securities Company Pvt. Ltd.,100,491.9,49190.0,2025-07-29 11:34:14.816899
2025-07-29,134742,2025072903004823,SHINE,Kalika Securities Pvt. Ltd.,Trisul Securities & Invt. Ltd.,15,491.8,7377.0,2025-07-29 11:34:21.609488
2025-07-29,134665,2025072903004841,SHINE,Kalika Securities Pvt. Ltd.,Kumari Securities Private Limited,100,491.8,49180.0,2025-07-29 11:34:30.974689
2025-07-29,134576,2025072903004849,SHINE,Kalika Securities Pvt. Ltd.,Opal Securities Investment (PVT) Ltd.,56,491.8,27540.8,2025-07-29 11:34:38.025120
2025-07-29,134485,2025072903004870,SHINE,Kalika Securities Pvt. Ltd.,Imperial Securities Company Pvt. Ltd.,100,491.8,49180.0,2025-07-29 11:34:47.487458
2025-07-29,134429,2025072903004886,SHINE,Agrawal Securities (PVT) Ltd.,Imperial Securities Company Pvt. Ltd.,264,491.9,129861.6,2025-07-29 11:34:54.712336
2025-07-29,134359,2025072903004910,SHINE,Kalika Securities Pvt. Ltd.,Kumari Securities Private Limited,159,491.8,78196.2,2025-07-29 11:34:59.526554
2025-07-29,134082,2025072903004962,SHINE,J.F. Securites (PVT) Ltd.,Opal Securities Investment (PVT) Ltd.,50,490.3,24515.0,2025-07-29 11:35:25.457311
2025-07-29,133884,2025072903005031,SHINE,J.F. Securites (PVT) Ltd.,Aryatara Investment & Securities,409,490.3,200532.7,2025-07-29 11:35:42.631074
2025-07-29,133883,2025072903005032,SHINE,Naasa Securities Co. Ltd.,Aryatara Investment & Securities,191,490.2,93628.2,2025-07-29 11:35:42.631276
2025-07-29,133247,2025072903005204,SHINE,Naasa Securities Co. Ltd.,KALASH STOCK MARKET PVT. LTD.,12,490.2,5882.4,2025-07-29 11:36:24.386474
2025-07-29,132264,2025072903005464,SHINE,Naasa Securities Co. Ltd.,Siprabi Securities Pvt. Ltd.,220,490.2,107844.0,2025-07-29 11:37:48.996081
2025-07-29,131703,2025072903005619,SHINE,Vision Securities Pvt. Ltd,Imperial Securities Company Pvt. Ltd.,100,491.0,49100.0,2025-07-29 11:38:32.494097
2025-07-29,131490,2025072903005668,SHINE,Naasa Securities Co. Ltd.,Kohinoor Investment & Securities Pvt. Ltd.,218,490.2,106863.6,2025-07-29 11:38:55.876271
2025-07-29,131489,2025072903005669,SHINE,Capital Max Securities Ltd,Kohinoor Investment & Securities Pvt. Ltd.,515,490.1,252401.5,2025-07-29 11:38:55.876716
2025-07-29,131488,2025072903005670,SHINE,Dynamic Money Managers Securities Pvt. Ltd.,Kohinoor Investment & Securities Pvt. Ltd.,20,490.0,9800.0,2025-07-29 11:38:55.877187
2025-07-29,131418,2025072903005685,SHINE,Sani Securities Company Ltd.,Dakshinkali Investment & Securities Pvt. Ltd.,110,490.0,53900.0,2025-07-29 11:39:03.305121
2025-07-29,131417,2025072903005686,SHINE,Linch Stock Market Ltd.,Dakshinkali Investment & Securities Pvt. Ltd.,204,490.0,99960.0,2025-07-29 11:39:03.305517
2025-07-29,131416,2025072903005687,SHINE,Capital Max Securities Ltd,Dakshinkali Investment & Securities Pvt. Ltd.,186,490.0,91140.0,2025-07-29 11:39:03.305780
2025-07-29,131267,2025072903005723,SHINE,Capital Max Securities Ltd,Opal Securities Investment (PVT) Ltd.,55,490.0,26950.0,2025-07-29 11:39:17.232257
2025-07-29,131097,2025072903005785,SHINE,Capital Max Securities Ltd,Premier Securities Company Ltd.,200,490.0,98000.0,2025-07-29 11:39:28.229447
2025-07-29,130471,2025072903005963,SHINE,Capital Max Securities Ltd,Opal Securities Investment (PVT) Ltd.,56,490.0,27440.0,2025-07-29 11:40:14.776968
2025-07-29,130470,2025072903005964,SHINE,Capital Max Securities Ltd,Siprabi Securities Pvt. Ltd.,3,490.0,1470.0,2025-07-29 11:40:14.777061
2025-07-29,130421,2025072903005972,SHINE,Sewa Securities Pvt. Ltd.,Sharepro Securities Private Limited,700,490.0,343000.0,2025-07-29 11:40:20.033785
2025-07-29,130420,2025072903005973,SHINE,Dynamic Money Managers Securities Pvt. Ltd.,Sharepro Securities Private Limited,9545,489.0,4667505.0,2025-07-29 11:40:20.033830
2025-07-29,130323,2025072903005996,SHINE,Dynamic Money Managers Securities Pvt. Ltd.,Imperial Securities Company Pvt. Ltd.,100,489.0,48900.0,2025-07-29 11:40:28.981539
2025-07-29,130320,2025072903005998,SHINE,Dynamic Money Managers Securities Pvt. Ltd.,Trisul Securities & Invt. Ltd.,115,489.0,56235.0,2025-07-29 11:40:29.174860
2025-07-29,130121,2025072903006061,SHINE,Dynamic Money Managers Securities Pvt. Ltd.,Sipla Securities Private Limited,50,489.0,24450.0,2025-07-29 11:40:48.301387
2025-07-29,129474,2025072903006234,SHINE,Dynamic Money Managers Securities Pvt. Ltd.,Midas Stock Broking Company Private Limited,77,489.0,37653.0,2025-07-29 11:41:46.110969
2025-07-29,128567,2025072903006417,SHINE,Dynamic Money Managers Securities Pvt. Ltd.,Miyo Securities Pvt Ltd,78,489.0,38142.0,2025-07-29 11:43:05.900987
2025-07-29,128460,2025072903006439,SHINE,Trishakti Securities Public Limited,Premier Securities Company Ltd.,20,488.0,9760.0,2025-07-29 11:43:19.925873
2025-07-29,127798,2025072903006555,SHINE,Trishakti Securities Public Limited,Primo Securities (PVT) Ltd.,80,488.0,39040.0,2025-07-29 11:44:13.020238
2025-07-29,126969,2025072903006727,SHINE,Sani Securities Company Ltd.,Stoxkarts Securities Limited,500,486.0,243000.0,2025-07-29 11:45:21.900849
2025-07-29,126968,2025072903006728,SHINE,Oxford Securities Pvt. Ltd.,Stoxkarts Securities Limited,71,486.0,34506.0,2025-07-29 11:45:21.901315
2025-07-29,126653,2025072903006808,SHINE,Oxford Securities Pvt. Ltd.,KALASH STOCK MARKET PVT. LTD.,134,486.0,65124.0,2025-07-29 11:45:51.352339
2025-07-29,126434,2025072903006852,SHINE,Nagarik Stock Dealer ,Linch Stock Market Ltd.,400,485.1,194040.0,2025-07-29 11:46:06.147319
2025-07-29,126171,2025072903006902,SHINE,Nagarik Stock Dealer ,Primo Securities (PVT) Ltd.,34,485.1,16493.4,2025-07-29 11:46:27.737071
2025-07-29,125904,2025072903006971,SHINE,Shree Krishna Securities Ltd.,KALASH STOCK MARKET PVT. LTD.,366,486.0,177876.0,2025-07-29 11:46:49.369457
2025-07-29,124879,2025072903007220,SHINE,Shree Krishna Securities Ltd.,Creative Securities Pvt Ltd,634,488.0,309392.0,2025-07-29 11:48:16.768551
2025-07-29,122966,2025072903007675,SHINE,Oxford Securities Pvt. Ltd.,Kumari Securities Private Limited,10,486.2,4862.0,2025-07-29 11:51:07.971325
2025-07-29,122965,2025072903007676,SHINE,Agrawal Securities (PVT) Ltd.,Kumari Securities Private Limited,100,486.1,48610.0,2025-07-29 11:51:07.971652
2025-07-29,121658,2025072903008000,SHINE,Blue Chip Securities Ltd,Sundhara Securities Limited,100,486.0,48600.0,2025-07-29 11:53:04.463301
2025-07-29,121315,2025072903008069,SHINE,Sri Hari Securities Pvt. Ltd.,Sumeru Securities Pvt. Ltd.,85,486.5,41352.5,2025-07-29 11:53:36.181323
2025-07-29,121263,2025072903008077,SHINE,Nepal Investment And Securities Trading Private Limited,Premier Securities Company Ltd.,30,486.6,14598.0,2025-07-29 11:53:43.460208
2025-07-29,121231,2025072903008086,SHINE,Sri Hari Securities Pvt. Ltd.,Sajilo Broker Limited,70,486.5,34055.0,2025-07-29 11:53:47.317941
2025-07-29,121089,2025072903008117,SHINE,Swarna Laxmi Securities Pvt. Ltd.,Premier Securities Company Ltd.,70,486.6,34062.0,2025-07-29 11:54:00.563911
2025-07-29,121088,2025072903008118,SHINE,Swarna Laxmi Securities Pvt. Ltd.,Sani Securities Company Ltd.,18,486.7,8760.6,2025-07-29 11:54:00.563955
2025-07-29,120960,2025072903008149,SHINE,Shree Krishna Securities Ltd.,Sani Securities Company Ltd.,80,486.7,38936.0,2025-07-29 11:54:14.417860
2025-07-29,119825,2025072903008407,SHINE,Shree Krishna Securities Ltd.,Naasa Securities Co. Ltd.,280,487.0,136360.0,2025-07-29 11:55:40.143210
2025-07-29,119607,2025072903008444,SHINE,Shree Krishna Securities Ltd.,Linch Stock Market Ltd.,170,486.6,82722.0,2025-07-29 11:55:58.305134
2025-07-29,119606,2025072903008445,SHINE,Sri Hari Securities Pvt. Ltd.,Linch Stock Market Ltd.,15,486.5,7297.5,2025-07-29 11:55:58.305600
2025-07-29,119605,2025072903008446,SHINE,Nepal Investment And Securities Trading Private Limited,Linch Stock Market Ltd.,50,486.1,24305.0,2025-07-29 11:55:58.305919
2025-07-29,119604,2025072903008447,SHINE,Blue Chip Securities Ltd,Linch Stock Market Ltd.,65,486.0,31590.0,2025-07-29 11:55:58.306239
2025-07-29,118706,2025072903008607,SHINE,Nepal Stock House (PVT) Ltd.,Imperial Securities Company Pvt. Ltd.,2,485.0,970.0,2025-07-29 11:57:08.793058
2025-07-29,118374,2025072903008657,SHINE,Shree Krishna Securities Ltd.,Secured Securities Ltd.,200,486.1,97220.0,2025-07-29 11:57:40.139577
2025-07-29,118373,2025072903008658,SHINE,Blue Chip Securities Ltd,Secured Securities Ltd.,115,486.0,55890.0,2025-07-29 11:57:40.139817
2025-07-29,118372,2025072903008659,SHINE,Asian Securities Private Ltd.,Secured Securities Ltd.,500,486.0,243000.0,2025-07-29 11:57:40.139928
2025-07-29,118371,2025072903008660,SHINE,Dynamic Money Managers Securities Pvt. Ltd.,Secured Securities Ltd.,88,486.0,42768.0,2025-07-29 11:57:40.140044
2025-07-29,118370,2025072903008661,SHINE,Sewa Securities Pvt. Ltd.,Secured Securities Ltd.,100,486.0,48600.0,2025-07-29 11:57:40.140147
2025-07-29,118369,2025072903008662,SHINE,Oxford Securities Pvt. Ltd.,Secured Securities Ltd.,10,486.0,4860.0,2025-07-29 11:57:40.140256
2025-07-29,117919,2025072903008720,SHINE,Oxford Securities Pvt. Ltd.,Secured Securities Ltd.,10,485.4,4854.0,2025-07-29 11:58:10.182501
2025-07-29,117918,2025072903008721,SHINE,Dipshikha Dhitopatra Karobar Co. Pvt Ltd.,Secured Securities Ltd.,50,485.3,24265.0,2025-07-29 11:58:10.182976
2025-07-29,117917,2025072903008722,SHINE,Aryatara Investment & Securities,Secured Securities Ltd.,200,485.2,97040.0,2025-07-29 11:58:10.183305
2025-07-29,117916,2025072903008723,SHINE,Nagarik Stock Dealer ,Secured Securities Ltd.,911,485.1,441926.1,2025-07-29 11:58:10.183609
2025-07-29,117504,2025072903008787,SHINE,Nagarik Stock Dealer ,Naasa Securities Co. Ltd.,150,485.1,72765.0,2025-07-29 11:58:45.201471
2025-07-29,117350,2025072903008834,SHINE,Nagarik Stock Dealer ,Nagarik Stock Dealer ,505,485.1,244975.5,2025-07-29 11:58:54.387150
2025-07-29,117349,2025072903008835,SHINE,Kohinoor Investment & Securities Pvt. Ltd.,Nagarik Stock Dealer ,100,485.1,48510.0,2025-07-29 11:58:54.387624
2025-07-29,117348,2025072903008836,SHINE,Oxford Securities Pvt. Ltd.,Nagarik Stock Dealer ,10,485.1,4851.0,2025-07-29 11:58:54.387980
2025-07-29,117347,2025072903008837,SHINE,Nepal Stock House (PVT) Ltd.,Nagarik Stock Dealer ,85,485.0,41225.0,2025-07-29 11:58:54.388350
2025-07-29,117044,2025072903008900,SHINE,Shree Krishna Securities Ltd.,Kumari Securities Private Limited,100,486.0,48600.0,2025-07-29 11:59:15.455126
2025-07-29,116507,2025072903009012,SHINE,Imperial Securities Company Pvt. Ltd.,Thrive Brokerage House Pvt. Ltd,110,485.1,53361.0,2025-07-29 11:59:54.584679
2025-07-29,116506,2025072903009013,SHINE,Nepal Stock House (PVT) Ltd.,Thrive Brokerage House Pvt. Ltd,112,485.0,54320.0,2025-07-29 11:59:54.584932
2025-07-29,115154,2025072903009187,SHINE,Shree Krishna Securities Ltd.,Dipshikha Dhitopatra Karobar Co. Pvt Ltd.,170,486.0,82620.0,2025-07-29 12:01:11.095250
2025-07-29,114774,2025072903009247,SHINE,Vision Securities Pvt. Ltd,Premier Securities Company Ltd.,20,485.5,9710.0,2025-07-29 12:01:35.400079
2025-07-29,114773,2025072903009248,SHINE,Vision Securities Pvt. Ltd,Dipshikha Dhitopatra Karobar Co. Pvt Ltd.,172,486.0,83592.0,2025-07-29 12:01:35.400310
2025-07-29,114505,2025072903009298,SHINE,Citizens Share Broker Limited,Kalika Securities Pvt. Ltd.,100,485.4,48540.0,2025-07-29 12:01:51.938485
2025-07-29,114391,2025072903009344,SHINE,Trishakti Securities Public Limited,Sweta Securities Private Limited,50,486.0,24300.0,2025-07-29 12:02:01.709253
2025-07-29,114390,2025072903009345,SHINE,Trishakti Securities Public Limited,Nepal Stock House (PVT) Ltd.,103,486.0,50058.0,2025-07-29 12:02:01.709524
2025-07-29,112921,2025072903009654,SHINE,Trishakti Securities Public Limited,Imperial Securities Company Pvt. Ltd.,90,486.0,43740.0,2025-07-29 12:03:32.730400
2025-07-29,112611,2025072903009691,SHINE,Sweta Securities Private Limited,Trishakti Securities Public Limited,100,486.1,48610.0,2025-07-29 12:03:48.892450
2025-07-29,112247,2025072903009749,SHINE,Sani Securities Company Ltd.,Imperial Securities Company Pvt. Ltd.,10,486.5,4865.0,2025-07-29 12:04:12.696093
2025-07-29,112096,2025072903009775,SHINE,Kohinoor Investment & Securities Pvt. Ltd.,Magnet Securities and Investment Company Private Limited,201,487.0,97887.0,2025-07-29 12:04:19.867327
2025-07-29,112095,2025072903009776,SHINE,Kohinoor Investment & Securities Pvt. Ltd.,Secured Securities Ltd.,599,487.0,291713.0,2025-07-29 12:04:19.867564
2025-07-29,111982,2025072903009800,SHINE,Trishakti Securities Public Limited,Secured Securities Ltd.,257,487.0,125159.0,2025-07-29 12:04:29.089643
2025-07-29,111904,2025072903009809,SHINE,Sani Securities Company Ltd.,Secured Securities Ltd.,840,487.0,409080.0,2025-07-29 12:04:35.046301
2025-07-29,111530,2025072903009856,SHINE,Trishakti Securities Public Limited,Secured Securities Ltd.,300,487.0,146100.0,2025-07-29 12:04:54.292277
2025-07-29,111086,2025072903009924,SHINE,Sweta Securities Private Limited,Midas Stock Broking Company Private Limited,104,486.0,50544.0,2025-07-29 12:05:23.218262
2025-07-29,109799,2025072903010105,SHINE,Sumeru Securities Pvt. Ltd.,Citizens Share Broker Limited,3,476.3,1428.9,2025-07-29 12:06:48.097164
2025-07-29,109432,2025072903010182,SHINE,Sumeru Securities Pvt. Ltd.,Sewa Securities Pvt. Ltd.,3,480.0,1440.0,2025-07-29 12:07:07.230318
2025-07-29,108717,2025072903010341,SHINE,Sweta Securities Private Limited,Vision Securities Pvt. Ltd,100,486.7,48670.0,2025-07-29 12:07:47.836192
2025-07-29,108153,2025072903010493,SHINE,Sweta Securities Private Limited,Oxford Securities Pvt. Ltd.,20,487.0,9740.0,2025-07-29 12:08:25.218860
2025-07-29,107771,2025072903010552,SHINE,Sweta Securities Private Limited,KALASH STOCK MARKET PVT. LTD.,100,487.8,48780.0,2025-07-29 12:08:45.364339
2025-07-29,107326,2025072903010646,SHINE,Sani Securities Company Ltd.,KALASH STOCK MARKET PVT. LTD.,65,487.8,31707.0,2025-07-29 12:09:11.865555
2025-07-29,106323,2025072903010813,SHINE,Sweta Securities Private Limited,KALASH STOCK MARKET PVT. LTD.,296,487.8,144388.8,2025-07-29 12:10:15.390391
2025-07-29,105586,2025072903010973,SHINE,Imperial Securities Company Pvt. Ltd.,KALASH STOCK MARKET PVT. LTD.,39,487.8,19024.2,2025-07-29 12:11:02.349838
2025-07-29,105585,2025072903010974,SHINE,Imperial Securities Company Pvt. Ltd.,Linch Stock Market Ltd.,61,487.8,29755.8,2025-07-29 12:11:02.350121
2025-07-29,105584,2025072903010975,SHINE,Imperial Securities Company Pvt. Ltd.,ABC Securities Private Limited,500,487.9,243950.0,2025-07-29 12:11:02.350244
2025-07-29,105232,2025072903011054,SHINE,Sweta Securities Private Limited,Creative Securities Pvt Ltd,30,488.0,14640.0,2025-07-29 12:11:21.292862
2025-07-29,104314,2025072903011245,SHINE,Aryatara Investment & Securities,Creative Securities Pvt Ltd,63,488.0,30744.0,2025-07-29 12:12:27.801538
2025-07-29,104158,2025072903011266,SHINE,Nepal Investment And Securities Trading Private Limited,Creative Securities Pvt Ltd,100,488.0,48800.0,2025-07-29 12:12:39.751146
2025-07-29,103466,2025072903011387,SHINE,Online Securities Pvt. Ltd.,Premier Securities Company Ltd.,100,487.9,48790.0,2025-07-29 12:13:28.030634
2025-07-29,103465,2025072903011388,SHINE,Online Securities Pvt. Ltd.,Creative Securities Pvt Ltd,218,488.0,106384.0,2025-07-29 12:13:28.030895
2025-07-29,103386,2025072903011403,SHINE,Indira securities pvt. ltd,Creative Securities Pvt Ltd,332,488.0,162016.0,2025-07-29 12:13:33.175122
2025-07-29,103385,2025072903011404,SHINE,Indira securities pvt. ltd,Nepal Stock House (PVT) Ltd.,100,488.0,48800.0,2025-07-29 12:13:33.175369
2025-07-29,103384,2025072903011405,SHINE,Indira securities pvt. ltd,Naasa Securities Co. Ltd.,50,488.0,24400.0,2025-07-29 12:13:33.175487
2025-07-29,103383,2025072903011406,SHINE,Indira securities pvt. ltd,Linch Stock Market Ltd.,263,488.0,128344.0,2025-07-29 12:13:33.175597
2025-07-29,102095,2025072903011668,SHINE,Indira securities pvt. ltd,Asian Securities Private Ltd.,100,488.0,48800.0,2025-07-29 12:15:06.689227
2025-07-29,101858,2025072903011718,SHINE,Sharepro Securities Private Limited,Premier Securities Company Ltd.,100,488.9,48890.0,2025-07-29 12:15:24.794374
2025-07-29,101857,2025072903011719,SHINE,Sharepro Securities Private Limited,Miyo Securities Pvt Ltd,2421,489.0,1183869.0,2025-07-29 12:15:24.794430
2025-07-29,101856,2025072903011720,SHINE,Sharepro Securities Private Limited,Sweta Securities Private Limited,20,489.0,9780.0,2025-07-29 12:15:24.794460
2025-07-29,101855,2025072903011721,SHINE,Sharepro Securities Private Limited,Dipshikha Dhitopatra Karobar Co. Pvt Ltd.,103,489.0,50367.0,2025-07-29 12:15:24.794488
2025-07-29,101854,2025072903011722,SHINE,Sharepro Securities Private Limited,Premier Securities Company Ltd.,10,489.9,4899.0,2025-07-29 12:15:24.794529
2025-07-29,101853,2025072903011723,SHINE,Sharepro Securities Private Limited,Premier Securities Company Ltd.,100,489.9,48990.0,2025-07-29 12:15:24.794603
2025-07-29,101852,2025072903011724,SHINE,Sharepro Securities Private Limited,Dakshinkali Investment & Securities Pvt. Ltd.,500,490.0,245000.0,2025-07-29 12:15:24.794627
2025-07-29,101851,2025072903011725,SHINE,Sharepro Securities Private Limited,Secured Securities Ltd.,150,490.0,73500.0,2025-07-29 12:15:24.794654
2025-07-29,101850,2025072903011726,SHINE,Sharepro Securities Private Limited,Malla & Malla Stock Broking Company Pvt. Limited,12,490.0,5880.0,2025-07-29 12:15:24.794681
2025-07-29,101849,2025072903011727,SHINE,Sharepro Securities Private Limited,Aryatara Investment & Securities,100,490.0,49000.0,2025-07-29 12:15:24.794711
2025-07-29,101848,2025072903011728,SHINE,Sharepro Securities Private Limited,Vision Securities Pvt. Ltd,715,490.0,350350.0,2025-07-29 12:15:24.794735
2025-07-29,101847,2025072903011729,SHINE,Sharepro Securities Private Limited,Dynamic Money Managers Securities Pvt. Ltd.,20,490.0,9800.0,2025-07-29 12:15:24.794759
2025-07-29,101846,2025072903011730,SHINE,Sharepro Securities Private Limited,Sani Securities Company Ltd.,1000,490.0,490000.0,2025-07-29 12:15:24.794786
2025-07-29,101845,2025072903011731,SHINE,Sharepro Securities Private Limited,Agrawal Securities (PVT) Ltd.,103,490.0,50470.0,2025-07-29 12:15:24.794812
2025-07-29,101844,2025072903011732,SHINE,Sharepro Securities Private Limited,Naasa Securities Co. Ltd.,206,490.0,100940.0,2025-07-29 12:15:24.794838
2025-07-29,101843,2025072903011733,SHINE,Sharepro Securities Private Limited,Malla & Malla Stock Broking Company Pvt. Limited,40,490.0,19600.0,2025-07-29 12:15:24.794865
2025-07-29,101842,2025072903011734,SHINE,Sharepro Securities Private Limited,Imperial Securities Company Pvt. Ltd.,400,490.0,196000.0,2025-07-29 12:15:24.794889
2025-07-29,101752,2025072903011747,SHINE,Vision Securities Pvt. Ltd,Imperial Securities Company Pvt. Ltd.,10,490.0,4900.0,2025-07-29 12:15:32.748017
2025-07-29,100475,2025072903011949,SHINE,Indira securities pvt. ltd,Market Securities & Exchange (PVT) Ltd.,10,488.0,4880.0,2025-07-29 12:17:01.521631
2025-07-29,100208,2025072903012000,SHINE,Siprabi Securities Pvt. Ltd.,Sri Hari Securities Pvt. Ltd.,45,490.0,22050.0,2025-07-29 12:17:20.792666
2025-07-29,99964,2025072903012042,SHINE,Indira securities pvt. ltd,South Asian Bulls Pvt. Ltd.,145,488.0,70760.0,2025-07-29 12:17:43.467239
2025-07-29,99963,2025072903012043,SHINE,Elite Stock House Limited,South Asian Bulls Pvt. Ltd.,155,488.0,75640.0,2025-07-29 12:17:43.467502
2025-07-29,99482,2025072903012141,SHINE,Elite Stock House Limited,Cristal Kanchanjanga Securites Pvt. Ltd.,50,488.0,24400.0,2025-07-29 12:18:25.788908
2025-07-29,99449,2025072903012144,SHINE,Kohinoor Investment & Securities Pvt. Ltd.,Cristal Kanchanjanga Securites Pvt. Ltd.,250,488.0,122000.0,2025-07-29 12:18:28.437427
2025-07-29,99448,2025072903012145,SHINE,Kohinoor Investment & Securities Pvt. Ltd.,Dynamic Money Managers Securities Pvt. Ltd.,250,489.9,122475.0,2025-07-29 12:18:28.437935
2025-07-29,99447,2025072903012146,SHINE,SHUBHAKAMANA SECURITIES PVT. LTD,Dynamic Money Managers Securities Pvt. Ltd.,750,489.9,367425.0,2025-07-29 12:18:28.453085
2025-07-29,99446,2025072903012147,SHINE,SHUBHAKAMANA SECURITIES PVT. LTD,Imperial Securities Company Pvt. Ltd.,166,490.0,81340.0,2025-07-29 12:18:28.453313
2025-07-29,99445,2025072903012148,SHINE,SHUBHAKAMANA SECURITIES PVT. LTD,Himalayan Securities Limited,20,490.0,9800.0,2025-07-29 12:18:28.453419
2025-07-29,99444,2025072903012149,SHINE,SHUBHAKAMANA SECURITIES PVT. LTD,Sweta Securities Private Limited,1564,490.0,766360.0,2025-07-29 12:18:28.453525
2025-07-29,98680,2025072903012289,SHINE,Aryatara Investment & Securities,Sweta Securities Private Limited,500,490.0,245000.0,2025-07-29 12:19:26.603467
2025-07-29,96506,2025072903012719,SHINE,Thrive Brokerage House Pvt. Ltd,Sani Securities Company Ltd.,20,488.0,9760.0,2025-07-29 12:21:51.454170
2025-07-29,96505,2025072903012720,SHINE,Thrive Brokerage House Pvt. Ltd,Sani Securities Company Ltd.,20,488.0,9760.0,2025-07-29 12:21:51.454438
2025-07-29,96504,2025072903012721,SHINE,Asian Securities Private Ltd.,Sani Securities Company Ltd.,460,488.0,224480.0,2025-07-29 12:21:51.492617
2025-07-29,96494,2025072903012722,SHINE,Asian Securities Private Ltd.,Kumari Securities Private Limited,40,488.1,19524.0,2025-07-29 12:21:51.772057
2025-07-29,95637,2025072903012862,SHINE,Indira securities pvt. ltd,South Asian Bulls Pvt. Ltd.,32,489.0,15648.0,2025-07-29 12:22:46.373613
2025-07-29,95430,2025072903012913,SHINE,Indira securities pvt. ltd,Cristal Kanchanjanga Securites Pvt. Ltd.,130,489.0,63570.0,2025-07-29 12:22:58.821777
2025-07-29,94362,2025072903013109,SHINE,Indira securities pvt. ltd,Kumari Securities Private Limited,500,489.0,244500.0,2025-07-29 12:24:18.383661
2025-07-29,94035,2025072903013181,SHINE,Nepal Stock House (PVT) Ltd.,Agrawal Securities (PVT) Ltd.,3,485.0,1455.0,2025-07-29 12:24:39.720783
2025-07-29,93737,2025072903013248,SHINE,Indira securities pvt. ltd,Kalika Securities Pvt. Ltd.,118,489.0,57702.0,2025-07-29 12:25:01.721239
2025-07-29,93712,2025072903013251,SHINE,Indira securities pvt. ltd,Agrawal Securities (PVT) Ltd.,103,489.0,50367.0,2025-07-29 12:25:04.359124
2025-07-29,93283,2025072903013343,SHINE,Indira securities pvt. ltd,Naasa Securities Co. Ltd.,20,489.0,9780.0,2025-07-29 12:25:32.534683
2025-07-29,92400,2025072903013506,SHINE,Indira securities pvt. ltd,Siprabi Securities Pvt. Ltd.,30,489.0,14670.0,2025-07-29 12:26:41.577515
2025-07-29,92094,2025072903013547,SHINE,Indira securities pvt. ltd,Imperial Securities Company Pvt. Ltd.,67,489.0,32763.0,2025-07-29 12:26:59.509535
2025-07-29,92093,2025072903013548,SHINE,Vision Securities Pvt. Ltd,Imperial Securities Company Pvt. Ltd.,10,489.0,4890.0,2025-07-29 12:26:59.509800
2025-07-29,91713,2025072903013606,SHINE,Naasa Securities Co. Ltd.,Kohinoor Investment & Securities Pvt. Ltd.,200,487.6,97520.0,2025-07-29 12:27:33.182409
2025-07-29,90941,2025072903013720,SHINE,Naasa Securities Co. Ltd.,ABC Securities Private Limited,60,487.6,29256.0,2025-07-29 12:28:28.220657
2025-07-29,90940,2025072903013721,SHINE,Asian Securities Private Ltd.,ABC Securities Private Limited,300,487.5,146250.0,2025-07-29 12:28:28.221161
2025-07-29,90939,2025072903013722,SHINE,Sani Securities Company Ltd.,ABC Securities Private Limited,315,487.4,153531.0,2025-07-29 12:28:28.221498
2025-07-29,90865,2025072903013740,SHINE,Sani Securities Company Ltd.,Linch Stock Market Ltd.,500,487.4,243700.0,2025-07-29 12:28:35.427428
2025-07-29,90659,2025072903013777,SHINE,Sani Securities Company Ltd.,J.F. Securites (PVT) Ltd.,101,487.4,49227.4,2025-07-29 12:28:52.847706
2025-07-29,90183,2025072903013871,SHINE,Sani Securities Company Ltd.,Online Securities Pvt. Ltd.,11,487.4,5361.4,2025-07-29 12:29:26.936345
2025-07-29,89872,2025072903013916,SHINE,Sani Securities Company Ltd.,J.F. Securites (PVT) Ltd.,51,487.4,24857.4,2025-07-29 12:29:44.304230
2025-07-29,89592,2025072903013969,SHINE,Sani Securities Company Ltd.,Trisul Securities & Invt. Ltd.,22,487.4,10722.8,2025-07-29 12:30:01.462687
2025-07-29,89591,2025072903013970,SHINE,Vision Securities Pvt. Ltd,Trisul Securities & Invt. Ltd.,42,487.0,20454.0,2025-07-29 12:30:01.463202
2025-07-29,89590,2025072903013971,SHINE,Sweta Securities Private Limited,Trisul Securities & Invt. Ltd.,100,486.1,48610.0,2025-07-29 12:30:01.463545
2025-07-29,89589,2025072903013972,SHINE,Nepal Investment And Securities Trading Private Limited,Trisul Securities & Invt. Ltd.,500,486.1,243050.0,2025-07-29 12:30:01.463867
2025-07-29,89588,2025072903013973,SHINE,Miyo Securities Pvt Ltd,Trisul Securities & Invt. Ltd.,367,486.1,178398.7,2025-07-29 12:30:01.464195
2025-07-29,88789,2025072903014128,SHINE,Sumeru Securities Pvt. Ltd.,Midas Stock Broking Company Private Limited,1,482.0,482.0,2025-07-29 12:31:03.922991
2025-07-29,88326,2025072903014231,SHINE,Trishakti Securities Public Limited,Imperial Securities Company Pvt. Ltd.,10,487.5,4875.0,2025-07-29 12:31:45.113367
2025-07-29,87497,2025072903014412,SHINE,Kohinoor Investment & Securities Pvt. Ltd.,Vision Securities Pvt. Ltd,113,487.4,55076.2,2025-07-29 12:32:56.683533
2025-07-29,87399,2025072903014425,SHINE,Miyo Securities Pvt Ltd,Linch Stock Market Ltd.,14,486.1,6805.4,2025-07-29 12:33:05.536549
2025-07-29,87362,2025072903014441,SHINE,Miyo Securities Pvt Ltd,Creative Securities Pvt Ltd,14,486.1,6805.4,2025-07-29 12:33:10.105227
2025-07-29,87217,2025072903014460,SHINE,Miyo Securities Pvt Ltd,KALASH STOCK MARKET PVT. LTD.,515,486.1,250341.5,2025-07-29 12:33:22.937269
2025-07-29,87122,2025072903014478,SHINE,Shree Krishna Securities Ltd.,Vision Securities Pvt. Ltd,87,487.4,42403.8,2025-07-29 12:33:31.880902
2025-07-29,87121,2025072903014479,SHINE,Shree Krishna Securities Ltd.,Imperial Securities Company Pvt. Ltd.,40,487.5,19500.0,2025-07-29 12:33:31.881181
2025-07-29,87120,2025072903014480,SHINE,Shree Krishna Securities Ltd.,Siprabi Securities Pvt. Ltd.,73,487.5,35587.5,2025-07-29 12:33:31.881297
2025-07-29,87119,2025072903014481,SHINE,Shree Krishna Securities Ltd.,Trishakti Securities Public Limited,714,488.0,348432.0,2025-07-29 12:33:31.881414
2025-07-29,87118,2025072903014482,SHINE,Shree Krishna Securities Ltd.,Vision Securities Pvt. Ltd,86,489.0,42054.0,2025-07-29 12:33:31.881541
2025-07-29,86088,2025072903014689,SHINE,Trishakti Securities Public Limited,Nepal Stock House (PVT) Ltd.,10,486.2,4862.0,2025-07-29 12:35:10.622937
2025-07-29,85690,2025072903014760,SHINE,Miyo Securities Pvt Ltd,Opal Securities Investment (PVT) Ltd.,90,486.1,43749.0,2025-07-29 12:35:48.401786
2025-07-29,85530,2025072903014780,SHINE,Sewa Securities Pvt. Ltd.,Naasa Securities Co. Ltd.,80,485.6,38848.0,2025-07-29 12:36:06.252283
2025-07-29,85159,2025072903014839,SHINE,Citizens Share Broker Limited,Opal Securities Investment (PVT) Ltd.,400,485.5,194200.0,2025-07-29 12:36:36.777850
2025-07-29,85050,2025072903014850,SHINE,Kohinoor Investment & Securities Pvt. Ltd.,Opal Securities Investment (PVT) Ltd.,10,485.5,4855.0,2025-07-29 12:36:48.968206
2025-07-29,85049,2025072903014851,SHINE,Kohinoor Investment & Securities Pvt. Ltd.,Naasa Securities Co. Ltd.,10,485.6,4856.0,2025-07-29 12:36:48.968478
2025-07-29,84823,2025072903014909,SHINE,Trishakti Securities Public Limited,Naasa Securities Co. Ltd.,10,485.5,4855.0,2025-07-29 12:37:15.608936
2025-07-29,84118,2025072903015055,SHINE,Dynamic Money Managers Securities Pvt. Ltd.,Naasa Securities Co. Ltd.,24,485.5,11652.0,2025-07-29 12:38:22.751559
2025-07-29,83935,2025072903015091,SHINE,Vision Securities Pvt. Ltd,Naasa Securities Co. Ltd.,51,485.2,24745.2,2025-07-29 12:38:36.900544
2025-07-29,83759,2025072903015123,SHINE,Vision Securities Pvt. Ltd,Imperial Securities Company Pvt. Ltd.,199,485.2,96554.8,2025-07-29 12:38:57.377679
2025-07-29,83281,2025072903015202,SHINE,Aryatara Investment & Securities,Naasa Securities Co. Ltd.,166,485.1,80526.6,2025-07-29 12:39:42.975273
2025-07-29,82853,2025072903015276,SHINE,Kohinoor Investment & Securities Pvt. Ltd.,Imperial Securities Company Pvt. Ltd.,200,485.2,97040.0,2025-07-29 12:40:31.397337
2025-07-29,82234,2025072903015369,SHINE,Aryatara Investment & Securities,Opal Securities Investment (PVT) Ltd.,270,485.1,130977.0,2025-07-29 12:41:17.827726
2025-07-29,81652,2025072903015467,SHINE,Trishakti Securities Public Limited,Imperial Securities Company Pvt. Ltd.,10,485.2,4852.0,2025-07-29 12:42:11.069187
2025-07-29,81613,2025072903015480,SHINE,Aryatara Investment & Securities,Nepal Stock House (PVT) Ltd.,52,485.1,25225.2,2025-07-29 12:42:14.831110
2025-07-29,81351,2025072903015547,SHINE,Miyo Securities Pvt Ltd,Imperial Securities Company Pvt. Ltd.,49,485.2,23774.8,2025-07-29 12:42:45.077796
2025-07-29,81116,2025072903015590,SHINE,Miyo Securities Pvt Ltd,Linch Stock Market Ltd.,200,485.2,97040.0,2025-07-29 12:43:07.949893
2025-07-29,80588,2025072903015673,SHINE,Trishakti Securities Public Limited,Sani Securities Company Ltd.,10,485.5,4855.0,2025-07-29 12:43:53.267625
2025-07-29,80408,2025072903015712,SHINE,Miyo Securities Pvt Ltd,Linch Stock Market Ltd.,200,485.2,97040.0,2025-07-29 12:44:09.805200
2025-07-29,80264,2025072903015742,SHINE,Miyo Securities Pvt Ltd,Sri Hari Securities Pvt. Ltd.,50,485.2,24260.0,2025-07-29 12:44:22.240194
2025-07-29,80255,2025072903015743,SHINE,Aryatara Investment & Securities,Sani Securities Company Ltd.,500,485.5,242750.0,2025-07-29 12:44:23.214662
2025-07-29,80188,2025072903015750,SHINE,Sumeru Securities Pvt. Ltd.,Sani Securities Company Ltd.,205,485.5,99527.5,2025-07-29 12:44:28.163702
2025-07-29,79991,2025072903015777,SHINE,Sumeru Securities Pvt. Ltd.,Opal Securities Investment (PVT) Ltd.,295,485.5,143222.5,2025-07-29 12:44:45.473393
2025-07-29,79990,2025072903015778,SHINE,Miyo Securities Pvt Ltd,Opal Securities Investment (PVT) Ltd.,205,485.2,99466.0,2025-07-29 12:44:45.473690
2025-07-29,79986,2025072903015780,SHINE,Miyo Securities Pvt Ltd,Nepal Investment And Securities Trading Private Limited,202,485.2,98010.4,2025-07-29 12:44:45.975874
2025-07-29,79493,2025072903015831,SHINE,Trishakti Securities Public Limited,Naasa Securities Co. Ltd.,10,485.6,4856.0,2025-07-29 12:45:34.614213
2025-07-29,79366,2025072903015862,SHINE,Miyo Securities Pvt Ltd,Linch Stock Market Ltd.,94,485.2,45608.8,2025-07-29 12:45:47.749219
2025-07-29,79258,2025072903015871,SHINE,Sweta Securities Private Limited,Linch Stock Market Ltd.,50,485.2,24260.0,2025-07-29 12:45:59.539484
2025-07-29,79245,2025072903015872,SHINE,Aryatara Investment & Securities,Agrawal Securities (PVT) Ltd.,12,485.1,5821.2,2025-07-29 12:46:00.547291
2025-07-29,79244,2025072903015873,SHINE,Oxford Securities Pvt. Ltd.,Agrawal Securities (PVT) Ltd.,10,485.1,4851.0,2025-07-29 12:46:00.547877
2025-07-29,79243,2025072903015874,SHINE,Property Wiard Limited,Agrawal Securities (PVT) Ltd.,772,485.1,374497.2,2025-07-29 12:46:00.548275
2025-07-29,79140,2025072903015894,SHINE,Aryatara Investment & Securities,Creative Securities Pvt Ltd,118,486.0,57348.0,2025-07-29 12:46:09.126359
2025-07-29,79139,2025072903015895,SHINE,Aryatara Investment & Securities,Nepal Stock House (PVT) Ltd.,32,488.0,15616.0,2025-07-29 12:46:09.126458
2025-07-29,78794,2025072903015939,SHINE,Asian Securities Private Ltd.,Asian Securities Private Ltd.,500,485.2,242600.0,2025-07-29 12:46:44.706475
2025-07-29,78793,2025072903015940,SHINE,Property Wiard Limited,Asian Securities Private Ltd.,228,485.1,110602.8,2025-07-29 12:46:44.706780
2025-07-29,78792,2025072903015941,SHINE,Capital Max Securities Ltd,Asian Securities Private Ltd.,500,485.0,242500.0,2025-07-29 12:46:44.706935
2025-07-29,78791,2025072903015942,SHINE,Nepal Stock House (PVT) Ltd.,Asian Securities Private Ltd.,700,485.0,339500.0,2025-07-29 12:46:44.707088
2025-07-29,78790,2025072903015943,SHINE,Aryatara Investment & Securities,Asian Securities Private Ltd.,190,485.0,92150.0,2025-07-29 12:46:44.707232
2025-07-29,78789,2025072903015944,SHINE,Sundhara Securities Limited,Asian Securities Private Ltd.,21,485.0,10185.0,2025-07-29 12:46:44.707378
2025-07-29,78788,2025072903015945,SHINE,Vision Securities Pvt. Ltd,Asian Securities Private Ltd.,200,485.0,97000.0,2025-07-29 12:46:44.707493
2025-07-29,78787,2025072903015946,SHINE,Aryatara Investment & Securities,Asian Securities Private Ltd.,200,485.0,97000.0,2025-07-29 12:46:44.707626
2025-07-29,78786,2025072903015947,SHINE,Kohinoor Investment & Securities Pvt. Ltd.,Asian Securities Private Ltd.,1000,485.0,485000.0,2025-07-29 12:46:44.707765
2025-07-29,78785,2025072903015948,SHINE,Sajilo Broker Limited,Asian Securities Private Ltd.,200,485.0,97000.0,2025-07-29 12:46:44.707914
2025-07-29,78784,2025072903015949,SHINE,Dakshinkali Investment & Securities Pvt. Ltd.,Asian Securities Private Ltd.,100,485.0,48500.0,2025-07-29 12:46:44.708065
2025-07-29,78783,2025072903015950,SHINE,Imperial Securities Company Pvt. Ltd.,Asian Securities Private Ltd.,50,485.0,24250.0,2025-07-29 12:46:44.708191
2025-07-29,78782,2025072903015951,SHINE,Kalika Securities Pvt. Ltd.,Asian Securities Private Ltd.,100,485.0,48500.0,2025-07-29 12:46:44.708322
2025-07-29,78781,2025072903015952,SHINE,Vision Securities Pvt. Ltd,Asian Securities Private Ltd.,100,485.0,48500.0,2025-07-29 12:46:44.708456
2025-07-29,78780,2025072903015953,SHINE,Linch Stock Market Ltd.,Asian Securities Private Ltd.,500,485.0,242500.0,2025-07-29 12:46:44.708604
2025-07-29,78779,2025072903015954,SHINE,Vision Securities Pvt. Ltd,Asian Securities Private Ltd.,10,485.0,4850.0,2025-07-29 12:46:44.708730
2025-07-29,78778,2025072903015955,SHINE,Kohinoor Investment & Securities Pvt. Ltd.,Asian Securities Private Ltd.,197,485.0,95545.0,2025-07-29 12:46:44.708901
2025-07-29,78777,2025072903015956,SHINE,Kohinoor Investment & Securities Pvt. Ltd.,Asian Securities Private Ltd.,100,485.0,48500.0,2025-07-29 12:46:44.709018
2025-07-29,78677,2025072903015986,SHINE,Siprabi Securities Pvt. Ltd.,Capital Hub P. Ltd,25,484.4,12110.0,2025-07-29 12:46:52.464929
2025-07-29,78676,2025072903015987,SHINE,J.F. Securites (PVT) Ltd.,Capital Hub P. Ltd,314,484.3,152070.2,2025-07-29 12:46:52.464977
2025-07-29,78134,2025072903016115,SHINE,Kohinoor Investment & Securities Pvt. Ltd.,Opal Securities Investment (PVT) Ltd.,67,484.3,32448.1,2025-07-29 12:47:46.043489
2025-07-29,77770,2025072903016182,SHINE,Oxford Securities Pvt. Ltd.,Dynamic Money Managers Securities Pvt. Ltd.,20,484.2,9684.0,2025-07-29 12:48:22.424841
2025-07-29,77769,2025072903016183,SHINE,Capital Max Securities Ltd,Dynamic Money Managers Securities Pvt. Ltd.,20,484.1,9682.0,2025-07-29 12:48:22.425436
2025-07-29,77768,2025072903016184,SHINE,Sweta Securities Private Limited,Dynamic Money Managers Securities Pvt. Ltd.,200,484.1,96820.0,2025-07-29 12:48:22.425796
2025-07-29,77767,2025072903016185,SHINE,Creative Securities Pvt Ltd,Dynamic Money Managers Securities Pvt. Ltd.,940,484.0,454960.0,2025-07-29 12:48:22.426190
2025-07-29,77537,2025072903016222,SHINE,Trishakti Securities Public Limited,Opal Securities Investment (PVT) Ltd.,10,484.3,4843.0,2025-07-29 12:48:49.353537
2025-07-29,77271,2025072903016255,SHINE,Oxford Securities Pvt. Ltd.,Opal Securities Investment (PVT) Ltd.,10,484.3,4843.0,2025-07-29 12:49:20.518222
2025-07-29,77256,2025072903016256,SHINE,Naasa Securities Co. Ltd.,Opal Securities Investment (PVT) Ltd.,99,484.3,47945.7,2025-07-29 12:49:23.114540
2025-07-29,77255,2025072903016257,SHINE,Naasa Securities Co. Ltd.,Asian Securities Private Ltd.,364,485.0,176540.0,2025-07-29 12:49:23.115104
2025-07-29,77221,2025072903016271,SHINE,Aryatara Investment & Securities,Kohinoor Investment & Securities Pvt. Ltd.,500,484.1,242050.0,2025-07-29 12:49:25.949124
2025-07-29,76987,2025072903016323,SHINE,Nepal Investment And Securities Trading Private Limited,Asian Securities Private Ltd.,1000,485.0,485000.0,2025-07-29 12:49:52.349795
2025-07-29,76445,2025072903016431,SHINE,Nepal Stock House (PVT) Ltd.,Asian Securities Private Ltd.,469,485.0,227465.0,2025-07-29 12:50:59.469908
2025-07-29,76444,2025072903016432,SHINE,Nepal Stock House (PVT) Ltd.,Sweta Securities Private Limited,509,485.0,246865.0,2025-07-29 12:50:59.470218
2025-07-29,76443,2025072903016433,SHINE,Nepal Stock House (PVT) Ltd.,Primo Securities (PVT) Ltd.,22,485.1,10672.2,2025-07-29 12:50:59.470342
2025-07-29,76166,2025072903016472,SHINE,Trishakti Securities Public Limited,Trisul Securities & Invt. Ltd.,10,485.0,4850.0,2025-07-29 12:51:34.217939
2025-07-29,75903,2025072903016530,SHINE,Kumari Securities Private Limited,Trisul Securities & Invt. Ltd.,200,485.0,97000.0,2025-07-29 12:51:55.526982
2025-07-29,75669,2025072903016591,SHINE,Kohinoor Investment & Securities Pvt. Ltd.,Nepal Stock House (PVT) Ltd.,10,484.9,4849.0,2025-07-29 12:52:26.583599
2025-07-29,75548,2025072903016604,SHINE,Kohinoor Investment & Securities Pvt. Ltd.,Imperial Securities Company Pvt. Ltd.,90,484.9,43641.0,2025-07-29 12:52:43.073478
2025-07-29,75547,2025072903016605,SHINE,Sani Securities Company Ltd.,Imperial Securities Company Pvt. Ltd.,74,484.3,35838.2,2025-07-29 12:52:43.073525
2025-07-29,75546,2025072903016606,SHINE,Asian Securities Private Ltd.,Imperial Securities Company Pvt. Ltd.,50,484.2,24210.0,2025-07-29 12:52:43.073568
2025-07-29,75545,2025072903016607,SHINE,Oxford Securities Pvt. Ltd.,Imperial Securities Company Pvt. Ltd.,10,484.2,4842.0,2025-07-29 12:52:43.073592
2025-07-29,75544,2025072903016608,SHINE,Oxford Securities Pvt. Ltd.,Imperial Securities Company Pvt. Ltd.,20,484.2,9684.0,2025-07-29 12:52:43.073613
2025-07-29,75543,2025072903016609,SHINE,Aryatara Investment & Securities,Imperial Securities Company Pvt. Ltd.,500,484.1,242050.0,2025-07-29 12:52:43.073633
2025-07-29,75542,2025072903016610,SHINE,Creative Securities Pvt Ltd,Imperial Securities Company Pvt. Ltd.,60,484.0,29040.0,2025-07-29 12:52:43.073662
2025-07-29,75541,2025072903016611,SHINE,Online Securities Pvt. Ltd.,Imperial Securities Company Pvt. Ltd.,200,484.0,96800.0,2025-07-29 12:52:43.073691
2025-07-29,75540,2025072903016612,SHINE,Naasa Securities Co. Ltd.,Imperial Securities Company Pvt. Ltd.,58,482.2,27967.6,2025-07-29 12:52:43.073724
2025-07-29,75099,2025072903016697,SHINE,KALASH STOCK MARKET PVT. LTD.,Arun Securities (PVT) Ltd.,10,485.0,4850.0,2025-07-29 12:53:41.663268
2025-07-29,74884,2025072903016748,SHINE,Trishakti Securities Public Limited,Primo Securities (PVT) Ltd.,10,485.1,4851.0,2025-07-29 12:54:09.299969
2025-07-29,73840,2025072903017004,SHINE,KALASH STOCK MARKET PVT. LTD.,Opal Securities Investment (PVT) Ltd.,90,485.0,43650.0,2025-07-29 12:55:54.852924
2025-07-29,73839,2025072903017005,SHINE,Sweta Securities Private Limited,Opal Securities Investment (PVT) Ltd.,440,485.0,213400.0,2025-07-29 12:55:54.853509
2025-07-29,73502,2025072903017058,SHINE,Sweta Securities Private Limited,Opal Securities Investment (PVT) Ltd.,60,485.0,29100.0,2025-07-29 12:56:32.199630
2025-07-29,72989,2025072903017170,SHINE,Sani Securities Company Ltd.,Opal Securities Investment (PVT) Ltd.,15,485.0,7275.0,2025-07-29 12:57:31.013018
2025-07-29,72988,2025072903017171,SHINE,Sani Securities Company Ltd.,Kohinoor Investment & Securities Pvt. Ltd.,30,485.0,14550.0,2025-07-29 12:57:31.013309
2025-07-29,72987,2025072903017172,SHINE,Sani Securities Company Ltd.,SUN SECURITIES PVT LTD,365,485.0,177025.0,2025-07-29 12:57:31.013446
2025-07-29,72683,2025072903017226,SHINE,Aryatara Investment & Securities,SUN SECURITIES PVT LTD,135,485.0,65475.0,2025-07-29 12:58:06.302155
2025-07-29,72682,2025072903017227,SHINE,Aryatara Investment & Securities,Midas Stock Broking Company Private Limited,21,485.0,10185.0,2025-07-29 12:58:06.302192
2025-07-29,72681,2025072903017228,SHINE,Aryatara Investment & Securities,Primo Securities (PVT) Ltd.,44,485.1,21344.4,2025-07-29 12:58:06.302217
2025-07-29,72670,2025072903017229,SHINE,Naasa Securities Co. Ltd.,Primo Securities (PVT) Ltd.,37,485.1,17948.7,2025-07-29 12:58:07.050685
2025-07-29,72590,2025072903017247,SHINE,Sweta Securities Private Limited,Primo Securities (PVT) Ltd.,300,484.5,145350.0,2025-07-29 12:58:16.497526
2025-07-29,72589,2025072903017248,SHINE,Aryatara Investment & Securities,Primo Securities (PVT) Ltd.,15,483.3,7249.5,2025-07-29 12:58:16.497570
2025-07-29,72588,2025072903017249,SHINE,Oxford Securities Pvt. Ltd.,Primo Securities (PVT) Ltd.,20,482.3,9646.0,2025-07-29 12:58:16.497599
2025-07-29,72587,2025072903017250,SHINE,Sani Securities Company Ltd.,Primo Securities (PVT) Ltd.,65,482.3,31349.5,2025-07-29 12:58:16.497626
2025-07-29,71427,2025072903017655,SHINE,Aryatara Investment & Securities,SUN SECURITIES PVT LTD,358,485.0,173630.0,2025-07-29 12:59:53.606112
2025-07-29,70424,2025072903017821,SHINE,Magnet Securities and Investment Company Private Limited,SUN SECURITIES PVT LTD,142,485.0,68870.0,2025-07-29 13:01:31.223102
2025-07-29,70423,2025072903017822,SHINE,Magnet Securities and Investment Company Private Limited,Sani Securities Company Ltd.,108,485.0,52380.0,2025-07-29 13:01:31.223397
2025-07-29,69879,2025072903017951,SHINE,Nepal Stock House (PVT) Ltd.,K.B.L. Securities Limited ,100,484.0,48400.0,2025-07-29 13:02:34.791824
2025-07-29,69761,2025072903017979,SHINE,Imperial Securities Company Pvt. Ltd.,K.B.L. Securities Limited ,500,484.0,242000.0,2025-07-29 13:02:47.199680
2025-07-29,68523,2025072903018271,SHINE,SHUBHAKAMANA SECURITIES PVT. LTD,K.B.L. Securities Limited ,400,484.0,193600.0,2025-07-29 13:05:13.939468
2025-07-29,68515,2025072903018273,SHINE,Aryatara Investment & Securities,Sani Securities Company Ltd.,75,485.0,36375.0,2025-07-29 13:05:14.870645
2025-07-29,68094,2025072903018404,SHINE,Primo Securities (PVT) Ltd.,Sani Securities Company Ltd.,100,485.0,48500.0,2025-07-29 13:06:00.336623
2025-07-29,67978,2025072903018428,SHINE,Vision Securities Pvt. Ltd,Sani Securities Company Ltd.,31,485.0,15035.0,2025-07-29 13:06:20.562077
2025-07-29,67891,2025072903018458,SHINE,Primo Securities (PVT) Ltd.,Sundhara Securities Limited,100,484.2,48420.0,2025-07-29 13:06:26.757222
2025-07-29,67890,2025072903018459,SHINE,SHUBHAKAMANA SECURITIES PVT. LTD,Sundhara Securities Limited,400,484.0,193600.0,2025-07-29 13:06:26.757797
2025-07-29,67486,2025072903018526,SHINE,Trishakti Securities Public Limited,Sani Securities Company Ltd.,10,485.0,4850.0,2025-07-29 13:07:16.657300
2025-07-29,67407,2025072903018537,SHINE,Stoxkarts Securities Limited,Sharepro Securities Private Limited,41,484.1,19848.1,2025-07-29 13:07:27.760143
2025-07-29,66906,2025072903018652,SHINE,Stoxkarts Securities Limited,Sani Securities Company Ltd.,173,485.0,83905.0,2025-07-29 13:08:24.905309
2025-07-29,66905,2025072903018653,SHINE,Stoxkarts Securities Limited,Nepal Stock House (PVT) Ltd.,100,485.0,48500.0,2025-07-29 13:08:24.905922
2025-07-29,66904,2025072903018654,SHINE,Stoxkarts Securities Limited,Sri Hari Securities Pvt. Ltd.,148,485.0,71780.0,2025-07-29 13:08:24.906363
2025-07-29,66903,2025072903018655,SHINE,Stoxkarts Securities Limited,Primo Securities (PVT) Ltd.,38,485.0,18430.0,2025-07-29 13:08:24.906752
2025-07-29,66270,2025072903018770,SHINE,Imperial Securities Company Pvt. Ltd.,Primo Securities (PVT) Ltd.,100,485.0,48500.0,2025-07-29 13:09:54.826926
2025-07-29,65675,2025072903018861,SHINE,Trishakti Securities Public Limited,Dakshinkali Investment & Securities Pvt. Ltd.,10,484.5,4845.0,2025-07-29 13:11:09.958927
2025-07-29,65674,2025072903018862,SHINE,Aryatara Investment & Securities,Dakshinkali Investment & Securities Pvt. Ltd.,100,484.1,48410.0,2025-07-29 13:11:09.959262
2025-07-29,65673,2025072903018863,SHINE,SHUBHAKAMANA SECURITIES PVT. LTD,Dakshinkali Investment & Securities Pvt. Ltd.,33,484.0,15972.0,2025-07-29 13:11:09.959395
2025-07-29,65556,2025072903018873,SHINE,SHUBHAKAMANA SECURITIES PVT. LTD,Dipshikha Dhitopatra Karobar Co. Pvt Ltd.,2000,484.0,968000.0,2025-07-29 13:11:24.699470
2025-07-29,65376,2025072903018917,SHINE,SHUBHAKAMANA SECURITIES PVT. LTD,Imperial Securities Company Pvt. Ltd.,167,484.0,80828.0,2025-07-29 13:11:50.109303
2025-07-29,65375,2025072903018918,SHINE,Stoxkarts Securities Limited,Imperial Securities Company Pvt. Ltd.,50,484.0,24200.0,2025-07-29 13:11:50.109684
2025-07-29,65151,2025072903018959,SHINE,Premier Securities Company Ltd.,Imperial Securities Company Pvt. Ltd.,100,484.0,48400.0,2025-07-29 13:12:24.239632
2025-07-29,64748,2025072903019011,SHINE,Vision Securities Pvt. Ltd,Imperial Securities Company Pvt. Ltd.,92,484.0,44528.0,2025-07-29 13:13:05.495314
2025-07-29,64747,2025072903019012,SHINE,Vision Securities Pvt. Ltd,Kumari Securities Private Limited,100,484.0,48400.0,2025-07-29 13:13:05.495690
2025-07-29,64674,2025072903019027,SHINE,Vision Securities Pvt. Ltd,Vision Securities Pvt. Ltd,100,484.0,48400.0,2025-07-29 13:13:16.683121
2025-07-29,64444,2025072903019064,SHINE,Vision Securities Pvt. Ltd,Primo Securities (PVT) Ltd.,17,484.0,8228.0,2025-07-29 13:13:48.832590
2025-07-29,63841,2025072903019160,SHINE,Sani Securities Company Ltd.,Aryatara Investment & Securities,103,485.0,49955.0,2025-07-29 13:15:00.791912
2025-07-29,63840,2025072903019161,SHINE,Sani Securities Company Ltd.,Opal Securities Investment (PVT) Ltd.,97,485.0,47045.0,2025-07-29 13:15:00.791961
2025-07-29,63762,2025072903019177,SHINE,Trishakti Securities Public Limited,ABC Securities Private Limited,10,484.1,4841.0,2025-07-29 13:15:12.051638
2025-07-29,63761,2025072903019178,SHINE,Kohinoor Investment & Securities Pvt. Ltd.,ABC Securities Private Limited,90,484.1,43569.0,2025-07-29 13:15:12.052010
2025-07-29,63652,2025072903019190,SHINE,Oxford Securities Pvt. Ltd.,Opal Securities Investment (PVT) Ltd.,206,485.0,99910.0,2025-07-29 13:15:23.496785
2025-07-29,62825,2025072903019313,SHINE,Thrive Brokerage House Pvt. Ltd,SUN SECURITIES PVT LTD,200,485.0,97000.0,2025-07-29 13:16:31.931305
2025-07-29,62640,2025072903019344,SHINE,Kohinoor Investment & Securities Pvt. Ltd.,Bhrikuti Stock Broking Co. Pvt. Ltd.,10,484.1,4841.0,2025-07-29 13:16:53.545126
2025-07-29,62579,2025072903019360,SHINE,Kohinoor Investment & Securities Pvt. Ltd.,K.B.L. Securities Limited ,185,484.1,89558.5,2025-07-29 13:17:03.322250
2025-07-29,62578,2025072903019361,SHINE,Vision Securities Pvt. Ltd,K.B.L. Securities Limited ,115,484.0,55660.0,2025-07-29 13:17:03.322854
2025-07-29,62435,2025072903019405,SHINE,Vision Securities Pvt. Ltd,Opal Securities Investment (PVT) Ltd.,10,484.0,4840.0,2025-07-29 13:17:18.955175
2025-07-29,62429,2025072903019407,SHINE,Vision Securities Pvt. Ltd,Online Securities Pvt. Ltd.,11,484.0,5324.0,2025-07-29 13:17:19.777355
2025-07-29,61479,2025072903019577,SHINE,Vision Securities Pvt. Ltd,K.B.L. Securities Limited ,165,484.8,79992.0,2025-07-29 13:19:07.093699
2025-07-29,61478,2025072903019578,SHINE,Vision Securities Pvt. Ltd,SUN SECURITIES PVT LTD,300,485.0,145500.0,2025-07-29 13:19:07.094214
2025-07-29,61477,2025072903019579,SHINE,Vision Securities Pvt. Ltd,Nepal Stock House (PVT) Ltd.,405,485.0,196425.0,2025-07-29 13:19:07.094374
2025-07-29,61476,2025072903019580,SHINE,Vision Securities Pvt. Ltd,Sumeru Securities Pvt. Ltd.,130,485.0,63050.0,2025-07-29 13:19:07.094511
2025-07-29,61356,2025072903019604,SHINE,Vision Securities Pvt. Ltd,Vision Securities Pvt. Ltd,55,484.0,26620.0,2025-07-29 13:19:21.300582
2025-07-29,61355,2025072903019605,SHINE,Sweta Securities Private Limited,Vision Securities Pvt. Ltd,50,484.0,24200.0,2025-07-29 13:19:21.301195
2025-07-29,61354,2025072903019606,SHINE,Kalika Securities Pvt. Ltd.,Vision Securities Pvt. Ltd,100,484.0,48400.0,2025-07-29 13:19:21.301604
2025-07-29,61353,2025072903019607,SHINE,Linch Stock Market Ltd.,Vision Securities Pvt. Ltd,155,484.0,75020.0,2025-07-29 13:19:21.301977
2025-07-29,60933,2025072903019688,SHINE,Linch Stock Market Ltd.,Siprabi Securities Pvt. Ltd.,145,484.0,70180.0,2025-07-29 13:20:05.250556
2025-07-29,60932,2025072903019689,SHINE,Naasa Securities Co. Ltd.,Siprabi Securities Pvt. Ltd.,25,484.0,12100.0,2025-07-29 13:20:05.250882
2025-07-29,60900,2025072903019696,SHINE,Premier Securities Company Ltd.,Opal Securities Investment (PVT) Ltd.,53,483.4,25620.2,2025-07-29 13:20:09.329104
2025-07-29,60056,2025072903019847,SHINE,Premier Securities Company Ltd.,Kumari Securities Private Limited,147,483.4,71059.8,2025-07-29 13:21:54.357988
2025-07-29,59694,2025072903019924,SHINE,South Asian Bulls Pvt. Ltd.,Kumari Securities Private Limited,50,483.5,24175.0,2025-07-29 13:22:50.746209
2025-07-29,59566,2025072903019940,SHINE,South Asian Bulls Pvt. Ltd.,Kumari Securities Private Limited,50,483.5,24175.0,2025-07-29 13:23:02.809037
2025-07-29,59487,2025072903019962,SHINE,Sumeru Securities Pvt. Ltd.,Online Securities Pvt. Ltd.,8,480.0,3840.0,2025-07-29 13:23:13.354063
2025-07-29,58716,2025072903020172,SHINE,South Asian Bulls Pvt. Ltd.,Kumari Securities Private Limited,86,483.6,41589.6,2025-07-29 13:24:55.060741
2025-07-29,58107,2025072903020280,SHINE,South Asian Bulls Pvt. Ltd.,Global IME Securities Limited,56,483.6,27081.6,2025-07-29 13:26:19.452208
2025-07-29,58106,2025072903020281,SHINE,Aryatara Investment & Securities,Global IME Securities Limited,10,483.6,4836.0,2025-07-29 13:26:19.452526
2025-07-29,58105,2025072903020282,SHINE,South Asian Bulls Pvt. Ltd.,Global IME Securities Limited,100,483.5,48350.0,2025-07-29 13:26:19.452674
2025-07-29,58104,2025072903020283,SHINE,Sagarmatha Securities Private Limited,Global IME Securities Limited,19,483.5,9186.5,2025-07-29 13:26:19.452835
2025-07-29,58103,2025072903020284,SHINE,Trishakti Securities Public Limited,Global IME Securities Limited,10,483.3,4833.0,2025-07-29 13:26:19.452984
2025-07-29,57896,2025072903020315,SHINE,Trishakti Securities Public Limited,Global IME Securities Limited,10,483.2,4832.0,2025-07-29 13:26:39.505434
2025-07-29,57895,2025072903020316,SHINE,Trishakti Securities Public Limited,Global IME Securities Limited,10,483.1,4831.0,2025-07-29 13:26:39.505753
2025-07-29,57894,2025072903020317,SHINE,Nepal Investment And Securities Trading Private Limited,Global IME Securities Limited,50,483.0,24150.0,2025-07-29 13:26:39.505889
2025-07-29,57893,2025072903020318,SHINE,Naasa Securities Co. Ltd.,Global IME Securities Limited,130,483.0,62790.0,2025-07-29 13:26:39.506013
2025-07-29,57814,2025072903020333,SHINE,Naasa Securities Co. Ltd.,Thrive Brokerage House Pvt. Ltd,120,483.0,57960.0,2025-07-29 13:26:50.219467
2025-07-29,57813,2025072903020334,SHINE,Naasa Securities Co. Ltd.,Thrive Brokerage House Pvt. Ltd,10,483.0,4830.0,2025-07-29 13:26:50.220101
2025-07-29,57812,2025072903020335,SHINE,Agrawal Securities (PVT) Ltd.,Thrive Brokerage House Pvt. Ltd,70,483.0,33810.0,2025-07-29 13:26:50.220508
2025-07-29,57791,2025072903020338,SHINE,Agrawal Securities (PVT) Ltd.,Global IME Securities Limited,10,483.0,4830.0,2025-07-29 13:26:54.541102
2025-07-29,57150,2025072903020451,SHINE,Aryatara Investment & Securities,Siprabi Securities Pvt. Ltd.,30,484.0,14520.0,2025-07-29 13:28:33.513398
2025-07-29,57149,2025072903020452,SHINE,Aryatara Investment & Securities,Sewa Securities Pvt. Ltd.,270,484.0,130680.0,2025-07-29 13:28:33.513720
2025-07-29,57042,2025072903020462,SHINE,Sani Securities Company Ltd.,Sewa Securities Pvt. Ltd.,10,484.0,4840.0,2025-07-29 13:28:49.862775
2025-07-29,56885,2025072903020491,SHINE,Oxford Securities Pvt. Ltd.,Kumari Securities Private Limited,20,483.1,9662.0,2025-07-29 13:29:06.180537
2025-07-29,56619,2025072903020535,SHINE,Kalika Securities Pvt. Ltd.,Sewa Securities Pvt. Ltd.,100,484.0,48400.0,2025-07-29 13:29:39.011144
2025-07-29,55427,2025072903020755,SHINE,Capital Max Securities Ltd,Sewa Securities Pvt. Ltd.,120,484.0,58080.0,2025-07-29 13:32:27.872886
2025-07-29,55426,2025072903020756,SHINE,Capital Max Securities Ltd,Kumari Securities Private Limited,40,484.0,19360.0,2025-07-29 13:32:27.873246
2025-07-29,55425,2025072903020757,SHINE,Capital Max Securities Ltd,Linch Stock Market Ltd.,100,484.0,48400.0,2025-07-29 13:32:27.873393
2025-07-29,55424,2025072903020758,SHINE,Capital Max Securities Ltd,Kohinoor Investment & Securities Pvt. Ltd.,500,484.0,242000.0,2025-07-29 13:32:27.873586
2025-07-29,55055,2025072903020828,SHINE,Agrawal Securities (PVT) Ltd.,Nepal Stock House (PVT) Ltd.,405,483.0,195615.0,2025-07-29 13:33:08.672236
2025-07-29,55054,2025072903020829,SHINE,Imperial Securities Company Pvt. Ltd.,Nepal Stock House (PVT) Ltd.,45,483.0,21735.0,2025-07-29 13:33:08.672634
2025-07-29,54989,2025072903020838,SHINE,Imperial Securities Company Pvt. Ltd.,Imperial Securities Company Pvt. Ltd.,52,483.0,25116.0,2025-07-29 13:33:14.953454
2025-07-29,54975,2025072903020839,SHINE,Imperial Securities Company Pvt. Ltd.,Sumeru Securities Pvt. Ltd.,370,483.0,178710.0,2025-07-29 13:33:17.367984
2025-07-29,54003,2025072903021013,SHINE,SHUBHAKAMANA SECURITIES PVT. LTD,Sani Securities Company Ltd.,500,485.0,242500.0,2025-07-29 13:35:00.811342
2025-07-29,54002,2025072903021014,SHINE,SHUBHAKAMANA SECURITIES PVT. LTD,SUN SECURITIES PVT LTD,500,485.0,242500.0,2025-07-29 13:35:00.811694
2025-07-29,54001,2025072903021015,SHINE,SHUBHAKAMANA SECURITIES PVT. LTD,Nepal Investment And Securities Trading Private Limited,200,485.0,97000.0,2025-07-29 13:35:00.811838
2025-07-29,54000,2025072903021016,SHINE,SHUBHAKAMANA SECURITIES PVT. LTD,Vision Securities Pvt. Ltd,85,485.0,41225.0,2025-07-29 13:35:00.811972
2025-07-29,53999,2025072903021017,SHINE,SHUBHAKAMANA SECURITIES PVT. LTD,Imperial Securities Company Pvt. Ltd.,100,485.0,48500.0,2025-07-29 13:35:00.812115
2025-07-29,53998,2025072903021018,SHINE,SHUBHAKAMANA SECURITIES PVT. LTD,Kohinoor Investment & Securities Pvt. Ltd.,1000,485.0,485000.0,2025-07-29 13:35:00.812254
2025-07-29,53997,2025072903021019,SHINE,SHUBHAKAMANA SECURITIES PVT. LTD,Primo Securities (PVT) Ltd.,87,485.1,42203.7,2025-07-29 13:35:00.812391
2025-07-29,53996,2025072903021020,SHINE,SHUBHAKAMANA SECURITIES PVT. LTD,Siprabi Securities Pvt. Ltd.,400,487.0,194800.0,2025-07-29 13:35:00.812526
2025-07-29,53995,2025072903021021,SHINE,SHUBHAKAMANA SECURITIES PVT. LTD,Investment Management Nepal Pvt. Ltd.,341,487.0,166067.0,2025-07-29 13:35:00.812656
2025-07-29,53994,2025072903021022,SHINE,SHUBHAKAMANA SECURITIES PVT. LTD,Trishakti Securities Public Limited,103,487.0,50161.0,2025-07-29 13:35:00.812785
2025-07-29,53801,2025072903021053,SHINE,SHUBHAKAMANA SECURITIES PVT. LTD,Vision Securities Pvt. Ltd,290,487.0,141230.0,2025-07-29 13:35:23.789919
2025-07-29,53685,2025072903021069,SHINE,SHUBHAKAMANA SECURITIES PVT. LTD,Deevyaa Securities & Stock House Pvt. Ltd,18,487.0,8766.0,2025-07-29 13:35:32.842343
2025-07-29,53071,2025072903021160,SHINE,Sumeru Securities Pvt. Ltd.,Imperial Securities Company Pvt. Ltd.,3,483.0,1449.0,2025-07-29 13:36:28.763170
2025-07-29,53029,2025072903021165,SHINE,SHUBHAKAMANA SECURITIES PVT. LTD,Kohinoor Investment & Securities Pvt. Ltd.,927,487.0,451449.0,2025-07-29 13:36:35.272006
2025-07-29,52902,2025072903021183,SHINE,SHUBHAKAMANA SECURITIES PVT. LTD,Primo Securities (PVT) Ltd.,224,487.0,109088.0,2025-07-29 13:36:48.717720
2025-07-29,52860,2025072903021197,SHINE,Sumeru Securities Pvt. Ltd.,Naasa Securities Co. Ltd.,3,483.0,1449.0,2025-07-29 13:36:51.914500
2025-07-29,52843,2025072903021205,SHINE,SHUBHAKAMANA SECURITIES PVT. LTD,Aryatara Investment & Securities,200,487.0,97400.0,2025-07-29 13:36:54.303677
2025-07-29,52369,2025072903021269,SHINE,SHUBHAKAMANA SECURITIES PVT. LTD,Kohinoor Investment & Securities Pvt. Ltd.,500,487.0,243500.0,2025-07-29 13:37:37.840084
2025-07-29,52195,2025072903021300,SHINE,SHUBHAKAMANA SECURITIES PVT. LTD,Aryatara Investment & Securities,100,487.0,48700.0,2025-07-29 13:37:54.753709
2025-07-29,51875,2025072903021400,SHINE,SHUBHAKAMANA SECURITIES PVT. LTD,Agrawal Securities (PVT) Ltd.,175,487.0,85225.0,2025-07-29 13:38:28.974703
2025-07-29,50822,2025072903021654,SHINE,Imperial Securities Company Pvt. Ltd.,Secured Securities Ltd.,33,483.0,15939.0,2025-07-29 13:40:29.858655
2025-07-29,50821,2025072903021655,SHINE,Oxford Securities Pvt. Ltd.,Secured Securities Ltd.,20,483.0,9660.0,2025-07-29 13:40:29.858982
2025-07-29,50616,2025072903021681,SHINE,KALASH STOCK MARKET PVT. LTD.,Imperial Securities Company Pvt. Ltd.,300,483.0,144900.0,2025-07-29 13:40:59.043427
2025-07-29,47966,2025072903022169,SHINE,Kalika Securities Pvt. Ltd.,Sani Securities Company Ltd.,91,483.0,43953.0,2025-07-29 13:45:30.349195
2025-07-29,47965,2025072903022170,SHINE,Investment Management Nepal Pvt. Ltd.,Sani Securities Company Ltd.,409,483.0,197547.0,2025-07-29 13:45:30.349520
2025-07-29,47747,2025072903022206,SHINE,Investment Management Nepal Pvt. Ltd.,ABC Securities Private Limited,91,483.0,43953.0,2025-07-29 13:45:55.279155
2025-07-29,47746,2025072903022207,SHINE,Shree Krishna Securities Ltd.,ABC Securities Private Limited,100,483.0,48300.0,2025-07-29 13:45:55.279488
2025-07-29,47745,2025072903022208,SHINE,Midas Stock Broking Company Private Limited,ABC Securities Private Limited,420,483.0,202860.0,2025-07-29 13:45:55.279629
2025-07-29,47744,2025072903022209,SHINE,Sani Securities Company Ltd.,ABC Securities Private Limited,100,483.0,48300.0,2025-07-29 13:45:55.279766
2025-07-29,47743,2025072903022210,SHINE,Oxford Securities Pvt. Ltd.,ABC Securities Private Limited,20,483.0,9660.0,2025-07-29 13:45:55.279899
2025-07-29,47742,2025072903022211,SHINE,Dipshikha Dhitopatra Karobar Co. Pvt Ltd.,ABC Securities Private Limited,50,482.9,24145.0,2025-07-29 13:45:55.280042
2025-07-29,47741,2025072903022212,SHINE,Sani Securities Company Ltd.,ABC Securities Private Limited,84,482.8,40555.2,2025-07-29 13:45:55.280181
2025-07-29,47740,2025072903022213,SHINE,Magnet Securities and Investment Company Private Limited,ABC Securities Private Limited,135,482.7,65164.5,2025-07-29 13:45:55.280319
2025-07-29,47674,2025072903022228,SHINE,Linch Stock Market Ltd.,Naasa Securities Co. Ltd.,600,483.0,289800.0,2025-07-29 13:46:04.423172
2025-07-29,45488,2025072903022703,SHINE,Magnet Securities and Investment Company Private Limited,Naasa Securities Co. Ltd.,15,482.7,7240.5,2025-07-29 13:50:07.707237
2025-07-29,45487,2025072903022704,SHINE,Kumari Securities Private Limited,Naasa Securities Co. Ltd.,200,482.5,96500.0,2025-07-29 13:50:07.707939
2025-07-29,45486,2025072903022705,SHINE,Siprabi Securities Pvt. Ltd.,Naasa Securities Co. Ltd.,20,482.5,9650.0,2025-07-29 13:50:07.708523
2025-07-29,45485,2025072903022706,SHINE,Online Securities Pvt. Ltd.,Naasa Securities Co. Ltd.,55,482.5,26537.5,2025-07-29 13:50:07.709158
2025-07-29,45484,2025072903022707,SHINE,Naasa Securities Co. Ltd.,Naasa Securities Co. Ltd.,270,482.4,130248.0,2025-07-29 13:50:07.709683
2025-07-29,44824,2025072903022809,SHINE,Capital Max Securities Ltd,Naasa Securities Co. Ltd.,900,483.0,434700.0,2025-07-29 13:51:29.729271
2025-07-29,44444,2025072903022881,SHINE,Oxford Securities Pvt. Ltd.,Imperial Securities Company Pvt. Ltd.,20,482.5,9650.0,2025-07-29 13:52:17.865769
2025-07-29,44362,2025072903022909,SHINE,Secured Securities Ltd.,Imperial Securities Company Pvt. Ltd.,480,482.5,231600.0,2025-07-29 13:52:31.601709
2025-07-29,44069,2025072903022997,SHINE,Secured Securities Ltd.,Kohinoor Investment & Securities Pvt. Ltd.,500,482.5,241250.0,2025-07-29 13:53:12.061815
2025-07-29,43926,2025072903023026,SHINE,Online Securities Pvt. Ltd.,Aryatara Investment & Securities,500,482.9,241450.0,2025-07-29 13:53:30.896493
2025-07-29,43095,2025072903023201,SHINE,Naasa Securities Co. Ltd.,Naasa Securities Co. Ltd.,150,483.0,72450.0,2025-07-29 13:55:11.235492
2025-07-29,42900,2025072903023250,SHINE,Naasa Securities Co. Ltd.,Aryatara Investment & Securities,140,483.0,67620.0,2025-07-29 13:55:37.509573
2025-07-29,42624,2025072903023314,SHINE,Naasa Securities Co. Ltd.,J.F. Securites (PVT) Ltd.,129,483.0,62307.0,2025-07-29 13:56:13.536706
2025-07-29,42487,2025072903023341,SHINE,Naasa Securities Co. Ltd.,South Asian Bulls Pvt. Ltd.,59,483.0,28497.0,2025-07-29 13:56:34.223396
2025-07-29,42016,2025072903023448,SHINE,Naasa Securities Co. Ltd.,Deevyaa Securities & Stock House Pvt. Ltd,11,483.0,5313.0,2025-07-29 13:57:51.549624
2025-07-29,41720,2025072903023555,SHINE,SHUBHAKAMANA SECURITIES PVT. LTD,Nepal Stock House (PVT) Ltd.,100,483.5,48350.0,2025-07-29 13:58:27.492507
2025-07-29,41719,2025072903023556,SHINE,SHUBHAKAMANA SECURITIES PVT. LTD,Agrawal Securities (PVT) Ltd.,2900,484.0,1403600.0,2025-07-29 13:58:27.492876
2025-07-29,41259,2025072903023633,SHINE,Naasa Securities Co. Ltd.,Malla & Malla Stock Broking Company Pvt. Limited,11,483.0,5313.0,2025-07-29 13:59:18.773545
2025-07-29,41258,2025072903023634,SHINE,Thrive Brokerage House Pvt. Ltd,Malla & Malla Stock Broking Company Pvt. Limited,20,483.0,9660.0,2025-07-29 13:59:18.773881
2025-07-29,39097,2025072903023997,SHINE,Thrive Brokerage House Pvt. Ltd,Agrawal Securities (PVT) Ltd.,20,483.0,9660.0,2025-07-29 14:04:17.807897
2025-07-29,39096,2025072903023998,SHINE,Naasa Securities Co. Ltd.,Agrawal Securities (PVT) Ltd.,80,483.0,38640.0,2025-07-29 14:04:17.808276
2025-07-29,38285,2025072903024177,SHINE,Naasa Securities Co. Ltd.,Premier Securities Company Ltd.,20,483.0,9660.0,2025-07-29 14:05:59.683346
2025-07-29,38284,2025072903024178,SHINE,Online Securities Pvt. Ltd.,Premier Securities Company Ltd.,380,483.0,183540.0,2025-07-29 14:05:59.684042
2025-07-29,37512,2025072903024339,SHINE,Dipshikha Dhitopatra Karobar Co. Pvt Ltd.,Online Securities Pvt. Ltd.,143,483.5,69140.5,2025-07-29 14:07:26.534742
2025-07-29,37337,2025072903024371,SHINE,Dipshikha Dhitopatra Karobar Co. Pvt Ltd.,Online Securities Pvt. Ltd.,20,484.0,9680.0,2025-07-29 14:07:49.918065
2025-07-29,37336,2025072903024372,SHINE,Dipshikha Dhitopatra Karobar Co. Pvt Ltd.,Sewa Securities Pvt. Ltd.,200,484.0,96800.0,2025-07-29 14:07:49.918688
2025-07-29,35935,2025072903024651,SHINE,Dipshikha Dhitopatra Karobar Co. Pvt Ltd.,Naasa Securities Co. Ltd.,80,484.0,38720.0,2025-07-29 14:10:27.155326
2025-07-29,34428,2025072903024908,SHINE,Dipshikha Dhitopatra Karobar Co. Pvt Ltd.,Naasa Securities Co. Ltd.,57,483.5,27559.5,2025-07-29 14:13:41.426578
2025-07-29,34427,2025072903024909,SHINE,Online Securities Pvt. Ltd.,Naasa Securities Co. Ltd.,120,483.0,57960.0,2025-07-29 14:13:41.427253
2025-07-29,34426,2025072903024910,SHINE,Naasa Securities Co. Ltd.,Naasa Securities Co. Ltd.,43,483.0,20769.0,2025-07-29 14:13:41.427692
2025-07-29,33373,2025072903025174,SHINE,Naasa Securities Co. Ltd.,Dynamic Money Managers Securities Pvt. Ltd.,57,483.0,27531.0,2025-07-29 14:15:42.100336
2025-07-29,33372,2025072903025175,SHINE,Linch Stock Market Ltd.,Dynamic Money Managers Securities Pvt. Ltd.,500,483.0,241500.0,2025-07-29 14:15:42.100666
2025-07-29,33101,2025072903025230,SHINE,Secured Securities Ltd.,Aryatara Investment & Securities,20,482.5,9650.0,2025-07-29 14:16:12.200460
2025-07-29,33100,2025072903025231,SHINE,Agrawal Securities (PVT) Ltd.,Aryatara Investment & Securities,36,482.5,17370.0,2025-07-29 14:16:12.200849
2025-07-29,33099,2025072903025232,SHINE,Oxford Securities Pvt. Ltd.,Aryatara Investment & Securities,20,482.5,9650.0,2025-07-29 14:16:12.201051
2025-07-29,33098,2025072903025233,SHINE,Online Securities Pvt. Ltd.,Aryatara Investment & Securities,174,482.5,83955.0,2025-07-29 14:16:12.201226
2025-07-29,33077,2025072903025236,SHINE,Linch Stock Market Ltd.,Dynamic Money Managers Securities Pvt. Ltd.,10,483.0,4830.0,2025-07-29 14:16:13.730828
2025-07-29,31710,2025072903025518,SHINE,Online Securities Pvt. Ltd.,Imperial Securities Company Pvt. Ltd.,122,482.5,58865.0,2025-07-29 14:18:41.152618
2025-07-29,31260,2025072903025625,SHINE,Online Securities Pvt. Ltd.,Ashutosh Brokerage & Securities (PVT) Ltd.,76,482.5,36670.0,2025-07-29 14:19:31.571339
2025-07-29,31228,2025072903025632,SHINE,Sajilo Broker Limited,Dynamic Money Managers Securities Pvt. Ltd.,100,483.0,48300.0,2025-07-29 14:19:36.045621
2025-07-29,31142,2025072903025649,SHINE,Investment Management Nepal Pvt. Ltd.,Dynamic Money Managers Securities Pvt. Ltd.,100,483.0,48300.0,2025-07-29 14:19:48.908095
2025-07-29,30824,2025072903025694,SHINE,Online Securities Pvt. Ltd.,Aryatara Investment & Securities,128,482.5,61760.0,2025-07-29 14:20:23.618174
2025-07-29,30823,2025072903025695,SHINE,Midas Stock Broking Company Private Limited,Aryatara Investment & Securities,100,482.5,48250.0,2025-07-29 14:20:23.618530
2025-07-29,30822,2025072903025696,SHINE,Naasa Securities Co. Ltd.,Aryatara Investment & Securities,272,482.4,131212.8,2025-07-29 14:20:23.618678
2025-07-29,30809,2025072903025699,SHINE,Naasa Securities Co. Ltd.,Sri Hari Securities Pvt. Ltd.,2000,482.4,964800.0,2025-07-29 14:20:24.192869
2025-07-29,30216,2025072903025830,SHINE,Aryatara Investment & Securities,Dynamic Money Managers Securities Pvt. Ltd.,50,483.0,24150.0,2025-07-29 14:21:30.395230
2025-07-29,29340,2025072903025975,SHINE,Naasa Securities Co. Ltd.,Aryatara Investment & Securities,100,482.5,48250.0,2025-07-29 14:22:59.341529
2025-07-29,29047,2025072903026026,SHINE,Naasa Securities Co. Ltd.,Agrawal Securities (PVT) Ltd.,800,482.4,385920.0,2025-07-29 14:23:32.878075
2025-07-29,28896,2025072903026045,SHINE,Sumeru Securities Pvt. Ltd.,Dakshinkali Investment & Securities Pvt. Ltd.,1,475.0,475.0,2025-07-29 14:23:52.948959
2025-07-29,28468,2025072903026120,SHINE,Dipshikha Dhitopatra Karobar Co. Pvt Ltd.,Opal Securities Investment (PVT) Ltd.,500,482.5,241250.0,2025-07-29 14:24:46.145207
2025-07-29,27600,2025072903026303,SHINE,Naasa Securities Co. Ltd.,Asian Securities Private Ltd.,300,482.4,144720.0,2025-07-29 14:26:25.587099
2025-07-29,27209,2025072903026389,SHINE,Naasa Securities Co. Ltd.,Deevyaa Securities & Stock House Pvt. Ltd,400,482.4,192960.0,2025-07-29 14:27:11.771429
2025-07-29,26826,2025072903026486,SHINE,Naasa Securities Co. Ltd.,Linch Stock Market Ltd.,958,482.4,462139.2,2025-07-29 14:27:54.911770
2025-07-29,26825,2025072903026487,SHINE,Sumeru Securities Pvt. Ltd.,Linch Stock Market Ltd.,200,482.4,96480.0,2025-07-29 14:27:54.912114
2025-07-29,26824,2025072903026488,SHINE,Oxford Securities Pvt. Ltd.,Linch Stock Market Ltd.,20,482.4,9648.0,2025-07-29 14:27:54.912256
2025-07-29,26823,2025072903026489,SHINE,Oxford Securities Pvt. Ltd.,Linch Stock Market Ltd.,20,482.3,9646.0,2025-07-29 14:27:54.912400
2025-07-29,26822,2025072903026490,SHINE,Naasa Securities Co. Ltd.,Linch Stock Market Ltd.,824,482.3,397415.2,2025-07-29 14:27:54.912550
2025-07-29,26554,2025072903026542,SHINE,Naasa Securities Co. Ltd.,Siprabi Securities Pvt. Ltd.,120,482.3,57876.0,2025-07-29 14:28:25.910607
2025-07-29,26500,2025072903026556,SHINE,Naasa Securities Co. Ltd.,Dakshinkali Investment & Securities Pvt. Ltd.,464,482.3,223787.2,2025-07-29 14:28:32.183367
2025-07-29,26360,2025072903026586,SHINE,Imperial Securities Company Pvt. Ltd.,Nepal Investment And Securities Trading Private Limited,25,482.5,12062.5,2025-07-29 14:28:51.298314
2025-07-29,26359,2025072903026587,SHINE,Imperial Securities Company Pvt. Ltd.,Thrive Brokerage House Pvt. Ltd,309,482.9,149216.1,2025-07-29 14:28:51.298999
2025-07-29,26358,2025072903026588,SHINE,Imperial Securities Company Pvt. Ltd.,Dynamic Money Managers Securities Pvt. Ltd.,183,483.0,88389.0,2025-07-29 14:28:51.299428
2025-07-29,26133,2025072903026672,SHINE,Imperial Securities Company Pvt. Ltd.,Kohinoor Investment & Securities Pvt. Ltd.,100,483.0,48300.0,2025-07-29 14:29:12.895325
2025-07-29,26120,2025072903026673,SHINE,Imperial Securities Company Pvt. Ltd.,KALASH STOCK MARKET PVT. LTD.,40,483.0,19320.0,2025-07-29 14:29:14.658811
2025-07-29,25567,2025072903026796,SHINE,Imperial Securities Company Pvt. Ltd.,Vision Securities Pvt. Ltd,250,483.0,120750.0,2025-07-29 14:29:59.564908
2025-07-29,25513,2025072903026812,SHINE,Imperial Securities Company Pvt. Ltd.,Kumari Securities Private Limited,93,483.0,44919.0,2025-07-29 14:30:03.571899
2025-07-29,25124,2025072903026906,SHINE,Imperial Securities Company Pvt. Ltd.,Thrive Brokerage House Pvt. Ltd,100,482.4,48240.0,2025-07-29 14:30:40.466644
2025-07-29,25123,2025072903026907,SHINE,Naasa Securities Co. Ltd.,Thrive Brokerage House Pvt. Ltd,200,482.3,96460.0,2025-07-29 14:30:40.466992
2025-07-29,24901,2025072903026953,SHINE,Secured Securities Ltd.,Opal Securities Investment (PVT) Ltd.,100,482.4,48240.0,2025-07-29 14:31:07.878368
2025-07-29,24775,2025072903026980,SHINE,Naasa Securities Co. Ltd.,Vision Securities Pvt. Ltd,500,482.3,241150.0,2025-07-29 14:31:22.272313
2025-07-29,24089,2025072903027117,SHINE,Midas Stock Broking Company Private Limited,Kumari Securities Private Limited,11,483.0,5313.0,2025-07-29 14:32:18.975055
2025-07-29,24043,2025072903027133,SHINE,Naasa Securities Co. Ltd.,Vision Securities Pvt. Ltd,500,482.3,241150.0,2025-07-29 14:32:23.680211
2025-07-29,23654,2025072903027215,SHINE,Primo Securities (PVT) Ltd.,Kumari Securities Private Limited,15,483.0,7245.0,2025-07-29 14:33:01.097691
2025-07-29,23348,2025072903027275,SHINE,Naasa Securities Co. Ltd.,Asian Securities Private Ltd.,10,482.3,4823.0,2025-07-29 14:33:33.816206
2025-07-29,23076,2025072903027308,SHINE,Naasa Securities Co. Ltd.,Opal Securities Investment (PVT) Ltd.,34,482.3,16398.2,2025-07-29 14:33:57.500402
2025-07-29,22367,2025072903027442,SHINE,Sharepro Securities Private Limited,Deevyaa Securities & Stock House Pvt. Ltd,66,482.5,31845.0,2025-07-29 14:34:59.055481
2025-07-29,22366,2025072903027443,SHINE,Sharepro Securities Private Limited,Kumari Securities Private Limited,1881,483.0,908523.0,2025-07-29 14:34:59.055531
2025-07-29,22365,2025072903027444,SHINE,Sharepro Securities Private Limited,Imperial Securities Company Pvt. Ltd.,50,484.0,24200.0,2025-07-29 14:34:59.055562
2025-07-29,21627,2025072903027594,SHINE,Dakshinkali Investment & Securities Pvt. Ltd.,Sumeru Securities Pvt. Ltd.,85,483.0,41055.0,2025-07-29 14:36:26.417467
2025-07-29,20294,2025072903027843,SHINE,Dakshinkali Investment & Securities Pvt. Ltd.,Premier Securities Company Ltd.,10,483.0,4830.0,2025-07-29 14:38:47.171321
2025-07-29,19428,2025072903028008,SHINE,Sunrise Securities Limited,Kumari Securities Private Limited,10,483.9,4839.0,2025-07-29 14:40:01.944216
2025-07-29,19427,2025072903028009,SHINE,Sunrise Securities Limited,Midas Stock Broking Company Private Limited,450,484.0,217800.0,2025-07-29 14:40:01.944627
2025-07-29,19426,2025072903028010,SHINE,Sunrise Securities Limited,Premier Securities Company Ltd.,20,484.8,9696.0,2025-07-29 14:40:01.944795
2025-07-29,19425,2025072903028011,SHINE,Sunrise Securities Limited,Malla & Malla Stock Broking Company Pvt. Limited,50,485.0,24250.0,2025-07-29 14:40:01.944945
2025-07-29,19424,2025072903028012,SHINE,Sunrise Securities Limited,Naasa Securities Co. Ltd.,500,485.0,242500.0,2025-07-29 14:40:01.945106
2025-07-29,19423,2025072903028013,SHINE,Sunrise Securities Limited,Naasa Securities Co. Ltd.,114,485.0,55290.0,2025-07-29 14:40:01.945269
2025-07-29,19422,2025072903028014,SHINE,Sunrise Securities Limited,Nepal Investment And Securities Trading Private Limited,103,485.0,49955.0,2025-07-29 14:40:01.945410
2025-07-29,19421,2025072903028015,SHINE,Sunrise Securities Limited,Trishakti Securities Public Limited,100,485.0,48500.0,2025-07-29 14:40:01.945578
2025-07-29,19420,2025072903028016,SHINE,Sunrise Securities Limited,ABC Securities Private Limited,457,485.0,221645.0,2025-07-29 14:40:01.945739
2025-07-29,19223,2025072903028057,SHINE,Sunrise Securities Limited,Aryatara Investment & Securities,196,485.0,95060.0,2025-07-29 14:40:19.808519
2025-07-29,19222,2025072903028058,SHINE,Aryatara Investment & Securities,Aryatara Investment & Securities,250,483.1,120775.0,2025-07-29 14:40:19.808872
2025-07-29,19221,2025072903028059,SHINE,Trishakti Securities Public Limited,Aryatara Investment & Securities,54,483.1,26087.4,2025-07-29 14:40:19.809044
2025-07-29,18996,2025072903028085,SHINE,Kohinoor Investment & Securities Pvt. Ltd.,Kumari Securities Private Limited,10,485.4,4854.0,2025-07-29 14:40:41.232812
2025-07-29,18995,2025072903028086,SHINE,Kohinoor Investment & Securities Pvt. Ltd.,Agrawal Securities (PVT) Ltd.,290,485.5,140795.0,2025-07-29 14:40:41.233187
2025-07-29,18762,2025072903028119,SHINE,Vision Securities Pvt. Ltd,Agrawal Securities (PVT) Ltd.,20,485.5,9710.0,2025-07-29 14:41:06.604628
2025-07-29,18756,2025072903028120,SHINE,Dipshikha Dhitopatra Karobar Co. Pvt Ltd.,Agrawal Securities (PVT) Ltd.,190,485.5,92245.0,2025-07-29 14:41:07.144296
2025-07-29,17426,2025072903028361,SHINE,Naasa Securities Co. Ltd.,Kumari Securities Private Limited,10,485.7,4857.0,2025-07-29 14:43:14.191778
2025-07-29,16347,2025072903028490,SHINE,Trademow Securities Private Limited,Kumari Securities Private Limited,10,485.8,4858.0,2025-07-29 14:44:48.088201
2025-07-29,16346,2025072903028491,SHINE,Trademow Securities Private Limited,Kumari Securities Private Limited,10,485.9,4859.0,2025-07-29 14:44:48.088533
2025-07-29,16345,2025072903028492,SHINE,Trademow Securities Private Limited,Trisul Securities & Invt. Ltd.,55,486.0,26730.0,2025-07-29 14:44:48.088674
2025-07-29,16344,2025072903028493,SHINE,Trademow Securities Private Limited,Nepal Stock House (PVT) Ltd.,425,486.0,206550.0,2025-07-29 14:44:48.088809
2025-07-29,15964,2025072903028593,SHINE,Vision Securities Pvt. Ltd,Nepal Stock House (PVT) Ltd.,125,486.0,60750.0,2025-07-29 14:45:07.860503
2025-07-29,15963,2025072903028594,SHINE,Vision Securities Pvt. Ltd,NIMB Stock Markets Limited,75,486.0,36450.0,2025-07-29 14:45:07.860828
2025-07-29,15907,2025072903028603,SHINE,Naasa Securities Co. Ltd.,Neev Securities Pvt. Ltd.,190,485.7,92283.0,2025-07-29 14:45:12.120329
2025-07-29,15906,2025072903028604,SHINE,Dipshikha Dhitopatra Karobar Co. Pvt Ltd.,Neev Securities Pvt. Ltd.,110,485.5,53405.0,2025-07-29 14:45:12.120641
2025-07-29,15159,2025072903028754,SHINE,Online Securities Pvt. Ltd.,Naasa Securities Co. Ltd.,500,485.0,242500.0,2025-07-29 14:46:16.219697
2025-07-29,15109,2025072903028761,SHINE,Sani Securities Company Ltd.,Neev Securities Pvt. Ltd.,200,485.4,97080.0,2025-07-29 14:46:19.737877
2025-07-29,14149,2025072903028967,SHINE,Asian Securities Private Ltd.,Hatemalo Financial Services Private Limited,500,485.5,242750.0,2025-07-29 14:47:40.650980
2025-07-29,14148,2025072903028968,SHINE,Sweta Securities Private Limited,Hatemalo Financial Services Private Limited,150,485.4,72810.0,2025-07-29 14:47:40.651306
2025-07-29,14147,2025072903028969,SHINE,Sundhara Securities Limited,Hatemalo Financial Services Private Limited,200,485.0,97000.0,2025-07-29 14:47:40.651493
2025-07-29,14146,2025072903028970,SHINE,South Asian Bulls Pvt. Ltd.,Hatemalo Financial Services Private Limited,500,483.3,241650.0,2025-07-29 14:47:40.651658
2025-07-29,14145,2025072903028971,SHINE,Naasa Securities Co. Ltd.,Hatemalo Financial Services Private Limited,190,483.2,91808.0,2025-07-29 14:47:40.651808
2025-07-29,14144,2025072903028972,SHINE,Dipshikha Dhitopatra Karobar Co. Pvt Ltd.,Hatemalo Financial Services Private Limited,500,483.2,241600.0,2025-07-29 14:47:40.651960
2025-07-29,14143,2025072903028973,SHINE,Trishakti Securities Public Limited,Hatemalo Financial Services Private Limited,160,483.1,77296.0,2025-07-29 14:47:40.652113
2025-07-29,13987,2025072903028998,SHINE,Sweta Securities Private Limited,Citizens Share Broker Limited,200,485.0,97000.0,2025-07-29 14:47:55.150706
2025-07-29,13777,2025072903029012,SHINE,Trishakti Securities Public Limited,Opal Securities Investment (PVT) Ltd.,206,483.1,99518.6,2025-07-29 14:48:13.507151
2025-07-29,13033,2025072903029115,SHINE,Trishakti Securities Public Limited,Citizens Share Broker Limited,300,483.1,144930.0,2025-07-29 14:49:18.320082
2025-07-29,12720,2025072903029180,SHINE,Trishakti Securities Public Limited,Vision Securities Pvt. Ltd,1000,483.1,483100.0,2025-07-29 14:49:41.949904
2025-07-29,12466,2025072903029211,SHINE,Trishakti Securities Public Limited,ABC Securities Private Limited,150,483.1,72465.0,2025-07-29 14:50:02.616856
2025-07-29,12445,2025072903029216,SHINE,Trishakti Securities Public Limited,J.F. Securites (PVT) Ltd.,130,483.1,62803.0,2025-07-29 14:50:03.481569
2025-07-29,12444,2025072903029217,SHINE,Shree Krishna Securities Ltd.,J.F. Securites (PVT) Ltd.,170,483.1,82127.0,2025-07-29 14:50:03.482204
2025-07-29,12110,2025072903029310,SHINE,Asian Securities Private Ltd.,Dakshinkali Investment & Securities Pvt. Ltd.,500,483.2,241600.0,2025-07-29 14:50:28.447083
2025-07-29,12109,2025072903029311,SHINE,Shree Krishna Securities Ltd.,Dakshinkali Investment & Securities Pvt. Ltd.,830,483.1,400973.0,2025-07-29 14:50:28.447403
2025-07-29,12108,2025072903029312,SHINE,Premier Securities Company Ltd.,Dakshinkali Investment & Securities Pvt. Ltd.,100,483.1,48310.0,2025-07-29 14:50:28.447547
2025-07-29,12107,2025072903029313,SHINE,Dakshinkali Investment & Securities Pvt. Ltd.,Dakshinkali Investment & Securities Pvt. Ltd.,35,483.0,16905.0,2025-07-29 14:50:28.447684
2025-07-29,12106,2025072903029314,SHINE,Indira securities pvt. ltd,Dakshinkali Investment & Securities Pvt. Ltd.,1000,483.0,483000.0,2025-07-29 14:50:28.447822
2025-07-29,12105,2025072903029315,SHINE,Nepal Investment And Securities Trading Private Limited,Dakshinkali Investment & Securities Pvt. Ltd.,50,483.0,24150.0,2025-07-29 14:50:28.447957
2025-07-29,12104,2025072903029316,SHINE,Kohinoor Investment & Securities Pvt. Ltd.,Dakshinkali Investment & Securities Pvt. Ltd.,716,483.0,345828.0,2025-07-29 14:50:28.448098
2025-07-29,11958,2025072903029355,SHINE,Kohinoor Investment & Securities Pvt. Ltd.,Pragyan Securities (PVT) Ltd.,27,483.0,13041.0,2025-07-29 14:50:37.814630
2025-07-29,11844,2025072903029387,SHINE,Nagarik Stock Dealer ,Siprabi Securities Pvt. Ltd.,85,485.0,41225.0,2025-07-29 14:50:46.168252
2025-07-29,11843,2025072903029388,SHINE,Nagarik Stock Dealer ,Sani Securities Company Ltd.,303,485.0,146955.0,2025-07-29 14:50:46.168606
2025-07-29,11842,2025072903029389,SHINE,Nagarik Stock Dealer ,Dakshinkali Investment & Securities Pvt. Ltd.,50,485.0,24250.0,2025-07-29 14:50:46.168748
2025-07-29,11841,2025072903029390,SHINE,Nagarik Stock Dealer ,Premier Securities Company Ltd.,1000,485.0,485000.0,2025-07-29 14:50:46.168892
2025-07-29,10321,2025072903029735,SHINE,Hatemalo Financial Services Private Limited,Kumari Securities Private Limited,500,485.8,242900.0,2025-07-29 14:52:30.602542
2025-07-29,8574,2025072903030059,SHINE,Kohinoor Investment & Securities Pvt. Ltd.,ABC Securities Private Limited,187,483.0,90321.0,2025-07-29 14:54:04.269684
2025-07-29,8573,2025072903030060,SHINE,KALASH STOCK MARKET PVT. LTD.,ABC Securities Private Limited,328,483.0,158424.0,2025-07-29 14:54:04.270010
2025-07-29,8561,2025072903030064,SHINE,Sumeru Securities Pvt. Ltd.,Opal Securities Investment (PVT) Ltd.,4,482.5,1930.0,2025-07-29 14:54:05.483093
2025-07-29,8423,2025072903030088,SHINE,KALASH STOCK MARKET PVT. LTD.,J.F. Securites (PVT) Ltd.,100,483.0,48300.0,2025-07-29 14:54:13.777875
2025-07-29,6907,2025072903030334,SHINE,KALASH STOCK MARKET PVT. LTD.,Vision Securities Pvt. Ltd,500,483.0,241500.0,2025-07-29 14:55:44.165343
2025-07-29,5955,2025072903030554,SHINE,Sani Securities Company Ltd.,Online Securities Pvt. Ltd.,70,483.1,33817.0,2025-07-29 14:56:34.565016
2025-07-29,5504,2025072903030611,SHINE,Shree Krishna Securities Ltd.,Imperial Securities Company Pvt. Ltd.,100,483.2,48320.0,2025-07-29 14:56:56.801078
2025-07-29,5390,2025072903030616,SHINE,Shree Krishna Securities Ltd.,Dipshikha Dhitopatra Karobar Co. Pvt Ltd.,50,483.2,24160.0,2025-07-29 14:56:58.660278
2025-07-29,5389,2025072903030617,SHINE,Sani Securities Company Ltd.,Dipshikha Dhitopatra Karobar Co. Pvt Ltd.,30,483.1,14493.0,2025-07-29 14:56:58.660601
2025-07-29,5388,2025072903030618,SHINE,KALASH STOCK MARKET PVT. LTD.,Dipshikha Dhitopatra Karobar Co. Pvt Ltd.,250,483.0,120750.0,2025-07-29 14:56:58.660740
2025-07-29,4549,2025072903030778,SHINE,KALASH STOCK MARKET PVT. LTD.,Cristal Kanchanjanga Securites Pvt. Ltd.,542,483.0,261786.0,2025-07-29 14:57:39.161138
2025-07-29,4382,2025072903030811,SHINE,KALASH STOCK MARKET PVT. LTD.,J.F. Securites (PVT) Ltd.,200,483.0,96600.0,2025-07-29 14:57:46.265958
2025-07-29,3950,2025072903030875,SHINE,KALASH STOCK MARKET PVT. LTD.,Imperial Securities Company Pvt. Ltd.,80,483.0,38640.0,2025-07-29 14:58:04.108540
2025-07-29,3949,2025072903030876,SHINE,Oxford Securities Pvt. Ltd.,Imperial Securities Company Pvt. Ltd.,200,483.0,96600.0,2025-07-29 14:58:04.108845
2025-07-29,3948,2025072903030877,SHINE,Oxford Securities Pvt. Ltd.,Imperial Securities Company Pvt. Ltd.,20,483.0,9660.0,2025-07-29 14:58:04.109005
2025-07-29,3947,2025072903030878,SHINE,South Asian Bulls Pvt. Ltd.,Imperial Securities Company Pvt. Ltd.,40,483.0,19320.0,2025-07-29 14:58:04.109170
2025-07-29,3946,2025072903030879,SHINE,Naasa Securities Co. Ltd.,Imperial Securities Company Pvt. Ltd.,10,483.0,4830.0,2025-07-29 14:58:04.109325
2025-07-29,3945,2025072903030880,SHINE,Oxford Securities Pvt. Ltd.,Imperial Securities Company Pvt. Ltd.,83,483.0,40089.0,2025-07-29 14:58:04.109478
2025-07-29,3944,2025072903030881,SHINE,Imperial Securities Company Pvt. Ltd.,Imperial Securities Company Pvt. Ltd.,28,483.0,13524.0,2025-07-29 14:58:04.109629
2025-07-29,3127,2025072903031052,SHINE,Sani Securities Company Ltd.,Imperial Securities Company Pvt. Ltd.,39,483.0,18837.0,2025-07-29 14:58:34.633904
2025-07-29,3126,2025072903031053,SHINE,Sani Securities Company Ltd.,Ashutosh Brokerage & Securities (PVT) Ltd.,61,483.0,29463.0,2025-07-29 14:58:34.634217
2025-07-29,2939,2025072903031071,SHINE,Sewa Securities Pvt. Ltd.,Ashutosh Brokerage & Securities (PVT) Ltd.,20,483.0,9660.0,2025-07-29 14:58:41.969120
2025-07-29,2852,2025072903031087,SHINE,Sumeru Securities Pvt. Ltd.,Secured Securities Ltd.,7,482.5,3377.5,2025-07-29 14:58:46.004685
2025-07-29,2569,2025072903031152,SHINE,Naasa Securities Co. Ltd.,Thrive Brokerage House Pvt. Ltd,85,482.3,40995.5,2025-07-29 14:58:54.885329
2025-07-29,1321,2025072903031429,SHINE,Naasa Securities Co. Ltd.,Online Securities Pvt. Ltd.,2200,482.3,1061060.0,2025-07-29 14:59:31.434504
2025-07-29,1303,2025072903031444,SHINE,Aryatara Investment & Securities,Ashutosh Brokerage & Securities (PVT) Ltd.,151,483.0,72933.0,2025-07-29 14:59:31.599084
2025-07-29,1262,2025072903031455,SHINE,Shree Krishna Securities Ltd.,Ashutosh Brokerage & Securities (PVT) Ltd.,30,483.0,14490.0,2025-07-29 14:59:32.980816
2025-07-29,944,2025072903031536,SHINE,Shree Krishna Securities Ltd.,Ashutosh Brokerage & Securities (PVT) Ltd.,88,483.0,42504.0,2025-07-29 14:59:41.066447
2025-07-29,943,2025072903031537,SHINE,Shree Krishna Securities Ltd.,Creative Securities Pvt Ltd,50,483.0,24150.0,2025-07-29 14:59:41.066793
2025-07-29,942,2025072903031538,SHINE,Shree Krishna Securities Ltd.,Dakshinkali Investment & Securities Pvt. Ltd.,50,483.0,24150.0,2025-07-29 14:59:41.066938
2025-07-29,941,2025072903031539,SHINE,Shree Krishna Securities Ltd.,Indira securities pvt. ltd,1050,483.0,507150.0,2025-07-29 14:59:41.067083
2025-07-29,940,2025072903031540,SHINE,Shree Krishna Securities Ltd.,Siprabi Securities Pvt. Ltd.,20,483.0,9660.0,2025-07-29 14:59:41.067225
2025-07-29,634,2025072903031598,SHINE,Shree Krishna Securities Ltd.,Kumari Securities Private Limited,742,483.0,358386.0,2025-07-29 14:59:48.437102
2025-07-29,503,2025072903031624,SHINE,Sumeru Securities Pvt. Ltd.,Kumari Securities Private Limited,500,483.0,241500.0,2025-07-29 14:59:50.782008
