Date,S.N.,Contract ID,Symbol,Buyer Broker,Seller Broker,quantity,rate,amount,transaction_time
2025-07-29,154736,2025072903000555,SINDU,Kohinoor Investment & Securities Pvt. Ltd.,Trishakti Securities Public Limited,21,821.1,17243.1,2025-07-29 11:05:48.981528
2025-07-29,154735,2025072903000556,SINDU,Nepal Stock House (PVT) Ltd.,Trishakti Securities Public Limited,100,821.0,82100.0,2025-07-29 11:05:48.981617
2025-07-29,154734,2025072903000557,SINDU,Kalika Securities Pvt. Ltd.,Trishakti Securities Public Limited,39,820.0,31980.0,2025-07-29 11:05:48.981658
2025-07-29,151076,2025072903001377,SINDU,Bhrikuti Stock Broking Co. Pvt. Ltd.,Sani Securities Company Ltd.,10,835.0,8350.0,2025-07-29 11:10:51.125109
2025-07-29,150407,2025072903001536,SINDU,Naasa Securities Co. Ltd.,Kalika Securities Pvt. Ltd.,20,834.9,16698.0,2025-07-29 11:11:45.594459
2025-07-29,150406,2025072903001537,SINDU,Naasa Securities Co. Ltd.,Vision Securities Pvt. Ltd,158,834.9,131914.2,2025-07-29 11:11:45.594570
2025-07-29,149877,2025072903001646,SINDU,Dipshikha Dhitopatra Karobar Co. Pvt Ltd.,Vision Securities Pvt. Ltd,10,834.9,8349.0,2025-07-29 11:12:29.179114
2025-07-29,147757,2025072903002039,SINDU,Nagarik Stock Dealer ,Online Securities Pvt. Ltd.,150,825.0,123750.0,2025-07-29 11:15:39.384542
2025-07-29,146226,2025072903002368,SINDU,Nagarik Stock Dealer ,Sewa Securities Pvt. Ltd.,50,825.0,41250.0,2025-07-29 11:17:56.503590
2025-07-29,146073,2025072903002401,SINDU,Nagarik Stock Dealer ,Online Securities Pvt. Ltd.,16,825.0,13200.0,2025-07-29 11:18:10.576833
2025-07-29,145607,2025072903002483,SINDU,Nagarik Stock Dealer ,Kohinoor Investment & Securities Pvt. Ltd.,84,825.0,69300.0,2025-07-29 11:18:54.984990
2025-07-29,145606,2025072903002484,SINDU,Premier Securities Company Ltd.,Kohinoor Investment & Securities Pvt. Ltd.,136,825.0,112200.0,2025-07-29 11:18:54.985134
2025-07-29,145281,2025072903002565,SINDU,Premier Securities Company Ltd.,Dynamic Money Managers Securities Pvt. Ltd.,50,825.0,41250.0,2025-07-29 11:19:27.582882
2025-07-29,145221,2025072903002583,SINDU,Premier Securities Company Ltd.,Primo Securities (PVT) Ltd.,14,825.0,11550.0,2025-07-29 11:19:36.138012
2025-07-29,145220,2025072903002584,SINDU,Sani Securities Company Ltd.,Primo Securities (PVT) Ltd.,211,823.1,173674.1,2025-07-29 11:19:36.138062
2025-07-29,144892,2025072903002634,SINDU,Sani Securities Company Ltd.,Agrawal Securities (PVT) Ltd.,289,823.1,237875.9,2025-07-29 11:20:07.720367
2025-07-29,144891,2025072903002635,SINDU,South Asian Bulls Pvt. Ltd.,Agrawal Securities (PVT) Ltd.,100,823.0,82300.0,2025-07-29 11:20:07.720504
2025-07-29,144890,2025072903002636,SINDU,Dakshinkali Investment & Securities Pvt. Ltd.,Agrawal Securities (PVT) Ltd.,35,823.0,28805.0,2025-07-29 11:20:07.720590
2025-07-29,144219,2025072903002763,SINDU,Sani Securities Company Ltd.,Miyo Securities Pvt Ltd,20,822.0,16440.0,2025-07-29 11:21:10.209907
2025-07-29,144053,2025072903002790,SINDU,Online Securities Pvt. Ltd.,Agrawal Securities (PVT) Ltd.,20,823.0,16460.0,2025-07-29 11:21:26.216911
2025-07-29,143541,2025072903002869,SINDU,Agrawal Securities (PVT) Ltd.,Agrawal Securities (PVT) Ltd.,100,823.0,82300.0,2025-07-29 11:22:09.916584
2025-07-29,143233,2025072903002935,SINDU,Cristal Kanchanjanga Securites Pvt. Ltd.,Agrawal Securities (PVT) Ltd.,106,823.0,87238.0,2025-07-29 11:22:30.765594
2025-07-29,142787,2025072903003036,SINDU,Indira securities pvt. ltd,Aryatara Investment & Securities,40,823.0,32920.0,2025-07-29 11:23:02.649413
2025-07-29,142723,2025072903003044,SINDU,Cristal Kanchanjanga Securites Pvt. Ltd.,Malla & Malla Stock Broking Company Pvt. Limited,50,825.0,41250.0,2025-07-29 11:23:09.033454
2025-07-29,142722,2025072903003045,SINDU,Cristal Kanchanjanga Securites Pvt. Ltd.,Sweta Securities Private Limited,100,826.0,82600.0,2025-07-29 11:23:09.033705
2025-07-29,142670,2025072903003060,SINDU,Naasa Securities Co. Ltd.,Vision Securities Pvt. Ltd,100,823.1,82310.0,2025-07-29 11:23:12.570127
2025-07-29,142669,2025072903003061,SINDU,Indira securities pvt. ltd,Vision Securities Pvt. Ltd,60,823.0,49380.0,2025-07-29 11:23:12.570262
2025-07-29,142627,2025072903003076,SINDU,Sri Hari Securities Pvt. Ltd.,Vision Securities Pvt. Ltd,200,823.0,164600.0,2025-07-29 11:23:18.265717
2025-07-29,142483,2025072903003108,SINDU,Sweta Securities Private Limited,Vision Securities Pvt. Ltd,100,823.0,82300.0,2025-07-29 11:23:24.989599
2025-07-29,142280,2025072903003155,SINDU,Online Securities Pvt. Ltd.,Vision Securities Pvt. Ltd,115,823.0,94645.0,2025-07-29 11:23:40.959955
2025-07-29,141424,2025072903003348,SINDU,Sani Securities Company Ltd.,Secured Securities Ltd.,80,822.0,65760.0,2025-07-29 11:24:38.928324
2025-07-29,141423,2025072903003349,SINDU,Naasa Securities Co. Ltd.,Secured Securities Ltd.,10,822.0,8220.0,2025-07-29 11:24:38.928492
2025-07-29,141400,2025072903003351,SINDU,Vision Securities Pvt. Ltd,Vision Securities Pvt. Ltd,250,823.0,205750.0,2025-07-29 11:24:39.523523
2025-07-29,141047,2025072903003464,SINDU,Sumeru Securities Pvt. Ltd.,Vision Securities Pvt. Ltd,75,823.0,61725.0,2025-07-29 11:25:04.784081
2025-07-29,141003,2025072903003467,SINDU,Trishakti Securities Public Limited,Vision Securities Pvt. Ltd,30,823.0,24690.0,2025-07-29 11:25:05.859809
2025-07-29,140707,2025072903003528,SINDU,Sumeru Securities Pvt. Ltd.,Vision Securities Pvt. Ltd,70,823.0,57610.0,2025-07-29 11:25:30.920240
2025-07-29,138101,2025072903004088,SINDU,J.F. Securites (PVT) Ltd.,Swarna Laxmi Securities Pvt. Ltd.,50,825.0,41250.0,2025-07-29 11:29:21.593125
2025-07-29,136986,2025072903004333,SINDU,J.F. Securites (PVT) Ltd.,Nabil Stock Dealer Ltd.,50,825.0,41250.0,2025-07-29 11:31:11.017495
2025-07-29,135560,2025072903004698,SINDU,Primo Securities (PVT) Ltd.,Nabil Stock Dealer Ltd.,200,825.5,165100.0,2025-07-29 11:33:16.418356
2025-07-29,134300,2025072903004921,SINDU,Deevyaa Securities & Stock House Pvt. Ltd,Premier Securities Company Ltd.,30,822.3,24669.0,2025-07-29 11:35:05.035660
2025-07-29,134299,2025072903004922,SINDU,Naasa Securities Co. Ltd.,Premier Securities Company Ltd.,16,822.2,13155.2,2025-07-29 11:35:05.035814
2025-07-29,133647,2025072903005126,SINDU,Sani Securities Company Ltd.,Sundhara Securities Limited,500,823.0,411500.0,2025-07-29 11:35:58.179910
2025-07-29,131962,2025072903005526,SINDU,Sumeru Securities Pvt. Ltd.,Aryatara Investment & Securities,25,823.1,20577.5,2025-07-29 11:38:12.146048
2025-07-29,130456,2025072903005966,SINDU,Thrive Brokerage House Pvt. Ltd,Aryatara Investment & Securities,20,823.2,16464.0,2025-07-29 11:40:16.776705
2025-07-29,130340,2025072903005990,SINDU,Naasa Securities Co. Ltd.,Cristal Kanchanjanga Securites Pvt. Ltd.,10,824.0,8240.0,2025-07-29 11:40:27.145835
2025-07-29,130070,2025072903006083,SINDU,Sumeru Securities Pvt. Ltd.,Cristal Kanchanjanga Securites Pvt. Ltd.,25,823.1,20577.5,2025-07-29 11:40:51.276519
2025-07-29,129717,2025072903006171,SINDU,Sani Securities Company Ltd.,Cristal Kanchanjanga Securites Pvt. Ltd.,20,823.0,16460.0,2025-07-29 11:41:25.488937
2025-07-29,129241,2025072903006303,SINDU,Shree Krishna Securities Ltd.,Cristal Kanchanjanga Securites Pvt. Ltd.,10,823.2,8232.0,2025-07-29 11:42:08.939353
2025-07-29,129240,2025072903006304,SINDU,Shree Krishna Securities Ltd.,Online Securities Pvt. Ltd.,20,823.9,16478.0,2025-07-29 11:42:08.939467
2025-07-29,129239,2025072903006305,SINDU,Shree Krishna Securities Ltd.,Imperial Securities Company Pvt. Ltd.,70,824.0,57680.0,2025-07-29 11:42:08.939547
2025-07-29,126373,2025072903006862,SINDU,Sani Securities Company Ltd.,Kohinoor Investment & Securities Pvt. Ltd.,10,823.3,8233.0,2025-07-29 11:46:11.695925
2025-07-29,126322,2025072903006873,SINDU,Naasa Securities Co. Ltd.,Kohinoor Investment & Securities Pvt. Ltd.,11,823.4,9057.4,2025-07-29 11:46:16.166988
2025-07-29,126321,2025072903006874,SINDU,Naasa Securities Co. Ltd.,Kohinoor Investment & Securities Pvt. Ltd.,11,823.5,9058.5,2025-07-29 11:46:16.167161
2025-07-29,126320,2025072903006875,SINDU,Naasa Securities Co. Ltd.,Kohinoor Investment & Securities Pvt. Ltd.,11,823.6,9059.6,2025-07-29 11:46:16.167231
2025-07-29,126319,2025072903006876,SINDU,Naasa Securities Co. Ltd.,Kohinoor Investment & Securities Pvt. Ltd.,11,823.7,9060.7,2025-07-29 11:46:16.167295
2025-07-29,126318,2025072903006877,SINDU,Naasa Securities Co. Ltd.,Kohinoor Investment & Securities Pvt. Ltd.,11,823.8,9061.8,2025-07-29 11:46:16.167359
2025-07-29,126317,2025072903006878,SINDU,Naasa Securities Co. Ltd.,Secured Securities Ltd.,85,823.8,70023.0,2025-07-29 11:46:16.167431
2025-07-29,125254,2025072903007146,SINDU,Sumeru Securities Pvt. Ltd.,Naasa Securities Co. Ltd.,50,823.1,41155.0,2025-07-29 11:47:45.562611
2025-07-29,125241,2025072903007149,SINDU,Sumeru Securities Pvt. Ltd.,J.F. Securites (PVT) Ltd.,10,823.1,8231.0,2025-07-29 11:47:46.392977
2025-07-29,124664,2025072903007277,SINDU,Linch Stock Market Ltd.,Secured Securities Ltd.,111,823.8,91441.8,2025-07-29 11:48:38.853131
2025-07-29,124589,2025072903007305,SINDU,Dynamic Money Managers Securities Pvt. Ltd.,Kohinoor Investment & Securities Pvt. Ltd.,325,823.5,267637.5,2025-07-29 11:48:45.648158
2025-07-29,124277,2025072903007388,SINDU,Dynamic Money Managers Securities Pvt. Ltd.,Secured Securities Ltd.,100,823.5,82350.0,2025-07-29 11:49:16.226843
2025-07-29,123421,2025072903007573,SINDU,Dynamic Money Managers Securities Pvt. Ltd.,Vision Securities Pvt. Ltd,75,823.5,61762.5,2025-07-29 11:50:24.929919
2025-07-29,123420,2025072903007574,SINDU,Sri Hari Securities Pvt. Ltd.,Vision Securities Pvt. Ltd,111,823.2,91375.2,2025-07-29 11:50:24.930088
2025-07-29,123419,2025072903007575,SINDU,Sumeru Securities Pvt. Ltd.,Vision Securities Pvt. Ltd,40,823.1,32924.0,2025-07-29 11:50:24.930160
2025-07-29,123418,2025072903007576,SINDU,Naasa Securities Co. Ltd.,Vision Securities Pvt. Ltd,74,823.0,60902.0,2025-07-29 11:50:24.930232
2025-07-29,123341,2025072903007590,SINDU,Naasa Securities Co. Ltd.,Secured Securities Ltd.,33,823.8,27185.4,2025-07-29 11:50:34.332286
2025-07-29,123133,2025072903007633,SINDU,Naasa Securities Co. Ltd.,Swarna Laxmi Securities Pvt. Ltd.,46,823.0,37858.0,2025-07-29 11:50:53.333927
2025-07-29,122357,2025072903007790,SINDU,Agrawal Securities (PVT) Ltd.,Cristal Kanchanjanga Securites Pvt. Ltd.,20,823.0,16460.0,2025-07-29 11:52:05.427895
2025-07-29,120590,2025072903008248,SINDU,Vision Securities Pvt. Ltd,Cristal Kanchanjanga Securites Pvt. Ltd.,26,823.0,21398.0,2025-07-29 11:54:47.859093
2025-07-29,120365,2025072903008292,SINDU,Dipshikha Dhitopatra Karobar Co. Pvt Ltd.,Sweta Securities Private Limited,100,823.0,82300.0,2025-07-29 11:55:08.031332
2025-07-29,119386,2025072903008480,SINDU,Midas Stock Broking Company Private Limited,Secured Securities Ltd.,200,823.8,164760.0,2025-07-29 11:56:17.611287
2025-07-29,118553,2025072903008626,SINDU,South Asian Bulls Pvt. Ltd.,Secured Securities Ltd.,71,823.8,58489.8,2025-07-29 11:57:25.496610
2025-07-29,118552,2025072903008627,SINDU,South Asian Bulls Pvt. Ltd.,Imperial Securities Company Pvt. Ltd.,29,823.8,23890.2,2025-07-29 11:57:25.496980
2025-07-29,117558,2025072903008779,SINDU,Naasa Securities Co. Ltd.,Imperial Securities Company Pvt. Ltd.,271,823.8,223249.8,2025-07-29 11:58:42.017811
2025-07-29,116800,2025072903008965,SINDU,Naasa Securities Co. Ltd.,Aryatara Investment & Securities,85,823.0,69955.0,2025-07-29 11:59:32.049890
2025-07-29,115875,2025072903009079,SINDU,Midas Stock Broking Company Private Limited,Cristal Kanchanjanga Securites Pvt. Ltd.,11,823.0,9053.0,2025-07-29 12:00:29.503870
2025-07-29,115550,2025072903009121,SINDU,Online Securities Pvt. Ltd.,Cristal Kanchanjanga Securites Pvt. Ltd.,74,823.0,60902.0,2025-07-29 12:00:45.910576
2025-07-29,115549,2025072903009122,SINDU,Online Securities Pvt. Ltd.,Naasa Securities Co. Ltd.,26,823.0,21398.0,2025-07-29 12:00:45.910764
2025-07-29,115069,2025072903009207,SINDU,Sumeru Securities Pvt. Ltd.,Naasa Securities Co. Ltd.,10,822.2,8222.0,2025-07-29 12:01:16.752639
2025-07-29,115068,2025072903009208,SINDU,Sumeru Securities Pvt. Ltd.,Naasa Securities Co. Ltd.,20,822.2,16444.0,2025-07-29 12:01:16.752969
2025-07-29,115067,2025072903009209,SINDU,Sumeru Securities Pvt. Ltd.,Naasa Securities Co. Ltd.,20,822.1,16442.0,2025-07-29 12:01:16.753189
2025-07-29,115066,2025072903009210,SINDU,Linch Stock Market Ltd.,Naasa Securities Co. Ltd.,424,822.0,348528.0,2025-07-29 12:01:16.753404
2025-07-29,114698,2025072903009257,SINDU,Linch Stock Market Ltd.,Sumeru Securities Pvt. Ltd.,30,822.0,24660.0,2025-07-29 12:01:39.724649
2025-07-29,114398,2025072903009340,SINDU,Linch Stock Market Ltd.,Aryatara Investment & Securities,46,822.0,37812.0,2025-07-29 12:02:01.158054
2025-07-29,114397,2025072903009341,SINDU,Naasa Securities Co. Ltd.,Aryatara Investment & Securities,54,822.0,44388.0,2025-07-29 12:02:01.158250
2025-07-29,112116,2025072903009770,SINDU,Agrawal Securities (PVT) Ltd.,Sundhara Securities Limited,65,822.2,53443.0,2025-07-29 12:04:19.348223
2025-07-29,112115,2025072903009771,SINDU,Naasa Securities Co. Ltd.,Sundhara Securities Limited,129,822.1,106050.9,2025-07-29 12:04:19.348388
2025-07-29,112114,2025072903009772,SINDU,Naasa Securities Co. Ltd.,Sundhara Securities Limited,82,822.0,67404.0,2025-07-29 12:04:19.348459
2025-07-29,112113,2025072903009773,SINDU,Indira securities pvt. ltd,Sundhara Securities Limited,12,822.0,9864.0,2025-07-29 12:04:19.348523
2025-07-29,111468,2025072903009873,SINDU,Vision Securities Pvt. Ltd,Sundhara Securities Limited,12,822.0,9864.0,2025-07-29 12:04:58.241497
2025-07-29,109366,2025072903010183,SINDU,Aryatara Investment & Securities,Aryatara Investment & Securities,20,822.6,16452.0,2025-07-29 12:07:10.805183
2025-07-29,108320,2025072903010435,SINDU,Sewa Securities Pvt. Ltd.,Imperial Securities Company Pvt. Ltd.,50,824.0,41200.0,2025-07-29 12:08:15.305104
2025-07-29,107535,2025072903010601,SINDU,Online Securities Pvt. Ltd.,Premier Securities Company Ltd.,4,820.0,3280.0,2025-07-29 12:08:59.167938
2025-07-29,106877,2025072903010720,SINDU,Sewa Securities Pvt. Ltd.,Imperial Securities Company Pvt. Ltd.,70,824.0,57680.0,2025-07-29 12:09:46.419285
2025-07-29,105312,2025072903011033,SINDU,Nepal Investment And Securities Trading Private Limited,Imperial Securities Company Pvt. Ltd.,160,824.0,131840.0,2025-07-29 12:11:18.606531
2025-07-29,105311,2025072903011034,SINDU,Nepal Investment And Securities Trading Private Limited,Trishakti Securities Public Limited,60,824.0,49440.0,2025-07-29 12:11:18.606713
2025-07-29,104989,2025072903011110,SINDU,Midas Stock Broking Company Private Limited,Trishakti Securities Public Limited,100,824.0,82400.0,2025-07-29 12:11:35.809058
2025-07-29,104401,2025072903011216,SINDU,Vision Securities Pvt. Ltd,Siprabi Securities Pvt. Ltd.,100,823.3,82330.0,2025-07-29 12:12:21.842162
2025-07-29,104400,2025072903011217,SINDU,Malla & Malla Stock Broking Company Pvt. Limited,Siprabi Securities Pvt. Ltd.,10,823.2,8232.0,2025-07-29 12:12:21.842342
2025-07-29,103981,2025072903011304,SINDU,Dipshikha Dhitopatra Karobar Co. Pvt Ltd.,Trishakti Securities Public Limited,20,824.0,16480.0,2025-07-29 12:12:48.391107
2025-07-29,103320,2025072903011411,SINDU,Neev Securities Pvt. Ltd.,Trishakti Securities Public Limited,190,824.0,156560.0,2025-07-29 12:13:38.253228
2025-07-29,103319,2025072903011412,SINDU,Neev Securities Pvt. Ltd.,Aryatara Investment & Securities,10,824.0,8240.0,2025-07-29 12:13:38.253404
2025-07-29,102087,2025072903011672,SINDU,Sumeru Securities Pvt. Ltd.,Imperial Securities Company Pvt. Ltd.,10,823.3,8233.0,2025-07-29 12:15:07.842303
2025-07-29,102086,2025072903011673,SINDU,Malla & Malla Stock Broking Company Pvt. Limited,Imperial Securities Company Pvt. Ltd.,40,823.2,32928.0,2025-07-29 12:15:07.842347
2025-07-29,101159,2025072903011804,SINDU,Midas Stock Broking Company Private Limited,Trisul Securities & Invt. Ltd.,20,823.9,16478.0,2025-07-29 12:16:11.209681
2025-07-29,101147,2025072903011809,SINDU,South Asian Bulls Pvt. Ltd.,Nabil Stock Dealer Ltd.,100,823.3,82330.0,2025-07-29 12:16:12.632716
2025-07-29,101146,2025072903011810,SINDU,Malla & Malla Stock Broking Company Pvt. Limited,Nabil Stock Dealer Ltd.,50,823.2,41160.0,2025-07-29 12:16:12.633051
2025-07-29,101145,2025072903011811,SINDU,Cristal Kanchanjanga Securites Pvt. Ltd.,Nabil Stock Dealer Ltd.,128,823.1,105356.8,2025-07-29 12:16:12.633254
2025-07-29,98832,2025072903012258,SINDU,Cristal Kanchanjanga Securites Pvt. Ltd.,Aryatara Investment & Securities,50,823.1,41155.0,2025-07-29 12:19:15.350078
2025-07-29,97982,2025072903012428,SINDU,Cristal Kanchanjanga Securites Pvt. Ltd.,KALASH STOCK MARKET PVT. LTD.,186,823.1,153096.6,2025-07-29 12:20:11.609639
2025-07-29,97981,2025072903012429,SINDU,Vision Securities Pvt. Ltd,KALASH STOCK MARKET PVT. LTD.,14,823.0,11522.0,2025-07-29 12:20:11.609962
2025-07-29,97771,2025072903012473,SINDU,Vision Securities Pvt. Ltd,Oxford Securities Pvt. Ltd.,74,823.0,60902.0,2025-07-29 12:20:25.682735
2025-07-29,97770,2025072903012474,SINDU,Agrawal Securities (PVT) Ltd.,Oxford Securities Pvt. Ltd.,200,823.0,164600.0,2025-07-29 12:20:25.682903
2025-07-29,97769,2025072903012475,SINDU,Agrawal Securities (PVT) Ltd.,Oxford Securities Pvt. Ltd.,241,823.0,198343.0,2025-07-29 12:20:25.682975
2025-07-29,96785,2025072903012660,SINDU,Agrawal Securities (PVT) Ltd.,Aryatara Investment & Securities,40,823.0,32920.0,2025-07-29 12:21:31.312035
2025-07-29,96769,2025072903012665,SINDU,Agrawal Securities (PVT) Ltd.,Sundhara Securities Limited,219,823.0,180237.0,2025-07-29 12:21:32.872267
2025-07-29,96768,2025072903012666,SINDU,Sani Securities Company Ltd.,Sundhara Securities Limited,90,823.0,74070.0,2025-07-29 12:21:32.872444
2025-07-29,96741,2025072903012673,SINDU,Stoxkarts Securities Limited,Sundhara Securities Limited,19,823.0,15637.0,2025-07-29 12:21:35.081671
2025-07-29,96740,2025072903012674,SINDU,Stoxkarts Securities Limited,Trisul Securities & Invt. Ltd.,261,823.9,215037.9,2025-07-29 12:21:35.081848
2025-07-29,95607,2025072903012865,SINDU,Aryatara Investment & Securities,Linch Stock Market Ltd.,30,822.6,24678.0,2025-07-29 12:22:49.052888
2025-07-29,95606,2025072903012866,SINDU,Arun Securities (PVT) Ltd.,Linch Stock Market Ltd.,24,822.1,19730.4,2025-07-29 12:22:49.053085
2025-07-29,95605,2025072903012867,SINDU,Online Securities Pvt. Ltd.,Linch Stock Market Ltd.,200,822.0,164400.0,2025-07-29 12:22:49.053191
2025-07-29,94818,2025072903013009,SINDU,Aryatara Investment & Securities,Imperial Securities Company Pvt. Ltd.,44,821.1,36128.4,2025-07-29 12:23:41.218786
2025-07-29,94295,2025072903013117,SINDU,Aryatara Investment & Securities,Linch Stock Market Ltd.,56,821.1,45981.6,2025-07-29 12:24:23.337386
2025-07-29,94294,2025072903013118,SINDU,Ashutosh Brokerage & Securities (PVT) Ltd.,Linch Stock Market Ltd.,140,821.1,114954.0,2025-07-29 12:24:23.337566
2025-07-29,89617,2025072903013955,SINDU,Naasa Securities Co. Ltd.,Aryatara Investment & Securities,45,821.2,36954.0,2025-07-29 12:29:59.863079
2025-07-29,89357,2025072903014018,SINDU,Naasa Securities Co. Ltd.,Sundhara Securities Limited,45,823.6,37062.0,2025-07-29 12:30:13.822508
2025-07-29,88351,2025072903014224,SINDU,Aryatara Investment & Securities,Sundhara Securities Limited,50,823.6,41180.0,2025-07-29 12:31:42.879156
2025-07-29,87886,2025072903014314,SINDU,Naasa Securities Co. Ltd.,Sani Securities Company Ltd.,175,821.2,143710.0,2025-07-29 12:32:22.975530
2025-07-29,87885,2025072903014315,SINDU,Sani Securities Company Ltd.,Sani Securities Company Ltd.,25,821.2,20530.0,2025-07-29 12:32:22.975564
2025-07-29,87224,2025072903014458,SINDU,Sani Securities Company Ltd.,Cristal Kanchanjanga Securites Pvt. Ltd.,150,821.2,123180.0,2025-07-29 12:33:22.141463
2025-07-29,85961,2025072903014706,SINDU,South Asian Bulls Pvt. Ltd.,SHUBHAKAMANA SECURITIES PVT. LTD,100,821.3,82130.0,2025-07-29 12:35:22.454295
2025-07-29,84291,2025072903015008,SINDU,Sani Securities Company Ltd.,Sundhara Securities Limited,10,822.0,8220.0,2025-07-29 12:38:06.647006
2025-07-29,84290,2025072903015009,SINDU,Aryatara Investment & Securities,Sundhara Securities Limited,100,821.3,82130.0,2025-07-29 12:38:06.647184
2025-07-29,84289,2025072903015010,SINDU,Sani Securities Company Ltd.,Sundhara Securities Limited,325,821.2,266890.0,2025-07-29 12:38:06.647296
2025-07-29,84288,2025072903015011,SINDU,Ashutosh Brokerage & Securities (PVT) Ltd.,Sundhara Securities Limited,160,821.1,131376.0,2025-07-29 12:38:06.647370
2025-07-29,84287,2025072903015012,SINDU,Sani Securities Company Ltd.,Sundhara Securities Limited,40,821.1,32844.0,2025-07-29 12:38:06.647443
2025-07-29,84286,2025072903015013,SINDU,Primo Securities (PVT) Ltd.,Sundhara Securities Limited,300,821.0,246300.0,2025-07-29 12:38:06.647513
2025-07-29,84285,2025072903015014,SINDU,Kalika Securities Pvt. Ltd.,Sundhara Securities Limited,40,821.0,32840.0,2025-07-29 12:38:06.647604
2025-07-29,84284,2025072903015015,SINDU,Himalayan Securities Limited,Sundhara Securities Limited,25,821.0,20525.0,2025-07-29 12:38:06.647712
2025-07-29,82661,2025072903015301,SINDU,Infinity Securities Limited,Sewa Securities Pvt. Ltd.,30,821.3,24639.0,2025-07-29 12:40:42.421534
2025-07-29,81226,2025072903015578,SINDU,Naasa Securities Co. Ltd.,Imperial Securities Company Pvt. Ltd.,45,821.4,36963.0,2025-07-29 12:42:56.434251
2025-07-29,80959,2025072903015607,SINDU,Dipshikha Dhitopatra Karobar Co. Pvt Ltd.,South Asian Bulls Pvt. Ltd.,125,822.0,102750.0,2025-07-29 12:43:22.165773
2025-07-29,80958,2025072903015608,SINDU,Dipshikha Dhitopatra Karobar Co. Pvt Ltd.,Trisul Securities & Invt. Ltd.,65,822.0,53430.0,2025-07-29 12:43:22.165949
2025-07-29,80957,2025072903015609,SINDU,Dipshikha Dhitopatra Karobar Co. Pvt Ltd.,Bhrikuti Stock Broking Co. Pvt. Ltd.,50,823.4,41170.0,2025-07-29 12:43:22.166047
2025-07-29,80956,2025072903015610,SINDU,Dipshikha Dhitopatra Karobar Co. Pvt Ltd.,Trisul Securities & Invt. Ltd.,19,823.5,15646.5,2025-07-29 12:43:22.166122
2025-07-29,80955,2025072903015611,SINDU,Dipshikha Dhitopatra Karobar Co. Pvt Ltd.,KALASH STOCK MARKET PVT. LTD.,200,823.8,164760.0,2025-07-29 12:43:22.166197
2025-07-29,80954,2025072903015612,SINDU,Dipshikha Dhitopatra Karobar Co. Pvt Ltd.,Aryatara Investment & Securities,41,824.0,33784.0,2025-07-29 12:43:22.166268
2025-07-29,79849,2025072903015796,SINDU,Oxford Securities Pvt. Ltd.,Arun Securities (PVT) Ltd.,58,822.0,47676.0,2025-07-29 12:44:57.503650
2025-07-29,78110,2025072903016127,SINDU,Oxford Securities Pvt. Ltd.,Aryatara Investment & Securities,14,822.0,11508.0,2025-07-29 12:47:47.743376
2025-07-29,76859,2025072903016355,SINDU,Imperial Securities Company Pvt. Ltd.,Aryatara Investment & Securities,50,823.0,41150.0,2025-07-29 12:50:10.016288
2025-07-29,76600,2025072903016408,SINDU,Nepal Investment And Securities Trading Private Limited,Agrawal Securities (PVT) Ltd.,20,824.0,16480.0,2025-07-29 12:50:36.848757
2025-07-29,76588,2025072903016409,SINDU,Naasa Securities Co. Ltd.,Agrawal Securities (PVT) Ltd.,30,824.0,24720.0,2025-07-29 12:50:40.407938
2025-07-29,76466,2025072903016427,SINDU,Naasa Securities Co. Ltd.,Trishakti Securities Public Limited,20,824.0,16480.0,2025-07-29 12:50:56.601284
2025-07-29,74397,2025072903016869,SINDU,Arun Securities (PVT) Ltd.,Naasa Securities Co. Ltd.,40,823.0,32920.0,2025-07-29 12:54:54.706566
2025-07-29,73412,2025072903017063,SINDU,Imperial Securities Company Pvt. Ltd.,Aryatara Investment & Securities,45,824.0,37080.0,2025-07-29 12:56:39.025214
2025-07-29,73142,2025072903017136,SINDU,Sani Securities Company Ltd.,Siprabi Securities Pvt. Ltd.,200,825.0,165000.0,2025-07-29 12:57:15.646141
2025-07-29,73141,2025072903017137,SINDU,Sani Securities Company Ltd.,Malla & Malla Stock Broking Company Pvt. Limited,50,825.0,41250.0,2025-07-29 12:57:15.646328
2025-07-29,73140,2025072903017138,SINDU,Sani Securities Company Ltd.,Asian Securities Private Ltd.,20,825.0,16500.0,2025-07-29 12:57:15.646415
2025-07-29,73139,2025072903017139,SINDU,Sani Securities Company Ltd.,Sri Hari Securities Pvt. Ltd.,60,825.0,49500.0,2025-07-29 12:57:15.646490
2025-07-29,73138,2025072903017140,SINDU,Sani Securities Company Ltd.,Dipshikha Dhitopatra Karobar Co. Pvt Ltd.,50,825.0,41250.0,2025-07-29 12:57:15.646564
2025-07-29,73137,2025072903017141,SINDU,Sani Securities Company Ltd.,Investment Management Nepal Pvt. Ltd.,175,825.0,144375.0,2025-07-29 12:57:15.646636
2025-07-29,71872,2025072903017592,SINDU,Oxford Securities Pvt. Ltd.,Online Securities Pvt. Ltd.,20,825.0,16500.0,2025-07-29 12:59:07.556051
2025-07-29,68770,2025072903018189,SINDU,Oxford Securities Pvt. Ltd.,Secured Securities Ltd.,28,825.2,23105.6,2025-07-29 13:04:37.626935
2025-07-29,68769,2025072903018190,SINDU,Midas Stock Broking Company Private Limited,Secured Securities Ltd.,120,825.2,99024.0,2025-07-29 13:04:37.627136
2025-07-29,67256,2025072903018578,SINDU,Siprabi Securities Pvt. Ltd.,Naasa Securities Co. Ltd.,9,815.0,7335.0,2025-07-29 13:07:44.783434
2025-07-29,66377,2025072903018744,SINDU,Deevyaa Securities & Stock House Pvt. Ltd,Aryatara Investment & Securities,10,825.3,8253.0,2025-07-29 13:09:35.733052
2025-07-29,65371,2025072903018922,SINDU,Oxford Securities Pvt. Ltd.,KALASH STOCK MARKET PVT. LTD.,300,828.8,248640.0,2025-07-29 13:11:50.404211
2025-07-29,65370,2025072903018923,SINDU,Oxford Securities Pvt. Ltd.,Aryatara Investment & Securities,25,828.8,20720.0,2025-07-29 13:11:50.404426
2025-07-29,65369,2025072903018924,SINDU,Oxford Securities Pvt. Ltd.,Sundhara Securities Limited,100,828.8,82880.0,2025-07-29 13:11:50.404511
2025-07-29,65162,2025072903018958,SINDU,Oxford Securities Pvt. Ltd.,Primo Securities (PVT) Ltd.,75,828.8,62160.0,2025-07-29 13:12:23.694870
2025-07-29,63185,2025072903019255,SINDU,Deevyaa Securities & Stock House Pvt. Ltd,Siprabi Securities Pvt. Ltd.,90,825.5,74295.0,2025-07-29 13:15:58.063605
2025-07-29,63184,2025072903019256,SINDU,Sani Securities Company Ltd.,Siprabi Securities Pvt. Ltd.,110,825.4,90794.0,2025-07-29 13:15:58.063838
2025-07-29,62726,2025072903019326,SINDU,Oxford Securities Pvt. Ltd.,South Asian Bulls Pvt. Ltd.,10,828.5,8285.0,2025-07-29 13:16:40.386907
2025-07-29,62725,2025072903019327,SINDU,Oxford Securities Pvt. Ltd.,Aryatara Investment & Securities,25,828.5,20712.5,2025-07-29 13:16:40.387121
2025-07-29,62572,2025072903019362,SINDU,Oxford Securities Pvt. Ltd.,Vision Securities Pvt. Ltd,100,828.5,82850.0,2025-07-29 13:17:03.711732
2025-07-29,62073,2025072903019471,SINDU,Oxford Securities Pvt. Ltd.,Trishakti Securities Public Limited,365,828.5,302402.5,2025-07-29 13:17:57.917959
2025-07-29,61807,2025072903019520,SINDU,Sumeru Securities Pvt. Ltd.,Secured Securities Ltd.,10,825.5,8255.0,2025-07-29 13:18:32.128515
2025-07-29,61806,2025072903019521,SINDU,Sani Securities Company Ltd.,Secured Securities Ltd.,652,825.4,538160.8,2025-07-29 13:18:32.128887
2025-07-29,61790,2025072903019525,SINDU,Kohinoor Investment & Securities Pvt. Ltd.,Market Securities & Exchange (PVT) Ltd.,9,820.0,7380.0,2025-07-29 13:18:34.410123
2025-07-29,59714,2025072903019919,SINDU,Aryatara Investment & Securities,Sani Securities Company Ltd.,37,825.5,30543.5,2025-07-29 13:22:46.884859
2025-07-29,56078,2025072903020624,SINDU,Sani Securities Company Ltd.,ABC Securities Private Limited,100,826.0,82600.0,2025-07-29 13:30:54.535411
2025-07-29,54790,2025072903020873,SINDU,Infinity Securities Limited,Sweta Securities Private Limited,20,826.0,16520.0,2025-07-29 13:33:38.569910
2025-07-29,54197,2025072903020991,SINDU,ABC Securities Private Limited,Aryatara Investment & Securities,25,826.1,20652.5,2025-07-29 13:34:40.869123
2025-07-29,54097,2025072903021003,SINDU,ABC Securities Private Limited,Trishakti Securities Public Limited,20,826.1,16522.0,2025-07-29 13:34:52.110422
2025-07-29,53268,2025072903021141,SINDU,ABC Securities Private Limited,Neev Securities Pvt. Ltd.,50,826.1,41305.0,2025-07-29 13:36:10.617422
2025-07-29,53056,2025072903021161,SINDU,ABC Securities Private Limited,Dakshinkali Investment & Securities Pvt. Ltd.,105,826.1,86740.5,2025-07-29 13:36:29.985345
2025-07-29,53055,2025072903021162,SINDU,Vision Securities Pvt. Ltd,Dakshinkali Investment & Securities Pvt. Ltd.,20,826.1,16522.0,2025-07-29 13:36:29.985555
2025-07-29,52447,2025072903021264,SINDU,Vision Securities Pvt. Ltd,Aryatara Investment & Securities,30,826.1,24783.0,2025-07-29 13:37:33.286943
2025-07-29,52127,2025072903021319,SINDU,Infinity Securities Limited,Siprabi Securities Pvt. Ltd.,180,826.0,148680.0,2025-07-29 13:38:01.400263
2025-07-29,52126,2025072903021320,SINDU,Market Securities & Exchange (PVT) Ltd.,Siprabi Securities Pvt. Ltd.,200,826.0,165200.0,2025-07-29 13:38:01.400487
2025-07-29,52125,2025072903021321,SINDU,Infinity Securities Limited,Siprabi Securities Pvt. Ltd.,120,826.0,99120.0,2025-07-29 13:38:01.400571
2025-07-29,51297,2025072903021539,SINDU,Infinity Securities Limited,Primo Securities (PVT) Ltd.,125,826.0,103250.0,2025-07-29 13:39:36.796804
2025-07-29,50093,2025072903021771,SINDU,Kohinoor Investment & Securities Pvt. Ltd.,Sundhara Securities Limited,5,823.6,4118.0,2025-07-29 13:41:51.212821
2025-07-29,49906,2025072903021814,SINDU,Infinity Securities Limited,Aryatara Investment & Securities,50,826.0,41300.0,2025-07-29 13:42:15.700099
2025-07-29,48690,2025072903022010,SINDU,Infinity Securities Limited,Aryatara Investment & Securities,50,826.0,41300.0,2025-07-29 13:44:28.067526
2025-07-29,48576,2025072903022032,SINDU,Naasa Securities Co. Ltd.,Aryatara Investment & Securities,25,827.0,20675.0,2025-07-29 13:44:39.017387
2025-07-29,48107,2025072903022132,SINDU,Naasa Securities Co. Ltd.,J.F. Securites (PVT) Ltd.,112,827.0,92624.0,2025-07-29 13:45:22.019579
2025-07-29,47836,2025072903022194,SINDU,Vision Securities Pvt. Ltd,Cristal Kanchanjanga Securites Pvt. Ltd.,100,828.4,82840.0,2025-07-29 13:45:44.753568
2025-07-29,47135,2025072903022355,SINDU,Naasa Securities Co. Ltd.,Cristal Kanchanjanga Securites Pvt. Ltd.,60,827.0,49620.0,2025-07-29 13:47:01.981178
2025-07-29,46810,2025072903022424,SINDU,Naasa Securities Co. Ltd.,Cristal Kanchanjanga Securites Pvt. Ltd.,40,827.0,33080.0,2025-07-29 13:47:42.272325
2025-07-29,45956,2025072903022618,SINDU,Naasa Securities Co. Ltd.,Secured Securities Ltd.,200,827.0,165400.0,2025-07-29 13:49:07.884609
2025-07-29,45940,2025072903022620,SINDU,Naasa Securities Co. Ltd.,Thrive Brokerage House Pvt. Ltd,46,827.0,38042.0,2025-07-29 13:49:10.312470
2025-07-29,45661,2025072903022677,SINDU,Infinity Securities Limited,Thrive Brokerage House Pvt. Ltd,125,826.0,103250.0,2025-07-29 13:49:43.544167
2025-07-29,45660,2025072903022678,SINDU,Nabil Stock Dealer Ltd.,Thrive Brokerage House Pvt. Ltd,60,826.0,49560.0,2025-07-29 13:49:43.544384
2025-07-29,45659,2025072903022679,SINDU,Sani Securities Company Ltd.,Thrive Brokerage House Pvt. Ltd,50,826.0,41300.0,2025-07-29 13:49:43.544472
2025-07-29,45536,2025072903022701,SINDU,Sani Securities Company Ltd.,Thrive Brokerage House Pvt. Ltd,119,825.6,98246.4,2025-07-29 13:50:01.670187
2025-07-29,44892,2025072903022801,SINDU,Sagarmatha Securities Private Limited,Deevyaa Securities & Stock House Pvt. Ltd,85,828.0,70380.0,2025-07-29 13:51:21.817286
2025-07-29,44891,2025072903022802,SINDU,Sagarmatha Securities Private Limited,Sewa Securities Pvt. Ltd.,15,828.0,12420.0,2025-07-29 13:51:21.817509
2025-07-29,44356,2025072903022912,SINDU,Sani Securities Company Ltd.,Online Securities Pvt. Ltd.,80,825.6,66048.0,2025-07-29 13:52:33.442397
2025-07-29,42912,2025072903023246,SINDU,Sani Securities Company Ltd.,Trishakti Securities Public Limited,834,825.6,688550.4,2025-07-29 13:55:32.325044
2025-07-29,42565,2025072903023327,SINDU,Aryatara Investment & Securities,Trishakti Securities Public Limited,16,825.5,13208.0,2025-07-29 13:56:22.163241
2025-07-29,42365,2025072903023372,SINDU,Aryatara Investment & Securities,Trishakti Securities Public Limited,47,825.5,38798.5,2025-07-29 13:56:53.594053
2025-07-29,42364,2025072903023373,SINDU,Aryatara Investment & Securities,Trishakti Securities Public Limited,50,825.3,41265.0,2025-07-29 13:56:53.594311
2025-07-29,42252,2025072903023392,SINDU,Secured Securities Ltd.,Asian Securities Private Ltd.,100,825.2,82520.0,2025-07-29 13:57:13.067487
2025-07-29,41638,2025072903023568,SINDU,Secured Securities Ltd.,Himalayan Brokerage Company Limited,10,825.2,8252.0,2025-07-29 13:58:37.173019
2025-07-29,40850,2025072903023707,SINDU,Secured Securities Ltd.,Aryatara Investment & Securities,10,825.2,8252.0,2025-07-29 14:00:17.394380
2025-07-29,40035,2025072903023857,SINDU,Secured Securities Ltd.,Aryatara Investment & Securities,25,825.2,20630.0,2025-07-29 14:02:01.083087
2025-07-29,39304,2025072903023966,SINDU,Secured Securities Ltd.,ABC Securities Private Limited,90,825.2,74268.0,2025-07-29 14:03:41.772156
2025-07-29,38745,2025072903024058,SINDU,Secured Securities Ltd.,Nepal Stock House (PVT) Ltd.,200,825.2,165040.0,2025-07-29 14:05:02.383106
2025-07-29,38735,2025072903024060,SINDU,Secured Securities Ltd.,Prabhu Stock Market Limited,565,825.2,466238.0,2025-07-29 14:05:02.699535
2025-07-29,38734,2025072903024061,SINDU,Capital Max Securities Ltd,Prabhu Stock Market Limited,120,825.2,99024.0,2025-07-29 14:05:02.699986
2025-07-29,38733,2025072903024062,SINDU,Asian Securities Private Ltd.,Prabhu Stock Market Limited,315,825.1,259906.5,2025-07-29 14:05:02.700383
2025-07-29,38606,2025072903024094,SINDU,Asian Securities Private Ltd.,Siprabi Securities Pvt. Ltd.,185,825.1,152643.5,2025-07-29 14:05:20.229842
2025-07-29,38605,2025072903024095,SINDU,South Asian Bulls Pvt. Ltd.,Siprabi Securities Pvt. Ltd.,100,825.0,82500.0,2025-07-29 14:05:20.230103
2025-07-29,38604,2025072903024096,SINDU,J.F. Securites (PVT) Ltd.,Siprabi Securities Pvt. Ltd.,50,825.0,41250.0,2025-07-29 14:05:20.230189
2025-07-29,38603,2025072903024097,SINDU,Nabil Stock Dealer Ltd.,Siprabi Securities Pvt. Ltd.,50,825.0,41250.0,2025-07-29 14:05:20.230266
2025-07-29,38602,2025072903024098,SINDU,Kohinoor Investment & Securities Pvt. Ltd.,Siprabi Securities Pvt. Ltd.,180,825.0,148500.0,2025-07-29 14:05:20.230342
2025-07-29,38601,2025072903024099,SINDU,Vision Securities Pvt. Ltd,Siprabi Securities Pvt. Ltd.,20,825.0,16500.0,2025-07-29 14:05:20.230419
2025-07-29,38600,2025072903024100,SINDU,Kohinoor Investment & Securities Pvt. Ltd.,Siprabi Securities Pvt. Ltd.,200,825.0,165000.0,2025-07-29 14:05:20.230496
2025-07-29,38599,2025072903024101,SINDU,Premier Securities Company Ltd.,Siprabi Securities Pvt. Ltd.,10,825.0,8250.0,2025-07-29 14:05:20.230588
2025-07-29,38598,2025072903024102,SINDU,Imperial Securities Company Pvt. Ltd.,Siprabi Securities Pvt. Ltd.,50,825.0,41250.0,2025-07-29 14:05:20.230673
2025-07-29,38351,2025072903024164,SINDU,Imperial Securities Company Pvt. Ltd.,Siprabi Securities Pvt. Ltd.,55,824.0,45320.0,2025-07-29 14:05:51.643082
2025-07-29,38350,2025072903024165,SINDU,Sani Securities Company Ltd.,Siprabi Securities Pvt. Ltd.,30,824.0,24720.0,2025-07-29 14:05:51.643307
2025-07-29,38349,2025072903024166,SINDU,Imperial Securities Company Pvt. Ltd.,Siprabi Securities Pvt. Ltd.,50,824.0,41200.0,2025-07-29 14:05:51.643421
2025-07-29,38348,2025072903024167,SINDU,Kohinoor Investment & Securities Pvt. Ltd.,Siprabi Securities Pvt. Ltd.,20,823.0,16460.0,2025-07-29 14:05:51.643547
2025-07-29,38205,2025072903024196,SINDU,Kohinoor Investment & Securities Pvt. Ltd.,Primo Securities (PVT) Ltd.,160,823.0,131680.0,2025-07-29 14:06:08.845676
2025-07-29,38204,2025072903024197,SINDU,Imperial Securities Company Pvt. Ltd.,Primo Securities (PVT) Ltd.,50,822.7,41135.0,2025-07-29 14:06:08.845739
2025-07-29,38203,2025072903024198,SINDU,Himalayan Brokerage Company Limited,Primo Securities (PVT) Ltd.,500,822.7,411350.0,2025-07-29 14:06:08.845776
2025-07-29,38202,2025072903024199,SINDU,Online Securities Pvt. Ltd.,Primo Securities (PVT) Ltd.,200,822.0,164400.0,2025-07-29 14:06:08.845812
2025-07-29,38201,2025072903024200,SINDU,Asian Securities Private Ltd.,Primo Securities (PVT) Ltd.,300,821.5,246450.0,2025-07-29 14:06:08.845849
2025-07-29,37328,2025072903024374,SINDU,Asian Securities Private Ltd.,Kohinoor Investment & Securities Pvt. Ltd.,25,821.5,20537.5,2025-07-29 14:07:51.779619
2025-07-29,36604,2025072903024499,SINDU,Asian Securities Private Ltd.,Dipshikha Dhitopatra Karobar Co. Pvt Ltd.,175,821.5,143762.5,2025-07-29 14:09:06.191236
2025-07-29,36603,2025072903024500,SINDU,Sani Securities Company Ltd.,Dipshikha Dhitopatra Karobar Co. Pvt Ltd.,75,821.5,61612.5,2025-07-29 14:09:06.191639
2025-07-29,36602,2025072903024501,SINDU,Naasa Securities Co. Ltd.,Dipshikha Dhitopatra Karobar Co. Pvt Ltd.,22,821.4,18070.8,2025-07-29 14:09:06.191872
2025-07-29,36601,2025072903024502,SINDU,Agrawal Securities (PVT) Ltd.,Dipshikha Dhitopatra Karobar Co. Pvt Ltd.,20,821.3,16426.0,2025-07-29 14:09:06.192110
2025-07-29,36600,2025072903024503,SINDU,Vision Securities Pvt. Ltd,Dipshikha Dhitopatra Karobar Co. Pvt Ltd.,100,821.1,82110.0,2025-07-29 14:09:06.192329
2025-07-29,36599,2025072903024504,SINDU,Nepal Investment And Securities Trading Private Limited,Dipshikha Dhitopatra Karobar Co. Pvt Ltd.,165,821.0,135465.0,2025-07-29 14:09:06.192546
2025-07-29,36598,2025072903024505,SINDU,Naasa Securities Co. Ltd.,Dipshikha Dhitopatra Karobar Co. Pvt Ltd.,25,821.0,20525.0,2025-07-29 14:09:06.192763
2025-07-29,36597,2025072903024506,SINDU,Kalika Securities Pvt. Ltd.,Dipshikha Dhitopatra Karobar Co. Pvt Ltd.,61,820.0,50020.0,2025-07-29 14:09:06.192981
2025-07-29,36596,2025072903024507,SINDU,Aryatara Investment & Securities,Dipshikha Dhitopatra Karobar Co. Pvt Ltd.,14,820.0,11480.0,2025-07-29 14:09:06.193207
2025-07-29,36595,2025072903024508,SINDU,Linch Stock Market Ltd.,Dipshikha Dhitopatra Karobar Co. Pvt Ltd.,60,820.0,49200.0,2025-07-29 14:09:06.193408
2025-07-29,36594,2025072903024509,SINDU,Sani Securities Company Ltd.,Dipshikha Dhitopatra Karobar Co. Pvt Ltd.,360,820.0,295200.0,2025-07-29 14:09:06.193618
2025-07-29,36593,2025072903024510,SINDU,Midas Stock Broking Company Private Limited,Dipshikha Dhitopatra Karobar Co. Pvt Ltd.,50,820.0,41000.0,2025-07-29 14:09:06.193825
2025-07-29,36592,2025072903024511,SINDU,Ashutosh Brokerage & Securities (PVT) Ltd.,Dipshikha Dhitopatra Karobar Co. Pvt Ltd.,10,820.0,8200.0,2025-07-29 14:09:06.194039
2025-07-29,36591,2025072903024512,SINDU,Ashutosh Brokerage & Securities (PVT) Ltd.,Dipshikha Dhitopatra Karobar Co. Pvt Ltd.,10,820.0,8200.0,2025-07-29 14:09:06.194246
2025-07-29,36590,2025072903024513,SINDU,Premier Securities Company Ltd.,Dipshikha Dhitopatra Karobar Co. Pvt Ltd.,430,820.0,352600.0,2025-07-29 14:09:06.194448
2025-07-29,36589,2025072903024514,SINDU,Naasa Securities Co. Ltd.,Dipshikha Dhitopatra Karobar Co. Pvt Ltd.,30,820.0,24600.0,2025-07-29 14:09:06.194649
2025-07-29,36588,2025072903024515,SINDU,Naasa Securities Co. Ltd.,Dipshikha Dhitopatra Karobar Co. Pvt Ltd.,133,820.0,109060.0,2025-07-29 14:09:06.194852
2025-07-29,36587,2025072903024516,SINDU,Sri Hari Securities Pvt. Ltd.,Dipshikha Dhitopatra Karobar Co. Pvt Ltd.,100,820.0,82000.0,2025-07-29 14:09:06.195097
2025-07-29,36586,2025072903024517,SINDU,Aryatara Investment & Securities,Dipshikha Dhitopatra Karobar Co. Pvt Ltd.,160,820.0,131200.0,2025-07-29 14:09:06.195295
2025-07-29,36491,2025072903024543,SINDU,Online Securities Pvt. Ltd.,Nabil Stock Dealer Ltd.,1,805.0,805.0,2025-07-29 14:09:20.001812
2025-07-29,36348,2025072903024571,SINDU,Aryatara Investment & Securities,Sumeru Securities Pvt. Ltd.,60,820.0,49200.0,2025-07-29 14:09:38.945089
2025-07-29,35866,2025072903024666,SINDU,Aryatara Investment & Securities,Kohinoor Investment & Securities Pvt. Ltd.,20,820.1,16402.0,2025-07-29 14:10:36.751570
2025-07-29,35851,2025072903024667,SINDU,Aryatara Investment & Securities,Dipshikha Dhitopatra Karobar Co. Pvt Ltd.,380,820.0,311600.0,2025-07-29 14:10:37.658674
2025-07-29,35850,2025072903024668,SINDU,Trisul Securities & Invt. Ltd.,Dipshikha Dhitopatra Karobar Co. Pvt Ltd.,500,820.0,410000.0,2025-07-29 14:10:37.658901
2025-07-29,35849,2025072903024669,SINDU,Naasa Securities Co. Ltd.,Dipshikha Dhitopatra Karobar Co. Pvt Ltd.,160,820.0,131200.0,2025-07-29 14:10:37.658981
2025-07-29,35227,2025072903024760,SINDU,Aryatara Investment & Securities,Trishakti Securities Public Limited,38,819.9,31156.2,2025-07-29 14:12:02.473316
2025-07-29,34741,2025072903024857,SINDU,Aryatara Investment & Securities,Trishakti Securities Public Limited,12,819.9,9838.8,2025-07-29 14:13:02.694217
2025-07-29,34665,2025072903024877,SINDU,Dipshikha Dhitopatra Karobar Co. Pvt Ltd.,Sri Hari Securities Pvt. Ltd.,100,819.1,81910.0,2025-07-29 14:13:12.035809
2025-07-29,34664,2025072903024878,SINDU,Online Securities Pvt. Ltd.,Sri Hari Securities Pvt. Ltd.,200,819.0,163800.0,2025-07-29 14:13:12.036013
2025-07-29,34663,2025072903024879,SINDU,Online Securities Pvt. Ltd.,Sri Hari Securities Pvt. Ltd.,200,819.0,163800.0,2025-07-29 14:13:12.036097
2025-07-29,34449,2025072903024904,SINDU,Secured Securities Ltd.,Trishakti Securities Public Limited,10,815.0,8150.0,2025-07-29 14:13:38.030000
2025-07-29,32003,2025072903025469,SINDU,Imperial Securities Company Pvt. Ltd.,Dynamic Money Managers Securities Pvt. Ltd.,10,815.2,8152.0,2025-07-29 14:18:08.213004
2025-07-29,31532,2025072903025563,SINDU,Aryatara Investment & Securities,Siprabi Securities Pvt. Ltd.,10,815.1,8151.0,2025-07-29 14:19:02.159594
2025-07-29,31408,2025072903025594,SINDU,Kalika Securities Pvt. Ltd.,Dynamic Money Managers Securities Pvt. Ltd.,40,815.2,32608.0,2025-07-29 14:19:14.968873
2025-07-29,30015,2025072903025863,SINDU,Secured Securities Ltd.,Nepal Stock House (PVT) Ltd.,30,815.0,24450.0,2025-07-29 14:21:54.564712
2025-07-29,30014,2025072903025864,SINDU,Imperial Securities Company Pvt. Ltd.,Nepal Stock House (PVT) Ltd.,170,815.0,138550.0,2025-07-29 14:21:54.565108
2025-07-29,29736,2025072903025906,SINDU,Imperial Securities Company Pvt. Ltd.,Vision Securities Pvt. Ltd,130,815.0,105950.0,2025-07-29 14:22:24.176236
2025-07-29,29735,2025072903025907,SINDU,Opal Securities Investment (PVT) Ltd.,Vision Securities Pvt. Ltd,70,815.0,57050.0,2025-07-29 14:22:24.176589
2025-07-29,28963,2025072903026034,SINDU,Imperial Securities Company Pvt. Ltd.,Naasa Securities Co. Ltd.,10,815.1,8151.0,2025-07-29 14:23:42.222709
2025-07-29,28962,2025072903026035,SINDU,Opal Securities Investment (PVT) Ltd.,Naasa Securities Co. Ltd.,30,815.0,24450.0,2025-07-29 14:23:42.222897
2025-07-29,28961,2025072903026036,SINDU,Aryatara Investment & Securities,Naasa Securities Co. Ltd.,50,815.0,40750.0,2025-07-29 14:23:42.222973
2025-07-29,28960,2025072903026037,SINDU,Online Securities Pvt. Ltd.,Naasa Securities Co. Ltd.,50,815.0,40750.0,2025-07-29 14:23:42.223055
2025-07-29,28959,2025072903026038,SINDU,Oxford Securities Pvt. Ltd.,Naasa Securities Co. Ltd.,35,815.0,28525.0,2025-07-29 14:23:42.223127
2025-07-29,25483,2025072903026817,SINDU,Sewa Securities Pvt. Ltd.,Linch Stock Market Ltd.,15,819.8,12297.0,2025-07-29 14:30:06.355366
2025-07-29,23622,2025072903027217,SINDU,South Asian Bulls Pvt. Ltd.,Siprabi Securities Pvt. Ltd.,11,816.0,8976.0,2025-07-29 14:33:05.890783
2025-07-29,23378,2025072903027270,SINDU,Naasa Securities Co. Ltd.,Siprabi Securities Pvt. Ltd.,5,815.0,4075.0,2025-07-29 14:33:30.516823
2025-07-29,22686,2025072903027374,SINDU,Aryatara Investment & Securities,Sani Securities Company Ltd.,100,820.0,82000.0,2025-07-29 14:34:27.489263
2025-07-29,21944,2025072903027519,SINDU,Sundhara Securities Limited,Sani Securities Company Ltd.,10,820.0,8200.0,2025-07-29 14:35:54.745326
2025-07-29,21017,2025072903027689,SINDU,South Asian Bulls Pvt. Ltd.,Market Securities & Exchange (PVT) Ltd.,50,816.0,40800.0,2025-07-29 14:37:29.447409
2025-07-29,20433,2025072903027802,SINDU,South Asian Bulls Pvt. Ltd.,Neev Securities Pvt. Ltd.,39,816.0,31824.0,2025-07-29 14:38:34.653515
2025-07-29,20432,2025072903027803,SINDU,Citizens Share Broker Limited,Neev Securities Pvt. Ltd.,261,815.1,212741.1,2025-07-29 14:38:34.653718
2025-07-29,20120,2025072903027891,SINDU,Ashutosh Brokerage & Securities (PVT) Ltd.,Sani Securities Company Ltd.,100,820.0,82000.0,2025-07-29 14:39:03.134992
2025-07-29,19448,2025072903028005,SINDU,Secured Securities Ltd.,Neev Securities Pvt. Ltd.,100,816.0,81600.0,2025-07-29 14:40:00.334144
2025-07-29,19107,2025072903028076,SINDU,Sani Securities Company Ltd.,Sani Securities Company Ltd.,100,819.9,81990.0,2025-07-29 14:40:32.480053
2025-07-29,19030,2025072903028080,SINDU,Citizens Share Broker Limited,Sani Securities Company Ltd.,431,820.0,353420.0,2025-07-29 14:40:38.285381
2025-07-29,18469,2025072903028178,SINDU,Citizens Share Broker Limited,Neev Securities Pvt. Ltd.,69,820.0,56580.0,2025-07-29 14:41:33.087017
2025-07-29,18468,2025072903028179,SINDU,Trisul Securities & Invt. Ltd.,Neev Securities Pvt. Ltd.,31,820.0,25420.0,2025-07-29 14:41:33.087404
2025-07-29,17570,2025072903028339,SINDU,Trisul Securities & Invt. Ltd.,Siprabi Securities Pvt. Ltd.,49,820.0,40180.0,2025-07-29 14:42:59.321627
2025-07-29,17569,2025072903028340,SINDU,Linch Stock Market Ltd.,Siprabi Securities Pvt. Ltd.,100,820.0,82000.0,2025-07-29 14:42:59.321882
2025-07-29,17568,2025072903028341,SINDU,Agrawal Securities (PVT) Ltd.,Siprabi Securities Pvt. Ltd.,300,820.0,246000.0,2025-07-29 14:42:59.321970
2025-07-29,16630,2025072903028450,SINDU,Agrawal Securities (PVT) Ltd.,Neev Securities Pvt. Ltd.,380,820.0,311600.0,2025-07-29 14:44:26.675397
2025-07-29,16607,2025072903028456,SINDU,Agrawal Securities (PVT) Ltd.,Neev Securities Pvt. Ltd.,200,820.0,164000.0,2025-07-29 14:44:28.724149
2025-07-29,14452,2025072903028905,SINDU,Imperial Securities Company Pvt. Ltd.,Kohinoor Investment & Securities Pvt. Ltd.,20,821.1,16422.0,2025-07-29 14:47:14.488269
2025-07-29,14451,2025072903028906,SINDU,Arun Securities (PVT) Ltd.,Kohinoor Investment & Securities Pvt. Ltd.,80,821.0,65680.0,2025-07-29 14:47:14.488664
2025-07-29,14125,2025072903028976,SINDU,Sani Securities Company Ltd.,Naasa Securities Co. Ltd.,25,821.0,20525.0,2025-07-29 14:47:42.344085
2025-07-29,13526,2025072903029056,SINDU,Siprabi Securities Pvt. Ltd.,Naasa Securities Co. Ltd.,300,821.0,246300.0,2025-07-29 14:48:35.053945
2025-07-29,13041,2025072903029112,SINDU,Shree Krishna Securities Ltd.,Naasa Securities Co. Ltd.,200,821.0,164200.0,2025-07-29 14:49:16.115412
2025-07-29,12103,2025072903029317,SINDU,Agrawal Securities (PVT) Ltd.,Deevyaa Securities & Stock House Pvt. Ltd,25,820.0,20500.0,2025-07-29 14:50:28.490965
2025-07-29,11688,2025072903029410,SINDU,Agrawal Securities (PVT) Ltd.,Naasa Securities Co. Ltd.,795,820.0,651900.0,2025-07-29 14:50:56.952063
2025-07-29,11437,2025072903029464,SINDU,Bhrikuti Stock Broking Co. Pvt. Ltd.,Naasa Securities Co. Ltd.,55,821.0,45155.0,2025-07-29 14:51:16.532606
2025-07-29,9855,2025072903029828,SINDU,Thrive Brokerage House Pvt. Ltd,Aryatara Investment & Securities,25,820.1,20502.5,2025-07-29 14:52:54.752840
2025-07-29,9413,2025072903029904,SINDU,Bhrikuti Stock Broking Co. Pvt. Ltd.,Vision Securities Pvt. Ltd,12,821.0,9852.0,2025-07-29 14:53:19.763964
2025-07-29,8382,2025072903030103,SINDU,Sundhara Securities Limited,Secured Securities Ltd.,10,823.0,8230.0,2025-07-29 14:54:15.653882
2025-07-29,7376,2025072903030251,SINDU,Sani Securities Company Ltd.,South Asian Bulls Pvt. Ltd.,50,821.9,41095.0,2025-07-29 14:55:15.806824
2025-07-29,7024,2025072903030321,SINDU,Swarna Laxmi Securities Pvt. Ltd.,Bhrikuti Stock Broking Co. Pvt. Ltd.,50,822.0,41100.0,2025-07-29 14:55:36.093258
2025-07-29,6749,2025072903030383,SINDU,Vision Securities Pvt. Ltd,Citizens Share Broker Limited,50,820.2,41010.0,2025-07-29 14:55:55.008181
2025-07-29,6748,2025072903030384,SINDU,Thrive Brokerage House Pvt. Ltd,Citizens Share Broker Limited,75,820.1,61507.5,2025-07-29 14:55:55.008389
2025-07-29,6747,2025072903030385,SINDU,Agrawal Securities (PVT) Ltd.,Citizens Share Broker Limited,300,820.0,246000.0,2025-07-29 14:55:55.008478
2025-07-29,6746,2025072903030386,SINDU,Secured Securities Ltd.,Citizens Share Broker Limited,20,820.0,16400.0,2025-07-29 14:55:55.008560
2025-07-29,6745,2025072903030387,SINDU,Aryatara Investment & Securities,Citizens Share Broker Limited,55,820.0,45100.0,2025-07-29 14:55:55.008643
2025-07-29,6506,2025072903030428,SINDU,Arun Securities (PVT) Ltd.,Online Securities Pvt. Ltd.,1000,821.0,821000.0,2025-07-29 14:56:06.493296
2025-07-29,6357,2025072903030470,SINDU,Naasa Securities Co. Ltd.,Magnet Securities and Investment Company Private Limited,15,822.7,12340.5,2025-07-29 14:56:15.473757
2025-07-29,6337,2025072903030472,SINDU,Swarna Laxmi Securities Pvt. Ltd.,Magnet Securities and Investment Company Private Limited,35,822.7,28794.5,2025-07-29 14:56:16.486896
2025-07-29,6336,2025072903030473,SINDU,Swarna Laxmi Securities Pvt. Ltd.,Secured Securities Ltd.,90,823.0,74070.0,2025-07-29 14:56:16.487116
2025-07-29,6335,2025072903030474,SINDU,Swarna Laxmi Securities Pvt. Ltd.,Naasa Securities Co. Ltd.,10,823.0,8230.0,2025-07-29 14:56:16.487202
2025-07-29,6138,2025072903030525,SINDU,Online Securities Pvt. Ltd.,Ashutosh Brokerage & Securities (PVT) Ltd.,1,824.0,824.0,2025-07-29 14:56:26.308636
2025-07-29,5883,2025072903030559,SINDU,Swarna Laxmi Securities Pvt. Ltd.,Naasa Securities Co. Ltd.,15,823.0,12345.0,2025-07-29 14:56:37.079330
2025-07-29,5028,2025072903030705,SINDU,Online Securities Pvt. Ltd.,ABC Securities Private Limited,130,820.2,106626.0,2025-07-29 14:57:17.339525
2025-07-29,5027,2025072903030706,SINDU,Aryatara Investment & Securities,ABC Securities Private Limited,35,820.0,28700.0,2025-07-29 14:57:17.339723
2025-07-29,5026,2025072903030707,SINDU,Aryatara Investment & Securities,ABC Securities Private Limited,40,820.0,32800.0,2025-07-29 14:57:17.339807
2025-07-29,5025,2025072903030708,SINDU,Aryatara Investment & Securities,ABC Securities Private Limited,100,820.0,82000.0,2025-07-29 14:57:17.339896
2025-07-29,4881,2025072903030734,SINDU,Sani Securities Company Ltd.,ABC Securities Private Limited,195,820.0,159900.0,2025-07-29 14:57:24.797087
2025-07-29,4247,2025072903030849,SINDU,Sani Securities Company Ltd.,J.F. Securites (PVT) Ltd.,100,821.0,82100.0,2025-07-29 14:57:52.307996
2025-07-29,3748,2025072903030930,SINDU,Sani Securities Company Ltd.,Agrawal Securities (PVT) Ltd.,100,821.0,82100.0,2025-07-29 14:58:12.082200
2025-07-29,2822,2025072903031091,SINDU,Deevyaa Securities & Stock House Pvt. Ltd,Siprabi Securities Pvt. Ltd.,30,821.0,24630.0,2025-07-29 14:58:46.946867
2025-07-29,2564,2025072903031153,SINDU,Sani Securities Company Ltd.,Aryatara Investment & Securities,10,822.0,8220.0,2025-07-29 14:58:55.318884
2025-07-29,2563,2025072903031154,SINDU,Sani Securities Company Ltd.,KALASH STOCK MARKET PVT. LTD.,50,822.7,41135.0,2025-07-29 14:58:55.319090
2025-07-29,2562,2025072903031155,SINDU,Sani Securities Company Ltd.,Kohinoor Investment & Securities Pvt. Ltd.,85,822.8,69938.0,2025-07-29 14:58:55.319174
2025-07-29,2484,2025072903031173,SINDU,Citizens Share Broker Limited,Imperial Securities Company Pvt. Ltd.,39,823.0,32097.0,2025-07-29 14:58:57.845372
2025-07-29,2362,2025072903031198,SINDU,Sani Securities Company Ltd.,J.F. Securites (PVT) Ltd.,96,822.8,78988.8,2025-07-29 14:59:03.285858
2025-07-29,2361,2025072903031199,SINDU,Deevyaa Securities & Stock House Pvt. Ltd,J.F. Securites (PVT) Ltd.,10,821.0,8210.0,2025-07-29 14:59:03.286048
2025-07-29,2360,2025072903031200,SINDU,Pragyan Securities (PVT) Ltd.,J.F. Securites (PVT) Ltd.,14,821.0,11494.0,2025-07-29 14:59:03.286150
2025-07-29,1674,2025072903031345,SINDU,Citizens Share Broker Limited,Online Securities Pvt. Ltd.,50,822.0,41100.0,2025-07-29 14:59:22.956969
2025-07-29,1673,2025072903031346,SINDU,Citizens Share Broker Limited,Imperial Securities Company Pvt. Ltd.,50,823.0,41150.0,2025-07-29 14:59:22.957172
2025-07-29,915,2025072903031545,SINDU,Asian Securities Private Ltd.,Aryatara Investment & Securities,50,820.6,41030.0,2025-07-29 14:59:41.932995
2025-07-29,914,2025072903031546,SINDU,Sani Securities Company Ltd.,Aryatara Investment & Securities,105,820.5,86152.5,2025-07-29 14:59:41.933225
2025-07-29,415,2025072903031642,SINDU,Citizens Share Broker Limited,Aryatara Investment & Securities,45,820.5,36922.5,2025-07-29 14:59:53.133884
2025-07-29,414,2025072903031643,SINDU,Citizens Share Broker Limited,Imperial Securities Company Pvt. Ltd.,55,820.6,45133.0,2025-07-29 14:59:53.134106
2025-07-29,266,2025072903031674,SINDU,Naasa Securities Co. Ltd.,Investment Management Nepal Pvt. Ltd.,100,820.2,82020.0,2025-07-29 14:59:56.437193
