Date,S.N.,Contract ID,Symbol,Buyer Broker,Seller Broker,quantity,rate,amount,transaction_time
2025-07-29,157487,2025072904000007,SPDL,J.F. Securites (PVT) Ltd.,Linch Stock Market Ltd.,10,429.3,4293.0,2025-07-29 10:46:00.036038
2025-07-29,156444,2025072904000169,SPDL,Siprabi Securities Pvt. Ltd.,Infinity Securities Limited,10,437.8,4378.0,2025-07-29 11:02:48.295559
2025-07-29,155371,2025072904000381,SPDL,Sumeru Securities Pvt. Ltd.,Dipshikha Dhitopatra Karobar Co. Pvt Ltd.,10,445.0,4450.0,2025-07-29 11:04:43.844299
2025-07-29,155268,2025072904000407,SPDL,Dipshikha Dhitopatra Karobar Co. Pvt Ltd.,Vision Securities Pvt. Ltd,20,446.0,8920.0,2025-07-29 11:04:54.032554
2025-07-29,155146,2025072904000449,SPDL,Aryatara Investment & Securities,Vision Securities Pvt. Ltd,30,446.0,13380.0,2025-07-29 11:05:06.237523
2025-07-29,155145,2025072904000450,SPDL,Aryatara Investment & Securities,Imperial Securities Company Pvt. Ltd.,10,446.0,4460.0,2025-07-29 11:05:06.237631
2025-07-29,154826,2025072904000534,SPDL,Kumari Securities Private Limited,ABC Securities Private Limited,300,446.5,133950.0,2025-07-29 11:05:40.581556
2025-07-29,154377,2025072904000639,SPDL,Kumari Securities Private Limited,Nepal Investment And Securities Trading Private Limited,200,446.5,89300.0,2025-07-29 11:06:19.864176
2025-07-29,154376,2025072904000640,SPDL,Naasa Securities Co. Ltd.,Nepal Investment And Securities Trading Private Limited,50,446.5,22325.0,2025-07-29 11:06:19.864269
2025-07-29,153471,2025072904000834,SPDL,Primo Securities (PVT) Ltd.,Nepal Stock House (PVT) Ltd.,100,444.9,44490.0,2025-07-29 11:07:35.527777
2025-07-29,153258,2025072904000875,SPDL,Global IME Securities Limited,Vision Securities Pvt. Ltd,17,446.0,7582.0,2025-07-29 11:07:54.859502
2025-07-29,153257,2025072904000876,SPDL,Global IME Securities Limited,Naasa Securities Co. Ltd.,83,446.0,37018.0,2025-07-29 11:07:54.859651
2025-07-29,153230,2025072904000882,SPDL,Cristal Kanchanjanga Securites Pvt. Ltd.,Naasa Securities Co. Ltd.,17,446.0,7582.0,2025-07-29 11:07:59.250181
2025-07-29,153229,2025072904000883,SPDL,Cristal Kanchanjanga Securites Pvt. Ltd.,Nepal Investment And Securities Trading Private Limited,700,450.0,315000.0,2025-07-29 11:07:59.250343
2025-07-29,153228,2025072904000884,SPDL,Cristal Kanchanjanga Securites Pvt. Ltd.,Sani Securities Company Ltd.,283,450.0,127350.0,2025-07-29 11:07:59.250402
2025-07-29,153045,2025072904000950,SPDL,Kumari Securities Private Limited,Sundhara Securities Limited,20,446.0,8920.0,2025-07-29 11:08:16.074829
2025-07-29,152410,2025072904001161,SPDL,Bhrikuti Stock Broking Co. Pvt. Ltd.,Sharepro Securities Private Limited,50,446.1,22305.0,2025-07-29 11:09:05.747301
2025-07-29,152398,2025072904001164,SPDL,Bhrikuti Stock Broking Co. Pvt. Ltd.,Agrawal Securities (PVT) Ltd.,150,446.1,66915.0,2025-07-29 11:09:07.021703
2025-07-29,152397,2025072904001165,SPDL,Kumari Securities Private Limited,Agrawal Securities (PVT) Ltd.,350,446.0,156100.0,2025-07-29 11:09:07.021989
2025-07-29,152345,2025072904001180,SPDL,Kumari Securities Private Limited,Thrive Brokerage House Pvt. Ltd,130,446.0,57980.0,2025-07-29 11:09:11.524786
2025-07-29,152344,2025072904001181,SPDL,Primo Securities (PVT) Ltd.,Thrive Brokerage House Pvt. Ltd,500,445.0,222500.0,2025-07-29 11:09:11.524889
2025-07-29,152343,2025072904001182,SPDL,South Asian Bulls Pvt. Ltd.,Thrive Brokerage House Pvt. Ltd,248,440.5,109244.0,2025-07-29 11:09:11.524983
2025-07-29,152342,2025072904001183,SPDL,Oxford Securities Pvt. Ltd.,Thrive Brokerage House Pvt. Ltd,13,440.5,5726.5,2025-07-29 11:09:11.525048
2025-07-29,152341,2025072904001184,SPDL,Sani Securities Company Ltd.,Thrive Brokerage House Pvt. Ltd,109,440.4,48003.6,2025-07-29 11:09:11.525120
2025-07-29,151658,2025072904001405,SPDL,Imperial Securities Company Pvt. Ltd.,Sharepro Securities Private Limited,50,441.0,22050.0,2025-07-29 11:10:03.899327
2025-07-29,150015,2025072904001819,SPDL,Imperial Securities Company Pvt. Ltd.,Imperial Securities Company Pvt. Ltd.,30,441.0,13230.0,2025-07-29 11:12:13.734810
2025-07-29,150014,2025072904001820,SPDL,Bhrikuti Stock Broking Co. Pvt. Ltd.,Imperial Securities Company Pvt. Ltd.,70,441.0,30870.0,2025-07-29 11:12:13.734983
2025-07-29,149774,2025072904001898,SPDL,Bhrikuti Stock Broking Co. Pvt. Ltd.,Naasa Securities Co. Ltd.,80,441.0,35280.0,2025-07-29 11:12:38.701774
2025-07-29,149773,2025072904001899,SPDL,Sundhara Securities Limited,Naasa Securities Co. Ltd.,200,441.0,88200.0,2025-07-29 11:12:38.701810
2025-07-29,149772,2025072904001900,SPDL,Imperial Securities Company Pvt. Ltd.,Naasa Securities Co. Ltd.,50,441.0,22050.0,2025-07-29 11:12:38.701886
2025-07-29,149771,2025072904001901,SPDL,Sani Securities Company Ltd.,Naasa Securities Co. Ltd.,141,440.4,62096.4,2025-07-29 11:12:38.701912
2025-07-29,149770,2025072904001902,SPDL,Sani Securities Company Ltd.,Naasa Securities Co. Ltd.,250,440.3,110075.0,2025-07-29 11:12:38.701936
2025-07-29,149769,2025072904001903,SPDL,Sani Securities Company Ltd.,Naasa Securities Co. Ltd.,250,440.2,110050.0,2025-07-29 11:12:38.701957
2025-07-29,149768,2025072904001904,SPDL,Sagarmatha Securities Private Limited,Naasa Securities Co. Ltd.,500,440.2,220100.0,2025-07-29 11:12:38.701978
2025-07-29,149767,2025072904001905,SPDL,Sumeru Securities Pvt. Ltd.,Naasa Securities Co. Ltd.,500,440.1,220050.0,2025-07-29 11:12:38.702015
2025-07-29,149766,2025072904001906,SPDL,Property Wiard Limited,Naasa Securities Co. Ltd.,29,440.0,12760.0,2025-07-29 11:12:38.702038
2025-07-29,149694,2025072904001924,SPDL,Nabil Stock Dealer Ltd.,Naasa Securities Co. Ltd.,20,441.0,8820.0,2025-07-29 11:12:46.048719
2025-07-29,149693,2025072904001925,SPDL,Property Wiard Limited,Naasa Securities Co. Ltd.,822,440.0,361680.0,2025-07-29 11:12:46.048768
2025-07-29,149365,2025072904002008,SPDL,Property Wiard Limited,Naasa Securities Co. Ltd.,85,440.0,37400.0,2025-07-29 11:13:17.907183
2025-07-29,149354,2025072904002010,SPDL,Bhrikuti Stock Broking Co. Pvt. Ltd.,Imperial Securities Company Pvt. Ltd.,19,441.4,8386.6,2025-07-29 11:13:19.094844
2025-07-29,149217,2025072904002039,SPDL,Aryatara Investment & Securities,Sani Securities Company Ltd.,19,441.4,8386.6,2025-07-29 11:13:33.078612
2025-07-29,149105,2025072904002072,SPDL,Property Wiard Limited,Swarna Laxmi Securities Pvt. Ltd.,17,440.0,7480.0,2025-07-29 11:13:42.162061
2025-07-29,149041,2025072904002090,SPDL,Property Wiard Limited,Citizens Share Broker Limited,47,440.0,20680.0,2025-07-29 11:13:48.680625
2025-07-29,148986,2025072904002111,SPDL,Dynamic Money Managers Securities Pvt. Ltd.,Sani Securities Company Ltd.,81,441.0,35721.0,2025-07-29 11:13:54.286998
2025-07-29,148687,2025072904002171,SPDL,Dynamic Money Managers Securities Pvt. Ltd.,Siprabi Securities Pvt. Ltd.,100,442.0,44200.0,2025-07-29 11:14:21.413909
2025-07-29,148538,2025072904002212,SPDL,Dynamic Money Managers Securities Pvt. Ltd.,Nepal Investment And Securities Trading Private Limited,41,442.0,18122.0,2025-07-29 11:14:35.155647
2025-07-29,148532,2025072904002215,SPDL,Sajilo Broker Limited,Cristal Kanchanjanga Securites Pvt. Ltd.,200,440.0,88000.0,2025-07-29 11:14:35.689898
2025-07-29,148531,2025072904002216,SPDL,Kohinoor Investment & Securities Pvt. Ltd.,Cristal Kanchanjanga Securites Pvt. Ltd.,300,440.0,132000.0,2025-07-29 11:14:35.690042
2025-07-29,148345,2025072904002273,SPDL,Kohinoor Investment & Securities Pvt. Ltd.,Oxford Securities Pvt. Ltd.,500,440.0,220000.0,2025-07-29 11:14:50.890727
2025-07-29,148025,2025072904002361,SPDL,Kohinoor Investment & Securities Pvt. Ltd.,Miyo Securities Pvt Ltd,200,440.0,88000.0,2025-07-29 11:15:19.675719
2025-07-29,148024,2025072904002362,SPDL,Oxford Securities Pvt. Ltd.,Miyo Securities Pvt Ltd,200,439.0,87800.0,2025-07-29 11:15:19.675819
2025-07-29,148023,2025072904002363,SPDL,Sri Hari Securities Pvt. Ltd.,Miyo Securities Pvt Ltd,224,437.9,98089.6,2025-07-29 11:15:19.675915
2025-07-29,148022,2025072904002364,SPDL,Siprabi Securities Pvt. Ltd.,Miyo Securities Pvt Ltd,9376,437.8,4104812.8,2025-07-29 11:15:19.675987
2025-07-29,147687,2025072904002449,SPDL,Siprabi Securities Pvt. Ltd.,Dynamic Money Managers Securities Pvt. Ltd.,29,437.8,12696.2,2025-07-29 11:15:44.321675
2025-07-29,146919,2025072904002623,SPDL,Aryatara Investment & Securities,Sri Hari Securities Pvt. Ltd.,61,438.0,26718.0,2025-07-29 11:16:54.049911
2025-07-29,146151,2025072904002806,SPDL,Dipshikha Dhitopatra Karobar Co. Pvt Ltd.,Nepal Investment And Securities Trading Private Limited,10,439.0,4390.0,2025-07-29 11:18:03.431338
2025-07-29,145777,2025072904002892,SPDL,Naasa Securities Co. Ltd.,Linch Stock Market Ltd.,6,432.0,2592.0,2025-07-29 11:18:38.841441
2025-07-29,145232,2025072904003027,SPDL,Dipshikha Dhitopatra Karobar Co. Pvt Ltd.,Oxford Securities Pvt. Ltd.,200,439.7,87940.0,2025-07-29 11:19:34.620728
2025-07-29,144799,2025072904003135,SPDL,Dipshikha Dhitopatra Karobar Co. Pvt Ltd.,Oxford Securities Pvt. Ltd.,900,439.7,395730.0,2025-07-29 11:20:15.182218
2025-07-29,144627,2025072904003171,SPDL,NIMB Stock Markets Limited,Oxford Securities Pvt. Ltd.,400,439.7,175880.0,2025-07-29 11:20:32.314059
2025-07-29,143044,2025072904003505,SPDL,NIMB Stock Markets Limited,Dynamic Money Managers Securities Pvt. Ltd.,17,439.7,7474.9,2025-07-29 11:22:44.320163
2025-07-29,142900,2025072904003537,SPDL,Imperial Securities Company Pvt. Ltd.,Oxford Securities Pvt. Ltd.,1000,439.8,439800.0,2025-07-29 11:22:55.503059
2025-07-29,142745,2025072904003581,SPDL,Kohinoor Investment & Securities Pvt. Ltd.,South Asian Bulls Pvt. Ltd.,100,440.0,44000.0,2025-07-29 11:23:07.461365
2025-07-29,142744,2025072904003582,SPDL,Kohinoor Investment & Securities Pvt. Ltd.,Vision Securities Pvt. Ltd,100,440.0,44000.0,2025-07-29 11:23:07.461529
2025-07-29,140998,2025072904003922,SPDL,Trisul Securities & Invt. Ltd.,Shree Krishna Securities Ltd.,26,440.0,11440.0,2025-07-29 11:25:06.501170
2025-07-29,140997,2025072904003923,SPDL,Trisul Securities & Invt. Ltd.,South Asian Bulls Pvt. Ltd.,15,440.0,6600.0,2025-07-29 11:25:06.501343
2025-07-29,140964,2025072904003934,SPDL,Trisul Securities & Invt. Ltd.,Aryatara Investment & Securities,109,440.0,47960.0,2025-07-29 11:25:08.630598
2025-07-29,140963,2025072904003935,SPDL,Naasa Securities Co. Ltd.,Aryatara Investment & Securities,191,439.8,84001.8,2025-07-29 11:25:08.630761
2025-07-29,139211,2025072904004319,SPDL,Cristal Kanchanjanga Securites Pvt. Ltd.,Premier Securities Company Ltd.,10,441.8,4418.0,2025-07-29 11:27:50.876048
2025-07-29,139210,2025072904004320,SPDL,Cristal Kanchanjanga Securites Pvt. Ltd.,Oxford Securities Pvt. Ltd.,190,441.8,83942.0,2025-07-29 11:27:50.876244
2025-07-29,138657,2025072904004477,SPDL,Aryatara Investment & Securities,Oxford Securities Pvt. Ltd.,200,441.8,88360.0,2025-07-29 11:28:36.414164
2025-07-29,138535,2025072904004544,SPDL,Primo Securities (PVT) Ltd.,Oxford Securities Pvt. Ltd.,500,441.8,220900.0,2025-07-29 11:28:45.345754
2025-07-29,138097,2025072904004636,SPDL,Online Securities Pvt. Ltd.,Dynamic Money Managers Securities Pvt. Ltd.,490,440.1,215649.0,2025-07-29 11:29:22.166024
2025-07-29,137898,2025072904004698,SPDL,Asian Securities Private Ltd.,Property Wiard Limited,50,440.0,22000.0,2025-07-29 11:29:43.586450
2025-07-29,137788,2025072904004729,SPDL,Online Securities Pvt. Ltd.,Dynamic Money Managers Securities Pvt. Ltd.,50,440.1,22005.0,2025-07-29 11:29:51.630222
2025-07-29,137350,2025072904004827,SPDL,Sundhara Securities Limited,Malla & Malla Stock Broking Company Pvt. Limited,50,440.1,22005.0,2025-07-29 11:30:37.123294
2025-07-29,137063,2025072904004895,SPDL,Sundhara Securities Limited,Deevyaa Securities & Stock House Pvt. Ltd,150,440.1,66015.0,2025-07-29 11:31:04.581704
2025-07-29,137062,2025072904004896,SPDL,Asian Securities Private Ltd.,Deevyaa Securities & Stock House Pvt. Ltd,850,440.0,374000.0,2025-07-29 11:31:04.581745
2025-07-29,136833,2025072904004948,SPDL,Online Securities Pvt. Ltd.,Ashutosh Brokerage & Securities (PVT) Ltd.,16,440.1,7041.6,2025-07-29 11:31:29.717129
2025-07-29,136832,2025072904004949,SPDL,Asian Securities Private Ltd.,Ashutosh Brokerage & Securities (PVT) Ltd.,600,440.0,264000.0,2025-07-29 11:31:29.717354
2025-07-29,136831,2025072904004950,SPDL,Vision Securities Pvt. Ltd,Ashutosh Brokerage & Securities (PVT) Ltd.,420,440.0,184800.0,2025-07-29 11:31:29.717433
2025-07-29,136613,2025072904004992,SPDL,Naasa Securities Co. Ltd.,Ashutosh Brokerage & Securities (PVT) Ltd.,100,440.0,44000.0,2025-07-29 11:31:44.677859
2025-07-29,135599,2025072904005249,SPDL,Infinity Securities Limited,Ashutosh Brokerage & Securities (PVT) Ltd.,364,440.0,160160.0,2025-07-29 11:33:13.177748
2025-07-29,135598,2025072904005250,SPDL,Infinity Securities Limited,Deevyaa Securities & Stock House Pvt. Ltd,136,440.0,59840.0,2025-07-29 11:33:13.177938
2025-07-29,135316,2025072904005278,SPDL,Aryatara Investment & Securities,Deevyaa Securities & Stock House Pvt. Ltd,500,440.0,220000.0,2025-07-29 11:33:26.233749
2025-07-29,134673,2025072904005445,SPDL,Swarna Laxmi Securities Pvt. Ltd.,Deevyaa Securities & Stock House Pvt. Ltd,100,440.0,44000.0,2025-07-29 11:34:30.071004
2025-07-29,134621,2025072904005459,SPDL,Cristal Kanchanjanga Securites Pvt. Ltd.,Deevyaa Securities & Stock House Pvt. Ltd,200,440.0,88000.0,2025-07-29 11:34:33.792768
2025-07-29,134507,2025072904005498,SPDL,Naasa Securities Co. Ltd.,Deevyaa Securities & Stock House Pvt. Ltd,64,440.0,28160.0,2025-07-29 11:34:46.152747
2025-07-29,134241,2025072904005568,SPDL,Kumari Securities Private Limited,Asian Securities Private Ltd.,108,440.0,47520.0,2025-07-29 11:35:09.289794
2025-07-29,133552,2025072904005680,SPDL,Kalika Securities Pvt. Ltd.,Asian Securities Private Ltd.,42,440.0,18480.0,2025-07-29 11:36:03.716190
2025-07-29,132985,2025072904005823,SPDL,Imperial Securities Company Pvt. Ltd.,Imperial Securities Company Pvt. Ltd.,20,441.0,8820.0,2025-07-29 11:36:49.027206
2025-07-29,132473,2025072904005902,SPDL,Dakshinkali Investment & Securities Pvt. Ltd.,Imperial Securities Company Pvt. Ltd.,80,441.0,35280.0,2025-07-29 11:37:37.475403
2025-07-29,132472,2025072904005903,SPDL,Dakshinkali Investment & Securities Pvt. Ltd.,Sani Securities Company Ltd.,20,441.0,8820.0,2025-07-29 11:37:37.475849
2025-07-29,132471,2025072904005904,SPDL,Dakshinkali Investment & Securities Pvt. Ltd.,Oxford Securities Pvt. Ltd.,110,441.8,48598.0,2025-07-29 11:37:37.476185
2025-07-29,132470,2025072904005905,SPDL,Dakshinkali Investment & Securities Pvt. Ltd.,Imperial Securities Company Pvt. Ltd.,100,441.9,44190.0,2025-07-29 11:37:37.476475
2025-07-29,132469,2025072904005906,SPDL,Dakshinkali Investment & Securities Pvt. Ltd.,Secured Securities Ltd.,1690,442.0,746980.0,2025-07-29 11:37:37.476787
2025-07-29,131705,2025072904006103,SPDL,Sani Securities Company Ltd.,Secured Securities Ltd.,60,442.0,26520.0,2025-07-29 11:38:32.461860
2025-07-29,131704,2025072904006104,SPDL,Sani Securities Company Ltd.,Siprabi Securities Pvt. Ltd.,40,442.0,17680.0,2025-07-29 11:38:32.462058
2025-07-29,131065,2025072904006249,SPDL,Kalika Securities Pvt. Ltd.,Naasa Securities Co. Ltd.,10,440.0,4400.0,2025-07-29 11:39:29.680633
2025-07-29,131007,2025072904006258,SPDL,Secured Securities Ltd.,Siprabi Securities Pvt. Ltd.,10,442.0,4420.0,2025-07-29 11:39:34.613756
2025-07-29,130787,2025072904006307,SPDL,Imperial Securities Company Pvt. Ltd.,Siprabi Securities Pvt. Ltd.,13,442.0,5746.0,2025-07-29 11:39:47.033686
2025-07-29,130786,2025072904006308,SPDL,Imperial Securities Company Pvt. Ltd.,Deevyaa Securities & Stock House Pvt. Ltd,37,442.0,16354.0,2025-07-29 11:39:47.033889
2025-07-29,130300,2025072904006414,SPDL,Imperial Securities Company Pvt. Ltd.,Deevyaa Securities & Stock House Pvt. Ltd,13,442.0,5746.0,2025-07-29 11:40:31.047041
2025-07-29,129934,2025072904006501,SPDL,Imperial Securities Company Pvt. Ltd.,Naasa Securities Co. Ltd.,11,442.0,4862.0,2025-07-29 11:41:05.774796
2025-07-29,128902,2025072904006774,SPDL,Magnet Securities and Investment Company Private Limited,Naasa Securities Co. Ltd.,110,441.0,48510.0,2025-07-29 11:42:40.400916
2025-07-29,128730,2025072904006816,SPDL,Magnet Securities and Investment Company Private Limited,Sumeru Securities Pvt. Ltd.,500,441.0,220500.0,2025-07-29 11:42:52.515815
2025-07-29,128646,2025072904006835,SPDL,Magnet Securities and Investment Company Private Limited,Midas Stock Broking Company Private Limited,80,441.0,35280.0,2025-07-29 11:43:02.597287
2025-07-29,128437,2025072904006873,SPDL,Magnet Securities and Investment Company Private Limited,Secured Securities Ltd.,220,441.0,97020.0,2025-07-29 11:43:22.779980
2025-07-29,128242,2025072904006918,SPDL,Kalika Securities Pvt. Ltd.,Sumeru Securities Pvt. Ltd.,148,440.0,65120.0,2025-07-29 11:43:37.819261
2025-07-29,128241,2025072904006919,SPDL,Sani Securities Company Ltd.,Sumeru Securities Pvt. Ltd.,352,440.0,154880.0,2025-07-29 11:43:37.819720
2025-07-29,127999,2025072904006963,SPDL,Naasa Securities Co. Ltd.,Secured Securities Ltd.,13,441.0,5733.0,2025-07-29 11:43:53.800912
2025-07-29,127970,2025072904006980,SPDL,Sani Securities Company Ltd.,Online Securities Pvt. Ltd.,148,440.0,65120.0,2025-07-29 11:43:55.636352
2025-07-29,127969,2025072904006981,SPDL,ABC Securities Private Limited,Online Securities Pvt. Ltd.,352,440.0,154880.0,2025-07-29 11:43:55.636622
2025-07-29,127734,2025072904007036,SPDL,Imperial Securities Company Pvt. Ltd.,Secured Securities Ltd.,50,441.0,22050.0,2025-07-29 11:44:18.686134
2025-07-29,127180,2025072904007186,SPDL,Trisul Securities & Invt. Ltd.,ABC Securities Private Limited,500,440.5,220250.0,2025-07-29 11:45:06.063602
2025-07-29,127179,2025072904007187,SPDL,Trisul Securities & Invt. Ltd.,Secured Securities Ltd.,500,441.0,220500.0,2025-07-29 11:45:06.063859
2025-07-29,126360,2025072904007379,SPDL,ABC Securities Private Limited,Siprabi Securities Pvt. Ltd.,47,440.0,20680.0,2025-07-29 11:46:12.111309
2025-07-29,126192,2025072904007415,SPDL,ABC Securities Private Limited,Infinity Securities Limited,20,440.0,8800.0,2025-07-29 11:46:25.572149
2025-07-29,125852,2025072904007487,SPDL,Dakshinkali Investment & Securities Pvt. Ltd.,Secured Securities Ltd.,217,441.0,95697.0,2025-07-29 11:46:54.709561
2025-07-29,125851,2025072904007488,SPDL,Dakshinkali Investment & Securities Pvt. Ltd.,Online Securities Pvt. Ltd.,200,441.0,88200.0,2025-07-29 11:46:54.710020
2025-07-29,125850,2025072904007489,SPDL,Dakshinkali Investment & Securities Pvt. Ltd.,Primo Securities (PVT) Ltd.,23,441.0,10143.0,2025-07-29 11:46:54.710266
2025-07-29,125340,2025072904007608,SPDL,ABC Securities Private Limited,ABC Securities Private Limited,81,440.0,35640.0,2025-07-29 11:47:39.537395
2025-07-29,125339,2025072904007609,SPDL,ABC Securities Private Limited,ABC Securities Private Limited,500,440.0,220000.0,2025-07-29 11:47:39.537655
2025-07-29,125338,2025072904007610,SPDL,South Asian Bulls Pvt. Ltd.,ABC Securities Private Limited,400,439.9,175960.0,2025-07-29 11:47:39.537816
2025-07-29,125337,2025072904007611,SPDL,ABC Securities Private Limited,ABC Securities Private Limited,500,439.9,219950.0,2025-07-29 11:47:39.537933
2025-07-29,125336,2025072904007612,SPDL,Imperial Securities Company Pvt. Ltd.,ABC Securities Private Limited,680,439.8,299064.0,2025-07-29 11:47:39.538041
2025-07-29,125335,2025072904007613,SPDL,Imperial Securities Company Pvt. Ltd.,ABC Securities Private Limited,339,439.8,149092.2,2025-07-29 11:47:39.538166
2025-07-29,124588,2025072904007719,SPDL,Imperial Securities Company Pvt. Ltd.,Nepal Stock House (PVT) Ltd.,200,439.8,87960.0,2025-07-29 11:48:45.745567
2025-07-29,124129,2025072904007818,SPDL,Imperial Securities Company Pvt. Ltd.,Oxford Securities Pvt. Ltd.,17,439.8,7476.6,2025-07-29 11:49:29.948297
2025-07-29,121414,2025072904008360,SPDL,Vision Securities Pvt. Ltd,Online Securities Pvt. Ltd.,40,440.0,17600.0,2025-07-29 11:53:29.303755
2025-07-29,121368,2025072904008365,SPDL,Vision Securities Pvt. Ltd,Magnet Securities and Investment Company Private Limited,61,440.0,26840.0,2025-07-29 11:53:33.449005
2025-07-29,121367,2025072904008366,SPDL,Dipshikha Dhitopatra Karobar Co. Pvt Ltd.,Magnet Securities and Investment Company Private Limited,189,440.0,83160.0,2025-07-29 11:53:33.449237
2025-07-29,120374,2025072904008521,SPDL,Dipshikha Dhitopatra Karobar Co. Pvt Ltd.,Nepal Stock House (PVT) Ltd.,11,440.0,4840.0,2025-07-29 11:55:06.830137
2025-07-29,119441,2025072904008672,SPDL,South Asian Bulls Pvt. Ltd.,Nepal Stock House (PVT) Ltd.,200,440.0,88000.0,2025-07-29 11:56:12.662696
2025-07-29,117314,2025072904009085,SPDL,Imperial Securities Company Pvt. Ltd.,Sajilo Broker Limited,26,439.8,11434.8,2025-07-29 11:58:56.472401
2025-07-29,116848,2025072904009171,SPDL,Imperial Securities Company Pvt. Ltd.,Asian Securities Private Ltd.,50,439.8,21990.0,2025-07-29 11:59:28.317787
2025-07-29,116575,2025072904009246,SPDL,Imperial Securities Company Pvt. Ltd.,Primo Securities (PVT) Ltd.,48,439.8,21110.4,2025-07-29 11:59:48.098074
2025-07-29,116574,2025072904009247,SPDL,NIMB Stock Markets Limited,Primo Securities (PVT) Ltd.,583,439.7,256345.1,2025-07-29 11:59:48.098301
2025-07-29,116573,2025072904009248,SPDL,Sri Hari Securities Pvt. Ltd.,Primo Securities (PVT) Ltd.,200,439.7,87940.0,2025-07-29 11:59:48.098407
2025-07-29,116515,2025072904009254,SPDL,Sundhara Securities Limited,Sumeru Securities Pvt. Ltd.,60,438.1,26286.0,2025-07-29 11:59:53.918239
2025-07-29,116514,2025072904009255,SPDL,ABC Securities Private Limited,Sumeru Securities Pvt. Ltd.,40,438.1,17524.0,2025-07-29 11:59:53.918287
2025-07-29,116213,2025072904009281,SPDL,Linch Stock Market Ltd.,Primo Securities (PVT) Ltd.,50,439.7,21985.0,2025-07-29 12:00:05.550954
2025-07-29,115123,2025072904009426,SPDL,ABC Securities Private Limited,Imperial Securities Company Pvt. Ltd.,60,438.1,26286.0,2025-07-29 12:01:13.285302
2025-07-29,115122,2025072904009427,SPDL,Dipshikha Dhitopatra Karobar Co. Pvt Ltd.,Imperial Securities Company Pvt. Ltd.,100,438.0,43800.0,2025-07-29 12:01:13.285539
2025-07-29,115121,2025072904009428,SPDL,Sri Hari Securities Pvt. Ltd.,Imperial Securities Company Pvt. Ltd.,50,438.0,21900.0,2025-07-29 12:01:13.285631
2025-07-29,115120,2025072904009429,SPDL,Nabil Stock Dealer Ltd.,Imperial Securities Company Pvt. Ltd.,250,438.0,109500.0,2025-07-29 12:01:13.285720
2025-07-29,115056,2025072904009452,SPDL,J.F. Securites (PVT) Ltd.,Primo Securities (PVT) Ltd.,119,439.7,52324.3,2025-07-29 12:01:17.703867
2025-07-29,115055,2025072904009453,SPDL,J.F. Securites (PVT) Ltd.,Nepal Stock House (PVT) Ltd.,335,440.0,147400.0,2025-07-29 12:01:17.704296
2025-07-29,114757,2025072904009505,SPDL,Nabil Stock Dealer Ltd.,Sumeru Securities Pvt. Ltd.,50,438.0,21900.0,2025-07-29 12:01:36.637209
2025-07-29,114756,2025072904009506,SPDL,Cristal Kanchanjanga Securites Pvt. Ltd.,Sumeru Securities Pvt. Ltd.,100,438.0,43800.0,2025-07-29 12:01:36.637657
2025-07-29,114755,2025072904009507,SPDL,ABC Securities Private Limited,Sumeru Securities Pvt. Ltd.,50,438.0,21900.0,2025-07-29 12:01:36.638068
2025-07-29,114058,2025072904009673,SPDL,ABC Securities Private Limited,Asian Securities Private Ltd.,26,438.0,11388.0,2025-07-29 12:02:24.055356
2025-07-29,113015,2025072904009831,SPDL,ABC Securities Private Limited,Kalika Securities Pvt. Ltd.,16,438.0,7008.0,2025-07-29 12:03:27.436122
2025-07-29,112302,2025072904009962,SPDL,ABC Securities Private Limited,Nagarik Stock Dealer ,408,438.0,178704.0,2025-07-29 12:04:10.675750
2025-07-29,112301,2025072904009963,SPDL,Indira securities pvt. ltd,Nagarik Stock Dealer ,35,438.0,15330.0,2025-07-29 12:04:10.675990
2025-07-29,112300,2025072904009964,SPDL,Dipshikha Dhitopatra Karobar Co. Pvt Ltd.,Nagarik Stock Dealer ,100,437.5,43750.0,2025-07-29 12:04:10.676090
2025-07-29,112299,2025072904009965,SPDL,Siprabi Securities Pvt. Ltd.,Nagarik Stock Dealer ,100,437.2,43720.0,2025-07-29 12:04:10.676183
2025-07-29,112298,2025072904009966,SPDL,Siprabi Securities Pvt. Ltd.,Nagarik Stock Dealer ,222,437.1,97036.2,2025-07-29 12:04:10.676276
2025-07-29,112297,2025072904009967,SPDL,Sundhara Securities Limited,Nagarik Stock Dealer ,150,437.0,65550.0,2025-07-29 12:04:10.676369
2025-07-29,112296,2025072904009968,SPDL,ABC Securities Private Limited,Nagarik Stock Dealer ,485,437.0,211945.0,2025-07-29 12:04:10.676460
2025-07-29,110569,2025072904010293,SPDL,Thrive Brokerage House Pvt. Ltd,Asian Securities Private Ltd.,50,437.1,21855.0,2025-07-29 12:05:59.492512
2025-07-29,110558,2025072904010296,SPDL,Sani Securities Company Ltd.,Siprabi Securities Pvt. Ltd.,52,439.0,22828.0,2025-07-29 12:06:00.664695
2025-07-29,110420,2025072904010340,SPDL,Aryatara Investment & Securities,Vision Securities Pvt. Ltd,50,439.0,21950.0,2025-07-29 12:06:07.460747
2025-07-29,110302,2025072904010359,SPDL,Hatemalo Financial Services Private Limited,Vision Securities Pvt. Ltd,100,439.0,43900.0,2025-07-29 12:06:16.337987
2025-07-29,109798,2025072904010448,SPDL,Dakshinkali Investment & Securities Pvt. Ltd.,Vision Securities Pvt. Ltd,850,439.0,373150.0,2025-07-29 12:06:48.114757
2025-07-29,109797,2025072904010449,SPDL,Dakshinkali Investment & Securities Pvt. Ltd.,ABC Securities Private Limited,500,439.5,219750.0,2025-07-29 12:06:48.115250
2025-07-29,109796,2025072904010450,SPDL,Dakshinkali Investment & Securities Pvt. Ltd.,Nepal Stock House (PVT) Ltd.,454,440.0,199760.0,2025-07-29 12:06:48.115579
2025-07-29,109795,2025072904010451,SPDL,Dakshinkali Investment & Securities Pvt. Ltd.,Trishakti Securities Public Limited,20,440.0,8800.0,2025-07-29 12:06:48.115879
2025-07-29,109794,2025072904010452,SPDL,Dakshinkali Investment & Securities Pvt. Ltd.,Trisul Securities & Invt. Ltd.,17,440.0,7480.0,2025-07-29 12:06:48.116144
2025-07-29,109793,2025072904010453,SPDL,Dakshinkali Investment & Securities Pvt. Ltd.,Linch Stock Market Ltd.,30,440.0,13200.0,2025-07-29 12:06:48.116438
2025-07-29,109792,2025072904010454,SPDL,Dakshinkali Investment & Securities Pvt. Ltd.,Malla & Malla Stock Broking Company Pvt. Limited,50,440.0,22000.0,2025-07-29 12:06:48.116730
2025-07-29,109791,2025072904010455,SPDL,Dakshinkali Investment & Securities Pvt. Ltd.,Aryatara Investment & Securities,17,440.0,7480.0,2025-07-29 12:06:48.117014
2025-07-29,109790,2025072904010456,SPDL,Dakshinkali Investment & Securities Pvt. Ltd.,Siprabi Securities Pvt. Ltd.,37,440.0,16280.0,2025-07-29 12:06:48.117288
2025-07-29,109789,2025072904010457,SPDL,Dakshinkali Investment & Securities Pvt. Ltd.,KALASH STOCK MARKET PVT. LTD.,500,440.0,220000.0,2025-07-29 12:06:48.117597
2025-07-29,109788,2025072904010458,SPDL,Dakshinkali Investment & Securities Pvt. Ltd.,Opal Securities Investment (PVT) Ltd.,500,440.0,220000.0,2025-07-29 12:06:48.117869
2025-07-29,109787,2025072904010459,SPDL,Dakshinkali Investment & Securities Pvt. Ltd.,Naasa Securities Co. Ltd.,24,440.0,10560.0,2025-07-29 12:06:48.118128
2025-07-29,109786,2025072904010460,SPDL,Dakshinkali Investment & Securities Pvt. Ltd.,Asian Securities Private Ltd.,310,440.0,136400.0,2025-07-29 12:06:48.118405
2025-07-29,109785,2025072904010461,SPDL,Dakshinkali Investment & Securities Pvt. Ltd.,Dipshikha Dhitopatra Karobar Co. Pvt Ltd.,500,440.0,220000.0,2025-07-29 12:06:48.118658
2025-07-29,109784,2025072904010462,SPDL,Dakshinkali Investment & Securities Pvt. Ltd.,Imperial Securities Company Pvt. Ltd.,1000,441.0,441000.0,2025-07-29 12:06:48.118917
2025-07-29,109052,2025072904010567,SPDL,Aryatara Investment & Securities,Naasa Securities Co. Ltd.,30,442.0,13260.0,2025-07-29 12:07:24.068941
2025-07-29,108977,2025072904010582,SPDL,Premier Securities Company Ltd.,Naasa Securities Co. Ltd.,159,442.0,70278.0,2025-07-29 12:07:29.828215
2025-07-29,108976,2025072904010583,SPDL,Premier Securities Company Ltd.,Oxford Securities Pvt. Ltd.,41,442.0,18122.0,2025-07-29 12:07:29.828488
2025-07-29,108295,2025072904010727,SPDL,Premier Securities Company Ltd.,Magnet Securities and Investment Company Private Limited,100,442.0,44200.0,2025-07-29 12:08:16.324597
2025-07-29,108294,2025072904010728,SPDL,Premier Securities Company Ltd.,Vision Securities Pvt. Ltd,25,442.0,11050.0,2025-07-29 12:08:16.324879
2025-07-29,108293,2025072904010729,SPDL,Premier Securities Company Ltd.,Deevyaa Securities & Stock House Pvt. Ltd,20,442.0,8840.0,2025-07-29 12:08:16.324968
2025-07-29,108292,2025072904010730,SPDL,Premier Securities Company Ltd.,Oxford Securities Pvt. Ltd.,12,442.0,5304.0,2025-07-29 12:08:16.325058
2025-07-29,108291,2025072904010731,SPDL,Premier Securities Company Ltd.,Creative Securities Pvt Ltd,43,442.0,19006.0,2025-07-29 12:08:16.325148
2025-07-29,108288,2025072904010733,SPDL,Online Securities Pvt. Ltd.,Creative Securities Pvt Ltd,40,442.0,17680.0,2025-07-29 12:08:16.403280
2025-07-29,107438,2025072904010857,SPDL,Online Securities Pvt. Ltd.,Dynamic Money Managers Securities Pvt. Ltd.,100,442.0,44200.0,2025-07-29 12:09:04.713825
2025-07-29,107147,2025072904010913,SPDL,Online Securities Pvt. Ltd.,Dynamic Money Managers Securities Pvt. Ltd.,17,442.0,7514.0,2025-07-29 12:09:26.238467
2025-07-29,107146,2025072904010914,SPDL,Dakshinkali Investment & Securities Pvt. Ltd.,Dynamic Money Managers Securities Pvt. Ltd.,191,441.0,84231.0,2025-07-29 12:09:26.238706
2025-07-29,107145,2025072904010915,SPDL,Siprabi Securities Pvt. Ltd.,Dynamic Money Managers Securities Pvt. Ltd.,19792,440.0,8708480.0,2025-07-29 12:09:26.238806
2025-07-29,106102,2025072904011061,SPDL,Siprabi Securities Pvt. Ltd.,Deevyaa Securities & Stock House Pvt. Ltd,208,440.0,91520.0,2025-07-29 12:10:28.742268
2025-07-29,105446,2025072904011205,SPDL,Oxford Securities Pvt. Ltd.,ABC Securities Private Limited,100,439.0,43900.0,2025-07-29 12:11:09.248757
2025-07-29,105445,2025072904011206,SPDL,Dipshikha Dhitopatra Karobar Co. Pvt Ltd.,ABC Securities Private Limited,100,438.0,43800.0,2025-07-29 12:11:09.248973
2025-07-29,105444,2025072904011207,SPDL,Sri Hari Securities Pvt. Ltd.,ABC Securities Private Limited,1300,437.4,568620.0,2025-07-29 12:11:09.249066
2025-07-29,104800,2025072904011317,SPDL,Dynamic Money Managers Securities Pvt. Ltd.,Opal Securities Investment (PVT) Ltd.,990,437.5,433125.0,2025-07-29 12:11:48.868944
2025-07-29,104092,2025072904011481,SPDL,Sani Securities Company Ltd.,Opal Securities Investment (PVT) Ltd.,10,437.5,4375.0,2025-07-29 12:12:43.410801
2025-07-29,103644,2025072904011567,SPDL,Sani Securities Company Ltd.,Trisul Securities & Invt. Ltd.,17,438.0,7446.0,2025-07-29 12:13:14.201425
2025-07-29,101993,2025072904011935,SPDL,ABC Securities Private Limited,Siprabi Securities Pvt. Ltd.,10,439.1,4391.0,2025-07-29 12:15:11.603951
2025-07-29,101992,2025072904011936,SPDL,ABC Securities Private Limited,Deevyaa Securities & Stock House Pvt. Ltd,11,440.0,4840.0,2025-07-29 12:15:11.604201
2025-07-29,101796,2025072904011983,SPDL,Naasa Securities Co. Ltd.,Deevyaa Securities & Stock House Pvt. Ltd,36,440.0,15840.0,2025-07-29 12:15:29.814700
2025-07-29,99797,2025072904012446,SPDL,Sumeru Securities Pvt. Ltd.,KALASH STOCK MARKET PVT. LTD.,100,439.2,43920.0,2025-07-29 12:18:00.030526
2025-07-29,99796,2025072904012447,SPDL,Linch Stock Market Ltd.,KALASH STOCK MARKET PVT. LTD.,20,439.1,8782.0,2025-07-29 12:18:00.030815
2025-07-29,99795,2025072904012448,SPDL,Cristal Kanchanjanga Securites Pvt. Ltd.,KALASH STOCK MARKET PVT. LTD.,200,439.0,87800.0,2025-07-29 12:18:00.030910
2025-07-29,99794,2025072904012449,SPDL,Nepal Stock House (PVT) Ltd.,KALASH STOCK MARKET PVT. LTD.,180,439.0,79020.0,2025-07-29 12:18:00.031004
2025-07-29,99559,2025072904012492,SPDL,Swarna Laxmi Securities Pvt. Ltd.,Imperial Securities Company Pvt. Ltd.,100,439.9,43990.0,2025-07-29 12:18:19.775598
2025-07-29,99558,2025072904012493,SPDL,Swarna Laxmi Securities Pvt. Ltd.,KALASH STOCK MARKET PVT. LTD.,500,439.9,219950.0,2025-07-29 12:18:19.775861
2025-07-29,99556,2025072904012494,SPDL,Nepal Stock House (PVT) Ltd.,Deevyaa Securities & Stock House Pvt. Ltd,120,439.0,52680.0,2025-07-29 12:18:19.818838
2025-07-29,99555,2025072904012495,SPDL,Sri Hari Securities Pvt. Ltd.,Deevyaa Securities & Stock House Pvt. Ltd,50,439.0,21950.0,2025-07-29 12:18:19.819047
2025-07-29,99554,2025072904012496,SPDL,Vision Securities Pvt. Ltd,Deevyaa Securities & Stock House Pvt. Ltd,25,439.0,10975.0,2025-07-29 12:18:19.819143
2025-07-29,99320,2025072904012535,SPDL,Sumeru Securities Pvt. Ltd.,KALASH STOCK MARKET PVT. LTD.,200,439.9,87980.0,2025-07-29 12:18:38.223347
2025-07-29,99194,2025072904012565,SPDL,Vision Securities Pvt. Ltd,Naasa Securities Co. Ltd.,175,439.0,76825.0,2025-07-29 12:18:50.197967
2025-07-29,98755,2025072904012683,SPDL,Oxford Securities Pvt. Ltd.,Sumeru Securities Pvt. Ltd.,228,438.1,99886.8,2025-07-29 12:19:20.220325
2025-07-29,98754,2025072904012684,SPDL,Sani Securities Company Ltd.,Sumeru Securities Pvt. Ltd.,500,438.0,219000.0,2025-07-29 12:19:20.220384
2025-07-29,98753,2025072904012685,SPDL,Prabhu Stock Market Limited,Sumeru Securities Pvt. Ltd.,272,438.0,119136.0,2025-07-29 12:19:20.220409
2025-07-29,98725,2025072904012694,SPDL,Swarna Laxmi Securities Pvt. Ltd.,Naasa Securities Co. Ltd.,400,439.0,175600.0,2025-07-29 12:19:23.495954
2025-07-29,98659,2025072904012709,SPDL,Prabhu Stock Market Limited,Dynamic Money Managers Securities Pvt. Ltd.,728,438.0,318864.0,2025-07-29 12:19:27.641577
2025-07-29,98598,2025072904012731,SPDL,Sumeru Securities Pvt. Ltd.,Dynamic Money Managers Securities Pvt. Ltd.,100,438.0,43800.0,2025-07-29 12:19:34.344181
2025-07-29,98231,2025072904012785,SPDL,Online Securities Pvt. Ltd.,Sumeru Securities Pvt. Ltd.,200,437.6,87520.0,2025-07-29 12:19:54.566004
2025-07-29,98230,2025072904012786,SPDL,Sri Hari Securities Pvt. Ltd.,Sumeru Securities Pvt. Ltd.,700,437.4,306180.0,2025-07-29 12:19:54.566091
2025-07-29,98229,2025072904012787,SPDL,Kumari Securities Private Limited,Sumeru Securities Pvt. Ltd.,100,437.3,43730.0,2025-07-29 12:19:54.566122
2025-07-29,97861,2025072904012857,SPDL,Kumari Securities Private Limited,Naasa Securities Co. Ltd.,220,437.3,96206.0,2025-07-29 12:20:20.188861
2025-07-29,97762,2025072904012876,SPDL,Premier Securities Company Ltd.,Dynamic Money Managers Securities Pvt. Ltd.,50,438.0,21900.0,2025-07-29 12:20:26.306934
2025-07-29,96387,2025072904013173,SPDL,Dynamic Money Managers Securities Pvt. Ltd.,Sumeru Securities Pvt. Ltd.,100,437.5,43750.0,2025-07-29 12:21:59.558080
2025-07-29,96068,2025072904013252,SPDL,Dynamic Money Managers Securities Pvt. Ltd.,KALASH STOCK MARKET PVT. LTD.,455,437.5,199062.5,2025-07-29 12:22:16.109471
2025-07-29,96067,2025072904013253,SPDL,Kumari Securities Private Limited,KALASH STOCK MARKET PVT. LTD.,345,437.3,150868.5,2025-07-29 12:22:16.109697
2025-07-29,95604,2025072904013323,SPDL,Kumari Securities Private Limited,KALASH STOCK MARKET PVT. LTD.,335,437.3,146495.5,2025-07-29 12:22:49.229131
2025-07-29,95603,2025072904013324,SPDL,Sri Hari Securities Pvt. Ltd.,KALASH STOCK MARKET PVT. LTD.,200,437.3,87460.0,2025-07-29 12:22:49.229404
2025-07-29,95602,2025072904013325,SPDL,Thrive Brokerage House Pvt. Ltd,KALASH STOCK MARKET PVT. LTD.,335,437.1,146428.5,2025-07-29 12:22:49.229527
2025-07-29,94417,2025072904013591,SPDL,Thrive Brokerage House Pvt. Ltd,Investment Management Nepal Pvt. Ltd.,100,437.1,43710.0,2025-07-29 12:24:15.080960
2025-07-29,93303,2025072904013884,SPDL,Infinity Securities Limited,Dynamic Money Managers Securities Pvt. Ltd.,300,438.0,131400.0,2025-07-29 12:25:31.106202
2025-07-29,92699,2025072904014075,SPDL,Thrive Brokerage House Pvt. Ltd,South Asian Bulls Pvt. Ltd.,15,437.1,6556.5,2025-07-29 12:26:14.725504
2025-07-29,92698,2025072904014076,SPDL,Dipshikha Dhitopatra Karobar Co. Pvt Ltd.,South Asian Bulls Pvt. Ltd.,10,437.0,4370.0,2025-07-29 12:26:14.725987
2025-07-29,91365,2025072904014471,SPDL,ABC Securities Private Limited,Vision Securities Pvt. Ltd,22,437.0,9614.0,2025-07-29 12:27:57.215183
2025-07-29,91364,2025072904014472,SPDL,Deevyaa Securities & Stock House Pvt. Ltd,Vision Securities Pvt. Ltd,200,436.0,87200.0,2025-07-29 12:27:57.215418
2025-07-29,91363,2025072904014473,SPDL,Dipshikha Dhitopatra Karobar Co. Pvt Ltd.,Vision Securities Pvt. Ltd,100,436.0,43600.0,2025-07-29 12:27:57.215511
2025-07-29,91362,2025072904014474,SPDL,Sani Securities Company Ltd.,Vision Securities Pvt. Ltd,178,436.0,77608.0,2025-07-29 12:27:57.215606
2025-07-29,88416,2025072904015159,SPDL,Sani Securities Company Ltd.,Vision Securities Pvt. Ltd,35,436.0,15260.0,2025-07-29 12:31:35.065537
2025-07-29,88112,2025072904015231,SPDL,Vision Securities Pvt. Ltd,Siprabi Securities Pvt. Ltd.,1,428.4,428.4,2025-07-29 12:32:05.527117
2025-07-29,88042,2025072904015267,SPDL,Imperial Securities Company Pvt. Ltd.,Investment Management Nepal Pvt. Ltd.,100,435.2,43520.0,2025-07-29 12:32:10.970800
2025-07-29,88041,2025072904015268,SPDL,Sagarmatha Securities Private Limited,Investment Management Nepal Pvt. Ltd.,100,435.2,43520.0,2025-07-29 12:32:10.971220
2025-07-29,87949,2025072904015284,SPDL,Vision Securities Pvt. Ltd,Bhrikuti Stock Broking Co. Pvt. Ltd.,1,430.0,430.0,2025-07-29 12:32:17.680870
2025-07-29,87134,2025072904015502,SPDL,Sri Hari Securities Pvt. Ltd.,Vision Securities Pvt. Ltd,15,436.0,6540.0,2025-07-29 12:33:30.745119
2025-07-29,86936,2025072904015536,SPDL,Sri Hari Securities Pvt. Ltd.,Swarna Laxmi Securities Pvt. Ltd.,17,436.0,7412.0,2025-07-29 12:33:48.979939
2025-07-29,86349,2025072904015658,SPDL,Secured Securities Ltd.,Capital Hub P. Ltd,60,437.8,26268.0,2025-07-29 12:34:44.943302
2025-07-29,85982,2025072904015762,SPDL,Vision Securities Pvt. Ltd,Thrive Brokerage House Pvt. Ltd,7,431.1,3017.7,2025-07-29 12:35:20.635244
2025-07-29,85810,2025072904015814,SPDL,Vision Securities Pvt. Ltd,Secured Securities Ltd.,1,431.1,431.1,2025-07-29 12:35:37.860590
2025-07-29,85503,2025072904015880,SPDL,Sri Hari Securities Pvt. Ltd.,Cristal Kanchanjanga Securites Pvt. Ltd.,168,436.0,73248.0,2025-07-29 12:36:10.470855
2025-07-29,85502,2025072904015881,SPDL,Citizens Share Broker Limited,Cristal Kanchanjanga Securites Pvt. Ltd.,300,436.0,130800.0,2025-07-29 12:36:10.471111
2025-07-29,85501,2025072904015882,SPDL,Sri Hari Securities Pvt. Ltd.,Cristal Kanchanjanga Securites Pvt. Ltd.,14,436.0,6104.0,2025-07-29 12:36:10.471212
2025-07-29,85500,2025072904015883,SPDL,Dipshikha Dhitopatra Karobar Co. Pvt Ltd.,Cristal Kanchanjanga Securites Pvt. Ltd.,1000,436.0,436000.0,2025-07-29 12:36:10.471320
2025-07-29,85455,2025072904015897,SPDL,Dipshikha Dhitopatra Karobar Co. Pvt Ltd.,Cristal Kanchanjanga Securites Pvt. Ltd.,18,436.0,7848.0,2025-07-29 12:36:14.257429
2025-07-29,85316,2025072904015928,SPDL,Dipshikha Dhitopatra Karobar Co. Pvt Ltd.,Midas Stock Broking Company Private Limited,150,436.0,65400.0,2025-07-29 12:36:27.547483
2025-07-29,85059,2025072904015978,SPDL,Dipshikha Dhitopatra Karobar Co. Pvt Ltd.,Aryatara Investment & Securities,11,436.0,4796.0,2025-07-29 12:36:47.815890
2025-07-29,83852,2025072904016288,SPDL,Dipshikha Dhitopatra Karobar Co. Pvt Ltd.,Oxford Securities Pvt. Ltd.,30,436.0,13080.0,2025-07-29 12:38:44.964998
2025-07-29,83841,2025072904016297,SPDL,Dipshikha Dhitopatra Karobar Co. Pvt Ltd.,Oxford Securities Pvt. Ltd.,26,436.0,11336.0,2025-07-29 12:38:45.976891
2025-07-29,82998,2025072904016496,SPDL,Naasa Securities Co. Ltd.,Creative Securities Pvt Ltd,100,437.0,43700.0,2025-07-29 12:40:14.589184
2025-07-29,82788,2025072904016549,SPDL,Dipshikha Dhitopatra Karobar Co. Pvt Ltd.,Creative Securities Pvt Ltd,290,437.0,126730.0,2025-07-29 12:40:35.629649
2025-07-29,82787,2025072904016550,SPDL,Dipshikha Dhitopatra Karobar Co. Pvt Ltd.,Naasa Securities Co. Ltd.,475,437.0,207575.0,2025-07-29 12:40:35.629901
2025-07-29,82710,2025072904016569,SPDL,Siprabi Securities Pvt. Ltd.,Naasa Securities Co. Ltd.,50,437.0,21850.0,2025-07-29 12:40:41.026413
2025-07-29,82650,2025072904016584,SPDL,Ashutosh Brokerage & Securities (PVT) Ltd.,Naasa Securities Co. Ltd.,606,437.0,264822.0,2025-07-29 12:40:43.859980
2025-07-29,82611,2025072904016596,SPDL,Dipshikha Dhitopatra Karobar Co. Pvt Ltd.,Naasa Securities Co. Ltd.,1000,437.0,437000.0,2025-07-29 12:40:47.823746
2025-07-29,82517,2025072904016607,SPDL,Siprabi Securities Pvt. Ltd.,Naasa Securities Co. Ltd.,19,437.0,8303.0,2025-07-29 12:40:54.187826
2025-07-29,81512,2025072904016844,SPDL,Dipshikha Dhitopatra Karobar Co. Pvt Ltd.,Aryatara Investment & Securities,500,437.0,218500.0,2025-07-29 12:42:25.245852
2025-07-29,81356,2025072904016876,SPDL,Secured Securities Ltd.,Kalika Securities Pvt. Ltd.,40,437.5,17500.0,2025-07-29 12:42:44.656284
2025-07-29,81167,2025072904016916,SPDL,Secured Securities Ltd.,Sewa Securities Pvt. Ltd.,500,437.6,218800.0,2025-07-29 12:43:01.988870
2025-07-29,81166,2025072904016917,SPDL,Secured Securities Ltd.,Capital Hub P. Ltd,290,437.8,126962.0,2025-07-29 12:43:01.989117
2025-07-29,81107,2025072904016926,SPDL,Secured Securities Ltd.,Trisul Securities & Invt. Ltd.,17,437.8,7442.6,2025-07-29 12:43:08.846390
2025-07-29,80991,2025072904016949,SPDL,Oxford Securities Pvt. Ltd.,Dynamic Money Managers Securities Pvt. Ltd.,183,438.0,80154.0,2025-07-29 12:43:18.191422
2025-07-29,80990,2025072904016950,SPDL,Oxford Securities Pvt. Ltd.,Investment Management Nepal Pvt. Ltd.,200,438.0,87600.0,2025-07-29 12:43:18.191674
2025-07-29,80989,2025072904016951,SPDL,Oxford Securities Pvt. Ltd.,Siprabi Securities Pvt. Ltd.,26,438.0,11388.0,2025-07-29 12:43:18.191779
2025-07-29,80988,2025072904016952,SPDL,Oxford Securities Pvt. Ltd.,Arun Securities (PVT) Ltd.,91,438.0,39858.0,2025-07-29 12:43:18.191877
2025-07-29,80837,2025072904016969,SPDL,Secured Securities Ltd.,ABC Securities Private Limited,153,437.8,66983.4,2025-07-29 12:43:34.095929
2025-07-29,80827,2025072904016972,SPDL,Dipshikha Dhitopatra Karobar Co. Pvt Ltd.,Arun Securities (PVT) Ltd.,309,438.0,135342.0,2025-07-29 12:43:35.398402
2025-07-29,80501,2025072904017037,SPDL,Oxford Securities Pvt. Ltd.,South Asian Bulls Pvt. Ltd.,200,439.0,87800.0,2025-07-29 12:44:00.679402
2025-07-29,80500,2025072904017038,SPDL,Oxford Securities Pvt. Ltd.,Agrawal Securities (PVT) Ltd.,30,439.0,13170.0,2025-07-29 12:44:00.679647
2025-07-29,79920,2025072904017120,SPDL,Imperial Securities Company Pvt. Ltd.,ABC Securities Private Limited,346,438.1,151582.6,2025-07-29 12:44:52.087649
2025-07-29,79715,2025072904017154,SPDL,Oxford Securities Pvt. Ltd.,ABC Securities Private Limited,57,439.2,25034.4,2025-07-29 12:45:11.522678
2025-07-29,79670,2025072904017168,SPDL,Imperial Securities Company Pvt. Ltd.,Asian Securities Private Ltd.,26,438.1,11390.6,2025-07-29 12:45:15.275739
2025-07-29,79351,2025072904017244,SPDL,Dipshikha Dhitopatra Karobar Co. Pvt Ltd.,Imperial Securities Company Pvt. Ltd.,22,440.0,9680.0,2025-07-29 12:45:49.598891
2025-07-29,79350,2025072904017245,SPDL,Dipshikha Dhitopatra Karobar Co. Pvt Ltd.,Vision Securities Pvt. Ltd,500,440.0,220000.0,2025-07-29 12:45:49.599118
2025-07-29,79349,2025072904017246,SPDL,Dipshikha Dhitopatra Karobar Co. Pvt Ltd.,Capital Max Securities Ltd,1000,440.0,440000.0,2025-07-29 12:45:49.599218
2025-07-29,79348,2025072904017247,SPDL,Dipshikha Dhitopatra Karobar Co. Pvt Ltd.,Naasa Securities Co. Ltd.,500,440.0,220000.0,2025-07-29 12:45:49.599321
2025-07-29,79347,2025072904017248,SPDL,Dipshikha Dhitopatra Karobar Co. Pvt Ltd.,Thrive Brokerage House Pvt. Ltd,200,440.0,88000.0,2025-07-29 12:45:49.599418
2025-07-29,79346,2025072904017249,SPDL,Dipshikha Dhitopatra Karobar Co. Pvt Ltd.,Trisul Securities & Invt. Ltd.,17,440.0,7480.0,2025-07-29 12:45:49.599519
2025-07-29,79345,2025072904017250,SPDL,Dipshikha Dhitopatra Karobar Co. Pvt Ltd.,ABC Securities Private Limited,500,440.0,220000.0,2025-07-29 12:45:49.599645
2025-07-29,79344,2025072904017251,SPDL,Dipshikha Dhitopatra Karobar Co. Pvt Ltd.,Naasa Securities Co. Ltd.,70,440.0,30800.0,2025-07-29 12:45:49.599741
2025-07-29,79343,2025072904017252,SPDL,Dipshikha Dhitopatra Karobar Co. Pvt Ltd.,Imperial Securities Company Pvt. Ltd.,50,440.0,22000.0,2025-07-29 12:45:49.599849
2025-07-29,79342,2025072904017253,SPDL,Dipshikha Dhitopatra Karobar Co. Pvt Ltd.,Opal Securities Investment (PVT) Ltd.,500,440.0,220000.0,2025-07-29 12:45:49.599948
2025-07-29,79341,2025072904017254,SPDL,Dipshikha Dhitopatra Karobar Co. Pvt Ltd.,Kohinoor Investment & Securities Pvt. Ltd.,26,440.0,11440.0,2025-07-29 12:45:49.600044
2025-07-29,79340,2025072904017255,SPDL,Dipshikha Dhitopatra Karobar Co. Pvt Ltd.,Asian Securities Private Ltd.,615,440.0,270600.0,2025-07-29 12:45:49.600137
2025-07-29,77659,2025072904017639,SPDL,ABC Securities Private Limited,Cristal Kanchanjanga Securites Pvt. Ltd.,1000,439.9,439900.0,2025-07-29 12:48:32.037757
2025-07-29,77658,2025072904017640,SPDL,ABC Securities Private Limited,Asian Securities Private Ltd.,485,440.0,213400.0,2025-07-29 12:48:32.038280
2025-07-29,77657,2025072904017641,SPDL,ABC Securities Private Limited,Primo Securities (PVT) Ltd.,515,440.0,226600.0,2025-07-29 12:48:32.038614
2025-07-29,76393,2025072904017939,SPDL,South Asian Bulls Pvt. Ltd.,Magnet Securities and Investment Company Private Limited,200,439.8,87960.0,2025-07-29 12:51:09.833984
2025-07-29,75429,2025072904018139,SPDL,Sweta Securities Private Limited,Sewa Securities Pvt. Ltd.,20,439.0,8780.0,2025-07-29 12:52:59.602968
2025-07-29,75231,2025072904018165,SPDL,Oxford Securities Pvt. Ltd.,KALASH STOCK MARKET PVT. LTD.,10,439.0,4390.0,2025-07-29 12:53:24.634680
2025-07-29,75029,2025072904018201,SPDL,Elite Stock House Limited,SUN SECURITIES PVT LTD,500,438.2,219100.0,2025-07-29 12:53:52.020988
2025-07-29,74940,2025072904018235,SPDL,Elite Stock House Limited,Magnet Securities and Investment Company Private Limited,500,438.2,219100.0,2025-07-29 12:54:03.770582
2025-07-29,74522,2025072904018318,SPDL,Naasa Securities Co. Ltd.,Magnet Securities and Investment Company Private Limited,40,438.2,17528.0,2025-07-29 12:54:43.896559
2025-07-29,74521,2025072904018319,SPDL,Imperial Securities Company Pvt. Ltd.,Magnet Securities and Investment Company Private Limited,128,438.1,56076.8,2025-07-29 12:54:43.896820
2025-07-29,74520,2025072904018320,SPDL,Primo Securities (PVT) Ltd.,Magnet Securities and Investment Company Private Limited,332,438.1,145449.2,2025-07-29 12:54:43.896926
2025-07-29,74477,2025072904018338,SPDL,Primo Securities (PVT) Ltd.,Online Securities Pvt. Ltd.,68,438.1,29790.8,2025-07-29 12:54:48.436718
2025-07-29,74476,2025072904018339,SPDL,Dipshikha Dhitopatra Karobar Co. Pvt Ltd.,Online Securities Pvt. Ltd.,1732,438.0,758616.0,2025-07-29 12:54:48.437211
2025-07-29,74395,2025072904018347,SPDL,Naasa Securities Co. Ltd.,Naasa Securities Co. Ltd.,30,438.0,13140.0,2025-07-29 12:54:54.955160
2025-07-29,74394,2025072904018348,SPDL,Sweta Securities Private Limited,Naasa Securities Co. Ltd.,420,438.0,183960.0,2025-07-29 12:54:54.955699
2025-07-29,74323,2025072904018354,SPDL,Sweta Securities Private Limited,Investment Management Nepal Pvt. Ltd.,80,438.0,35040.0,2025-07-29 12:54:57.974613
2025-07-29,74322,2025072904018355,SPDL,Online Securities Pvt. Ltd.,Investment Management Nepal Pvt. Ltd.,35,438.0,15330.0,2025-07-29 12:54:57.975109
2025-07-29,74158,2025072904018382,SPDL,Sri Hari Securities Pvt. Ltd.,Investment Management Nepal Pvt. Ltd.,55,437.1,24040.5,2025-07-29 12:55:19.092630
2025-07-29,74027,2025072904018403,SPDL,Global IME Securities Limited,Nagarik Stock Dealer ,50,438.0,21900.0,2025-07-29 12:55:33.747593
2025-07-29,74026,2025072904018404,SPDL,Sri Hari Securities Pvt. Ltd.,Nagarik Stock Dealer ,346,437.1,151236.6,2025-07-29 12:55:33.748041
2025-07-29,73831,2025072904018450,SPDL,Vision Securities Pvt. Ltd,Imperial Securities Company Pvt. Ltd.,1,429.0,429.0,2025-07-29 12:55:55.270872
2025-07-29,73698,2025072904018488,SPDL,Sri Hari Securities Pvt. Ltd.,Trishakti Securities Public Limited,99,437.1,43272.9,2025-07-29 12:56:11.768191
2025-07-29,73697,2025072904018489,SPDL,SUN SECURITIES PVT LTD,Trishakti Securities Public Limited,50,437.0,21850.0,2025-07-29 12:56:11.768450
2025-07-29,73696,2025072904018490,SPDL,Naasa Securities Co. Ltd.,Trishakti Securities Public Limited,851,436.5,371461.5,2025-07-29 12:56:11.768555
2025-07-29,71402,2025072904018964,SPDL,Naasa Securities Co. Ltd.,Kumari Securities Private Limited,485,436.5,211702.5,2025-07-29 12:59:58.598263
2025-07-29,69769,2025072904019278,SPDL,Oxford Securities Pvt. Ltd.,Kumari Securities Private Limited,15,436.5,6547.5,2025-07-29 13:02:46.362400
2025-07-29,67113,2025072904019874,SPDL,Vision Securities Pvt. Ltd,Online Securities Pvt. Ltd.,26,436.5,11349.0,2025-07-29 13:08:01.326766
2025-07-29,66995,2025072904019908,SPDL,Imperial Securities Company Pvt. Ltd.,Aryatara Investment & Securities,27,436.7,11790.9,2025-07-29 13:08:15.599958
2025-07-29,66633,2025072904019983,SPDL,Imperial Securities Company Pvt. Ltd.,Opal Securities Investment (PVT) Ltd.,50,436.7,21835.0,2025-07-29 13:09:04.380538
2025-07-29,66450,2025072904020022,SPDL,Online Securities Pvt. Ltd.,Aryatara Investment & Securities,17,437.0,7429.0,2025-07-29 13:09:27.650411
2025-07-29,65858,2025072904020128,SPDL,Online Securities Pvt. Ltd.,Naasa Securities Co. Ltd.,500,437.0,218500.0,2025-07-29 13:10:40.391692
2025-07-29,65644,2025072904020173,SPDL,Online Securities Pvt. Ltd.,Opal Securities Investment (PVT) Ltd.,83,437.0,36271.0,2025-07-29 13:11:14.345251
2025-07-29,65412,2025072904020239,SPDL,Imperial Securities Company Pvt. Ltd.,Deevyaa Securities & Stock House Pvt. Ltd,153,436.7,66815.1,2025-07-29 13:11:44.065835
2025-07-29,65411,2025072904020240,SPDL,Neev Securities Pvt. Ltd.,Deevyaa Securities & Stock House Pvt. Ltd,10,436.7,4367.0,2025-07-29 13:11:44.066155
2025-07-29,65410,2025072904020241,SPDL,Premier Securities Company Ltd.,Deevyaa Securities & Stock House Pvt. Ltd,500,436.6,218300.0,2025-07-29 13:11:44.066268
2025-07-29,65409,2025072904020242,SPDL,Vision Securities Pvt. Ltd,Deevyaa Securities & Stock House Pvt. Ltd,474,436.5,206901.0,2025-07-29 13:11:44.066384
2025-07-29,65408,2025072904020243,SPDL,Sri Hari Securities Pvt. Ltd.,Deevyaa Securities & Stock House Pvt. Ltd,200,436.4,87280.0,2025-07-29 13:11:44.066490
2025-07-29,65407,2025072904020244,SPDL,J.F. Securites (PVT) Ltd.,Deevyaa Securities & Stock House Pvt. Ltd,40,436.0,17440.0,2025-07-29 13:11:44.066602
2025-07-29,65406,2025072904020245,SPDL,Vision Securities Pvt. Ltd,Deevyaa Securities & Stock House Pvt. Ltd,500,436.0,218000.0,2025-07-29 13:11:44.066715
2025-07-29,65405,2025072904020246,SPDL,Sundhara Securities Limited,Deevyaa Securities & Stock House Pvt. Ltd,123,435.3,53541.9,2025-07-29 13:11:44.066818
2025-07-29,65178,2025072904020298,SPDL,pahiinvestment,Opal Securities Investment (PVT) Ltd.,38,437.0,16606.0,2025-07-29 13:12:22.073803
2025-07-29,65136,2025072904020306,SPDL,Sundhara Securities Limited,Siprabi Securities Pvt. Ltd.,100,435.3,43530.0,2025-07-29 13:12:27.031959
2025-07-29,64682,2025072904020385,SPDL,Naasa Securities Co. Ltd.,Opal Securities Investment (PVT) Ltd.,869,435.4,378362.6,2025-07-29 13:13:15.193835
2025-07-29,63609,2025072904020665,SPDL,Secured Securities Ltd.,Neev Securities Pvt. Ltd.,50,437.0,21850.0,2025-07-29 13:15:25.492736
2025-07-29,63265,2025072904020716,SPDL,Secured Securities Ltd.,Swarna Laxmi Securities Pvt. Ltd.,300,438.0,131400.0,2025-07-29 13:15:50.411576
2025-07-29,62942,2025072904020819,SPDL,Secured Securities Ltd.,Secured Securities Ltd.,650,438.0,284700.0,2025-07-29 13:16:22.901418
2025-07-29,62071,2025072904021019,SPDL,Trisul Securities & Invt. Ltd.,Secured Securities Ltd.,100,437.0,43700.0,2025-07-29 13:17:58.596195
2025-07-29,62004,2025072904021024,SPDL,Sumeru Securities Pvt. Ltd.,Dynamic Money Managers Securities Pvt. Ltd.,26,435.6,11325.6,2025-07-29 13:18:06.980164
2025-07-29,61165,2025072904021191,SPDL,Bhrikuti Stock Broking Co. Pvt. Ltd.,Secured Securities Ltd.,200,437.0,87400.0,2025-07-29 13:19:39.568853
2025-07-29,60629,2025072904021285,SPDL,Bhrikuti Stock Broking Co. Pvt. Ltd.,Nabil Stock Dealer Ltd.,10,438.9,4389.0,2025-07-29 13:20:45.234846
2025-07-29,59925,2025072904021461,SPDL,Deevyaa Securities & Stock House Pvt. Ltd,Opal Securities Investment (PVT) Ltd.,96,437.0,41952.0,2025-07-29 13:22:11.397166
2025-07-29,59042,2025072904021640,SPDL,Deevyaa Securities & Stock House Pvt. Ltd,Swarna Laxmi Securities Pvt. Ltd.,106,437.0,46322.0,2025-07-29 13:24:16.993682
2025-07-29,56056,2025072904022302,SPDL,Trishakti Securities Public Limited,Sundhara Securities Limited,26,436.0,11336.0,2025-07-29 13:30:57.938862
2025-07-29,55937,2025072904022324,SPDL,Secured Securities Ltd.,Naasa Securities Co. Ltd.,200,438.0,87600.0,2025-07-29 13:31:15.814843
2025-07-29,55460,2025072904022442,SPDL,Secured Securities Ltd.,KALASH STOCK MARKET PVT. LTD.,50,437.0,21850.0,2025-07-29 13:32:24.572490
2025-07-29,55437,2025072904022458,SPDL,Trishakti Securities Public Limited,Arun Securities (PVT) Ltd.,10,436.0,4360.0,2025-07-29 13:32:26.241417
2025-07-29,54802,2025072904022591,SPDL,Sumeru Securities Pvt. Ltd.,Kohinoor Investment & Securities Pvt. Ltd.,74,435.6,32234.4,2025-07-29 13:33:37.617061
2025-07-29,54801,2025072904022592,SPDL,Sundhara Securities Limited,Kohinoor Investment & Securities Pvt. Ltd.,27,435.6,11761.2,2025-07-29 13:33:37.617350
2025-07-29,54800,2025072904022593,SPDL,Linch Stock Market Ltd.,Kohinoor Investment & Securities Pvt. Ltd.,325,435.6,141570.0,2025-07-29 13:33:37.617464
2025-07-29,54194,2025072904022703,SPDL,INDEX SECURITIES LIMITED,Sani Securities Company Ltd.,1000,435.9,435900.0,2025-07-29 13:34:41.545376
2025-07-29,54122,2025072904022711,SPDL,Linch Stock Market Ltd.,Swarna Laxmi Securities Pvt. Ltd.,170,435.6,74052.0,2025-07-29 13:34:50.330746
2025-07-29,53597,2025072904022779,SPDL,Pragyan Securities (PVT) Ltd.,J.F. Securites (PVT) Ltd.,1,428.0,428.0,2025-07-29 13:35:43.720150
2025-07-29,51322,2025072904023443,SPDL,Naasa Securities Co. Ltd.,Secured Securities Ltd.,20,435.4,8708.0,2025-07-29 13:39:32.491192
2025-07-29,51206,2025072904023477,SPDL,Naasa Securities Co. Ltd.,Swarna Laxmi Securities Pvt. Ltd.,250,435.4,108850.0,2025-07-29 13:39:47.130648
2025-07-29,50879,2025072904023530,SPDL,Cristal Kanchanjanga Securites Pvt. Ltd.,Swarna Laxmi Securities Pvt. Ltd.,850,435.1,369835.0,2025-07-29 13:40:21.293362
2025-07-29,50868,2025072904023531,SPDL,Cristal Kanchanjanga Securites Pvt. Ltd.,J.F. Securites (PVT) Ltd.,100,435.0,43500.0,2025-07-29 13:40:23.672911
2025-07-29,50867,2025072904023532,SPDL,Dynamic Money Managers Securities Pvt. Ltd.,J.F. Securites (PVT) Ltd.,1250,435.0,543750.0,2025-07-29 13:40:23.673450
2025-07-29,50866,2025072904023533,SPDL,Vision Securities Pvt. Ltd,J.F. Securites (PVT) Ltd.,500,435.0,217500.0,2025-07-29 13:40:23.673773
2025-07-29,50865,2025072904023534,SPDL,Sweta Securities Private Limited,J.F. Securites (PVT) Ltd.,150,435.0,65250.0,2025-07-29 13:40:23.674084
2025-07-29,50517,2025072904023610,SPDL,Aryatara Investment & Securities,Primo Securities (PVT) Ltd.,100,435.0,43500.0,2025-07-29 13:41:10.446335
2025-07-29,50516,2025072904023611,SPDL,Malla & Malla Stock Broking Company Pvt. Limited,Primo Securities (PVT) Ltd.,50,435.0,21750.0,2025-07-29 13:41:10.446704
2025-07-29,50515,2025072904023612,SPDL,Citizens Share Broker Limited,Primo Securities (PVT) Ltd.,300,435.0,130500.0,2025-07-29 13:41:10.446823
2025-07-29,50514,2025072904023613,SPDL,Kohinoor Investment & Securities Pvt. Ltd.,Primo Securities (PVT) Ltd.,200,435.0,87000.0,2025-07-29 13:41:10.446940
2025-07-29,50513,2025072904023614,SPDL,Dakshinkali Investment & Securities Pvt. Ltd.,Primo Securities (PVT) Ltd.,350,435.0,152250.0,2025-07-29 13:41:10.447066
2025-07-29,50413,2025072904023653,SPDL,Dakshinkali Investment & Securities Pvt. Ltd.,Nabil Stock Dealer Ltd.,650,435.0,282750.0,2025-07-29 13:41:20.030797
2025-07-29,50412,2025072904023654,SPDL,Sri Hari Securities Pvt. Ltd.,Nabil Stock Dealer Ltd.,500,435.0,217500.0,2025-07-29 13:41:20.031103
2025-07-29,50411,2025072904023655,SPDL,Trishakti Securities Public Limited,Nabil Stock Dealer Ltd.,600,435.0,261000.0,2025-07-29 13:41:20.031212
2025-07-29,50410,2025072904023656,SPDL,Trishakti Securities Public Limited,Nabil Stock Dealer Ltd.,275,435.0,119625.0,2025-07-29 13:41:20.031326
2025-07-29,50409,2025072904023657,SPDL,Dynamic Money Managers Securities Pvt. Ltd.,Nabil Stock Dealer Ltd.,500,435.0,217500.0,2025-07-29 13:41:20.031428
2025-07-29,50408,2025072904023658,SPDL,Sumeru Securities Pvt. Ltd.,Nabil Stock Dealer Ltd.,300,435.0,130500.0,2025-07-29 13:41:20.031532
2025-07-29,50407,2025072904023659,SPDL,ABC Securities Private Limited,Nabil Stock Dealer Ltd.,1165,435.0,506775.0,2025-07-29 13:41:20.031638
2025-07-29,50307,2025072904023698,SPDL,ABC Securities Private Limited,J.F. Securites (PVT) Ltd.,500,435.0,217500.0,2025-07-29 13:41:29.115768
2025-07-29,50260,2025072904023703,SPDL,ABC Securities Private Limited,Malla & Malla Stock Broking Company Pvt. Limited,335,435.0,145725.0,2025-07-29 13:41:34.969803
2025-07-29,50090,2025072904023748,SPDL,Agrawal Securities (PVT) Ltd.,Ashutosh Brokerage & Securities (PVT) Ltd.,100,434.0,43400.0,2025-07-29 13:41:51.554901
2025-07-29,49933,2025072904023790,SPDL,Agrawal Securities (PVT) Ltd.,Malla & Malla Stock Broking Company Pvt. Limited,365,434.0,158410.0,2025-07-29 13:42:10.287869
2025-07-29,49537,2025072904023927,SPDL,Agrawal Securities (PVT) Ltd.,Imperial Securities Company Pvt. Ltd.,1000,434.0,434000.0,2025-07-29 13:42:52.420881
2025-07-29,48574,2025072904024169,SPDL,Siprabi Securities Pvt. Ltd.,Oxford Securities Pvt. Ltd.,200,435.0,87000.0,2025-07-29 13:44:39.204818
2025-07-29,48503,2025072904024175,SPDL,Agrawal Securities (PVT) Ltd.,Online Securities Pvt. Ltd.,35,434.0,15190.0,2025-07-29 13:44:45.560863
2025-07-29,48502,2025072904024176,SPDL,Linch Stock Market Ltd.,Online Securities Pvt. Ltd.,50,434.0,21700.0,2025-07-29 13:44:45.561452
2025-07-29,48501,2025072904024177,SPDL,Asian Securities Private Ltd.,Online Securities Pvt. Ltd.,100,434.0,43400.0,2025-07-29 13:44:45.561802
2025-07-29,48500,2025072904024178,SPDL,Siprabi Securities Pvt. Ltd.,Online Securities Pvt. Ltd.,40,434.0,17360.0,2025-07-29 13:44:45.562124
2025-07-29,48470,2025072904024190,SPDL,Siprabi Securities Pvt. Ltd.,Trishakti Securities Public Limited,460,434.0,199640.0,2025-07-29 13:44:50.051470
2025-07-29,48469,2025072904024191,SPDL,Trisul Securities & Invt. Ltd.,Trishakti Securities Public Limited,1000,434.0,434000.0,2025-07-29 13:44:50.051796
2025-07-29,48468,2025072904024192,SPDL,Secured Securities Ltd.,Trishakti Securities Public Limited,540,434.0,234360.0,2025-07-29 13:44:50.051922
2025-07-29,48423,2025072904024204,SPDL,Secured Securities Ltd.,Arun Securities (PVT) Ltd.,290,434.0,125860.0,2025-07-29 13:44:55.630237
2025-07-29,47888,2025072904024309,SPDL,Secured Securities Ltd.,Secured Securities Ltd.,14,434.0,6076.0,2025-07-29 13:45:37.174782
2025-07-29,47389,2025072904024446,SPDL,Secured Securities Ltd.,Vision Securities Pvt. Ltd,156,434.0,67704.0,2025-07-29 13:46:33.275677
2025-07-29,47388,2025072904024447,SPDL,Sumeru Securities Pvt. Ltd.,Vision Securities Pvt. Ltd,100,434.0,43400.0,2025-07-29 13:46:33.275987
2025-07-29,47387,2025072904024448,SPDL,Vision Securities Pvt. Ltd,Vision Securities Pvt. Ltd,894,434.0,387996.0,2025-07-29 13:46:33.276099
2025-07-29,47287,2025072904024473,SPDL,Dynamic Money Managers Securities Pvt. Ltd.,Oxford Securities Pvt. Ltd.,50,435.0,21750.0,2025-07-29 13:46:44.972727
2025-07-29,47169,2025072904024507,SPDL,Vision Securities Pvt. Ltd,Dynamic Money Managers Securities Pvt. Ltd.,106,434.0,46004.0,2025-07-29 13:46:56.866966
2025-07-29,47168,2025072904024508,SPDL,Agrawal Securities (PVT) Ltd.,Dynamic Money Managers Securities Pvt. Ltd.,594,433.0,257202.0,2025-07-29 13:46:56.867024
2025-07-29,47134,2025072904024514,SPDL,Dynamic Money Managers Securities Pvt. Ltd.,Oxford Securities Pvt. Ltd.,10,435.0,4350.0,2025-07-29 13:47:02.295912
2025-07-29,46775,2025072904024622,SPDL,Agrawal Securities (PVT) Ltd.,Asian Securities Private Ltd.,500,433.0,216500.0,2025-07-29 13:47:45.998404
2025-07-29,46772,2025072904024623,SPDL,Linch Stock Market Ltd.,Siprabi Securities Pvt. Ltd.,15,434.9,6523.5,2025-07-29 13:47:46.120598
2025-07-29,46440,2025072904024717,SPDL,Agrawal Securities (PVT) Ltd.,Secured Securities Ltd.,152,433.0,65816.0,2025-07-29 13:48:18.061879
2025-07-29,46411,2025072904024721,SPDL,Agrawal Securities (PVT) Ltd.,Oxford Securities Pvt. Ltd.,50,433.0,21650.0,2025-07-29 13:48:22.771901
2025-07-29,46228,2025072904024759,SPDL,Agrawal Securities (PVT) Ltd.,Primo Securities (PVT) Ltd.,704,433.0,304832.0,2025-07-29 13:48:39.788436
2025-07-29,46227,2025072904024760,SPDL,Agrawal Securities (PVT) Ltd.,Primo Securities (PVT) Ltd.,66,433.0,28578.0,2025-07-29 13:48:39.788725
2025-07-29,45790,2025072904024864,SPDL,Agrawal Securities (PVT) Ltd.,Primo Securities (PVT) Ltd.,34,433.0,14722.0,2025-07-29 13:49:30.078122
2025-07-29,45789,2025072904024865,SPDL,Sumeru Securities Pvt. Ltd.,Primo Securities (PVT) Ltd.,100,433.0,43300.0,2025-07-29 13:49:30.078454
2025-07-29,45562,2025072904024910,SPDL,Sweta Securities Private Limited,Primo Securities (PVT) Ltd.,146,433.0,63218.0,2025-07-29 13:49:59.772024
2025-07-29,45546,2025072904024913,SPDL,Sweta Securities Private Limited,South Asian Bulls Pvt. Ltd.,235,433.0,101755.0,2025-07-29 13:50:00.950860
2025-07-29,43994,2025072904025299,SPDL,Sweta Securities Private Limited,Naasa Securities Co. Ltd.,17,433.0,7361.0,2025-07-29 13:53:20.692247
2025-07-29,43286,2025072904025478,SPDL,Kalika Securities Pvt. Ltd.,Aryatara Investment & Securities,44,434.0,19096.0,2025-07-29 13:54:42.930453
2025-07-29,43208,2025072904025507,SPDL,Kalika Securities Pvt. Ltd.,Midas Stock Broking Company Private Limited,456,434.0,197904.0,2025-07-29 13:54:52.392495
2025-07-29,43013,2025072904025550,SPDL,Sweta Securities Private Limited,Cristal Kanchanjanga Securites Pvt. Ltd.,50,433.0,21650.0,2025-07-29 13:55:24.374698
2025-07-29,42897,2025072904025585,SPDL,Sweta Securities Private Limited,Imperial Securities Company Pvt. Ltd.,50,433.0,21650.0,2025-07-29 13:55:37.617231
2025-07-29,42831,2025072904025598,SPDL,Capital Max Securities Ltd,Aryatara Investment & Securities,50,433.0,21650.0,2025-07-29 13:55:48.690551
2025-07-29,41895,2025072904025812,SPDL,Sundhara Securities Limited,Midas Stock Broking Company Private Limited,250,434.0,108500.0,2025-07-29 13:58:06.214881
2025-07-29,41840,2025072904025816,SPDL,Vision Securities Pvt. Ltd,Midas Stock Broking Company Private Limited,14,434.0,6076.0,2025-07-29 13:58:11.793033
2025-07-29,41485,2025072904025895,SPDL,Asian Securities Private Ltd.,Midas Stock Broking Company Private Limited,140,434.0,60760.0,2025-07-29 13:58:50.197953
2025-07-29,41375,2025072904025920,SPDL,Vision Securities Pvt. Ltd,Midas Stock Broking Company Private Limited,10,434.0,4340.0,2025-07-29 13:59:06.007124
2025-07-29,40963,2025072904026011,SPDL,ABC Securities Private Limited,Midas Stock Broking Company Private Limited,80,434.0,34720.0,2025-07-29 14:00:01.031295
2025-07-29,40962,2025072904026012,SPDL,ABC Securities Private Limited,Kohinoor Investment & Securities Pvt. Ltd.,26,434.0,11284.0,2025-07-29 14:00:01.031647
2025-07-29,40140,2025072904026234,SPDL,Sewa Securities Pvt. Ltd.,Naasa Securities Co. Ltd.,20,434.1,8682.0,2025-07-29 14:01:49.987777
2025-07-29,40139,2025072904026235,SPDL,ABC Securities Private Limited,Naasa Securities Co. Ltd.,10,434.0,4340.0,2025-07-29 14:01:49.988364
2025-07-29,39558,2025072904026348,SPDL,Dynamic Money Managers Securities Pvt. Ltd.,Siprabi Securities Pvt. Ltd.,11,434.9,4783.9,2025-07-29 14:03:03.605562
2025-07-29,39296,2025072904026407,SPDL,Dynamic Money Managers Securities Pvt. Ltd.,Aryatara Investment & Securities,150,434.9,65235.0,2025-07-29 14:03:43.756875
2025-07-29,39160,2025072904026437,SPDL,Midas Stock Broking Company Private Limited,Oxford Securities Pvt. Ltd.,540,435.0,234900.0,2025-07-29 14:04:11.468303
2025-07-29,39159,2025072904026438,SPDL,Midas Stock Broking Company Private Limited,Investment Management Nepal Pvt. Ltd.,26,435.0,11310.0,2025-07-29 14:04:11.468921
2025-07-29,39158,2025072904026439,SPDL,Midas Stock Broking Company Private Limited,Nepal Stock House (PVT) Ltd.,41,435.0,17835.0,2025-07-29 14:04:11.469257
2025-07-29,36722,2025072904027072,SPDL,Vision Securities Pvt. Ltd,Imperial Securities Company Pvt. Ltd.,26,435.0,11310.0,2025-07-29 14:08:53.080184
2025-07-29,36226,2025072904027178,SPDL,Vision Securities Pvt. Ltd,Vision Securities Pvt. Ltd,19,435.0,8265.0,2025-07-29 14:09:54.831621
2025-07-29,36225,2025072904027179,SPDL,Dynamic Money Managers Securities Pvt. Ltd.,Vision Securities Pvt. Ltd,111,434.9,48273.9,2025-07-29 14:09:54.832201
2025-07-29,36001,2025072904027249,SPDL,Thrive Brokerage House Pvt. Ltd,Oxford Securities Pvt. Ltd.,10,436.0,4360.0,2025-07-29 14:10:20.460694
2025-07-29,35541,2025072904027366,SPDL,Dynamic Money Managers Securities Pvt. Ltd.,Sani Securities Company Ltd.,67,434.9,29138.3,2025-07-29 14:11:22.231874
2025-07-29,35163,2025072904027473,SPDL,Dynamic Money Managers Securities Pvt. Ltd.,Swarna Laxmi Securities Pvt. Ltd.,661,434.9,287468.9,2025-07-29 14:12:08.402133
2025-07-29,35162,2025072904027474,SPDL,ABC Securities Private Limited,Swarna Laxmi Securities Pvt. Ltd.,224,434.0,97216.0,2025-07-29 14:12:08.402774
2025-07-29,35048,2025072904027521,SPDL,Sundhara Securities Limited,Swarna Laxmi Securities Pvt. Ltd.,97,433.3,42030.1,2025-07-29 14:12:21.488699
2025-07-29,34992,2025072904027535,SPDL,Dynamic Money Managers Securities Pvt. Ltd.,Oxford Securities Pvt. Ltd.,21,436.0,9156.0,2025-07-29 14:12:27.229917
2025-07-29,33204,2025072904027973,SPDL,Midas Stock Broking Company Private Limited,SHUBHAKAMANA SECURITIES PVT. LTD,500,434.0,217000.0,2025-07-29 14:16:03.178112
2025-07-29,32729,2025072904028086,SPDL,Sundhara Securities Limited,Naasa Securities Co. Ltd.,100,433.3,43330.0,2025-07-29 14:16:55.214796
2025-07-29,32567,2025072904028116,SPDL,Midas Stock Broking Company Private Limited,SHUBHAKAMANA SECURITIES PVT. LTD,30,435.0,13050.0,2025-07-29 14:17:08.124664
2025-07-29,30837,2025072904028519,SPDL,Siprabi Securities Pvt. Ltd.,Trishakti Securities Public Limited,17,433.4,7367.8,2025-07-29 14:20:22.027325
2025-07-29,30670,2025072904028561,SPDL,Siprabi Securities Pvt. Ltd.,Asian Securities Private Ltd.,10,433.4,4334.0,2025-07-29 14:20:42.690744
2025-07-29,30626,2025072904028572,SPDL,Siprabi Securities Pvt. Ltd.,Imperial Securities Company Pvt. Ltd.,73,433.4,31638.2,2025-07-29 14:20:45.589696
2025-07-29,30625,2025072904028573,SPDL,Sundhara Securities Limited,Imperial Securities Company Pvt. Ltd.,27,433.3,11699.1,2025-07-29 14:20:45.590463
2025-07-29,30046,2025072904028719,SPDL,Sundhara Securities Limited,Kumari Securities Private Limited,26,433.3,11265.8,2025-07-29 14:21:50.830811
2025-07-29,30045,2025072904028720,SPDL,Linch Stock Market Ltd.,Kumari Securities Private Limited,150,433.3,64995.0,2025-07-29 14:21:50.831127
2025-07-29,30044,2025072904028721,SPDL,Siprabi Securities Pvt. Ltd.,Kumari Securities Private Limited,1000,433.2,433200.0,2025-07-29 14:21:50.831246
2025-07-29,29261,2025072904028883,SPDL,Thrive Brokerage House Pvt. Ltd,Oxford Securities Pvt. Ltd.,10,433.1,4331.0,2025-07-29 14:23:09.177838
2025-07-29,29213,2025072904028895,SPDL,Dakshinkali Investment & Securities Pvt. Ltd.,KALASH STOCK MARKET PVT. LTD.,500,434.0,217000.0,2025-07-29 14:23:15.217247
2025-07-29,29212,2025072904028896,SPDL,Dakshinkali Investment & Securities Pvt. Ltd.,BHOLE GANESH SECURITIES LTD,200,434.0,86800.0,2025-07-29 14:23:15.217601
2025-07-29,29211,2025072904028897,SPDL,Dakshinkali Investment & Securities Pvt. Ltd.,Sundhara Securities Limited,538,434.0,233492.0,2025-07-29 14:23:15.217721
2025-07-29,29210,2025072904028898,SPDL,Dakshinkali Investment & Securities Pvt. Ltd.,J.F. Securites (PVT) Ltd.,51,434.0,22134.0,2025-07-29 14:23:15.217837
2025-07-29,29191,2025072904028899,SPDL,Thrive Brokerage House Pvt. Ltd,Kumari Securities Private Limited,14,433.1,6063.4,2025-07-29 14:23:17.006916
2025-07-29,29027,2025072904028953,SPDL,Sweta Securities Private Limited,Agrawal Securities (PVT) Ltd.,2,433.0,866.0,2025-07-29 14:23:35.953956
2025-07-29,28505,2025072904029066,SPDL,Vision Securities Pvt. Ltd,Kumari Securities Private Limited,1,425.4,425.4,2025-07-29 14:24:40.733206
2025-07-29,28368,2025072904029092,SPDL,Vision Securities Pvt. Ltd,Kumari Securities Private Limited,1,426.3,426.3,2025-07-29 14:24:58.023075
2025-07-29,28319,2025072904029103,SPDL,Vision Securities Pvt. Ltd,Opal Securities Investment (PVT) Ltd.,1,427.0,427.0,2025-07-29 14:25:04.229283
2025-07-29,28269,2025072904029120,SPDL,Capital Max Securities Ltd,Dynamic Money Managers Securities Pvt. Ltd.,50,433.0,21650.0,2025-07-29 14:25:10.928967
2025-07-29,28268,2025072904029121,SPDL,Vision Securities Pvt. Ltd,Dynamic Money Managers Securities Pvt. Ltd.,76,433.0,32908.0,2025-07-29 14:25:10.929281
2025-07-29,28103,2025072904029147,SPDL,Vision Securities Pvt. Ltd,Sewa Securities Pvt. Ltd.,24,433.0,10392.0,2025-07-29 14:25:25.504186
2025-07-29,28102,2025072904029148,SPDL,Kalika Securities Pvt. Ltd.,Sewa Securities Pvt. Ltd.,76,433.0,32908.0,2025-07-29 14:25:25.504538
2025-07-29,27872,2025072904029211,SPDL,Dynamic Money Managers Securities Pvt. Ltd.,Dipshikha Dhitopatra Karobar Co. Pvt Ltd.,9,436.0,3924.0,2025-07-29 14:25:54.748724
2025-07-29,27350,2025072904029308,SPDL,Kalika Securities Pvt. Ltd.,Asian Securities Private Ltd.,20,433.0,8660.0,2025-07-29 14:26:56.873181
2025-07-29,27309,2025072904029325,SPDL,South Asian Bulls Pvt. Ltd.,Dipshikha Dhitopatra Karobar Co. Pvt Ltd.,1000,433.0,433000.0,2025-07-29 14:27:00.971825
2025-07-29,26859,2025072904029418,SPDL,Sharepro Securities Private Limited,Magnet Securities and Investment Company Private Limited,50,432.1,21605.0,2025-07-29 14:27:52.220754
2025-07-29,25429,2025072904029755,SPDL,Sharepro Securities Private Limited,Primo Securities (PVT) Ltd.,67,432.1,28950.7,2025-07-29 14:30:09.579574
2025-07-29,24949,2025072904029879,SPDL,Imperial Securities Company Pvt. Ltd.,Online Securities Pvt. Ltd.,200,432.3,86460.0,2025-07-29 14:31:01.114998
2025-07-29,24933,2025072904029890,SPDL,Imperial Securities Company Pvt. Ltd.,Nagarik Stock Dealer ,800,432.3,345840.0,2025-07-29 14:31:03.681224
2025-07-29,24932,2025072904029891,SPDL,Secured Securities Ltd.,Nagarik Stock Dealer ,50,432.2,21610.0,2025-07-29 14:31:03.681585
2025-07-29,24931,2025072904029892,SPDL,Sharepro Securities Private Limited,Nagarik Stock Dealer ,150,432.1,64815.0,2025-07-29 14:31:03.681711
2025-07-29,24810,2025072904029929,SPDL,Vision Securities Pvt. Ltd,Cristal Kanchanjanga Securites Pvt. Ltd.,1,430.0,430.0,2025-07-29 14:31:17.201236
2025-07-29,24539,2025072904029997,SPDL,Sharepro Securities Private Limited,KALASH STOCK MARKET PVT. LTD.,533,432.1,230309.3,2025-07-29 14:31:45.238255
2025-07-29,24538,2025072904029998,SPDL,Vision Securities Pvt. Ltd,KALASH STOCK MARKET PVT. LTD.,100,432.1,43210.0,2025-07-29 14:31:45.238626
2025-07-29,24537,2025072904029999,SPDL,Creative Securities Pvt Ltd,KALASH STOCK MARKET PVT. LTD.,50,432.1,21605.0,2025-07-29 14:31:45.238747
2025-07-29,24536,2025072904030000,SPDL,Linch Stock Market Ltd.,KALASH STOCK MARKET PVT. LTD.,100,432.0,43200.0,2025-07-29 14:31:45.238877
2025-07-29,24535,2025072904030001,SPDL,Cristal Kanchanjanga Securites Pvt. Ltd.,KALASH STOCK MARKET PVT. LTD.,50,432.0,21600.0,2025-07-29 14:31:45.239030
2025-07-29,24534,2025072904030002,SPDL,Imperial Securities Company Pvt. Ltd.,KALASH STOCK MARKET PVT. LTD.,10,432.0,4320.0,2025-07-29 14:31:45.239168
2025-07-29,24533,2025072904030003,SPDL,Sri Hari Securities Pvt. Ltd.,KALASH STOCK MARKET PVT. LTD.,107,432.0,46224.0,2025-07-29 14:31:45.239306
2025-07-29,23422,2025072904030337,SPDL,Malla & Malla Stock Broking Company Pvt. Limited,Dipshikha Dhitopatra Karobar Co. Pvt Ltd.,25,433.9,10847.5,2025-07-29 14:33:26.619990
2025-07-29,23327,2025072904030367,SPDL,Siprabi Securities Pvt. Ltd.,Kohinoor Investment & Securities Pvt. Ltd.,500,432.1,216050.0,2025-07-29 14:33:35.114719
2025-07-29,23326,2025072904030368,SPDL,Sri Hari Securities Pvt. Ltd.,Kohinoor Investment & Securities Pvt. Ltd.,893,432.0,385776.0,2025-07-29 14:33:35.114830
2025-07-29,23325,2025072904030369,SPDL,Cristal Kanchanjanga Securites Pvt. Ltd.,Kohinoor Investment & Securities Pvt. Ltd.,200,432.0,86400.0,2025-07-29 14:33:35.114915
2025-07-29,23324,2025072904030370,SPDL,Primo Securities (PVT) Ltd.,Kohinoor Investment & Securities Pvt. Ltd.,3000,432.0,1296000.0,2025-07-29 14:33:35.114990
2025-07-29,23323,2025072904030371,SPDL,Sumeru Securities Pvt. Ltd.,Kohinoor Investment & Securities Pvt. Ltd.,100,432.0,43200.0,2025-07-29 14:33:35.115055
2025-07-29,23322,2025072904030372,SPDL,Capital Max Securities Ltd,Kohinoor Investment & Securities Pvt. Ltd.,100,432.0,43200.0,2025-07-29 14:33:35.115123
2025-07-29,23321,2025072904030373,SPDL,Sri Hari Securities Pvt. Ltd.,Kohinoor Investment & Securities Pvt. Ltd.,207,432.0,89424.0,2025-07-29 14:33:35.115191
2025-07-29,22570,2025072904030688,SPDL,Linch Stock Market Ltd.,ABC Securities Private Limited,90,432.5,38925.0,2025-07-29 14:34:37.717176
2025-07-29,22010,2025072904030850,SPDL,Vision Securities Pvt. Ltd,Sani Securities Company Ltd.,1,425.0,425.0,2025-07-29 14:35:42.800192
2025-07-29,21939,2025072904030867,SPDL,Vision Securities Pvt. Ltd,Opal Securities Investment (PVT) Ltd.,1,425.0,425.0,2025-07-29 14:35:55.313475
2025-07-29,21766,2025072904030923,SPDL,Naasa Securities Co. Ltd.,Cristal Kanchanjanga Securites Pvt. Ltd.,200,432.3,86460.0,2025-07-29 14:36:12.276535
2025-07-29,21443,2025072904031002,SPDL,Naasa Securities Co. Ltd.,Imperial Securities Company Pvt. Ltd.,800,432.3,345840.0,2025-07-29 14:36:47.940238
2025-07-29,21442,2025072904031003,SPDL,Linch Stock Market Ltd.,Imperial Securities Company Pvt. Ltd.,200,432.3,86460.0,2025-07-29 14:36:47.940629
2025-07-29,20888,2025072904031130,SPDL,Dakshinkali Investment & Securities Pvt. Ltd.,Cristal Kanchanjanga Securites Pvt. Ltd.,1000,433.0,433000.0,2025-07-29 14:37:43.377567
2025-07-29,20887,2025072904031131,SPDL,Dakshinkali Investment & Securities Pvt. Ltd.,Linch Stock Market Ltd.,80,433.0,34640.0,2025-07-29 14:37:43.377665
2025-07-29,20886,2025072904031132,SPDL,Dakshinkali Investment & Securities Pvt. Ltd.,Sumeru Securities Pvt. Ltd.,920,433.5,398820.0,2025-07-29 14:37:43.377693
2025-07-29,20140,2025072904031293,SPDL,Imperial Securities Company Pvt. Ltd.,Kalika Securities Pvt. Ltd.,28,433.0,12124.0,2025-07-29 14:39:00.142325
2025-07-29,20121,2025072904031298,SPDL,Imperial Securities Company Pvt. Ltd.,Nepal Investment And Securities Trading Private Limited,50,433.0,21650.0,2025-07-29 14:39:02.985538
2025-07-29,19860,2025072904031357,SPDL,Imperial Securities Company Pvt. Ltd.,Sumeru Securities Pvt. Ltd.,80,433.5,34680.0,2025-07-29 14:39:28.152154
2025-07-29,19654,2025072904031403,SPDL,Global IME Securities Limited,Dipshikha Dhitopatra Karobar Co. Pvt Ltd.,50,433.5,21675.0,2025-07-29 14:39:47.082713
2025-07-29,19528,2025072904031425,SPDL,J.F. Securites (PVT) Ltd.,Dipshikha Dhitopatra Karobar Co. Pvt Ltd.,50,433.5,21675.0,2025-07-29 14:39:51.570478
2025-07-29,19521,2025072904031428,SPDL,Thrive Brokerage House Pvt. Ltd,Dipshikha Dhitopatra Karobar Co. Pvt Ltd.,50,433.5,21675.0,2025-07-29 14:39:52.951201
2025-07-29,19119,2025072904031506,SPDL,Thrive Brokerage House Pvt. Ltd,Asian Securities Private Ltd.,10,433.5,4335.0,2025-07-29 14:40:31.489021
2025-07-29,18899,2025072904031559,SPDL,Oxford Securities Pvt. Ltd.,Asian Securities Private Ltd.,40,433.5,17340.0,2025-07-29 14:40:50.363672
2025-07-29,18839,2025072904031572,SPDL,Asian Securities Private Ltd.,Premier Securities Company Ltd.,100,433.7,43370.0,2025-07-29 14:40:59.742434
2025-07-29,18742,2025072904031582,SPDL,Primo Securities (PVT) Ltd.,Premier Securities Company Ltd.,400,433.7,173480.0,2025-07-29 14:41:08.755139
2025-07-29,18741,2025072904031583,SPDL,Primo Securities (PVT) Ltd.,Dipshikha Dhitopatra Karobar Co. Pvt Ltd.,100,433.9,43390.0,2025-07-29 14:41:08.755766
2025-07-29,18555,2025072904031615,SPDL,Oxford Securities Pvt. Ltd.,Premier Securities Company Ltd.,10,433.5,4335.0,2025-07-29 14:41:27.354703
2025-07-29,18312,2025072904031683,SPDL,Oxford Securities Pvt. Ltd.,Premier Securities Company Ltd.,16,433.5,6936.0,2025-07-29 14:41:46.575875
2025-07-29,17723,2025072904031857,SPDL,Vision Securities Pvt. Ltd,Dipshikha Dhitopatra Karobar Co. Pvt Ltd.,25,433.9,10847.5,2025-07-29 14:42:45.131626
2025-07-29,17722,2025072904031858,SPDL,Vision Securities Pvt. Ltd,Linch Stock Market Ltd.,475,433.9,206102.5,2025-07-29 14:42:45.131914
2025-07-29,17143,2025072904032004,SPDL,Oxford Securities Pvt. Ltd.,Trishakti Securities Public Limited,24,433.5,10404.0,2025-07-29 14:43:41.134711
2025-07-29,17142,2025072904032005,SPDL,Sundhara Securities Limited,Trishakti Securities Public Limited,10,433.2,4332.0,2025-07-29 14:43:41.135071
2025-07-29,17141,2025072904032006,SPDL,J.F. Securites (PVT) Ltd.,Trishakti Securities Public Limited,200,433.1,86620.0,2025-07-29 14:43:41.135200
2025-07-29,17140,2025072904032007,SPDL,Sewa Securities Pvt. Ltd.,Trishakti Securities Public Limited,460,433.0,199180.0,2025-07-29 14:43:41.135322
2025-07-29,17139,2025072904032008,SPDL,Cristal Kanchanjanga Securites Pvt. Ltd.,Trishakti Securities Public Limited,100,433.0,43300.0,2025-07-29 14:43:41.135437
2025-07-29,17138,2025072904032009,SPDL,Naasa Securities Co. Ltd.,Trishakti Securities Public Limited,40,433.0,17320.0,2025-07-29 14:43:41.135577
2025-07-29,17137,2025072904032010,SPDL,Neev Securities Pvt. Ltd.,Trishakti Securities Public Limited,500,433.0,216500.0,2025-07-29 14:43:41.135695
2025-07-29,16665,2025072904032142,SPDL,Dakshinkali Investment & Securities Pvt. Ltd.,Trishakti Securities Public Limited,166,433.0,71878.0,2025-07-29 14:44:23.948715
2025-07-29,16062,2025072904032259,SPDL,Vision Securities Pvt. Ltd,Secured Securities Ltd.,19,433.8,8242.2,2025-07-29 14:45:00.740660
2025-07-29,16054,2025072904032260,SPDL,ABC Securities Private Limited,Secured Securities Ltd.,13,433.8,5639.4,2025-07-29 14:45:01.416952
2025-07-29,14300,2025072904032667,SPDL,Malla & Malla Stock Broking Company Pvt. Limited,Secured Securities Ltd.,20,433.8,8676.0,2025-07-29 14:47:26.387116
2025-07-29,14204,2025072904032688,SPDL,Naasa Securities Co. Ltd.,Imperial Securities Company Pvt. Ltd.,200,433.1,86620.0,2025-07-29 14:47:35.217385
2025-07-29,14203,2025072904032689,SPDL,Dakshinkali Investment & Securities Pvt. Ltd.,Imperial Securities Company Pvt. Ltd.,390,433.0,168870.0,2025-07-29 14:47:35.217916
2025-07-29,14186,2025072904032692,SPDL,ABC Securities Private Limited,Secured Securities Ltd.,48,433.8,20822.4,2025-07-29 14:47:36.569930
2025-07-29,13994,2025072904032742,SPDL,Malla & Malla Stock Broking Company Pvt. Limited,Linch Stock Market Ltd.,20,433.9,8678.0,2025-07-29 14:47:54.808857
2025-07-29,13649,2025072904032853,SPDL,Naasa Securities Co. Ltd.,Linch Stock Market Ltd.,100,433.9,43390.0,2025-07-29 14:48:24.907506
2025-07-29,13395,2025072904032901,SPDL,Dakshinkali Investment & Securities Pvt. Ltd.,Kumari Securities Private Limited,444,433.0,192252.0,2025-07-29 14:48:44.062000
2025-07-29,13394,2025072904032902,SPDL,Dipshikha Dhitopatra Karobar Co. Pvt Ltd.,Kumari Securities Private Limited,56,433.0,24248.0,2025-07-29 14:48:44.062365
2025-07-29,13091,2025072904032996,SPDL,Dipshikha Dhitopatra Karobar Co. Pvt Ltd.,Creative Securities Pvt Ltd,44,433.0,19052.0,2025-07-29 14:49:11.033711
2025-07-29,12683,2025072904033105,SPDL,Aryatara Investment & Securities,Imperial Securities Company Pvt. Ltd.,10,432.3,4323.0,2025-07-29 14:49:45.019986
2025-07-29,12682,2025072904033106,SPDL,Deevyaa Securities & Stock House Pvt. Ltd,Imperial Securities Company Pvt. Ltd.,200,432.2,86440.0,2025-07-29 14:49:45.020336
2025-07-29,12681,2025072904033107,SPDL,MILKY WAY SHARE BROKER COMPANY LTD ,Imperial Securities Company Pvt. Ltd.,90,432.2,38898.0,2025-07-29 14:49:45.020511
2025-07-29,12676,2025072904033110,SPDL,Naasa Securities Co. Ltd.,Creative Securities Pvt Ltd,300,433.0,129900.0,2025-07-29 14:49:45.853210
2025-07-29,12489,2025072904033155,SPDL,MILKY WAY SHARE BROKER COMPANY LTD ,Ashutosh Brokerage & Securities (PVT) Ltd.,107,432.2,46245.4,2025-07-29 14:50:01.231596
2025-07-29,12119,2025072904033221,SPDL,MILKY WAY SHARE BROKER COMPANY LTD ,Neev Securities Pvt. Ltd.,500,432.2,216100.0,2025-07-29 14:50:27.889949
2025-07-29,11478,2025072904033395,SPDL,Primo Securities (PVT) Ltd.,Sweta Securities Private Limited,150,432.3,64845.0,2025-07-29 14:51:11.660126
2025-07-29,11434,2025072904033401,SPDL,Primo Securities (PVT) Ltd.,Creative Securities Pvt Ltd,156,433.0,67548.0,2025-07-29 14:51:16.893218
2025-07-29,11298,2025072904033434,SPDL,Primo Securities (PVT) Ltd.,Imperial Securities Company Pvt. Ltd.,667,433.0,288811.0,2025-07-29 14:51:26.488391
2025-07-29,11246,2025072904033453,SPDL,Primo Securities (PVT) Ltd.,Shree Krishna Securities Ltd.,40,433.0,17320.0,2025-07-29 14:51:30.119598
2025-07-29,10753,2025072904033582,SPDL,Kumari Securities Private Limited,Linch Stock Market Ltd.,125,433.9,54237.5,2025-07-29 14:52:03.342186
2025-07-29,10751,2025072904033583,SPDL,Primo Securities (PVT) Ltd.,Imperial Securities Company Pvt. Ltd.,137,433.0,59321.0,2025-07-29 14:52:03.459747
2025-07-29,10578,2025072904033623,SPDL,Deevyaa Securities & Stock House Pvt. Ltd,Imperial Securities Company Pvt. Ltd.,13,433.0,5629.0,2025-07-29 14:52:15.627873
2025-07-29,10438,2025072904033652,SPDL,Investment Management Nepal Pvt. Ltd.,Linch Stock Market Ltd.,69,433.9,29939.1,2025-07-29 14:52:23.524577
2025-07-29,9569,2025072904033902,SPDL,Deevyaa Securities & Stock House Pvt. Ltd,Sani Securities Company Ltd.,12,433.0,5196.0,2025-07-29 14:53:13.365119
2025-07-29,9475,2025072904033967,SPDL,Deevyaa Securities & Stock House Pvt. Ltd,Cristal Kanchanjanga Securites Pvt. Ltd.,275,433.0,119075.0,2025-07-29 14:53:16.916941
2025-07-29,9474,2025072904033968,SPDL,Primo Securities (PVT) Ltd.,Cristal Kanchanjanga Securites Pvt. Ltd.,205,432.3,88621.5,2025-07-29 14:53:16.917260
2025-07-29,8516,2025072904034213,SPDL,Primo Securities (PVT) Ltd.,Vision Securities Pvt. Ltd,645,432.3,278833.5,2025-07-29 14:54:06.936927
2025-07-29,8515,2025072904034214,SPDL,MILKY WAY SHARE BROKER COMPANY LTD ,Vision Securities Pvt. Ltd,135,432.2,58347.0,2025-07-29 14:54:06.937233
2025-07-29,8385,2025072904034246,SPDL,Malla & Malla Stock Broking Company Pvt. Limited,Imperial Securities Company Pvt. Ltd.,100,433.1,43310.0,2025-07-29 14:54:15.404039
2025-07-29,7806,2025072904034422,SPDL,MILKY WAY SHARE BROKER COMPANY LTD ,Magnet Securities and Investment Company Private Limited,168,432.2,72609.6,2025-07-29 14:54:50.977055
2025-07-29,7805,2025072904034423,SPDL,Imperial Securities Company Pvt. Ltd.,Magnet Securities and Investment Company Private Limited,32,432.2,13830.4,2025-07-29 14:54:50.977397
2025-07-29,7068,2025072904034642,SPDL,Imperial Securities Company Pvt. Ltd.,Aryatara Investment & Securities,100,432.2,43220.0,2025-07-29 14:55:34.590054
2025-07-29,6762,2025072904034708,SPDL,Cristal Kanchanjanga Securites Pvt. Ltd.,Premier Securities Company Ltd.,10,433.0,4330.0,2025-07-29 14:55:54.248034
2025-07-29,6761,2025072904034709,SPDL,Cristal Kanchanjanga Securites Pvt. Ltd.,Premier Securities Company Ltd.,90,433.0,38970.0,2025-07-29 14:55:54.248393
2025-07-29,6402,2025072904034805,SPDL,Trisul Securities & Invt. Ltd.,Premier Securities Company Ltd.,46,432.5,19895.0,2025-07-29 14:56:12.483172
2025-07-29,6401,2025072904034806,SPDL,Trisul Securities & Invt. Ltd.,Premier Securities Company Ltd.,54,433.0,23382.0,2025-07-29 14:56:12.483849
2025-07-29,6334,2025072904034830,SPDL,Imperial Securities Company Pvt. Ltd.,KALASH STOCK MARKET PVT. LTD.,368,432.2,159049.6,2025-07-29 14:56:16.596537
2025-07-29,6333,2025072904034831,SPDL,Sumeru Securities Pvt. Ltd.,KALASH STOCK MARKET PVT. LTD.,32,432.1,13827.2,2025-07-29 14:56:16.596851
2025-07-29,6029,2025072904034891,SPDL,Sumeru Securities Pvt. Ltd.,KALASH STOCK MARKET PVT. LTD.,43,432.1,18580.3,2025-07-29 14:56:31.681819
2025-07-29,6028,2025072904034892,SPDL,Sewa Securities Pvt. Ltd.,KALASH STOCK MARKET PVT. LTD.,957,432.1,413519.7,2025-07-29 14:56:31.682107
2025-07-29,5985,2025072904034902,SPDL,Sewa Securities Pvt. Ltd.,Premier Securities Company Ltd.,43,432.1,18580.3,2025-07-29 14:56:33.443252
2025-07-29,5984,2025072904034903,SPDL,Sri Hari Securities Pvt. Ltd.,Premier Securities Company Ltd.,13,432.0,5616.0,2025-07-29 14:56:33.443569
2025-07-29,5801,2025072904034985,SPDL,Sri Hari Securities Pvt. Ltd.,Magnet Securities and Investment Company Private Limited,100,432.0,43200.0,2025-07-29 14:56:41.384670
2025-07-29,5759,2025072904034999,SPDL,Sri Hari Securities Pvt. Ltd.,Dipshikha Dhitopatra Karobar Co. Pvt Ltd.,24,432.0,10368.0,2025-07-29 14:56:44.222109
2025-07-29,5665,2025072904035050,SPDL,Sri Hari Securities Pvt. Ltd.,Dipshikha Dhitopatra Karobar Co. Pvt Ltd.,24,432.0,10368.0,2025-07-29 14:56:49.366195
2025-07-29,5385,2025072904035102,SPDL,Sri Hari Securities Pvt. Ltd.,Sumeru Securities Pvt. Ltd.,17,432.0,7344.0,2025-07-29 14:56:58.754940
2025-07-29,5384,2025072904035103,SPDL,Sani Securities Company Ltd.,Sumeru Securities Pvt. Ltd.,10,432.0,4320.0,2025-07-29 14:56:58.755292
2025-07-29,5383,2025072904035104,SPDL,Siprabi Securities Pvt. Ltd.,Sumeru Securities Pvt. Ltd.,200,432.0,86400.0,2025-07-29 14:56:58.755428
2025-07-29,5382,2025072904035105,SPDL,Vision Securities Pvt. Ltd,Sumeru Securities Pvt. Ltd.,50,432.0,21600.0,2025-07-29 14:56:58.755543
2025-07-29,5381,2025072904035106,SPDL,Premier Securities Company Ltd.,Sumeru Securities Pvt. Ltd.,200,432.0,86400.0,2025-07-29 14:56:58.755656
2025-07-29,5084,2025072904035164,SPDL,Magnet Securities and Investment Company Private Limited,Dipshikha Dhitopatra Karobar Co. Pvt Ltd.,34,431.3,14664.2,2025-07-29 14:57:15.062718
2025-07-29,4769,2025072904035238,SPDL,Cristal Kanchanjanga Securites Pvt. Ltd.,Imperial Securities Company Pvt. Ltd.,90,431.5,38835.0,2025-07-29 14:57:29.072563
2025-07-29,4766,2025072904035239,SPDL,Magnet Securities and Investment Company Private Limited,Dipshikha Dhitopatra Karobar Co. Pvt Ltd.,34,431.3,14664.2,2025-07-29 14:57:29.318835
2025-07-29,3535,2025072904035559,SPDL,Magnet Securities and Investment Company Private Limited,Sumeru Securities Pvt. Ltd.,32,431.3,13801.6,2025-07-29 14:58:19.885049
2025-07-29,3534,2025072904035560,SPDL,Primo Securities (PVT) Ltd.,Sumeru Securities Pvt. Ltd.,491,431.2,211719.2,2025-07-29 14:58:19.885579
2025-07-29,3314,2025072904035609,SPDL,Naasa Securities Co. Ltd.,Magnet Securities and Investment Company Private Limited,200,431.1,86220.0,2025-07-29 14:58:28.787124
2025-07-29,3071,2025072904035700,SPDL,Secured Securities Ltd.,Imperial Securities Company Pvt. Ltd.,100,431.0,43100.0,2025-07-29 14:58:37.363146
2025-07-29,3070,2025072904035701,SPDL,K.B.L. Securities Limited ,Imperial Securities Company Pvt. Ltd.,500,431.0,215500.0,2025-07-29 14:58:37.363395
2025-07-29,2909,2025072904035757,SPDL,Bhrikuti Stock Broking Co. Pvt. Ltd.,Imperial Securities Company Pvt. Ltd.,40,431.2,17248.0,2025-07-29 14:58:43.419361
2025-07-29,2908,2025072904035758,SPDL,Trishakti Securities Public Limited,Imperial Securities Company Pvt. Ltd.,27,431.2,11642.4,2025-07-29 14:58:43.578116
2025-07-29,2821,2025072904035774,SPDL,K.B.L. Securities Limited ,Imperial Securities Company Pvt. Ltd.,500,431.0,215500.0,2025-07-29 14:58:46.991611
2025-07-29,2820,2025072904035775,SPDL,Capital Max Securities Ltd,Imperial Securities Company Pvt. Ltd.,100,431.0,43100.0,2025-07-29 14:58:46.991919
2025-07-29,2819,2025072904035776,SPDL,Linch Stock Market Ltd.,Imperial Securities Company Pvt. Ltd.,100,431.0,43100.0,2025-07-29 14:58:46.992034
2025-07-29,2818,2025072904035777,SPDL,South Asian Bulls Pvt. Ltd.,Imperial Securities Company Pvt. Ltd.,394,431.0,169814.0,2025-07-29 14:58:46.992143
2025-07-29,2726,2025072904035794,SPDL,South Asian Bulls Pvt. Ltd.,KALASH STOCK MARKET PVT. LTD.,106,431.0,45686.0,2025-07-29 14:58:50.367486
2025-07-29,2725,2025072904035795,SPDL,Nepal Investment And Securities Trading Private Limited,KALASH STOCK MARKET PVT. LTD.,200,431.0,86200.0,2025-07-29 14:58:50.368015
2025-07-29,2724,2025072904035796,SPDL,Miyo Securities Pvt Ltd,KALASH STOCK MARKET PVT. LTD.,500,431.0,215500.0,2025-07-29 14:58:50.368413
2025-07-29,2571,2025072904035832,SPDL,Sri Hari Securities Pvt. Ltd.,KALASH STOCK MARKET PVT. LTD.,184,431.0,79304.0,2025-07-29 14:58:54.835049
2025-07-29,2570,2025072904035833,SPDL,Sri Hari Securities Pvt. Ltd.,Imperial Securities Company Pvt. Ltd.,16,431.2,6899.2,2025-07-29 14:58:54.835383
2025-07-29,2024,2025072904035980,SPDL,Naasa Securities Co. Ltd.,Online Securities Pvt. Ltd.,10,431.0,4310.0,2025-07-29 14:59:12.897328
2025-07-29,1073,2025072904036248,SPDL,Pragyan Securities (PVT) Ltd.,Online Securities Pvt. Ltd.,15,431.0,6465.0,2025-07-29 14:59:38.094995
2025-07-29,840,2025072904036284,SPDL,Vision Securities Pvt. Ltd,Online Securities Pvt. Ltd.,100,431.0,43100.0,2025-07-29 14:59:43.357947
2025-07-29,834,2025072904036285,SPDL,Sani Securities Company Ltd.,Online Securities Pvt. Ltd.,80,431.0,34480.0,2025-07-29 14:59:43.441667
2025-07-29,796,2025072904036289,SPDL,Vision Securities Pvt. Ltd,Online Securities Pvt. Ltd.,195,431.0,84045.0,2025-07-29 14:59:44.474288
2025-07-29,795,2025072904036290,SPDL,Vision Securities Pvt. Ltd,Imperial Securities Company Pvt. Ltd.,644,431.0,277564.0,2025-07-29 14:59:44.474346
2025-07-29,794,2025072904036291,SPDL,Vision Securities Pvt. Ltd,Dipshikha Dhitopatra Karobar Co. Pvt Ltd.,10,432.0,4320.0,2025-07-29 14:59:44.474378
2025-07-29,793,2025072904036292,SPDL,Vision Securities Pvt. Ltd,Dipshikha Dhitopatra Karobar Co. Pvt Ltd.,10,432.0,4320.0,2025-07-29 14:59:44.474408
2025-07-29,792,2025072904036293,SPDL,Vision Securities Pvt. Ltd,K.B.L. Securities Limited ,1141,432.0,492912.0,2025-07-29 14:59:44.474434
2025-07-29,30,2025072904036509,SPDL,Sajilo Broker Limited,K.B.L. Securities Limited ,300,432.0,129600.0,2025-07-29 14:59:59.306134
