Date,S.N.,Contract ID,Symbol,Buyer Broker,Seller Broker,volume,rate,amount,transaction_time
2025-07-29,157486,2025072904000008,UMHL,Premier Securities Company Ltd.,Capital Max Securities Ltd,10,540.0,5400.0,2025-07-29 10:46:00.037588
2025-07-29,157485,2025072904000009,UMHL,Premier Securities Company Ltd.,Capital Max Securities Ltd,10,540.0,5400.0,2025-07-29 10:46:00.037629
2025-07-29,156092,2025072904000226,UMHL,Naasa Securities Co. Ltd.,Dipshikha Dhitopatra Karobar Co. Pvt Ltd.,100,550.8,55080.0,2025-07-29 11:03:28.540571
2025-07-29,155795,2025072904000291,UMHL,Naasa Securities Co. Ltd.,Naasa Securities Co. Ltd.,50,550.8,27540.0,2025-07-29 11:04:02.388745
2025-07-29,155790,2025072904000293,UMHL,Naasa Securities Co. Ltd.,Malla & Malla Stock Broking Company Pvt. Limited,150,550.8,82620.0,2025-07-29 11:04:03.288853
2025-07-29,155789,2025072904000294,UMHL,Naasa Securities Co. Ltd.,Malla & Malla Stock Broking Company Pvt. Limited,50,550.0,27500.0,2025-07-29 11:04:03.288965
2025-07-29,154642,2025072904000571,UMHL,Naasa Securities Co. Ltd.,Aryatara Investment & Securities,40,550.0,22000.0,2025-07-29 11:05:59.006248
2025-07-29,154641,2025072904000572,UMHL,Vision Securities Pvt. Ltd,Aryatara Investment & Securities,160,550.0,88000.0,2025-07-29 11:05:59.006370
2025-07-29,151012,2025072904001592,UMHL,Vision Securities Pvt. Ltd,Neev Securities Pvt. Ltd.,840,551.1,462924.0,2025-07-29 11:10:55.130102
2025-07-29,151011,2025072904001593,UMHL,Magnet Securities and Investment Company Private Limited,Neev Securities Pvt. Ltd.,1000,551.0,551000.0,2025-07-29 11:10:55.130258
2025-07-29,150118,2025072904001797,UMHL,Vision Securities Pvt. Ltd,Online Securities Pvt. Ltd.,100,551.2,55120.0,2025-07-29 11:12:05.683040
2025-07-29,149882,2025072904001863,UMHL,Deevyaa Securities & Stock House Pvt. Ltd,Online Securities Pvt. Ltd.,100,551.0,55100.0,2025-07-29 11:12:28.074820
2025-07-29,147860,2025072904002403,UMHL,Deevyaa Securities & Stock House Pvt. Ltd,Sumeru Securities Pvt. Ltd.,50,552.0,27600.0,2025-07-29 11:15:31.883174
2025-07-29,147519,2025072904002486,UMHL,Naasa Securities Co. Ltd.,Sumeru Securities Pvt. Ltd.,100,552.0,55200.0,2025-07-29 11:15:58.809366
2025-07-29,146024,2025072904002848,UMHL,Deevyaa Securities & Stock House Pvt. Ltd,Swarna Laxmi Securities Pvt. Ltd.,10,551.0,5510.0,2025-07-29 11:18:15.588499
2025-07-29,145657,2025072904002920,UMHL,Arun Securities (PVT) Ltd.,Trishakti Securities Public Limited,200,555.0,111000.0,2025-07-29 11:18:50.546837
2025-07-29,145656,2025072904002921,UMHL,Arun Securities (PVT) Ltd.,Deevyaa Securities & Stock House Pvt. Ltd,14,555.0,7770.0,2025-07-29 11:18:50.546971
2025-07-29,145655,2025072904002922,UMHL,Arun Securities (PVT) Ltd.,Capital Max Securities Ltd,100,555.0,55500.0,2025-07-29 11:18:50.547044
2025-07-29,145654,2025072904002923,UMHL,Arun Securities (PVT) Ltd.,Sweta Securities Private Limited,150,555.0,83250.0,2025-07-29 11:18:50.547100
2025-07-29,145653,2025072904002924,UMHL,Arun Securities (PVT) Ltd.,Online Securities Pvt. Ltd.,100,555.0,55500.0,2025-07-29 11:18:50.547155
2025-07-29,144310,2025072904003243,UMHL,Arun Securities (PVT) Ltd.,Sri Hari Securities Pvt. Ltd.,436,555.0,241980.0,2025-07-29 11:21:02.121761
2025-07-29,144309,2025072904003244,UMHL,Capital Max Securities Ltd,Sri Hari Securities Pvt. Ltd.,500,555.0,277500.0,2025-07-29 11:21:02.121935
2025-07-29,144308,2025072904003245,UMHL,Sani Securities Company Ltd.,Sri Hari Securities Pvt. Ltd.,60,555.0,33300.0,2025-07-29 11:21:02.121992
2025-07-29,143549,2025072904003370,UMHL,Online Securities Pvt. Ltd.,Online Securities Pvt. Ltd.,10,551.1,5511.0,2025-07-29 11:22:09.201846
2025-07-29,143387,2025072904003411,UMHL,Infinity Securities Limited,Sri Hari Securities Pvt. Ltd.,100,556.0,55600.0,2025-07-29 11:22:19.025417
2025-07-29,142982,2025072904003514,UMHL,Online Securities Pvt. Ltd.,Online Securities Pvt. Ltd.,10,551.1,5511.0,2025-07-29 11:22:49.474743
2025-07-29,139340,2025072904004294,UMHL,Bhrikuti Stock Broking Co. Pvt. Ltd.,Dipshikha Dhitopatra Karobar Co. Pvt Ltd.,50,555.0,27750.0,2025-07-29 11:27:38.430116
2025-07-29,138479,2025072904004551,UMHL,Dynamic Money Managers Securities Pvt. Ltd.,Sundhara Securities Limited,20,552.1,11042.0,2025-07-29 11:28:50.935420
2025-07-29,136379,2025072904005041,UMHL,Neev Securities Pvt. Ltd.,Dipshikha Dhitopatra Karobar Co. Pvt Ltd.,740,553.9,409886.0,2025-07-29 11:32:04.929880
2025-07-29,136039,2025072904005132,UMHL,Neev Securities Pvt. Ltd.,Pragyan Securities (PVT) Ltd.,18,554.0,9972.0,2025-07-29 11:32:30.073270
2025-07-29,136038,2025072904005133,UMHL,Neev Securities Pvt. Ltd.,Dipshikha Dhitopatra Karobar Co. Pvt Ltd.,10,554.0,5540.0,2025-07-29 11:32:30.073461
2025-07-29,135650,2025072904005239,UMHL,Naasa Securities Co. Ltd.,Vision Securities Pvt. Ltd,20,555.0,11100.0,2025-07-29 11:33:07.854061
2025-07-29,135195,2025072904005306,UMHL,Nepal Investment And Securities Trading Private Limited,Trademow Securities Private Limited,300,555.5,166650.0,2025-07-29 11:33:39.106509
2025-07-29,135139,2025072904005319,UMHL,Bhrikuti Stock Broking Co. Pvt. Ltd.,Trademow Securities Private Limited,200,555.5,111100.0,2025-07-29 11:33:44.357366
2025-07-29,134894,2025072904005396,UMHL,Kohinoor Investment & Securities Pvt. Ltd.,Sri Hari Securities Pvt. Ltd.,900,555.6,500040.0,2025-07-29 11:34:07.512970
2025-07-29,134796,2025072904005416,UMHL,Neev Securities Pvt. Ltd.,Malla & Malla Stock Broking Company Pvt. Limited,53,556.0,29468.0,2025-07-29 11:34:16.021519
2025-07-29,134795,2025072904005417,UMHL,Neev Securities Pvt. Ltd.,Dipshikha Dhitopatra Karobar Co. Pvt Ltd.,130,556.0,72280.0,2025-07-29 11:34:16.021732
2025-07-29,134628,2025072904005454,UMHL,Kohinoor Investment & Securities Pvt. Ltd.,Sri Hari Securities Pvt. Ltd.,200,556.9,111380.0,2025-07-29 11:34:33.675506
2025-07-29,134627,2025072904005455,UMHL,Kohinoor Investment & Securities Pvt. Ltd.,Trisul Securities & Invt. Ltd.,25,557.0,13925.0,2025-07-29 11:34:33.675709
2025-07-29,134626,2025072904005456,UMHL,Kohinoor Investment & Securities Pvt. Ltd.,Sani Securities Company Ltd.,100,557.0,55700.0,2025-07-29 11:34:33.675788
2025-07-29,134625,2025072904005457,UMHL,Kohinoor Investment & Securities Pvt. Ltd.,J.F. Securites (PVT) Ltd.,300,557.0,167100.0,2025-07-29 11:34:33.675858
2025-07-29,134445,2025072904005523,UMHL,Sani Securities Company Ltd.,Nabil Stock Dealer Ltd.,130,558.0,72540.0,2025-07-29 11:34:52.472527
2025-07-29,134444,2025072904005524,UMHL,Sani Securities Company Ltd.,Nabil Stock Dealer Ltd.,50,558.0,27900.0,2025-07-29 11:34:52.472844
2025-07-29,134443,2025072904005525,UMHL,Sani Securities Company Ltd.,Kohinoor Investment & Securities Pvt. Ltd.,20,558.0,11160.0,2025-07-29 11:34:52.473043
2025-07-29,134294,2025072904005558,UMHL,Swarna Laxmi Securities Pvt. Ltd.,Kohinoor Investment & Securities Pvt. Ltd.,202,558.0,112716.0,2025-07-29 11:35:05.313217
2025-07-29,134293,2025072904005559,UMHL,Deevyaa Securities & Stock House Pvt. Ltd,Online Securities Pvt. Ltd.,100,558.8,55880.0,2025-07-29 11:35:05.387505
2025-07-29,134292,2025072904005560,UMHL,Deevyaa Securities & Stock House Pvt. Ltd,Capital Max Securities Ltd,500,559.0,279500.0,2025-07-29 11:35:05.387683
2025-07-29,134291,2025072904005561,UMHL,Deevyaa Securities & Stock House Pvt. Ltd,J.F. Securites (PVT) Ltd.,500,559.0,279500.0,2025-07-29 11:35:05.387752
2025-07-29,134290,2025072904005562,UMHL,Deevyaa Securities & Stock House Pvt. Ltd,Capital Max Securities Ltd,500,559.0,279500.0,2025-07-29 11:35:05.387820
2025-07-29,134289,2025072904005563,UMHL,Deevyaa Securities & Stock House Pvt. Ltd,Trisul Securities & Invt. Ltd.,25,559.0,13975.0,2025-07-29 11:35:05.387888
2025-07-29,134030,2025072904005601,UMHL,Deevyaa Securities & Stock House Pvt. Ltd,Property Wiard Limited,375,559.0,209625.0,2025-07-29 11:35:29.759336
2025-07-29,133875,2025072904005629,UMHL,Swarna Laxmi Securities Pvt. Ltd.,Sri Hari Securities Pvt. Ltd.,98,558.0,54684.0,2025-07-29 11:35:43.671526
2025-07-29,132533,2025072904005897,UMHL,Neev Securities Pvt. Ltd.,Sri Hari Securities Pvt. Ltd.,749,558.9,418616.1,2025-07-29 11:37:31.589776
2025-07-29,129818,2025072904006527,UMHL,Siprabi Securities Pvt. Ltd.,Linch Stock Market Ltd.,2,558.0,1116.0,2025-07-29 11:41:18.293186
2025-07-29,126989,2025072904007217,UMHL,Property Wiard Limited,Online Securities Pvt. Ltd.,10,557.0,5570.0,2025-07-29 11:45:21.846973
2025-07-29,126988,2025072904007218,UMHL,Property Wiard Limited,Swarna Laxmi Securities Pvt. Ltd.,10,558.0,5580.0,2025-07-29 11:45:21.847218
2025-07-29,126987,2025072904007219,UMHL,Property Wiard Limited,Sri Hari Securities Pvt. Ltd.,251,558.9,140283.9,2025-07-29 11:45:21.847292
2025-07-29,126986,2025072904007220,UMHL,Property Wiard Limited,Naasa Securities Co. Ltd.,500,559.0,279500.0,2025-07-29 11:45:21.847386
2025-07-29,126985,2025072904007221,UMHL,Property Wiard Limited,J.F. Securites (PVT) Ltd.,200,559.0,111800.0,2025-07-29 11:45:21.847479
2025-07-29,126984,2025072904007222,UMHL,Property Wiard Limited,Nabil Stock Dealer Ltd.,200,560.0,112000.0,2025-07-29 11:45:21.847557
2025-07-29,126983,2025072904007223,UMHL,Property Wiard Limited,Online Securities Pvt. Ltd.,100,560.0,56000.0,2025-07-29 11:45:21.847639
2025-07-29,126981,2025072904007224,UMHL,Property Wiard Limited,Dipshikha Dhitopatra Karobar Co. Pvt Ltd.,120,560.0,67200.0,2025-07-29 11:45:21.847719
2025-07-29,126980,2025072904007225,UMHL,Property Wiard Limited,INDEX SECURITIES LIMITED,636,560.0,356160.0,2025-07-29 11:45:21.847789
2025-07-29,126979,2025072904007226,UMHL,Property Wiard Limited,Infinity Securities Limited,300,560.0,168000.0,2025-07-29 11:45:21.847864
2025-07-29,126978,2025072904007227,UMHL,Property Wiard Limited,Vision Securities Pvt. Ltd,500,560.0,280000.0,2025-07-29 11:45:21.847938
2025-07-29,126977,2025072904007228,UMHL,Property Wiard Limited,Dipshikha Dhitopatra Karobar Co. Pvt Ltd.,50,560.0,28000.0,2025-07-29 11:45:21.848009
2025-07-29,126976,2025072904007229,UMHL,Property Wiard Limited,Dakshinkali Investment & Securities Pvt. Ltd.,12,560.0,6720.0,2025-07-29 11:45:21.848078
2025-07-29,126975,2025072904007230,UMHL,Property Wiard Limited,Sani Securities Company Ltd.,60,560.0,33600.0,2025-07-29 11:45:21.848153
2025-07-29,126974,2025072904007231,UMHL,Property Wiard Limited,Trisul Securities & Invt. Ltd.,40,560.0,22400.0,2025-07-29 11:45:21.848253
2025-07-29,126973,2025072904007232,UMHL,Property Wiard Limited,Kohinoor Investment & Securities Pvt. Ltd.,268,560.0,150080.0,2025-07-29 11:45:21.848337
2025-07-29,126972,2025072904007233,UMHL,Property Wiard Limited,Dipshikha Dhitopatra Karobar Co. Pvt Ltd.,100,560.0,56000.0,2025-07-29 11:45:21.848411
2025-07-29,126971,2025072904007234,UMHL,Property Wiard Limited,Sani Securities Company Ltd.,250,560.0,140000.0,2025-07-29 11:45:21.848486
2025-07-29,126970,2025072904007235,UMHL,Property Wiard Limited,Arun Securities (PVT) Ltd.,393,560.0,220080.0,2025-07-29 11:45:21.848555
2025-07-29,125842,2025072904007490,UMHL,Miyo Securities Pvt Ltd,J.F. Securites (PVT) Ltd.,14,556.0,7784.0,2025-07-29 11:46:54.982173
2025-07-29,125785,2025072904007505,UMHL,Property Wiard Limited,Dipshikha Dhitopatra Karobar Co. Pvt Ltd.,20,558.0,11160.0,2025-07-29 11:46:58.186020
2025-07-29,125784,2025072904007506,UMHL,Property Wiard Limited,Arun Securities (PVT) Ltd.,177,560.0,99120.0,2025-07-29 11:46:58.186210
2025-07-29,125783,2025072904007507,UMHL,Property Wiard Limited,Ashutosh Brokerage & Securities (PVT) Ltd.,321,560.0,179760.0,2025-07-29 11:46:58.186290
2025-07-29,125782,2025072904007508,UMHL,Property Wiard Limited,Deevyaa Securities & Stock House Pvt. Ltd,150,560.0,84000.0,2025-07-29 11:46:58.186375
2025-07-29,125781,2025072904007509,UMHL,Property Wiard Limited,Dakshinkali Investment & Securities Pvt. Ltd.,12,560.0,6720.0,2025-07-29 11:46:58.186447
2025-07-29,125780,2025072904007510,UMHL,Property Wiard Limited,Sri Hari Securities Pvt. Ltd.,320,560.0,179200.0,2025-07-29 11:46:58.186520
2025-07-29,124966,2025072904007684,UMHL,KALASH STOCK MARKET PVT. LTD.,Nepal Investment And Securities Trading Private Limited,40,559.0,22360.0,2025-07-29 11:48:10.125181
2025-07-29,124535,2025072904007734,UMHL,KALASH STOCK MARKET PVT. LTD.,Dakshinkali Investment & Securities Pvt. Ltd.,500,559.0,279500.0,2025-07-29 11:48:52.080059
2025-07-29,123452,2025072904007901,UMHL,KALASH STOCK MARKET PVT. LTD.,Creative Securities Pvt Ltd,260,559.0,145340.0,2025-07-29 11:50:23.402783
2025-07-29,122848,2025072904008024,UMHL,Siprabi Securities Pvt. Ltd.,Linch Stock Market Ltd.,1,558.9,558.9,2025-07-29 11:51:15.734136
2025-07-29,121868,2025072904008262,UMHL,KALASH STOCK MARKET PVT. LTD.,Sri Hari Securities Pvt. Ltd.,500,556.1,278050.0,2025-07-29 11:52:46.557959
2025-07-29,121867,2025072904008263,UMHL,KALASH STOCK MARKET PVT. LTD.,Sri Hari Securities Pvt. Ltd.,500,556.1,278050.0,2025-07-29 11:52:46.558143
2025-07-29,121270,2025072904008381,UMHL,Miyo Securities Pvt Ltd,Sri Hari Securities Pvt. Ltd.,486,556.0,270216.0,2025-07-29 11:53:42.824521
2025-07-29,120052,2025072904008581,UMHL,Sumeru Securities Pvt. Ltd.,Sri Hari Securities Pvt. Ltd.,500,557.9,278950.0,2025-07-29 11:55:30.998557
2025-07-29,117842,2025072904008962,UMHL,SUN SECURITIES PVT LTD,Sri Hari Securities Pvt. Ltd.,500,557.9,278950.0,2025-07-29 11:58:16.591138
2025-07-29,117841,2025072904008963,UMHL,SUN SECURITIES PVT LTD,Nepal Stock House (PVT) Ltd.,700,558.0,390600.0,2025-07-29 11:58:16.591356
2025-07-29,117840,2025072904008964,UMHL,SUN SECURITIES PVT LTD,Nepal Stock House (PVT) Ltd.,700,558.0,390600.0,2025-07-29 11:58:16.591464
2025-07-29,117839,2025072904008965,UMHL,SUN SECURITIES PVT LTD,Creative Securities Pvt Ltd,53,558.0,29574.0,2025-07-29 11:58:16.591565
2025-07-29,117838,2025072904008966,UMHL,SUN SECURITIES PVT LTD,Sri Hari Securities Pvt. Ltd.,700,558.5,390950.0,2025-07-29 11:58:16.591665
2025-07-29,117837,2025072904008967,UMHL,SUN SECURITIES PVT LTD,Dipshikha Dhitopatra Karobar Co. Pvt Ltd.,627,558.9,350430.3,2025-07-29 11:58:16.591762
2025-07-29,117232,2025072904009114,UMHL,Naasa Securities Co. Ltd.,Sumeru Securities Pvt. Ltd.,10,556.0,5560.0,2025-07-29 11:59:03.528237
2025-07-29,116888,2025072904009164,UMHL,Naasa Securities Co. Ltd.,Asian Securities Private Ltd.,10,556.0,5560.0,2025-07-29 11:59:26.305787
2025-07-29,116798,2025072904009203,UMHL,Naasa Securities Co. Ltd.,Trisul Securities & Invt. Ltd.,14,556.0,7784.0,2025-07-29 11:59:32.598511
2025-07-29,116336,2025072904009263,UMHL,Naasa Securities Co. Ltd.,Asian Securities Private Ltd.,14,556.0,7784.0,2025-07-29 11:59:59.968752
2025-07-29,115368,2025072904009400,UMHL,Kohinoor Investment & Securities Pvt. Ltd.,Arun Securities (PVT) Ltd.,3,548.8,1646.4,2025-07-29 12:00:59.041559
2025-07-29,113577,2025072904009747,UMHL,Naasa Securities Co. Ltd.,Aryatara Investment & Securities,152,556.0,84512.0,2025-07-29 12:02:53.617680
2025-07-29,113576,2025072904009748,UMHL,Midas Stock Broking Company Private Limited,Aryatara Investment & Securities,200,556.0,111200.0,2025-07-29 12:02:53.617901
2025-07-29,113575,2025072904009749,UMHL,Nepal Stock House (PVT) Ltd.,Aryatara Investment & Securities,100,555.5,55550.0,2025-07-29 12:02:53.617989
2025-07-29,113574,2025072904009750,UMHL,Naasa Securities Co. Ltd.,Aryatara Investment & Securities,83,555.0,46065.0,2025-07-29 12:02:53.618073
2025-07-29,113279,2025072904009800,UMHL,Naasa Securities Co. Ltd.,Dynamic Money Managers Securities Pvt. Ltd.,100,555.0,55500.0,2025-07-29 12:03:12.410114
2025-07-29,113023,2025072904009828,UMHL,Naasa Securities Co. Ltd.,Dipshikha Dhitopatra Karobar Co. Pvt Ltd.,97,555.0,53835.0,2025-07-29 12:03:25.976250
2025-07-29,110405,2025072904010341,UMHL,Deevyaa Securities & Stock House Pvt. Ltd,Secured Securities Ltd.,35,555.0,19425.0,2025-07-29 12:06:07.986670
2025-07-29,110376,2025072904010354,UMHL,Sani Securities Company Ltd.,Asian Securities Private Ltd.,14,555.0,7770.0,2025-07-29 12:06:10.717520
2025-07-29,109507,2025072904010499,UMHL,Sani Securities Company Ltd.,Online Securities Pvt. Ltd.,50,555.0,27750.0,2025-07-29 12:07:03.631672
2025-07-29,108574,2025072904010655,UMHL,Sani Securities Company Ltd.,Premier Securities Company Ltd.,12,555.0,6660.0,2025-07-29 12:07:57.135773
2025-07-29,106569,2025072904010985,UMHL,Sani Securities Company Ltd.,Shree Krishna Securities Ltd.,20,555.0,11100.0,2025-07-29 12:09:58.262275
2025-07-29,103657,2025072904011565,UMHL,Kohinoor Investment & Securities Pvt. Ltd.,Malla & Malla Stock Broking Company Pvt. Limited,180,556.0,100080.0,2025-07-29 12:13:11.837264
2025-07-29,103629,2025072904011573,UMHL,Sani Securities Company Ltd.,Premier Securities Company Ltd.,104,555.0,57720.0,2025-07-29 12:13:15.177238
2025-07-29,102532,2025072904011822,UMHL,Miyo Securities Pvt Ltd,Trisul Securities & Invt. Ltd.,14,555.0,7770.0,2025-07-29 12:14:30.030853
2025-07-29,100734,2025072904012248,UMHL,Miyo Securities Pvt Ltd,Sri Hari Securities Pvt. Ltd.,186,555.0,103230.0,2025-07-29 12:16:39.297082
2025-07-29,100733,2025072904012249,UMHL,Dynamic Money Managers Securities Pvt. Ltd.,Sri Hari Securities Pvt. Ltd.,50,555.0,27750.0,2025-07-29 12:16:39.297363
2025-07-29,99981,2025072904012411,UMHL,Capital Max Securities Ltd,Sani Securities Company Ltd.,500,554.2,277100.0,2025-07-29 12:17:42.073056
2025-07-29,99980,2025072904012412,UMHL,Naasa Securities Co. Ltd.,Sani Securities Company Ltd.,350,554.1,193935.0,2025-07-29 12:17:42.073114
2025-07-29,99979,2025072904012413,UMHL,Dynamic Money Managers Securities Pvt. Ltd.,Sani Securities Company Ltd.,1000,554.0,554000.0,2025-07-29 12:17:42.073139
2025-07-29,99978,2025072904012414,UMHL,Sundhara Securities Limited,Sani Securities Company Ltd.,150,553.2,82980.0,2025-07-29 12:17:42.073167
2025-07-29,97714,2025072904012887,UMHL,Sani Securities Company Ltd.,SHUBHAKAMANA SECURITIES PVT. LTD,100,553.3,55330.0,2025-07-29 12:20:29.922083
2025-07-29,97713,2025072904012888,UMHL,Sundhara Securities Limited,SHUBHAKAMANA SECURITIES PVT. LTD,400,553.2,221280.0,2025-07-29 12:20:29.922162
2025-07-29,96603,2025072904013122,UMHL,Oxford Securities Pvt. Ltd.,S.P.S.A. Securities Limited,10,555.0,5550.0,2025-07-29 12:21:43.557387
2025-07-29,96364,2025072904013180,UMHL,Sagarmatha Securities Private Limited,S.P.S.A. Securities Limited,110,555.0,61050.0,2025-07-29 12:22:01.242225
2025-07-29,92550,2025072904014101,UMHL,Sagarmatha Securities Private Limited,Vision Securities Pvt. Ltd,190,555.0,105450.0,2025-07-29 12:26:28.603198
2025-07-29,92549,2025072904014102,UMHL,Kohinoor Investment & Securities Pvt. Ltd.,Vision Securities Pvt. Ltd,10,555.0,5550.0,2025-07-29 12:26:28.603424
2025-07-29,92530,2025072904014109,UMHL,Kohinoor Investment & Securities Pvt. Ltd.,Dipshikha Dhitopatra Karobar Co. Pvt Ltd.,90,555.0,49950.0,2025-07-29 12:26:30.638728
2025-07-29,91558,2025072904014407,UMHL,ABC Securities Private Limited,Nagarik Stock Dealer ,100,554.0,55400.0,2025-07-29 12:27:44.721401
2025-07-29,88827,2025072904015062,UMHL,KALASH STOCK MARKET PVT. LTD.,Sani Securities Company Ltd.,1000,554.0,554000.0,2025-07-29 12:30:59.991043
2025-07-29,88457,2025072904015150,UMHL,Naasa Securities Co. Ltd.,Sani Securities Company Ltd.,43,554.0,23822.0,2025-07-29 12:31:30.057956
2025-07-29,86453,2025072904015640,UMHL,KALASH STOCK MARKET PVT. LTD.,Sani Securities Company Ltd.,920,554.0,509680.0,2025-07-29 12:34:35.191329
2025-07-29,85463,2025072904015894,UMHL,KALASH STOCK MARKET PVT. LTD.,Deevyaa Securities & Stock House Pvt. Ltd,80,554.0,44320.0,2025-07-29 12:36:13.842030
2025-07-29,85462,2025072904015895,UMHL,Deevyaa Securities & Stock House Pvt. Ltd,Deevyaa Securities & Stock House Pvt. Ltd,145,553.4,80243.0,2025-07-29 12:36:13.842072
2025-07-29,84536,2025072904016128,UMHL,Deevyaa Securities & Stock House Pvt. Ltd,Linch Stock Market Ltd.,107,553.4,59213.8,2025-07-29 12:37:45.580147
2025-07-29,84444,2025072904016164,UMHL,Deevyaa Securities & Stock House Pvt. Ltd,Imperial Securities Company Pvt. Ltd.,14,553.4,7747.6,2025-07-29 12:37:50.239073
2025-07-29,84034,2025072904016251,UMHL,Naasa Securities Co. Ltd.,Swarna Laxmi Securities Pvt. Ltd.,20,554.5,11090.0,2025-07-29 12:38:29.737534
2025-07-29,83508,2025072904016375,UMHL,Deevyaa Securities & Stock House Pvt. Ltd,Oxford Securities Pvt. Ltd.,14,553.4,7747.6,2025-07-29 12:39:25.399794
2025-07-29,83364,2025072904016414,UMHL,Deevyaa Securities & Stock House Pvt. Ltd,Dipshikha Dhitopatra Karobar Co. Pvt Ltd.,20,553.4,11068.0,2025-07-29 12:39:37.896181
2025-07-29,83363,2025072904016415,UMHL,Sundhara Securities Limited,Dipshikha Dhitopatra Karobar Co. Pvt Ltd.,450,553.2,248940.0,2025-07-29 12:39:37.896621
2025-07-29,83362,2025072904016416,UMHL,SUN SECURITIES PVT LTD,Dipshikha Dhitopatra Karobar Co. Pvt Ltd.,30,553.2,16596.0,2025-07-29 12:39:37.896895
2025-07-29,82677,2025072904016571,UMHL,SUN SECURITIES PVT LTD,Thrive Brokerage House Pvt. Ltd,150,553.2,82980.0,2025-07-29 12:40:41.661041
2025-07-29,82630,2025072904016586,UMHL,SUN SECURITIES PVT LTD,Thrive Brokerage House Pvt. Ltd,100,553.2,55320.0,2025-07-29 12:40:45.700804
2025-07-29,80600,2025072904017028,UMHL,Nagarik Stock Dealer ,Swarna Laxmi Securities Pvt. Ltd.,30,554.5,16635.0,2025-07-29 12:43:52.068756
2025-07-29,80599,2025072904017029,UMHL,Nagarik Stock Dealer ,Kalika Securities Pvt. Ltd.,10,554.5,5545.0,2025-07-29 12:43:52.068850
2025-07-29,80598,2025072904017030,UMHL,Nagarik Stock Dealer ,Primo Securities (PVT) Ltd.,12,554.9,6658.8,2025-07-29 12:43:52.068924
2025-07-29,80597,2025072904017031,UMHL,Nagarik Stock Dealer ,Dipshikha Dhitopatra Karobar Co. Pvt Ltd.,65,555.0,36075.0,2025-07-29 12:43:52.069000
2025-07-29,80596,2025072904017032,UMHL,Nagarik Stock Dealer ,Dynamic Money Managers Securities Pvt. Ltd.,483,555.0,268065.0,2025-07-29 12:43:52.069070
2025-07-29,80385,2025072904017050,UMHL,Property Wiard Limited,Capital Max Securities Ltd,500,553.6,276800.0,2025-07-29 12:44:11.822957
2025-07-29,80370,2025072904017052,UMHL,Nagarik Stock Dealer ,Dynamic Money Managers Securities Pvt. Ltd.,17,555.0,9435.0,2025-07-29 12:44:13.152638
2025-07-29,80369,2025072904017053,UMHL,Nagarik Stock Dealer ,Aryatara Investment & Securities,83,555.0,46065.0,2025-07-29 12:44:13.152758
2025-07-29,80204,2025072904017085,UMHL,Premier Securities Company Ltd.,Aryatara Investment & Securities,17,555.0,9435.0,2025-07-29 12:44:26.266488
2025-07-29,79839,2025072904017130,UMHL,Premier Securities Company Ltd.,Asian Securities Private Ltd.,14,555.0,7770.0,2025-07-29 12:44:59.135430
2025-07-29,79591,2025072904017186,UMHL,Premier Securities Company Ltd.,Dipshikha Dhitopatra Karobar Co. Pvt Ltd.,89,555.0,49395.0,2025-07-29 12:45:24.159045
2025-07-29,79590,2025072904017187,UMHL,Aryatara Investment & Securities,Dipshikha Dhitopatra Karobar Co. Pvt Ltd.,84,555.0,46620.0,2025-07-29 12:45:24.159260
2025-07-29,79157,2025072904017299,UMHL,Nagarik Stock Dealer ,Capital Max Securities Ltd,500,555.5,277750.0,2025-07-29 12:46:07.547687
2025-07-29,79156,2025072904017300,UMHL,Nagarik Stock Dealer ,Sri Hari Securities Pvt. Ltd.,255,555.9,141754.5,2025-07-29 12:46:07.548142
2025-07-29,79155,2025072904017301,UMHL,Nagarik Stock Dealer ,Primo Securities (PVT) Ltd.,64,555.9,35577.6,2025-07-29 12:46:07.548429
2025-07-29,79154,2025072904017302,UMHL,Nagarik Stock Dealer ,Malla & Malla Stock Broking Company Pvt. Limited,681,556.0,378636.0,2025-07-29 12:46:07.548684
2025-07-29,78890,2025072904017362,UMHL,Imperial Securities Company Pvt. Ltd.,Malla & Malla Stock Broking Company Pvt. Limited,60,556.0,33360.0,2025-07-29 12:46:35.926855
2025-07-29,78561,2025072904017432,UMHL,Naasa Securities Co. Ltd.,Malla & Malla Stock Broking Company Pvt. Limited,20,556.0,11120.0,2025-07-29 12:47:03.907401
2025-07-29,77551,2025072904017659,UMHL,Naasa Securities Co. Ltd.,Malla & Malla Stock Broking Company Pvt. Limited,15,556.0,8340.0,2025-07-29 12:48:45.406088
2025-07-29,76531,2025072904017916,UMHL,Online Securities Pvt. Ltd.,Capital Max Securities Ltd,500,555.5,277750.0,2025-07-29 12:50:48.024702
2025-07-29,75186,2025072904018172,UMHL,Aryatara Investment & Securities,Sundhara Securities Limited,16,555.0,8880.0,2025-07-29 12:53:30.251795
2025-07-29,75185,2025072904018173,UMHL,ABC Securities Private Limited,Sundhara Securities Limited,10,555.0,5550.0,2025-07-29 12:53:30.252029
2025-07-29,75010,2025072904018208,UMHL,Miyo Securities Pvt Ltd,Sundhara Securities Limited,10,555.0,5550.0,2025-07-29 12:53:55.027435
2025-07-29,74869,2025072904018265,UMHL,Trishakti Securities Public Limited,Opal Securities Investment (PVT) Ltd.,14,554.0,7756.0,2025-07-29 12:54:11.069138
2025-07-29,74650,2025072904018294,UMHL,Trishakti Securities Public Limited,Online Securities Pvt. Ltd.,14,554.0,7756.0,2025-07-29 12:54:32.147677
2025-07-29,73931,2025072904018430,UMHL,Dipshikha Dhitopatra Karobar Co. Pvt Ltd.,Sundhara Securities Limited,17,555.0,9435.0,2025-07-29 12:55:45.531377
2025-07-29,73595,2025072904018501,UMHL,Trishakti Securities Public Limited,Capital Max Securities Ltd,472,554.0,261488.0,2025-07-29 12:56:24.044291
2025-07-29,73594,2025072904018502,UMHL,KALASH STOCK MARKET PVT. LTD.,Capital Max Securities Ltd,1000,554.0,554000.0,2025-07-29 12:56:24.044556
2025-07-29,73593,2025072904018503,UMHL,ABC Securities Private Limited,Capital Max Securities Ltd,10,554.0,5540.0,2025-07-29 12:56:24.044651
2025-07-29,72349,2025072904018774,UMHL,J.F. Securites (PVT) Ltd.,Capital Max Securities Ltd,10,554.0,5540.0,2025-07-29 12:58:41.529920
2025-07-29,71777,2025072904018898,UMHL,Dynamic Money Managers Securities Pvt. Ltd.,Aryatara Investment & Securities,14,553.5,7749.0,2025-07-29 12:59:16.790622
2025-07-29,71352,2025072904018993,UMHL,J.F. Securites (PVT) Ltd.,Oxford Securities Pvt. Ltd.,58,554.0,32132.0,2025-07-29 13:00:03.451975
2025-07-29,69798,2025072904019273,UMHL,Dynamic Money Managers Securities Pvt. Ltd.,Sani Securities Company Ltd.,36,553.5,19926.0,2025-07-29 13:02:42.268488
2025-07-29,68771,2025072904019503,UMHL,KALASH STOCK MARKET PVT. LTD.,Sani Securities Company Ltd.,14,553.4,7747.6,2025-07-29 13:04:37.176881
2025-07-29,67280,2025072904019830,UMHL,Kumari Securities Private Limited,Cristal Kanchanjanga Securites Pvt. Ltd.,1500,553.5,830250.0,2025-07-29 13:07:39.936291
2025-07-29,66810,2025072904019948,UMHL,KALASH STOCK MARKET PVT. LTD.,Asian Securities Private Ltd.,286,553.4,158272.4,2025-07-29 13:08:38.355906
2025-07-29,66809,2025072904019949,UMHL,KALASH STOCK MARKET PVT. LTD.,Asian Securities Private Ltd.,90,553.4,49806.0,2025-07-29 13:08:38.356162
2025-07-29,66808,2025072904019950,UMHL,Neev Securities Pvt. Ltd.,Asian Securities Private Ltd.,124,553.4,68621.6,2025-07-29 13:08:38.356260
2025-07-29,66647,2025072904019979,UMHL,Neev Securities Pvt. Ltd.,Indira securities pvt. ltd,65,553.4,35971.0,2025-07-29 13:09:02.552591
2025-07-29,66570,2025072904019996,UMHL,Trisul Securities & Invt. Ltd.,Dynamic Money Managers Securities Pvt. Ltd.,1000,554.0,554000.0,2025-07-29 13:09:11.522632
2025-07-29,66357,2025072904020038,UMHL,Neev Securities Pvt. Ltd.,Secured Securities Ltd.,10,553.4,5534.0,2025-07-29 13:09:39.872704
2025-07-29,66266,2025072904020053,UMHL,Neev Securities Pvt. Ltd.,Aryatara Investment & Securities,10,553.4,5534.0,2025-07-29 13:09:57.183555
2025-07-29,60425,2025072904021314,UMHL,Nagarik Stock Dealer ,Aryatara Investment & Securities,100,554.0,55400.0,2025-07-29 13:21:06.342045
2025-07-29,59828,2025072904021489,UMHL,Neev Securities Pvt. Ltd.,South Asian Bulls Pvt. Ltd.,14,553.4,7747.6,2025-07-29 13:22:27.454065
2025-07-29,59306,2025072904021608,UMHL,Online Securities Pvt. Ltd.,Sri Hari Securities Pvt. Ltd.,10,554.9,5549.0,2025-07-29 13:23:36.993252
2025-07-29,59305,2025072904021609,UMHL,Online Securities Pvt. Ltd.,Cristal Kanchanjanga Securites Pvt. Ltd.,30,555.0,16650.0,2025-07-29 13:23:36.993645
2025-07-29,58571,2025072904021746,UMHL,Trisul Securities & Invt. Ltd.,Cristal Kanchanjanga Securites Pvt. Ltd.,38,555.0,21090.0,2025-07-29 13:25:12.072795
2025-07-29,58570,2025072904021747,UMHL,Trisul Securities & Invt. Ltd.,Vision Securities Pvt. Ltd,53,555.0,29415.0,2025-07-29 13:25:12.073281
2025-07-29,58569,2025072904021748,UMHL,Trisul Securities & Invt. Ltd.,Sri Hari Securities Pvt. Ltd.,20,555.0,11100.0,2025-07-29 13:25:12.073586
2025-07-29,58568,2025072904021749,UMHL,Trisul Securities & Invt. Ltd.,Linch Stock Market Ltd.,24,555.0,13320.0,2025-07-29 13:25:12.073876
2025-07-29,58567,2025072904021750,UMHL,Trisul Securities & Invt. Ltd.,Investment Management Nepal Pvt. Ltd.,14,555.0,7770.0,2025-07-29 13:25:12.074163
2025-07-29,58566,2025072904021751,UMHL,Trisul Securities & Invt. Ltd.,Aryatara Investment & Securities,10,555.0,5550.0,2025-07-29 13:25:12.074459
2025-07-29,58565,2025072904021752,UMHL,Trisul Securities & Invt. Ltd.,ABC Securities Private Limited,500,555.0,277500.0,2025-07-29 13:25:12.074737
2025-07-29,58564,2025072904021753,UMHL,Trisul Securities & Invt. Ltd.,Dipshikha Dhitopatra Karobar Co. Pvt Ltd.,91,555.0,50505.0,2025-07-29 13:25:12.075009
2025-07-29,58005,2025072904021883,UMHL,Deevyaa Securities & Stock House Pvt. Ltd,Midas Stock Broking Company Private Limited,5,555.0,2775.0,2025-07-29 13:26:25.864544
2025-07-29,56690,2025072904022143,UMHL,Capital Max Securities Ltd,Kohinoor Investment & Securities Pvt. Ltd.,14,553.6,7750.4,2025-07-29 13:29:25.170066
2025-07-29,56568,2025072904022176,UMHL,SUN SECURITIES PVT LTD,Dipshikha Dhitopatra Karobar Co. Pvt Ltd.,16,555.0,8880.0,2025-07-29 13:29:45.887096
2025-07-29,56567,2025072904022177,UMHL,SUN SECURITIES PVT LTD,Online Securities Pvt. Ltd.,192,555.0,106560.0,2025-07-29 13:29:45.887368
2025-07-29,56566,2025072904022178,UMHL,SUN SECURITIES PVT LTD,Vision Securities Pvt. Ltd,10,555.5,5555.0,2025-07-29 13:29:45.887474
2025-07-29,56565,2025072904022179,UMHL,SUN SECURITIES PVT LTD,Malla & Malla Stock Broking Company Pvt. Limited,44,556.0,24464.0,2025-07-29 13:29:45.887574
2025-07-29,56564,2025072904022180,UMHL,SUN SECURITIES PVT LTD,Dipshikha Dhitopatra Karobar Co. Pvt Ltd.,53,556.0,29468.0,2025-07-29 13:29:45.887670
2025-07-29,56563,2025072904022181,UMHL,SUN SECURITIES PVT LTD,Vision Securities Pvt. Ltd,203,556.0,112868.0,2025-07-29 13:29:45.887771
2025-07-29,56562,2025072904022182,UMHL,SUN SECURITIES PVT LTD,Neev Securities Pvt. Ltd.,300,556.0,166800.0,2025-07-29 13:29:45.887867
2025-07-29,56561,2025072904022183,UMHL,SUN SECURITIES PVT LTD,Capital Max Securities Ltd,1000,556.0,556000.0,2025-07-29 13:29:45.887963
2025-07-29,56560,2025072904022184,UMHL,SUN SECURITIES PVT LTD,Thrive Brokerage House Pvt. Ltd,500,556.0,278000.0,2025-07-29 13:29:45.888071
2025-07-29,54328,2025072904022666,UMHL,Midas Stock Broking Company Private Limited,Himalayan Brokerage Company Limited,30,556.0,16680.0,2025-07-29 13:34:26.265992
2025-07-29,53242,2025072904022921,UMHL,Nabil Stock Dealer Ltd.,Online Securities Pvt. Ltd.,58,554.1,32137.8,2025-07-29 13:36:14.643976
2025-07-29,53003,2025072904022996,UMHL,Elite Stock House Limited,Himalayan Brokerage Company Limited,10,556.0,5560.0,2025-07-29 13:36:37.127884
2025-07-29,52767,2025072904023074,UMHL,Nabil Stock Dealer Ltd.,Property Wiard Limited,142,554.1,78682.2,2025-07-29 13:37:00.547625
2025-07-29,52766,2025072904023075,UMHL,KALASH STOCK MARKET PVT. LTD.,Property Wiard Limited,858,554.0,475332.0,2025-07-29 13:37:00.547898
2025-07-29,51948,2025072904023271,UMHL,KALASH STOCK MARKET PVT. LTD.,Cristal Kanchanjanga Securites Pvt. Ltd.,142,554.0,78668.0,2025-07-29 13:38:22.281096
2025-07-29,51947,2025072904023272,UMHL,Capital Max Securities Ltd,Cristal Kanchanjanga Securites Pvt. Ltd.,358,554.0,198332.0,2025-07-29 13:38:22.281376
2025-07-29,51704,2025072904023311,UMHL,Capital Max Securities Ltd,Himalayan Brokerage Company Limited,85,554.0,47090.0,2025-07-29 13:38:50.252351
2025-07-29,50449,2025072904023639,UMHL,Capital Max Securities Ltd,Sharepro Securities Private Limited,57,554.0,31578.0,2025-07-29 13:41:17.530974
2025-07-29,50448,2025072904023640,UMHL,Imperial Securities Company Pvt. Ltd.,Sharepro Securities Private Limited,100,553.8,55380.0,2025-07-29 13:41:17.531459
2025-07-29,50447,2025072904023641,UMHL,SUN SECURITIES PVT LTD,Sharepro Securities Private Limited,38,553.7,21040.6,2025-07-29 13:41:17.531753
2025-07-29,49932,2025072904023791,UMHL,SUN SECURITIES PVT LTD,Pragyan Securities (PVT) Ltd.,108,553.7,59799.6,2025-07-29 13:42:10.477402
2025-07-29,48675,2025072904024145,UMHL,SUN SECURITIES PVT LTD,Pragyan Securities (PVT) Ltd.,108,553.7,59799.6,2025-07-29 13:44:28.879013
2025-07-29,47261,2025072904024489,UMHL,SUN SECURITIES PVT LTD,Dipshikha Dhitopatra Karobar Co. Pvt Ltd.,14,553.7,7751.8,2025-07-29 13:46:47.763504
2025-07-29,47054,2025072904024550,UMHL,SUN SECURITIES PVT LTD,Nabil Stock Dealer Ltd.,25,553.7,13842.5,2025-07-29 13:47:11.222378
2025-07-29,46708,2025072904024647,UMHL,SUN SECURITIES PVT LTD,Oxford Securities Pvt. Ltd.,15,553.7,8305.5,2025-07-29 13:47:52.482292
2025-07-29,46409,2025072904024723,UMHL,SUN SECURITIES PVT LTD,Siprabi Securities Pvt. Ltd.,42,553.7,23255.4,2025-07-29 13:48:22.923404
2025-07-29,46354,2025072904024738,UMHL,SUN SECURITIES PVT LTD,Secured Securities Ltd.,120,553.7,66444.0,2025-07-29 13:48:29.378218
2025-07-29,46094,2025072904024788,UMHL,SUN SECURITIES PVT LTD,Naasa Securities Co. Ltd.,32,553.7,17718.4,2025-07-29 13:48:55.459067
2025-07-29,45727,2025072904024873,UMHL,SUN SECURITIES PVT LTD,Sweta Securities Private Limited,100,553.7,55370.0,2025-07-29 13:49:36.917294
2025-07-29,44556,2025072904025136,UMHL,Trisul Securities & Invt. Ltd.,Bhrikuti Stock Broking Co. Pvt. Ltd.,10,554.0,5540.0,2025-07-29 13:52:04.736823
2025-07-29,44555,2025072904025137,UMHL,Trisul Securities & Invt. Ltd.,Kalika Securities Pvt. Ltd.,240,554.0,132960.0,2025-07-29 13:52:04.737104
2025-07-29,44432,2025072904025164,UMHL,Nagarik Stock Dealer ,Kohinoor Investment & Securities Pvt. Ltd.,85,553.8,47073.0,2025-07-29 13:52:19.537632
2025-07-29,44315,2025072904025202,UMHL,SUN SECURITIES PVT LTD,Kalika Securities Pvt. Ltd.,160,554.0,88640.0,2025-07-29 13:52:40.912279
2025-07-29,42525,2025072904025663,UMHL,Nagarik Stock Dealer ,Hatemalo Financial Services Private Limited,15,553.8,8307.0,2025-07-29 13:56:28.371558
2025-07-29,42524,2025072904025664,UMHL,SUN SECURITIES PVT LTD,Hatemalo Financial Services Private Limited,285,553.8,157833.0,2025-07-29 13:56:28.371836
2025-07-29,41794,2025072904025820,UMHL,Agrawal Securities (PVT) Ltd.,Capital Max Securities Ltd,500,554.7,277350.0,2025-07-29 13:58:16.372653
2025-07-29,41328,2025072904025928,UMHL,SUN SECURITIES PVT LTD,Dynamic Money Managers Securities Pvt. Ltd.,138,553.8,76424.4,2025-07-29 13:59:11.699170
2025-07-29,40515,2025072904026132,UMHL,SUN SECURITIES PVT LTD,Imperial Securities Company Pvt. Ltd.,417,553.8,230934.6,2025-07-29 14:00:57.124267
2025-07-29,40514,2025072904026133,UMHL,SUN SECURITIES PVT LTD,Imperial Securities Company Pvt. Ltd.,1298,553.7,718702.6,2025-07-29 14:00:57.124816
2025-07-29,39816,2025072904026319,UMHL,SUN SECURITIES PVT LTD,Nepal Stock House (PVT) Ltd.,502,553.7,277957.4,2025-07-29 14:02:28.596678
2025-07-29,39815,2025072904026320,UMHL,Sani Securities Company Ltd.,Nepal Stock House (PVT) Ltd.,48,553.7,26577.6,2025-07-29 14:02:28.596935
2025-07-29,39021,2025072904026470,UMHL,Capital Max Securities Ltd,Trisul Securities & Invt. Ltd.,86,553.6,47609.6,2025-07-29 14:04:27.441663
2025-07-29,39020,2025072904026471,UMHL,Opal Securities Investment (PVT) Ltd.,Trisul Securities & Invt. Ltd.,34,553.6,18822.4,2025-07-29 14:04:27.442158
2025-07-29,38855,2025072904026516,UMHL,Magnet Securities and Investment Company Private Limited,Sri Hari Securities Pvt. Ltd.,152,554.8,84329.6,2025-07-29 14:04:46.533725
2025-07-29,38807,2025072904026530,UMHL,Opal Securities Investment (PVT) Ltd.,Nepal Stock House (PVT) Ltd.,46,553.6,25465.6,2025-07-29 14:04:53.746488
2025-07-29,38806,2025072904026531,UMHL,Online Securities Pvt. Ltd.,Nepal Stock House (PVT) Ltd.,1454,553.5,804789.0,2025-07-29 14:04:53.746788
2025-07-29,38192,2025072904026669,UMHL,Online Securities Pvt. Ltd.,Kohinoor Investment & Securities Pvt. Ltd.,46,553.5,25461.0,2025-07-29 14:06:09.633696
2025-07-29,38009,2025072904026731,UMHL,Neev Securities Pvt. Ltd.,Kohinoor Investment & Securities Pvt. Ltd.,77,553.4,42611.8,2025-07-29 14:06:24.772605
2025-07-29,38008,2025072904026732,UMHL,S.P.S.A. Securities Limited,Kohinoor Investment & Securities Pvt. Ltd.,167,553.4,92417.8,2025-07-29 14:06:24.772867
2025-07-29,37969,2025072904026749,UMHL,S.P.S.A. Securities Limited,Cristal Kanchanjanga Securites Pvt. Ltd.,33,553.4,18262.2,2025-07-29 14:06:31.023790
2025-07-29,37968,2025072904026750,UMHL,Dakshinkali Investment & Securities Pvt. Ltd.,Cristal Kanchanjanga Securites Pvt. Ltd.,78,553.0,43134.0,2025-07-29 14:06:31.023866
2025-07-29,37714,2025072904026802,UMHL,Dakshinkali Investment & Securities Pvt. Ltd.,Kohinoor Investment & Securities Pvt. Ltd.,10,553.0,5530.0,2025-07-29 14:07:02.159575
2025-07-29,36713,2025072904027074,UMHL,Sani Securities Company Ltd.,Deevyaa Securities & Stock House Pvt. Ltd,2,553.7,1107.4,2025-07-29 14:08:54.550191
2025-07-29,36355,2025072904027157,UMHL,Dakshinkali Investment & Securities Pvt. Ltd.,SUN SECURITIES PVT LTD,12,553.0,6636.0,2025-07-29 14:09:37.940259
2025-07-29,36354,2025072904027158,UMHL,Capital Max Securities Ltd,SUN SECURITIES PVT LTD,100,553.0,55300.0,2025-07-29 14:09:37.940572
2025-07-29,36353,2025072904027159,UMHL,Trishakti Securities Public Limited,SUN SECURITIES PVT LTD,888,553.0,491064.0,2025-07-29 14:09:37.940674
2025-07-29,35681,2025072904027335,UMHL,Trishakti Securities Public Limited,Linch Stock Market Ltd.,12,553.0,6636.0,2025-07-29 14:11:04.458228
2025-07-29,33339,2025072904027936,UMHL,KALASH STOCK MARKET PVT. LTD.,Linch Stock Market Ltd.,41,553.0,22673.0,2025-07-29 14:15:47.527257
2025-07-29,33338,2025072904027937,UMHL,KALASH STOCK MARKET PVT. LTD.,Nepal Stock House (PVT) Ltd.,59,553.0,32627.0,2025-07-29 14:15:47.527629
2025-07-29,31871,2025072904028302,UMHL,Sundhara Securities Limited,Thrive Brokerage House Pvt. Ltd,20,552.0,11040.0,2025-07-29 14:18:20.342709
2025-07-29,30843,2025072904028517,UMHL,Capital Max Securities Ltd,Thrive Brokerage House Pvt. Ltd,480,552.0,264960.0,2025-07-29 14:20:21.509015
2025-07-29,30842,2025072904028518,UMHL,Capital Max Securities Ltd,Vision Securities Pvt. Ltd,320,552.0,176640.0,2025-07-29 14:20:21.509406
2025-07-29,30477,2025072904028614,UMHL,Online Securities Pvt. Ltd.,Oxford Securities Pvt. Ltd.,107,551.1,58967.7,2025-07-29 14:21:02.413195
2025-07-29,30414,2025072904028630,UMHL,Linch Stock Market Ltd.,Vision Securities Pvt. Ltd,27,552.0,14904.0,2025-07-29 14:21:07.336241
2025-07-29,30128,2025072904028706,UMHL,Online Securities Pvt. Ltd.,Opal Securities Investment (PVT) Ltd.,73,551.1,40230.3,2025-07-29 14:21:43.326827
2025-07-29,30127,2025072904028707,UMHL,Naasa Securities Co. Ltd.,Opal Securities Investment (PVT) Ltd.,29,551.1,15981.9,2025-07-29 14:21:43.326914
2025-07-29,29838,2025072904028765,UMHL,Naasa Securities Co. Ltd.,Naasa Securities Co. Ltd.,21,551.1,11573.1,2025-07-29 14:22:13.654953
2025-07-29,29837,2025072904028766,UMHL,Trisul Securities & Invt. Ltd.,Naasa Securities Co. Ltd.,100,551.0,55100.0,2025-07-29 14:22:13.655246
2025-07-29,29836,2025072904028767,UMHL,Online Securities Pvt. Ltd.,Naasa Securities Co. Ltd.,129,551.0,71079.0,2025-07-29 14:22:13.655366
2025-07-29,29782,2025072904028789,UMHL,Online Securities Pvt. Ltd.,Siprabi Securities Pvt. Ltd.,571,551.0,314621.0,2025-07-29 14:22:17.851754
2025-07-29,29781,2025072904028790,UMHL,Online Securities Pvt. Ltd.,Siprabi Securities Pvt. Ltd.,200,551.0,110200.0,2025-07-29 14:22:17.852052
2025-07-29,29405,2025072904028861,UMHL,Premier Securities Company Ltd.,Online Securities Pvt. Ltd.,20,550.2,11004.0,2025-07-29 14:22:53.534373
2025-07-29,28978,2025072904028957,UMHL,Nepal Stock House (PVT) Ltd.,Dynamic Money Managers Securities Pvt. Ltd.,24,550.2,13204.8,2025-07-29 14:23:40.439288
2025-07-29,28977,2025072904028958,UMHL,Nepal Stock House (PVT) Ltd.,Siprabi Securities Pvt. Ltd.,527,551.0,290377.0,2025-07-29 14:23:40.439828
2025-07-29,28841,2025072904028999,UMHL,Imperial Securities Company Pvt. Ltd.,Capital Max Securities Ltd,50,550.0,27500.0,2025-07-29 14:24:00.979329
2025-07-29,27522,2025072904029274,UMHL,Imperial Securities Company Pvt. Ltd.,Aryatara Investment & Securities,200,550.0,110000.0,2025-07-29 14:26:35.738220
2025-07-29,27103,2025072904029372,UMHL,Imperial Securities Company Pvt. Ltd.,Capital Hub P. Ltd,50,550.0,27500.0,2025-07-29 14:27:20.329686
2025-07-29,27102,2025072904029373,UMHL,Aryatara Investment & Securities,Capital Hub P. Ltd,100,550.0,55000.0,2025-07-29 14:27:20.329959
2025-07-29,27101,2025072904029374,UMHL,Capital Max Securities Ltd,Capital Hub P. Ltd,800,550.0,440000.0,2025-07-29 14:27:20.330069
2025-07-29,27100,2025072904029375,UMHL,Capital Max Securities Ltd,Capital Hub P. Ltd,800,550.0,440000.0,2025-07-29 14:27:20.330176
2025-07-29,27099,2025072904029376,UMHL,Capital Max Securities Ltd,Capital Hub P. Ltd,800,550.0,440000.0,2025-07-29 14:27:20.330294
2025-07-29,27098,2025072904029377,UMHL,Imperial Securities Company Pvt. Ltd.,Capital Hub P. Ltd,200,550.0,110000.0,2025-07-29 14:27:20.330403
2025-07-29,27097,2025072904029378,UMHL,Naasa Securities Co. Ltd.,Capital Hub P. Ltd,250,550.0,137500.0,2025-07-29 14:27:20.330506
2025-07-29,27078,2025072904029379,UMHL,Naasa Securities Co. Ltd.,Agrawal Securities (PVT) Ltd.,550,550.0,302500.0,2025-07-29 14:27:22.504717
2025-07-29,27077,2025072904029380,UMHL,Kohinoor Investment & Securities Pvt. Ltd.,Agrawal Securities (PVT) Ltd.,20,550.0,11000.0,2025-07-29 14:27:22.504984
2025-07-29,27076,2025072904029381,UMHL,Linch Stock Market Ltd.,Agrawal Securities (PVT) Ltd.,230,550.0,126500.0,2025-07-29 14:27:22.505103
2025-07-29,27046,2025072904029386,UMHL,Linch Stock Market Ltd.,Aryatara Investment & Securities,480,550.0,264000.0,2025-07-29 14:27:26.000073
2025-07-29,25634,2025072904029698,UMHL,Linch Stock Market Ltd.,Deevyaa Securities & Stock House Pvt. Ltd,290,550.0,159500.0,2025-07-29 14:29:50.774765
2025-07-29,25633,2025072904029699,UMHL,Thrive Brokerage House Pvt. Ltd,Deevyaa Securities & Stock House Pvt. Ltd,200,550.0,110000.0,2025-07-29 14:29:50.775059
2025-07-29,25632,2025072904029700,UMHL,Thrive Brokerage House Pvt. Ltd,Deevyaa Securities & Stock House Pvt. Ltd,10,550.0,5500.0,2025-07-29 14:29:50.775214
2025-07-29,24893,2025072904029902,UMHL,Sundhara Securities Limited,Siprabi Securities Pvt. Ltd.,465,551.0,256215.0,2025-07-29 14:31:08.601569
2025-07-29,24648,2025072904029972,UMHL,Thrive Brokerage House Pvt. Ltd,Infinity Securities Limited,10,550.0,5500.0,2025-07-29 14:31:33.903970
2025-07-29,23104,2025072904030472,UMHL,Capital Max Securities Ltd,Infinity Securities Limited,490,550.0,269500.0,2025-07-29 14:33:54.801945
2025-07-29,23103,2025072904030473,UMHL,Capital Max Securities Ltd,Infinity Securities Limited,10,550.0,5500.0,2025-07-29 14:33:54.802219
2025-07-29,22581,2025072904030687,UMHL,Stoxkarts Securities Limited,Aryatara Investment & Securities,14,549.5,7693.0,2025-07-29 14:34:36.925748
2025-07-29,22461,2025072904030721,UMHL,Naasa Securities Co. Ltd.,Infinity Securities Limited,280,550.0,154000.0,2025-07-29 14:34:47.536473
2025-07-29,22240,2025072904030773,UMHL,Capital Max Securities Ltd,Infinity Securities Limited,80,550.0,44000.0,2025-07-29 14:35:16.314709
2025-07-29,21502,2025072904030982,UMHL,Stoxkarts Securities Limited,Infinity Securities Limited,100,550.0,55000.0,2025-07-29 14:36:39.261262
2025-07-29,21444,2025072904031001,UMHL,Malla & Malla Stock Broking Company Pvt. Limited,Aryatara Investment & Securities,100,549.3,54930.0,2025-07-29 14:36:47.842903
2025-07-29,21394,2025072904031011,UMHL,Trisul Securities & Invt. Ltd.,Infinity Securities Limited,200,549.0,109800.0,2025-07-29 14:36:52.903650
2025-07-29,19736,2025072904031380,UMHL,Trisul Securities & Invt. Ltd.,Naasa Securities Co. Ltd.,119,549.0,65331.0,2025-07-29 14:39:37.024490
2025-07-29,19658,2025072904031402,UMHL,Trisul Securities & Invt. Ltd.,Naasa Securities Co. Ltd.,100,549.0,54900.0,2025-07-29 14:39:46.393077
2025-07-29,19604,2025072904031405,UMHL,Trisul Securities & Invt. Ltd.,Sweta Securities Private Limited,100,549.0,54900.0,2025-07-29 14:39:48.224622
2025-07-29,19372,2025072904031456,UMHL,Trisul Securities & Invt. Ltd.,NIMB Stock Markets Limited,10,549.0,5490.0,2025-07-29 14:40:08.136089
2025-07-29,17667,2025072904031871,UMHL,Capital Max Securities Ltd,Aryatara Investment & Securities,14,549.1,7687.4,2025-07-29 14:42:49.793590
2025-07-29,17294,2025072904031965,UMHL,Thrive Brokerage House Pvt. Ltd,Imperial Securities Company Pvt. Ltd.,50,549.9,27495.0,2025-07-29 14:43:28.170633
2025-07-29,15889,2025072904032315,UMHL,Capital Max Securities Ltd,Sani Securities Company Ltd.,86,549.1,47222.6,2025-07-29 14:45:13.131675
2025-07-29,15888,2025072904032316,UMHL,Capital Max Securities Ltd,Sani Securities Company Ltd.,414,549.1,227327.4,2025-07-29 14:45:13.131995
2025-07-29,15641,2025072904032360,UMHL,Kumari Securities Private Limited,Imperial Securities Company Pvt. Ltd.,550,549.9,302445.0,2025-07-29 14:45:34.981258
2025-07-29,14540,2025072904032616,UMHL,Primo Securities (PVT) Ltd.,Infinity Securities Limited,30,550.0,16500.0,2025-07-29 14:47:06.606856
2025-07-29,14539,2025072904032617,UMHL,Primo Securities (PVT) Ltd.,Capital Max Securities Ltd,100,550.0,55000.0,2025-07-29 14:47:06.607135
2025-07-29,14538,2025072904032618,UMHL,Primo Securities (PVT) Ltd.,Sumeru Securities Pvt. Ltd.,370,550.0,203500.0,2025-07-29 14:47:06.607246
2025-07-29,14469,2025072904032630,UMHL,Capital Max Securities Ltd,Sumeru Securities Pvt. Ltd.,166,550.0,91300.0,2025-07-29 14:47:12.710332
2025-07-29,14357,2025072904032650,UMHL,Thrive Brokerage House Pvt. Ltd,Sumeru Securities Pvt. Ltd.,800,550.0,440000.0,2025-07-29 14:47:19.838798
2025-07-29,13521,2025072904032876,UMHL,Capital Max Securities Ltd,Sumeru Securities Pvt. Ltd.,100,550.0,55000.0,2025-07-29 14:48:35.388489
2025-07-29,12949,2025072904033037,UMHL,Linch Stock Market Ltd.,Sumeru Securities Pvt. Ltd.,300,550.0,165000.0,2025-07-29 14:49:24.149039
2025-07-29,12698,2025072904033096,UMHL,Trishakti Securities Public Limited,Sumeru Securities Pvt. Ltd.,500,550.0,275000.0,2025-07-29 14:49:44.307803
2025-07-29,12205,2025072904033209,UMHL,Online Securities Pvt. Ltd.,Sumeru Securities Pvt. Ltd.,100,550.0,55000.0,2025-07-29 14:50:23.032490
2025-07-29,12030,2025072904033240,UMHL,Kumari Securities Private Limited,Property Wiard Limited,200,549.9,109980.0,2025-07-29 14:50:34.974111
2025-07-29,11857,2025072904033276,UMHL,Kumari Securities Private Limited,Property Wiard Limited,250,549.9,137475.0,2025-07-29 14:50:45.020664
2025-07-29,11856,2025072904033277,UMHL,Trisul Securities & Invt. Ltd.,Property Wiard Limited,21,549.0,11529.0,2025-07-29 14:50:45.020938
2025-07-29,11855,2025072904033278,UMHL,Dynamic Money Managers Securities Pvt. Ltd.,Property Wiard Limited,100,549.0,54900.0,2025-07-29 14:50:45.021046
2025-07-29,11854,2025072904033279,UMHL,KALASH STOCK MARKET PVT. LTD.,Property Wiard Limited,429,548.6,235349.4,2025-07-29 14:50:45.021151
2025-07-29,11682,2025072904033323,UMHL,KALASH STOCK MARKET PVT. LTD.,Premier Securities Company Ltd.,71,548.6,38950.6,2025-07-29 14:50:57.797242
2025-07-29,11681,2025072904033324,UMHL,Kalika Securities Pvt. Ltd.,Premier Securities Company Ltd.,29,548.6,15909.4,2025-07-29 14:50:57.797550
2025-07-29,11319,2025072904033431,UMHL,Nepal Investment And Securities Trading Private Limited,Kohinoor Investment & Securities Pvt. Ltd.,150,548.0,82200.0,2025-07-29 14:51:25.271832
2025-07-29,10964,2025072904033553,UMHL,Dipshikha Dhitopatra Karobar Co. Pvt Ltd.,Siprabi Securities Pvt. Ltd.,225,548.0,123300.0,2025-07-29 14:51:48.160902
2025-07-29,10963,2025072904033554,UMHL,Premier Securities Company Ltd.,Siprabi Securities Pvt. Ltd.,30,548.0,16440.0,2025-07-29 14:51:48.161141
2025-07-29,10962,2025072904033555,UMHL,Kumari Securities Private Limited,Siprabi Securities Pvt. Ltd.,300,548.0,164400.0,2025-07-29 14:51:48.161246
2025-07-29,10961,2025072904033556,UMHL,Capital Max Securities Ltd,Siprabi Securities Pvt. Ltd.,400,548.0,219200.0,2025-07-29 14:51:48.161353
2025-07-29,10741,2025072904033589,UMHL,Capital Max Securities Ltd,Sweta Securities Private Limited,10,548.1,5481.0,2025-07-29 14:52:05.125339
2025-07-29,10740,2025072904033590,UMHL,Capital Max Securities Ltd,Asian Securities Private Ltd.,990,549.8,544302.0,2025-07-29 14:52:05.125458
2025-07-29,9485,2025072904033963,UMHL,Sri Hari Securities Pvt. Ltd.,Sani Securities Company Ltd.,50,547.6,27380.0,2025-07-29 14:53:15.411847
2025-07-29,8308,2025072904034259,UMHL,Naasa Securities Co. Ltd.,Siprabi Securities Pvt. Ltd.,172,547.7,94204.4,2025-07-29 14:54:21.243539
2025-07-29,8307,2025072904034260,UMHL,Sri Hari Securities Pvt. Ltd.,Siprabi Securities Pvt. Ltd.,110,547.6,60236.0,2025-07-29 14:54:21.243795
2025-07-29,7162,2025072904034624,UMHL,Capital Max Securities Ltd,Agrawal Securities (PVT) Ltd.,20,549.0,10980.0,2025-07-29 14:55:27.925601
2025-07-29,7161,2025072904034625,UMHL,Capital Max Securities Ltd,Deevyaa Securities & Stock House Pvt. Ltd,500,549.0,274500.0,2025-07-29 14:55:27.925901
2025-07-29,7160,2025072904034626,UMHL,Capital Max Securities Ltd,Asian Securities Private Ltd.,700,549.0,384300.0,2025-07-29 14:55:27.926012
2025-07-29,7035,2025072904034654,UMHL,Capital Max Securities Ltd,Aryatara Investment & Securities,450,549.9,247455.0,2025-07-29 14:55:34.980653
2025-07-29,6581,2025072904034752,UMHL,Neev Securities Pvt. Ltd.,R.B.B. Securities Company Ltd,100,549.0,54900.0,2025-07-29 14:56:02.271847
2025-07-29,5200,2025072904035144,UMHL,Neev Securities Pvt. Ltd.,Citizens Share Broker Limited,200,549.0,109800.0,2025-07-29 14:57:10.331946
2025-07-29,5196,2025072904035148,UMHL,Kalika Securities Pvt. Ltd.,Opal Securities Investment (PVT) Ltd.,1,548.6,548.6,2025-07-29 14:57:10.523627
2025-07-29,4940,2025072904035204,UMHL,Neev Securities Pvt. Ltd.,R.B.B. Securities Company Ltd,50,549.0,27450.0,2025-07-29 14:57:22.499564
2025-07-29,4018,2025072904035454,UMHL,Dakshinkali Investment & Securities Pvt. Ltd.,Deevyaa Securities & Stock House Pvt. Ltd,500,549.1,274550.0,2025-07-29 14:58:01.938338
2025-07-29,2878,2025072904035767,UMHL,Neev Securities Pvt. Ltd.,Nagarik Stock Dealer ,200,549.0,109800.0,2025-07-29 14:58:45.073423
2025-07-29,2346,2025072904035884,UMHL,Neev Securities Pvt. Ltd.,Bhrikuti Stock Broking Co. Pvt. Ltd.,50,549.0,27450.0,2025-07-29 14:59:03.950980
2025-07-29,2345,2025072904035885,UMHL,Dakshinkali Investment & Securities Pvt. Ltd.,Bhrikuti Stock Broking Co. Pvt. Ltd.,30,549.0,16470.0,2025-07-29 14:59:03.951514
2025-07-29,2266,2025072904035916,UMHL,Dakshinkali Investment & Securities Pvt. Ltd.,Oxford Securities Pvt. Ltd.,50,549.0,27450.0,2025-07-29 14:59:05.885438
2025-07-29,2023,2025072904035981,UMHL,Aryatara Investment & Securities,Deevyaa Securities & Stock House Pvt. Ltd,30,549.1,16473.0,2025-07-29 14:59:13.040275
2025-07-29,1582,2025072904036075,UMHL,KALASH STOCK MARKET PVT. LTD.,Dipshikha Dhitopatra Karobar Co. Pvt Ltd.,40,549.9,21996.0,2025-07-29 14:59:24.525812
2025-07-29,1581,2025072904036076,UMHL,KALASH STOCK MARKET PVT. LTD.,Aryatara Investment & Securities,200,549.9,109980.0,2025-07-29 14:59:24.526063
2025-07-29,1580,2025072904036077,UMHL,KALASH STOCK MARKET PVT. LTD.,Nepal Stock House (PVT) Ltd.,500,549.9,274950.0,2025-07-29 14:59:24.526174
2025-07-29,1579,2025072904036078,UMHL,KALASH STOCK MARKET PVT. LTD.,Vision Securities Pvt. Ltd,260,549.9,142974.0,2025-07-29 14:59:24.526283
2025-07-29,1440,2025072904036129,UMHL,Aryatara Investment & Securities,Infinity Securities Limited,27,549.1,14825.7,2025-07-29 14:59:28.025851
2025-07-29,1439,2025072904036130,UMHL,Dakshinkali Investment & Securities Pvt. Ltd.,Infinity Securities Limited,20,549.0,10980.0,2025-07-29 14:59:28.026110
2025-07-29,1438,2025072904036131,UMHL,Premier Securities Company Ltd.,Infinity Securities Limited,53,549.0,29097.0,2025-07-29 14:59:28.026220
2025-07-29,1393,2025072904036142,UMHL,Premier Securities Company Ltd.,N.M.B. SECURITIES LIMITED,32,549.0,17568.0,2025-07-29 14:59:29.637371
2025-07-29,1392,2025072904036143,UMHL,Sumeru Securities Pvt. Ltd.,N.M.B. SECURITIES LIMITED,200,549.0,109800.0,2025-07-29 14:59:29.637616
2025-07-29,1391,2025072904036144,UMHL,Naasa Securities Co. Ltd.,N.M.B. SECURITIES LIMITED,100,547.7,54770.0,2025-07-29 14:59:29.637724
2025-07-29,1390,2025072904036145,UMHL,Sri Hari Securities Pvt. Ltd.,N.M.B. SECURITIES LIMITED,140,547.6,76664.0,2025-07-29 14:59:29.637831
2025-07-29,1389,2025072904036146,UMHL,Arun Securities (PVT) Ltd.,N.M.B. SECURITIES LIMITED,192,547.5,105120.0,2025-07-29 14:59:29.637937
2025-07-29,1388,2025072904036147,UMHL,Kumari Securities Private Limited,N.M.B. SECURITIES LIMITED,1500,547.4,821100.0,2025-07-29 14:59:29.638087
2025-07-29,1387,2025072904036148,UMHL,Capital Max Securities Ltd,N.M.B. SECURITIES LIMITED,701,547.3,383657.3,2025-07-29 14:59:29.638238
2025-07-29,724,2025072904036313,UMHL,Capital Max Securities Ltd,Siprabi Securities Pvt. Ltd.,100,547.3,54730.0,2025-07-29 14:59:45.895232
2025-07-29,69,2025072904036496,UMHL,Online Securities Pvt. Ltd.,Vision Securities Pvt. Ltd,20,549.9,10998.0,2025-07-29 14:59:58.865689
