Date,S.N.,Contract ID,Symbol,Buyer Broker,Seller Broker,volume,rate,amount,transaction_time
2025-07-29,157471,2025072904000012,UPCL,Asian Securities Private Ltd.,Swarna Laxmi Securities Pvt. Ltd.,10,433.0,4330.0,2025-07-29 10:46:00.050014
2025-07-29,156643,2025072904000141,UPCL,Prabhu Stock Market Limited,K.B.L. Securities Limited ,100,438.9,43890.0,2025-07-29 11:02:24.790828
2025-07-29,156642,2025072904000142,UPCL,Prabhu Stock Market Limited,Bhrikuti Stock Broking Co. Pvt. Ltd.,300,439.0,131700.0,2025-07-29 11:02:24.790889
2025-07-29,156641,2025072904000143,UPCL,Prabhu Stock Market Limited,Online Securities Pvt. Ltd.,100,440.0,44000.0,2025-07-29 11:02:24.790925
2025-07-29,156459,2025072904000167,UPCL,Dipshikha Dhitopatra Karobar Co. Pvt Ltd.,Indira securities pvt. ltd,200,441.0,88200.0,2025-07-29 11:02:45.702274
2025-07-29,156416,2025072904000173,UPCL,Prabhu Stock Market Limited,Dipshikha Dhitopatra Karobar Co. Pvt Ltd.,500,440.0,220000.0,2025-07-29 11:02:51.805483
2025-07-29,156299,2025072904000191,UPCL,Online Securities Pvt. Ltd.,Bhrikuti Stock Broking Co. Pvt. Ltd.,400,441.0,176400.0,2025-07-29 11:03:08.421759
2025-07-29,156298,2025072904000192,UPCL,Online Securities Pvt. Ltd.,Trisul Securities & Invt. Ltd.,100,441.0,44100.0,2025-07-29 11:03:08.421842
2025-07-29,155852,2025072904000273,UPCL,Dipshikha Dhitopatra Karobar Co. Pvt Ltd.,Sumeru Securities Pvt. Ltd.,50,440.5,22025.0,2025-07-29 11:03:57.177405
2025-07-29,155805,2025072904000290,UPCL,Trisul Securities & Invt. Ltd.,Sumeru Securities Pvt. Ltd.,100,438.0,43800.0,2025-07-29 11:04:01.550698
2025-07-29,155448,2025072904000369,UPCL,Opal Securities Investment (PVT) Ltd.,Sumeru Securities Pvt. Ltd.,100,438.0,43800.0,2025-07-29 11:04:37.822866
2025-07-29,154778,2025072904000542,UPCL,Vision Securities Pvt. Ltd,Kalika Securities Pvt. Ltd.,100,439.0,43900.0,2025-07-29 11:05:44.881186
2025-07-29,154777,2025072904000543,UPCL,Opal Securities Investment (PVT) Ltd.,Kalika Securities Pvt. Ltd.,50,438.0,21900.0,2025-07-29 11:05:44.881361
2025-07-29,154776,2025072904000544,UPCL,Linch Stock Market Ltd.,Kalika Securities Pvt. Ltd.,40,438.0,17520.0,2025-07-29 11:05:44.881505
2025-07-29,154775,2025072904000545,UPCL,SUN SECURITIES PVT LTD,Kalika Securities Pvt. Ltd.,22,438.0,9636.0,2025-07-29 11:05:44.881610
2025-07-29,154679,2025072904000563,UPCL,Arun Securities (PVT) Ltd.,K.B.L. Securities Limited ,100,440.0,44000.0,2025-07-29 11:05:55.828883
2025-07-29,154678,2025072904000564,UPCL,Arun Securities (PVT) Ltd.,Infinity Securities Limited,50,440.0,22000.0,2025-07-29 11:05:55.828962
2025-07-29,154595,2025072904000582,UPCL,Kumari Securities Private Limited,Infinity Securities Limited,50,440.0,22000.0,2025-07-29 11:06:02.850516
2025-07-29,154542,2025072904000594,UPCL,Nepal Stock House (PVT) Ltd.,Infinity Securities Limited,100,440.0,44000.0,2025-07-29 11:06:08.815598
2025-07-29,154496,2025072904000609,UPCL,Nepal Stock House (PVT) Ltd.,Nepal Investment And Securities Trading Private Limited,100,440.0,44000.0,2025-07-29 11:06:11.695382
2025-07-29,154208,2025072904000668,UPCL,SUN SECURITIES PVT LTD,Dipshikha Dhitopatra Karobar Co. Pvt Ltd.,285,438.0,124830.0,2025-07-29 11:06:33.862423
2025-07-29,153117,2025072904000914,UPCL,SUN SECURITIES PVT LTD,Vision Securities Pvt. Ltd,90,438.0,39420.0,2025-07-29 11:08:07.915367
2025-07-29,152231,2025072904001206,UPCL,Market Securities & Exchange (PVT) Ltd.,Nepal Stock House (PVT) Ltd.,54,438.0,23652.0,2025-07-29 11:09:19.528981
2025-07-29,152230,2025072904001207,UPCL,Market Securities & Exchange (PVT) Ltd.,Premier Securities Company Ltd.,146,438.0,63948.0,2025-07-29 11:09:19.529084
2025-07-29,152227,2025072904001210,UPCL,Dipshikha Dhitopatra Karobar Co. Pvt Ltd.,Cristal Kanchanjanga Securites Pvt. Ltd.,50,436.7,21835.0,2025-07-29 11:09:19.592904
2025-07-29,152226,2025072904001211,UPCL,Sewa Securities Pvt. Ltd.,Cristal Kanchanjanga Securites Pvt. Ltd.,50,436.7,21835.0,2025-07-29 11:09:19.593129
2025-07-29,152183,2025072904001236,UPCL,Sewa Securities Pvt. Ltd.,Vision Securities Pvt. Ltd,410,436.7,179047.0,2025-07-29 11:09:21.629174
2025-07-29,151868,2025072904001340,UPCL,Sewa Securities Pvt. Ltd.,Vision Securities Pvt. Ltd,500,436.7,218350.0,2025-07-29 11:09:48.358667
2025-07-29,150720,2025072904001651,UPCL,Sewa Securities Pvt. Ltd.,Linch Stock Market Ltd.,40,436.7,17468.0,2025-07-29 11:11:22.162189
2025-07-29,149758,2025072904001910,UPCL,SHUBHAKAMANA SECURITIES PVT. LTD,Linch Stock Market Ltd.,30,436.7,13101.0,2025-07-29 11:12:40.067170
2025-07-29,149282,2025072904002023,UPCL,Premier Securities Company Ltd.,Naasa Securities Co. Ltd.,200,436.8,87360.0,2025-07-29 11:13:27.276738
2025-07-29,149281,2025072904002024,UPCL,SHUBHAKAMANA SECURITIES PVT. LTD,Naasa Securities Co. Ltd.,300,436.7,131010.0,2025-07-29 11:13:27.276973
2025-07-29,149058,2025072904002084,UPCL,Online Securities Pvt. Ltd.,Online Securities Pvt. Ltd.,100,437.0,43700.0,2025-07-29 11:13:47.082178
2025-07-29,148853,2025072904002137,UPCL,Kalika Securities Pvt. Ltd.,Sumeru Securities Pvt. Ltd.,50,437.0,21850.0,2025-07-29 11:14:06.313957
2025-07-29,148743,2025072904002158,UPCL,Dipshikha Dhitopatra Karobar Co. Pvt Ltd.,Sri Hari Securities Pvt. Ltd.,100,437.1,43710.0,2025-07-29 11:14:15.368043
2025-07-29,148742,2025072904002159,UPCL,Kalika Securities Pvt. Ltd.,Sri Hari Securities Pvt. Ltd.,900,437.0,393300.0,2025-07-29 11:14:15.368163
2025-07-29,148567,2025072904002205,UPCL,Kalika Securities Pvt. Ltd.,Vision Securities Pvt. Ltd,50,437.0,21850.0,2025-07-29 11:14:32.955063
2025-07-29,148566,2025072904002206,UPCL,Premier Securities Company Ltd.,Vision Securities Pvt. Ltd,100,437.0,43700.0,2025-07-29 11:14:32.955195
2025-07-29,148565,2025072904002207,UPCL,Cristal Kanchanjanga Securites Pvt. Ltd.,Vision Securities Pvt. Ltd,150,437.0,65550.0,2025-07-29 11:14:32.955251
2025-07-29,147921,2025072904002397,UPCL,Naasa Securities Co. Ltd.,NIMB Stock Markets Limited,35,437.9,15326.5,2025-07-29 11:15:27.481085
2025-07-29,147678,2025072904002450,UPCL,Sani Securities Company Ltd.,NIMB Stock Markets Limited,50,437.9,21895.0,2025-07-29 11:15:44.910706
2025-07-29,147573,2025072904002475,UPCL,SUN SECURITIES PVT LTD,S.P.S.A. Securities Limited,3,438.0,1314.0,2025-07-29 11:15:55.834685
2025-07-29,147181,2025072904002559,UPCL,Agrawal Securities (PVT) Ltd.,NIMB Stock Markets Limited,190,437.9,83201.0,2025-07-29 11:16:32.495260
2025-07-29,147180,2025072904002560,UPCL,Agrawal Securities (PVT) Ltd.,N.M.B. SECURITIES LIMITED,40,437.9,17516.0,2025-07-29 11:16:32.855394
2025-07-29,146993,2025072904002604,UPCL,Agrawal Securities (PVT) Ltd.,Opal Securities Investment (PVT) Ltd.,200,437.9,87580.0,2025-07-29 11:16:46.369251
2025-07-29,146956,2025072904002616,UPCL,Vision Securities Pvt. Ltd,Premier Securities Company Ltd.,21,438.0,9198.0,2025-07-29 11:16:49.968384
2025-07-29,146688,2025072904002659,UPCL,Oxford Securities Pvt. Ltd.,Premier Securities Company Ltd.,33,438.0,14454.0,2025-07-29 11:17:18.642213
2025-07-29,146687,2025072904002660,UPCL,Oxford Securities Pvt. Ltd.,Imperial Securities Company Pvt. Ltd.,24,438.0,10512.0,2025-07-29 11:17:18.642540
2025-07-29,146686,2025072904002661,UPCL,Oxford Securities Pvt. Ltd.,Vision Securities Pvt. Ltd,100,438.0,43800.0,2025-07-29 11:17:18.642730
2025-07-29,146685,2025072904002662,UPCL,Oxford Securities Pvt. Ltd.,Oxford Securities Pvt. Ltd.,43,438.0,18834.0,2025-07-29 11:17:18.642915
2025-07-29,146415,2025072904002737,UPCL,Agrawal Securities (PVT) Ltd.,ABC Securities Private Limited,70,437.9,30653.0,2025-07-29 11:17:41.712392
2025-07-29,146414,2025072904002738,UPCL,Sani Securities Company Ltd.,ABC Securities Private Limited,200,437.8,87560.0,2025-07-29 11:17:41.712546
2025-07-29,146413,2025072904002739,UPCL,Cristal Kanchanjanga Securites Pvt. Ltd.,ABC Securities Private Limited,50,437.0,21850.0,2025-07-29 11:17:41.712609
2025-07-29,146412,2025072904002740,UPCL,Online Securities Pvt. Ltd.,ABC Securities Private Limited,50,437.0,21850.0,2025-07-29 11:17:41.712670
2025-07-29,146411,2025072904002741,UPCL,Aryatara Investment & Securities,ABC Securities Private Limited,50,437.0,21850.0,2025-07-29 11:17:41.712725
2025-07-29,146410,2025072904002742,UPCL,Aryatara Investment & Securities,ABC Securities Private Limited,20,437.0,8740.0,2025-07-29 11:17:41.712779
2025-07-29,146409,2025072904002743,UPCL,Secured Securities Ltd.,ABC Securities Private Limited,100,437.0,43700.0,2025-07-29 11:17:41.712839
2025-07-29,146408,2025072904002744,UPCL,Aryatara Investment & Securities,ABC Securities Private Limited,20,437.0,8740.0,2025-07-29 11:17:41.712895
2025-07-29,146407,2025072904002745,UPCL,Aryatara Investment & Securities,ABC Securities Private Limited,114,437.0,49818.0,2025-07-29 11:17:41.712979
2025-07-29,146406,2025072904002746,UPCL,Kohinoor Investment & Securities Pvt. Ltd.,ABC Securities Private Limited,50,437.0,21850.0,2025-07-29 11:17:41.713036
2025-07-29,146405,2025072904002747,UPCL,Online Securities Pvt. Ltd.,ABC Securities Private Limited,50,437.0,21850.0,2025-07-29 11:17:41.713093
2025-07-29,146219,2025072904002798,UPCL,Beni Securities Pvt.Ltd.,ABC Securities Private Limited,48,437.0,20976.0,2025-07-29 11:17:57.566504
2025-07-29,145901,2025072904002872,UPCL,Oxford Securities Pvt. Ltd.,ABC Securities Private Limited,200,437.9,87580.0,2025-07-29 11:18:28.504746
2025-07-29,145667,2025072904002914,UPCL,Capital Max Securities Ltd,Dipshikha Dhitopatra Karobar Co. Pvt Ltd.,54,437.5,23625.0,2025-07-29 11:18:49.644775
2025-07-29,145666,2025072904002915,UPCL,Capital Max Securities Ltd,ABC Securities Private Limited,178,437.9,77946.2,2025-07-29 11:18:49.644949
2025-07-29,145665,2025072904002916,UPCL,Capital Max Securities Ltd,Oxford Securities Pvt. Ltd.,457,438.0,200166.0,2025-07-29 11:18:49.645023
2025-07-29,145664,2025072904002917,UPCL,Capital Max Securities Ltd,Imperial Securities Company Pvt. Ltd.,200,438.9,87780.0,2025-07-29 11:18:49.645091
2025-07-29,145663,2025072904002918,UPCL,Capital Max Securities Ltd,Premier Securities Company Ltd.,111,439.0,48729.0,2025-07-29 11:18:49.645153
2025-07-29,145476,2025072904002970,UPCL,Online Securities Pvt. Ltd.,Sumeru Securities Pvt. Ltd.,50,436.8,21840.0,2025-07-29 11:19:04.496854
2025-07-29,145475,2025072904002971,UPCL,SHUBHAKAMANA SECURITIES PVT. LTD,Sumeru Securities Pvt. Ltd.,170,436.7,74239.0,2025-07-29 11:19:04.497009
2025-07-29,145474,2025072904002972,UPCL,Dipshikha Dhitopatra Karobar Co. Pvt Ltd.,Sumeru Securities Pvt. Ltd.,100,436.5,43650.0,2025-07-29 11:19:04.497089
2025-07-29,145324,2025072904003009,UPCL,Aryatara Investment & Securities,Sumeru Securities Pvt. Ltd.,180,436.1,78498.0,2025-07-29 11:19:22.605103
2025-07-29,144367,2025072904003220,UPCL,Premier Securities Company Ltd.,Sweta Securities Private Limited,300,437.0,131100.0,2025-07-29 11:20:58.983186
2025-07-29,144251,2025072904003257,UPCL,Secured Securities Ltd.,Dipshikha Dhitopatra Karobar Co. Pvt Ltd.,50,437.9,21895.0,2025-07-29 11:21:06.648451
2025-07-29,143784,2025072904003338,UPCL,K.B.L. Securities Limited ,Market Securities & Exchange (PVT) Ltd.,10,437.1,4371.0,2025-07-29 11:21:49.193430
2025-07-29,143430,2025072904003401,UPCL,R.B.B. Securities Company Ltd,Dipshikha Dhitopatra Karobar Co. Pvt Ltd.,50,437.9,21895.0,2025-07-29 11:22:16.400124
2025-07-29,143429,2025072904003402,UPCL,R.B.B. Securities Company Ltd,Aryatara Investment & Securities,48,437.9,21019.2,2025-07-29 11:22:16.400294
2025-07-29,143428,2025072904003403,UPCL,R.B.B. Securities Company Ltd,Siprabi Securities Pvt. Ltd.,10,438.8,4388.0,2025-07-29 11:22:16.400380
2025-07-29,143427,2025072904003404,UPCL,R.B.B. Securities Company Ltd,Siprabi Securities Pvt. Ltd.,450,438.9,197505.0,2025-07-29 11:22:16.400448
2025-07-29,143426,2025072904003405,UPCL,R.B.B. Securities Company Ltd,Premier Securities Company Ltd.,89,439.0,39071.0,2025-07-29 11:22:16.400512
2025-07-29,143425,2025072904003406,UPCL,R.B.B. Securities Company Ltd,Ashutosh Brokerage & Securities (PVT) Ltd.,1000,439.0,439000.0,2025-07-29 11:22:16.400577
2025-07-29,143424,2025072904003407,UPCL,R.B.B. Securities Company Ltd,Midas Stock Broking Company Private Limited,500,439.0,219500.0,2025-07-29 11:22:16.400638
2025-07-29,143423,2025072904003408,UPCL,R.B.B. Securities Company Ltd,Secured Securities Ltd.,700,439.0,307300.0,2025-07-29 11:22:16.400702
2025-07-29,143422,2025072904003409,UPCL,R.B.B. Securities Company Ltd,Siprabi Securities Pvt. Ltd.,153,439.0,67167.0,2025-07-29 11:22:16.400765
2025-07-29,143264,2025072904003456,UPCL,Trisul Securities & Invt. Ltd.,Sri Hari Securities Pvt. Ltd.,200,438.9,87780.0,2025-07-29 11:22:28.124136
2025-07-29,143054,2025072904003498,UPCL,Agrawal Securities (PVT) Ltd.,Siprabi Securities Pvt. Ltd.,188,439.0,82532.0,2025-07-29 11:22:43.651948
2025-07-29,143053,2025072904003499,UPCL,Agrawal Securities (PVT) Ltd.,Siprabi Securities Pvt. Ltd.,500,439.5,219750.0,2025-07-29 11:22:43.652103
2025-07-29,143052,2025072904003500,UPCL,Agrawal Securities (PVT) Ltd.,Siprabi Securities Pvt. Ltd.,10,439.6,4396.0,2025-07-29 11:22:43.652172
2025-07-29,143051,2025072904003501,UPCL,Agrawal Securities (PVT) Ltd.,Miyo Securities Pvt Ltd,200,439.7,87940.0,2025-07-29 11:22:43.652237
2025-07-29,143050,2025072904003502,UPCL,Agrawal Securities (PVT) Ltd.,Indira securities pvt. ltd,800,439.9,351920.0,2025-07-29 11:22:43.652301
2025-07-29,143049,2025072904003503,UPCL,Agrawal Securities (PVT) Ltd.,Kalika Securities Pvt. Ltd.,1000,439.9,439900.0,2025-07-29 11:22:43.652397
2025-07-29,143048,2025072904003504,UPCL,Agrawal Securities (PVT) Ltd.,Nepal Investment And Securities Trading Private Limited,4302,440.0,1892880.0,2025-07-29 11:22:43.652464
2025-07-29,142516,2025072904003614,UPCL,Sewa Securities Pvt. Ltd.,Sri Hari Securities Pvt. Ltd.,100,439.9,43990.0,2025-07-29 11:23:22.417177
2025-07-29,141723,2025072904003765,UPCL,R.B.B. Securities Company Ltd,Siprabi Securities Pvt. Ltd.,30,439.8,13194.0,2025-07-29 11:24:18.884933
2025-07-29,141722,2025072904003766,UPCL,R.B.B. Securities Company Ltd,Sri Hari Securities Pvt. Ltd.,400,439.9,175960.0,2025-07-29 11:24:18.885135
2025-07-29,141721,2025072904003767,UPCL,R.B.B. Securities Company Ltd,Sri Hari Securities Pvt. Ltd.,200,439.9,87980.0,2025-07-29 11:24:18.885222
2025-07-29,141720,2025072904003768,UPCL,R.B.B. Securities Company Ltd,Nepal Investment And Securities Trading Private Limited,598,440.0,263120.0,2025-07-29 11:24:18.885303
2025-07-29,141719,2025072904003769,UPCL,R.B.B. Securities Company Ltd,ABC Securities Private Limited,200,440.0,88000.0,2025-07-29 11:24:18.885390
2025-07-29,141718,2025072904003770,UPCL,R.B.B. Securities Company Ltd,Himalayan Brokerage Company Limited,100,440.0,44000.0,2025-07-29 11:24:18.885490
2025-07-29,141717,2025072904003771,UPCL,R.B.B. Securities Company Ltd,Naasa Securities Co. Ltd.,217,440.0,95480.0,2025-07-29 11:24:18.885586
2025-07-29,141716,2025072904003772,UPCL,R.B.B. Securities Company Ltd,KALASH STOCK MARKET PVT. LTD.,30,440.0,13200.0,2025-07-29 11:24:18.885688
2025-07-29,141715,2025072904003773,UPCL,R.B.B. Securities Company Ltd,ABC Securities Private Limited,54,440.0,23760.0,2025-07-29 11:24:18.885777
2025-07-29,141714,2025072904003774,UPCL,R.B.B. Securities Company Ltd,ABC Securities Private Limited,128,440.0,56320.0,2025-07-29 11:24:18.885852
2025-07-29,141713,2025072904003775,UPCL,R.B.B. Securities Company Ltd,Dipshikha Dhitopatra Karobar Co. Pvt Ltd.,69,440.0,30360.0,2025-07-29 11:24:18.885922
2025-07-29,141712,2025072904003776,UPCL,R.B.B. Securities Company Ltd,Agrawal Securities (PVT) Ltd.,1085,440.0,477400.0,2025-07-29 11:24:18.886025
2025-07-29,141711,2025072904003777,UPCL,R.B.B. Securities Company Ltd,Capital Max Securities Ltd,430,440.0,189200.0,2025-07-29 11:24:18.886106
2025-07-29,141710,2025072904003778,UPCL,R.B.B. Securities Company Ltd,Agrawal Securities (PVT) Ltd.,200,440.0,88000.0,2025-07-29 11:24:18.886183
2025-07-29,141709,2025072904003779,UPCL,R.B.B. Securities Company Ltd,Neev Securities Pvt. Ltd.,259,440.0,113960.0,2025-07-29 11:24:18.886269
2025-07-29,141422,2025072904003824,UPCL,R.B.B. Securities Company Ltd,Neev Securities Pvt. Ltd.,241,440.0,106040.0,2025-07-29 11:24:38.947309
2025-07-29,141421,2025072904003825,UPCL,R.B.B. Securities Company Ltd,Trishakti Securities Public Limited,400,440.0,176000.0,2025-07-29 11:24:38.947495
2025-07-29,140876,2025072904003965,UPCL,NIMB Stock Markets Limited,Shree Krishna Securities Ltd.,500,440.0,220000.0,2025-07-29 11:25:15.631907
2025-07-29,140875,2025072904003966,UPCL,NIMB Stock Markets Limited,R.B.B. Securities Company Ltd,500,440.0,220000.0,2025-07-29 11:25:15.632080
2025-07-29,140767,2025072904003989,UPCL,NIMB Stock Markets Limited,Citizens Share Broker Limited,51,440.0,22440.0,2025-07-29 11:25:26.176956
2025-07-29,140478,2025072904004054,UPCL,Sumeru Securities Pvt. Ltd.,Agrawal Securities (PVT) Ltd.,10,441.0,4410.0,2025-07-29 11:25:51.041764
2025-07-29,140477,2025072904004055,UPCL,Sumeru Securities Pvt. Ltd.,Agrawal Securities (PVT) Ltd.,40,441.1,17644.0,2025-07-29 11:25:51.041829
2025-07-29,140476,2025072904004056,UPCL,Sumeru Securities Pvt. Ltd.,Kalika Securities Pvt. Ltd.,200,441.7,88340.0,2025-07-29 11:25:51.041871
2025-07-29,140475,2025072904004057,UPCL,Sumeru Securities Pvt. Ltd.,Infinity Securities Limited,119,442.0,52598.0,2025-07-29 11:25:51.041890
2025-07-29,140474,2025072904004058,UPCL,Sumeru Securities Pvt. Ltd.,Sri Hari Securities Pvt. Ltd.,200,442.0,88400.0,2025-07-29 11:25:51.041912
2025-07-29,140473,2025072904004059,UPCL,Sumeru Securities Pvt. Ltd.,South Asian Bulls Pvt. Ltd.,31,444.0,13764.0,2025-07-29 11:25:51.041934
2025-07-29,139969,2025072904004178,UPCL,Premier Securities Company Ltd.,Naasa Securities Co. Ltd.,100,442.0,44200.0,2025-07-29 11:26:43.304431
2025-07-29,139229,2025072904004314,UPCL,Premier Securities Company Ltd.,J.F. Securites (PVT) Ltd.,100,442.0,44200.0,2025-07-29 11:27:48.903687
2025-07-29,138920,2025072904004382,UPCL,Online Securities Pvt. Ltd.,J.F. Securites (PVT) Ltd.,10,442.0,4420.0,2025-07-29 11:28:18.012262
2025-07-29,138658,2025072904004476,UPCL,Nagarik Stock Dealer ,Nepal Stock House (PVT) Ltd.,130,440.5,57265.0,2025-07-29 11:28:36.009884
2025-07-29,138407,2025072904004562,UPCL,Vision Securities Pvt. Ltd,Sri Hari Securities Pvt. Ltd.,111,441.9,49050.9,2025-07-29 11:28:57.356661
2025-07-29,137997,2025072904004667,UPCL,Kohinoor Investment & Securities Pvt. Ltd.,Nepal Investment And Securities Trading Private Limited,200,440.6,88120.0,2025-07-29 11:29:34.638647
2025-07-29,137996,2025072904004668,UPCL,Aryatara Investment & Securities,Nepal Investment And Securities Trading Private Limited,200,440.4,88080.0,2025-07-29 11:29:34.638838
2025-07-29,137995,2025072904004669,UPCL,NIMB Stock Markets Limited,Nepal Investment And Securities Trading Private Limited,949,440.3,417844.7,2025-07-29 11:29:34.638919
2025-07-29,137994,2025072904004670,UPCL,Nagarik Stock Dealer ,Nepal Investment And Securities Trading Private Limited,508,440.1,223570.8,2025-07-29 11:29:34.638997
2025-07-29,137993,2025072904004671,UPCL,Cristal Kanchanjanga Securites Pvt. Ltd.,Nepal Investment And Securities Trading Private Limited,525,440.1,231052.5,2025-07-29 11:29:34.639081
2025-07-29,137992,2025072904004672,UPCL,INDEX SECURITIES LIMITED,Nepal Investment And Securities Trading Private Limited,2000,440.0,880000.0,2025-07-29 11:29:34.639196
2025-07-29,137991,2025072904004673,UPCL,Naasa Securities Co. Ltd.,Nepal Investment And Securities Trading Private Limited,250,440.0,110000.0,2025-07-29 11:29:34.639282
2025-07-29,137990,2025072904004674,UPCL,Vision Securities Pvt. Ltd,Nepal Investment And Securities Trading Private Limited,130,440.0,57200.0,2025-07-29 11:29:34.639385
2025-07-29,134729,2025072904005434,UPCL,Hatemalo Financial Services Private Limited,Nepal Investment And Securities Trading Private Limited,108,440.0,47520.0,2025-07-29 11:34:24.066655
2025-07-29,134728,2025072904005435,UPCL,Hatemalo Financial Services Private Limited,Deevyaa Securities & Stock House Pvt. Ltd,500,440.0,220000.0,2025-07-29 11:34:24.067058
2025-07-29,134727,2025072904005436,UPCL,Hatemalo Financial Services Private Limited,Linch Stock Market Ltd.,250,440.0,110000.0,2025-07-29 11:34:24.067336
2025-07-29,134684,2025072904005442,UPCL,Hatemalo Financial Services Private Limited,Agrawal Securities (PVT) Ltd.,142,440.0,62480.0,2025-07-29 11:34:29.405286
2025-07-29,134683,2025072904005443,UPCL,Midas Stock Broking Company Private Limited,Agrawal Securities (PVT) Ltd.,358,440.0,157520.0,2025-07-29 11:34:29.405522
2025-07-29,134464,2025072904005515,UPCL,Capital Max Securities Ltd,Sri Hari Securities Pvt. Ltd.,10,440.7,4407.0,2025-07-29 11:34:49.711543
2025-07-29,134453,2025072904005522,UPCL,Secured Securities Ltd.,Sri Hari Securities Pvt. Ltd.,100,440.7,44070.0,2025-07-29 11:34:51.922072
2025-07-29,133213,2025072904005771,UPCL,Midas Stock Broking Company Private Limited,Secured Securities Ltd.,50,440.0,22000.0,2025-07-29 11:36:29.096087
2025-07-29,133090,2025072904005806,UPCL,Midas Stock Broking Company Private Limited,Sri Hari Securities Pvt. Ltd.,92,440.0,40480.0,2025-07-29 11:36:41.960983
2025-07-29,133089,2025072904005807,UPCL,Sumeru Securities Pvt. Ltd.,Sri Hari Securities Pvt. Ltd.,100,439.0,43900.0,2025-07-29 11:36:41.961229
2025-07-29,133088,2025072904005808,UPCL,Asian Securities Private Ltd.,Sri Hari Securities Pvt. Ltd.,1500,439.0,658500.0,2025-07-29 11:36:41.961328
2025-07-29,132920,2025072904005836,UPCL,Dipshikha Dhitopatra Karobar Co. Pvt Ltd.,Sri Hari Securities Pvt. Ltd.,298,440.0,131120.0,2025-07-29 11:36:56.701487
2025-07-29,132919,2025072904005837,UPCL,Dipshikha Dhitopatra Karobar Co. Pvt Ltd.,Opal Securities Investment (PVT) Ltd.,109,440.6,48025.4,2025-07-29 11:36:56.701561
2025-07-29,132918,2025072904005838,UPCL,Dipshikha Dhitopatra Karobar Co. Pvt Ltd.,Sri Hari Securities Pvt. Ltd.,390,440.7,171873.0,2025-07-29 11:36:56.701605
2025-07-29,131765,2025072904006088,UPCL,R.B.B. Securities Company Ltd,Sri Hari Securities Pvt. Ltd.,1000,440.6,440600.0,2025-07-29 11:38:28.428190
2025-07-29,131764,2025072904006089,UPCL,R.B.B. Securities Company Ltd,Agrawal Securities (PVT) Ltd.,500,440.7,220350.0,2025-07-29 11:38:28.428473
2025-07-29,131763,2025072904006090,UPCL,R.B.B. Securities Company Ltd,Property Wiard Limited,1500,440.7,661050.0,2025-07-29 11:38:28.428575
2025-07-29,131690,2025072904006106,UPCL,Dynamic Money Managers Securities Pvt. Ltd.,Sri Hari Securities Pvt. Ltd.,400,440.0,176000.0,2025-07-29 11:38:33.521830
2025-07-29,131652,2025072904006117,UPCL,Dynamic Money Managers Securities Pvt. Ltd.,Sri Hari Securities Pvt. Ltd.,10,440.0,4400.0,2025-07-29 11:38:37.716010
2025-07-29,131529,2025072904006146,UPCL,Dynamic Money Managers Securities Pvt. Ltd.,Sri Hari Securities Pvt. Ltd.,590,440.0,259600.0,2025-07-29 11:38:52.154871
2025-07-29,130332,2025072904006410,UPCL,Aryatara Investment & Securities,Imperial Securities Company Pvt. Ltd.,54,440.0,23760.0,2025-07-29 11:40:27.920688
2025-07-29,130331,2025072904006411,UPCL,Aryatara Investment & Securities,Property Wiard Limited,61,440.0,26840.0,2025-07-29 11:40:27.921139
2025-07-29,130059,2025072904006467,UPCL,Kohinoor Investment & Securities Pvt. Ltd.,Property Wiard Limited,50,440.0,22000.0,2025-07-29 11:40:52.752980
2025-07-29,129638,2025072904006579,UPCL,Dipshikha Dhitopatra Karobar Co. Pvt Ltd.,Dipshikha Dhitopatra Karobar Co. Pvt Ltd.,50,439.1,21955.0,2025-07-29 11:41:33.446307
2025-07-29,129637,2025072904006580,UPCL,Miyo Securities Pvt Ltd,Dipshikha Dhitopatra Karobar Co. Pvt Ltd.,1000,439.0,439000.0,2025-07-29 11:41:33.446596
2025-07-29,129636,2025072904006581,UPCL,Kohinoor Investment & Securities Pvt. Ltd.,Dipshikha Dhitopatra Karobar Co. Pvt Ltd.,50,438.7,21935.0,2025-07-29 11:41:33.446698
2025-07-29,129635,2025072904006582,UPCL,Dipshikha Dhitopatra Karobar Co. Pvt Ltd.,Dipshikha Dhitopatra Karobar Co. Pvt Ltd.,100,438.5,43850.0,2025-07-29 11:41:33.446798
2025-07-29,129634,2025072904006583,UPCL,NIMB Stock Markets Limited,Dipshikha Dhitopatra Karobar Co. Pvt Ltd.,971,438.5,425783.5,2025-07-29 11:41:33.446897
2025-07-29,128904,2025072904006773,UPCL,NIMB Stock Markets Limited,Property Wiard Limited,399,438.5,174961.5,2025-07-29 11:42:40.248278
2025-07-29,128771,2025072904006808,UPCL,Kumari Securities Private Limited,Kalika Securities Pvt. Ltd.,10,439.1,4391.0,2025-07-29 11:42:49.091487
2025-07-29,128733,2025072904006815,UPCL,NIMB Stock Markets Limited,Sri Hari Securities Pvt. Ltd.,200,438.5,87700.0,2025-07-29 11:42:52.045642
2025-07-29,128684,2025072904006827,UPCL,NIMB Stock Markets Limited,Cristal Kanchanjanga Securites Pvt. Ltd.,10,438.5,4385.0,2025-07-29 11:42:58.073296
2025-07-29,128380,2025072904006891,UPCL,NIMB Stock Markets Limited,Sri Hari Securities Pvt. Ltd.,100,438.5,43850.0,2025-07-29 11:43:27.642435
2025-07-29,127607,2025072904007087,UPCL,Sri Hari Securities Pvt. Ltd.,Kalika Securities Pvt. Ltd.,740,439.1,324934.0,2025-07-29 11:44:29.533587
2025-07-29,127606,2025072904007088,UPCL,Sri Hari Securities Pvt. Ltd.,Secured Securities Ltd.,10,440.0,4400.0,2025-07-29 11:44:29.533830
2025-07-29,127605,2025072904007089,UPCL,Sri Hari Securities Pvt. Ltd.,Asian Securities Private Ltd.,250,440.0,110000.0,2025-07-29 11:44:29.533942
2025-07-29,127059,2025072904007204,UPCL,Dakshinkali Investment & Securities Pvt. Ltd.,Asian Securities Private Ltd.,35,440.0,15400.0,2025-07-29 11:45:15.382444
2025-07-29,127053,2025072904007208,UPCL,Sundhara Securities Limited,Sani Securities Company Ltd.,9,435.0,3915.0,2025-07-29 11:45:16.078069
2025-07-29,126656,2025072904007292,UPCL,Sri Hari Securities Pvt. Ltd.,Dakshinkali Investment & Securities Pvt. Ltd.,500,439.0,219500.0,2025-07-29 11:45:50.699283
2025-07-29,126639,2025072904007295,UPCL,Sri Hari Securities Pvt. Ltd.,Naasa Securities Co. Ltd.,500,439.0,219500.0,2025-07-29 11:45:53.293517
2025-07-29,125184,2025072904007652,UPCL,Imperial Securities Company Pvt. Ltd.,Naasa Securities Co. Ltd.,50,438.9,21945.0,2025-07-29 11:47:54.788172
2025-07-29,125183,2025072904007653,UPCL,Imperial Securities Company Pvt. Ltd.,Naasa Securities Co. Ltd.,450,439.0,197550.0,2025-07-29 11:47:54.788453
2025-07-29,125065,2025072904007667,UPCL,Secured Securities Ltd.,Midas Stock Broking Company Private Limited,150,438.7,65805.0,2025-07-29 11:48:01.643547
2025-07-29,125064,2025072904007668,UPCL,Sewa Securities Pvt. Ltd.,Midas Stock Broking Company Private Limited,200,438.7,87740.0,2025-07-29 11:48:01.644030
2025-07-29,124830,2025072904007694,UPCL,Naasa Securities Co. Ltd.,Midas Stock Broking Company Private Limited,150,438.9,65835.0,2025-07-29 11:48:20.504897
2025-07-29,124554,2025072904007726,UPCL,Primo Securities (PVT) Ltd.,Naasa Securities Co. Ltd.,50,439.0,21950.0,2025-07-29 11:48:50.568355
2025-07-29,124553,2025072904007727,UPCL,Primo Securities (PVT) Ltd.,Siprabi Securities Pvt. Ltd.,54,439.0,23706.0,2025-07-29 11:48:50.568630
2025-07-29,124552,2025072904007728,UPCL,Primo Securities (PVT) Ltd.,Kohinoor Investment & Securities Pvt. Ltd.,96,439.0,42144.0,2025-07-29 11:48:50.568735
2025-07-29,123546,2025072904007893,UPCL,Naasa Securities Co. Ltd.,Sumeru Securities Pvt. Ltd.,350,438.9,153615.0,2025-07-29 11:50:15.801526
2025-07-29,123545,2025072904007894,UPCL,Trishakti Securities Public Limited,Sumeru Securities Pvt. Ltd.,150,438.9,65835.0,2025-07-29 11:50:15.801592
2025-07-29,123268,2025072904007937,UPCL,Sajilo Broker Limited,Citizens Share Broker Limited,200,439.0,87800.0,2025-07-29 11:50:42.177701
2025-07-29,122979,2025072904007994,UPCL,Imperial Securities Company Pvt. Ltd.,Imperial Securities Company Pvt. Ltd.,100,439.0,43900.0,2025-07-29 11:51:05.420427
2025-07-29,122970,2025072904007996,UPCL,Trishakti Securities Public Limited,Citizens Share Broker Limited,50,438.9,21945.0,2025-07-29 11:51:07.273916
2025-07-29,122788,2025072904008041,UPCL,Trishakti Securities Public Limited,Sri Hari Securities Pvt. Ltd.,150,438.9,65835.0,2025-07-29 11:51:21.691064
2025-07-29,122720,2025072904008055,UPCL,Hatemalo Financial Services Private Limited,Asian Securities Private Ltd.,215,440.0,94600.0,2025-07-29 11:51:28.744187
2025-07-29,122719,2025072904008056,UPCL,Hatemalo Financial Services Private Limited,Online Securities Pvt. Ltd.,430,440.0,189200.0,2025-07-29 11:51:28.744461
2025-07-29,122718,2025072904008057,UPCL,Hatemalo Financial Services Private Limited,Thrive Brokerage House Pvt. Ltd,355,440.0,156200.0,2025-07-29 11:51:28.744577
2025-07-29,122474,2025072904008123,UPCL,Aryatara Investment & Securities,Online Securities Pvt. Ltd.,108,439.0,47412.0,2025-07-29 11:51:54.854529
2025-07-29,121611,2025072904008316,UPCL,Trishakti Securities Public Limited,Sri Hari Securities Pvt. Ltd.,300,439.8,131940.0,2025-07-29 11:53:07.935522
2025-07-29,121310,2025072904008373,UPCL,Aryatara Investment & Securities,Thrive Brokerage House Pvt. Ltd,145,439.0,63655.0,2025-07-29 11:53:36.539402
2025-07-29,120528,2025072904008490,UPCL,Aryatara Investment & Securities,Siprabi Securities Pvt. Ltd.,97,439.0,42583.0,2025-07-29 11:54:51.150790
2025-07-29,120527,2025072904008491,UPCL,Sewa Securities Pvt. Ltd.,Siprabi Securities Pvt. Ltd.,500,439.0,219500.0,2025-07-29 11:54:51.151119
2025-07-29,120526,2025072904008492,UPCL,Sri Hari Securities Pvt. Ltd.,Siprabi Securities Pvt. Ltd.,403,439.0,176917.0,2025-07-29 11:54:51.151258
2025-07-29,120126,2025072904008572,UPCL,Sri Hari Securities Pvt. Ltd.,INDEX SECURITIES LIMITED,10,439.0,4390.0,2025-07-29 11:55:24.840262
2025-07-29,119975,2025072904008586,UPCL,Sri Hari Securities Pvt. Ltd.,Himalayan Brokerage Company Limited,2000,439.0,878000.0,2025-07-29 11:55:34.597477
2025-07-29,119728,2025072904008606,UPCL,Sri Hari Securities Pvt. Ltd.,Aryatara Investment & Securities,87,439.0,38193.0,2025-07-29 11:55:47.046462
2025-07-29,119727,2025072904008607,UPCL,Bhrikuti Stock Broking Co. Pvt. Ltd.,Aryatara Investment & Securities,86,438.9,37745.4,2025-07-29 11:55:47.046726
2025-07-29,119450,2025072904008669,UPCL,Aryatara Investment & Securities,Opal Securities Investment (PVT) Ltd.,50,439.5,21975.0,2025-07-29 11:56:11.596244
2025-07-29,119310,2025072904008704,UPCL,Bhrikuti Stock Broking Co. Pvt. Ltd.,ABC Securities Private Limited,24,438.9,10533.6,2025-07-29 11:56:24.607789
2025-07-29,119309,2025072904008705,UPCL,Primo Securities (PVT) Ltd.,ABC Securities Private Limited,150,438.7,65805.0,2025-07-29 11:56:24.608052
2025-07-29,119308,2025072904008706,UPCL,NIMB Stock Markets Limited,ABC Securities Private Limited,320,438.5,140320.0,2025-07-29 11:56:24.608169
2025-07-29,119307,2025072904008707,UPCL,Asian Securities Private Ltd.,ABC Securities Private Limited,100,438.3,43830.0,2025-07-29 11:56:24.608294
2025-07-29,119306,2025072904008708,UPCL,Aryatara Investment & Securities,ABC Securities Private Limited,300,438.1,131430.0,2025-07-29 11:56:24.608413
2025-07-29,119305,2025072904008709,UPCL,Dynamic Money Managers Securities Pvt. Ltd.,ABC Securities Private Limited,106,438.0,46428.0,2025-07-29 11:56:24.608531
2025-07-29,118717,2025072904008796,UPCL,Bhrikuti Stock Broking Co. Pvt. Ltd.,Naasa Securities Co. Ltd.,45,439.0,19755.0,2025-07-29 11:57:07.430224
2025-07-29,118716,2025072904008797,UPCL,Bhrikuti Stock Broking Co. Pvt. Ltd.,Deevyaa Securities & Stock House Pvt. Ltd,955,439.0,419245.0,2025-07-29 11:57:07.430319
2025-07-29,118586,2025072904008828,UPCL,Bhrikuti Stock Broking Co. Pvt. Ltd.,Trademow Securities Private Limited,500,438.1,219050.0,2025-07-29 11:57:20.663096
2025-07-29,118585,2025072904008829,UPCL,Dynamic Money Managers Securities Pvt. Ltd.,Trademow Securities Private Limited,144,438.0,63072.0,2025-07-29 11:57:20.663611
2025-07-29,118584,2025072904008830,UPCL,Sani Securities Company Ltd.,Trademow Securities Private Limited,500,438.0,219000.0,2025-07-29 11:57:20.663906
2025-07-29,118583,2025072904008831,UPCL,Agrawal Securities (PVT) Ltd.,Trademow Securities Private Limited,856,438.0,374928.0,2025-07-29 11:57:20.664206
2025-07-29,118264,2025072904008893,UPCL,Agrawal Securities (PVT) Ltd.,Online Securities Pvt. Ltd.,70,438.0,30660.0,2025-07-29 11:57:48.190223
2025-07-29,117833,2025072904008968,UPCL,Bhrikuti Stock Broking Co. Pvt. Ltd.,Deevyaa Securities & Stock House Pvt. Ltd,45,439.0,19755.0,2025-07-29 11:58:17.263664
2025-07-29,117832,2025072904008969,UPCL,Bhrikuti Stock Broking Co. Pvt. Ltd.,Opal Securities Investment (PVT) Ltd.,95,439.5,41752.5,2025-07-29 11:58:17.263716
2025-07-29,117325,2025072904009082,UPCL,Agrawal Securities (PVT) Ltd.,Imperial Securities Company Pvt. Ltd.,74,438.0,32412.0,2025-07-29 11:58:55.724273
2025-07-29,117324,2025072904009083,UPCL,Primo Securities (PVT) Ltd.,Imperial Securities Company Pvt. Ltd.,200,438.0,87600.0,2025-07-29 11:58:55.724545
2025-07-29,117323,2025072904009084,UPCL,Vision Securities Pvt. Ltd,Imperial Securities Company Pvt. Ltd.,726,438.0,317988.0,2025-07-29 11:58:55.724654
2025-07-29,116077,2025072904009313,UPCL,Vision Securities Pvt. Ltd,South Asian Bulls Pvt. Ltd.,274,438.0,120012.0,2025-07-29 12:00:18.137412
2025-07-29,116076,2025072904009314,UPCL,Online Securities Pvt. Ltd.,South Asian Bulls Pvt. Ltd.,100,438.0,43800.0,2025-07-29 12:00:18.137901
2025-07-29,113590,2025072904009746,UPCL,Online Securities Pvt. Ltd.,ABC Securities Private Limited,67,439.0,29413.0,2025-07-29 12:02:53.043545
2025-07-29,113270,2025072904009801,UPCL,Online Securities Pvt. Ltd.,Vision Securities Pvt. Ltd,33,439.0,14487.0,2025-07-29 12:03:12.828951
2025-07-29,113269,2025072904009802,UPCL,Nagarik Stock Dealer ,Vision Securities Pvt. Ltd,67,439.0,29413.0,2025-07-29 12:03:12.829255
2025-07-29,110867,2025072904010247,UPCL,Arun Securities (PVT) Ltd.,Agrawal Securities (PVT) Ltd.,47,438.0,20586.0,2025-07-29 12:05:40.133199
2025-07-29,110105,2025072904010388,UPCL,Kohinoor Investment & Securities Pvt. Ltd.,Agrawal Securities (PVT) Ltd.,50,437.6,21880.0,2025-07-29 12:06:27.942184
2025-07-29,110104,2025072904010389,UPCL,Primo Securities (PVT) Ltd.,Agrawal Securities (PVT) Ltd.,28,437.5,12250.0,2025-07-29 12:06:27.942517
2025-07-29,109829,2025072904010444,UPCL,Online Securities Pvt. Ltd.,Aryatara Investment & Securities,11,438.0,4818.0,2025-07-29 12:06:46.370007
2025-07-29,107794,2025072904010812,UPCL,Capital Max Securities Ltd,Aryatara Investment & Securities,39,438.0,17082.0,2025-07-29 12:08:43.171413
2025-07-29,107265,2025072904010887,UPCL,Capital Max Securities Ltd,Naasa Securities Co. Ltd.,91,438.0,39858.0,2025-07-29 12:09:17.524946
2025-07-29,106166,2025072904011045,UPCL,Primo Securities (PVT) Ltd.,Trisul Securities & Invt. Ltd.,472,437.5,206500.0,2025-07-29 12:10:22.490093
2025-07-29,106165,2025072904011046,UPCL,Kohinoor Investment & Securities Pvt. Ltd.,Trisul Securities & Invt. Ltd.,100,437.2,43720.0,2025-07-29 12:10:22.490428
2025-07-29,106164,2025072904011047,UPCL,Aryatara Investment & Securities,Trisul Securities & Invt. Ltd.,100,437.1,43710.0,2025-07-29 12:10:22.490547
2025-07-29,106163,2025072904011048,UPCL,Bhrikuti Stock Broking Co. Pvt. Ltd.,Trisul Securities & Invt. Ltd.,300,437.0,131100.0,2025-07-29 12:10:22.490661
2025-07-29,106162,2025072904011049,UPCL,J.F. Securites (PVT) Ltd.,Trisul Securities & Invt. Ltd.,28,437.0,12236.0,2025-07-29 12:10:22.490773
2025-07-29,106119,2025072904011053,UPCL,Vision Securities Pvt. Ltd,Bhrikuti Stock Broking Co. Pvt. Ltd.,70,438.5,30695.0,2025-07-29 12:10:27.067752
2025-07-29,106118,2025072904011054,UPCL,Vision Securities Pvt. Ltd,J.F. Securites (PVT) Ltd.,430,439.0,188770.0,2025-07-29 12:10:27.067821
2025-07-29,105094,2025072904011255,UPCL,Dipshikha Dhitopatra Karobar Co. Pvt Ltd.,Sundhara Securities Limited,200,437.1,87420.0,2025-07-29 12:11:28.755825
2025-07-29,105093,2025072904011256,UPCL,Kohinoor Investment & Securities Pvt. Ltd.,Sundhara Securities Limited,90,437.1,39339.0,2025-07-29 12:11:28.756142
2025-07-29,105092,2025072904011257,UPCL,J.F. Securites (PVT) Ltd.,Sundhara Securities Limited,52,437.0,22724.0,2025-07-29 12:11:28.756264
2025-07-29,105091,2025072904011258,UPCL,Kohinoor Investment & Securities Pvt. Ltd.,Sundhara Securities Limited,343,437.0,149891.0,2025-07-29 12:11:28.756431
2025-07-29,105090,2025072904011259,UPCL,Kalika Securities Pvt. Ltd.,Sundhara Securities Limited,215,437.0,93955.0,2025-07-29 12:11:28.756569
2025-07-29,104560,2025072904011371,UPCL,Kalika Securities Pvt. Ltd.,Nagarik Stock Dealer ,15,437.0,6555.0,2025-07-29 12:12:09.069158
2025-07-29,104559,2025072904011372,UPCL,Nepal Stock House (PVT) Ltd.,Nagarik Stock Dealer ,120,437.0,52440.0,2025-07-29 12:12:09.069263
2025-07-29,104558,2025072904011373,UPCL,Shree Krishna Securities Ltd.,Nagarik Stock Dealer ,150,437.0,65550.0,2025-07-29 12:12:09.069386
2025-07-29,104557,2025072904011374,UPCL,Dipshikha Dhitopatra Karobar Co. Pvt Ltd.,Nagarik Stock Dealer ,50,437.0,21850.0,2025-07-29 12:12:09.069466
2025-07-29,104556,2025072904011375,UPCL,Vision Securities Pvt. Ltd,Nagarik Stock Dealer ,200,437.0,87400.0,2025-07-29 12:12:09.069542
2025-07-29,104555,2025072904011376,UPCL,Nepal Stock House (PVT) Ltd.,Nagarik Stock Dealer ,100,437.0,43700.0,2025-07-29 12:12:09.069615
2025-07-29,104554,2025072904011377,UPCL,Dipshikha Dhitopatra Karobar Co. Pvt Ltd.,Nagarik Stock Dealer ,50,437.0,21850.0,2025-07-29 12:12:09.069690
2025-07-29,104553,2025072904011378,UPCL,Asian Securities Private Ltd.,Nagarik Stock Dealer ,315,437.0,137655.0,2025-07-29 12:12:09.069762
2025-07-29,104375,2025072904011410,UPCL,Asian Securities Private Ltd.,Primo Securities (PVT) Ltd.,185,437.0,80845.0,2025-07-29 12:12:24.524295
2025-07-29,103988,2025072904011505,UPCL,Naasa Securities Co. Ltd.,Primo Securities (PVT) Ltd.,105,437.0,45885.0,2025-07-29 12:12:48.014823
2025-07-29,103787,2025072904011539,UPCL,Imperial Securities Company Pvt. Ltd.,Primo Securities (PVT) Ltd.,467,437.0,204079.0,2025-07-29 12:13:01.757840
2025-07-29,102513,2025072904011826,UPCL,Midas Stock Broking Company Private Limited,Midas Stock Broking Company Private Limited,330,436.5,144045.0,2025-07-29 12:14:32.171327
2025-07-29,102512,2025072904011827,UPCL,Bhrikuti Stock Broking Co. Pvt. Ltd.,Midas Stock Broking Company Private Limited,100,436.5,43650.0,2025-07-29 12:14:32.171369
2025-07-29,102511,2025072904011828,UPCL,Market Securities & Exchange (PVT) Ltd.,Midas Stock Broking Company Private Limited,420,436.3,183246.0,2025-07-29 12:14:32.171397
2025-07-29,102473,2025072904011833,UPCL,Asian Securities Private Ltd.,Primo Securities (PVT) Ltd.,240,437.0,104880.0,2025-07-29 12:14:35.446533
2025-07-29,102121,2025072904011890,UPCL,K.B.L. Securities Limited ,Deevyaa Securities & Stock House Pvt. Ltd,20,437.0,8740.0,2025-07-29 12:15:04.528703
2025-07-29,102088,2025072904011900,UPCL,Imperial Securities Company Pvt. Ltd.,Trishakti Securities Public Limited,10,438.0,4380.0,2025-07-29 12:15:07.839813
2025-07-29,101841,2025072904011975,UPCL,Linch Stock Market Ltd.,Trishakti Securities Public Limited,20,438.0,8760.0,2025-07-29 12:15:25.102155
2025-07-29,101698,2025072904012025,UPCL,Dynamic Money Managers Securities Pvt. Ltd.,Trishakti Securities Public Limited,470,438.0,205860.0,2025-07-29 12:15:38.512138
2025-07-29,101624,2025072904012041,UPCL,Dynamic Money Managers Securities Pvt. Ltd.,Siprabi Securities Pvt. Ltd.,30,438.0,13140.0,2025-07-29 12:15:43.253138
2025-07-29,100598,2025072904012291,UPCL,Trademow Securities Private Limited,Siprabi Securities Pvt. Ltd.,11,438.0,4818.0,2025-07-29 12:16:52.895859
2025-07-29,99416,2025072904012521,UPCL,J.F. Securites (PVT) Ltd.,Trishakti Securities Public Limited,700,437.7,306390.0,2025-07-29 12:18:30.878988
2025-07-29,99415,2025072904012522,UPCL,Sundhara Securities Limited,Trishakti Securities Public Limited,100,437.0,43700.0,2025-07-29 12:18:30.879291
2025-07-29,99414,2025072904012523,UPCL,Naasa Securities Co. Ltd.,Trishakti Securities Public Limited,165,437.0,72105.0,2025-07-29 12:18:30.879422
2025-07-29,97728,2025072904012879,UPCL,Online Securities Pvt. Ltd.,Trisul Securities & Invt. Ltd.,100,436.4,43640.0,2025-07-29 12:20:28.551839
2025-07-29,97727,2025072904012880,UPCL,Premier Securities Company Ltd.,Trisul Securities & Invt. Ltd.,200,436.4,87280.0,2025-07-29 12:20:28.552136
2025-07-29,97726,2025072904012881,UPCL,Market Securities & Exchange (PVT) Ltd.,Trisul Securities & Invt. Ltd.,580,436.3,253054.0,2025-07-29 12:20:28.552261
2025-07-29,97725,2025072904012882,UPCL,Siprabi Securities Pvt. Ltd.,Trisul Securities & Invt. Ltd.,120,436.2,52344.0,2025-07-29 12:20:28.552392
2025-07-29,96794,2025072904013081,UPCL,Linch Stock Market Ltd.,KALASH STOCK MARKET PVT. LTD.,100,436.3,43630.0,2025-07-29 12:21:30.939514
2025-07-29,96793,2025072904013082,UPCL,Siprabi Securities Pvt. Ltd.,KALASH STOCK MARKET PVT. LTD.,80,436.2,34896.0,2025-07-29 12:21:30.940095
2025-07-29,96792,2025072904013083,UPCL,Premier Securities Company Ltd.,KALASH STOCK MARKET PVT. LTD.,200,436.2,87240.0,2025-07-29 12:21:30.940490
2025-07-29,96791,2025072904013084,UPCL,Sumeru Securities Pvt. Ltd.,KALASH STOCK MARKET PVT. LTD.,20,436.1,8722.0,2025-07-29 12:21:30.940886
2025-07-29,96450,2025072904013159,UPCL,Sumeru Securities Pvt. Ltd.,Imperial Securities Company Pvt. Ltd.,10,436.1,4361.0,2025-07-29 12:21:54.846805
2025-07-29,95682,2025072904013313,UPCL,Dipshikha Dhitopatra Karobar Co. Pvt Ltd.,Nagarik Stock Dealer ,50,436.2,21810.0,2025-07-29 12:22:43.898541
2025-07-29,95681,2025072904013314,UPCL,Sumeru Securities Pvt. Ltd.,Nagarik Stock Dealer ,270,436.1,117747.0,2025-07-29 12:22:43.898862
2025-07-29,95680,2025072904013315,UPCL,Premier Securities Company Ltd.,Nagarik Stock Dealer ,680,436.1,296548.0,2025-07-29 12:22:43.898994
2025-07-29,95593,2025072904013326,UPCL,Premier Securities Company Ltd.,Secured Securities Ltd.,320,436.1,139552.0,2025-07-29 12:22:49.858877
2025-07-29,95592,2025072904013327,UPCL,Primo Securities (PVT) Ltd.,Secured Securities Ltd.,200,436.0,87200.0,2025-07-29 12:22:49.859191
2025-07-29,95591,2025072904013328,UPCL,Sundhara Securities Limited,Secured Securities Ltd.,90,436.0,39240.0,2025-07-29 12:22:49.859328
2025-07-29,95590,2025072904013329,UPCL,Premier Securities Company Ltd.,Secured Securities Ltd.,200,436.0,87200.0,2025-07-29 12:22:49.859449
2025-07-29,95589,2025072904013330,UPCL,ABC Securities Private Limited,Secured Securities Ltd.,250,436.0,109000.0,2025-07-29 12:22:49.859572
2025-07-29,95588,2025072904013331,UPCL,Trishakti Securities Public Limited,Secured Securities Ltd.,150,436.0,65400.0,2025-07-29 12:22:49.859693
2025-07-29,95587,2025072904013332,UPCL,Nagarik Stock Dealer ,Secured Securities Ltd.,290,436.0,126440.0,2025-07-29 12:22:49.859811
2025-07-29,95286,2025072904013386,UPCL,Sani Securities Company Ltd.,Sagarmatha Securities Private Limited,53,437.0,23161.0,2025-07-29 12:23:10.068759
2025-07-29,95285,2025072904013387,UPCL,Sani Securities Company Ltd.,Trishakti Securities Public Limited,35,437.0,15295.0,2025-07-29 12:23:10.069061
2025-07-29,95202,2025072904013397,UPCL,Sani Securities Company Ltd.,Dipshikha Dhitopatra Karobar Co. Pvt Ltd.,112,437.0,48944.0,2025-07-29 12:23:15.332539
2025-07-29,95201,2025072904013398,UPCL,Nagarik Stock Dealer ,Dipshikha Dhitopatra Karobar Co. Pvt Ltd.,228,436.0,99408.0,2025-07-29 12:23:15.332833
2025-07-29,95094,2025072904013421,UPCL,Nagarik Stock Dealer ,Himalayan Brokerage Company Limited,1941,436.0,846276.0,2025-07-29 12:23:23.189277
2025-07-29,95093,2025072904013422,UPCL,Agrawal Securities (PVT) Ltd.,Himalayan Brokerage Company Limited,500,436.0,218000.0,2025-07-29 12:23:23.189604
2025-07-29,95092,2025072904013423,UPCL,Agrawal Securities (PVT) Ltd.,Himalayan Brokerage Company Limited,200,436.0,87200.0,2025-07-29 12:23:23.189729
2025-07-29,95091,2025072904013424,UPCL,Kohinoor Investment & Securities Pvt. Ltd.,Himalayan Brokerage Company Limited,300,436.0,130800.0,2025-07-29 12:23:23.189849
2025-07-29,94739,2025072904013527,UPCL,Asian Securities Private Ltd.,Himalayan Brokerage Company Limited,150,436.0,65400.0,2025-07-29 12:23:46.265112
2025-07-29,93565,2025072904013802,UPCL,Aryatara Investment & Securities,Cristal Kanchanjanga Securites Pvt. Ltd.,100,435.6,43560.0,2025-07-29 12:25:12.635628
2025-07-29,93564,2025072904013803,UPCL,Naasa Securities Co. Ltd.,Cristal Kanchanjanga Securites Pvt. Ltd.,60,435.6,26136.0,2025-07-29 12:25:12.636205
2025-07-29,93563,2025072904013804,UPCL,Naasa Securities Co. Ltd.,Cristal Kanchanjanga Securites Pvt. Ltd.,543,435.5,236476.5,2025-07-29 12:25:12.636603
2025-07-29,93562,2025072904013805,UPCL,Dynamic Money Managers Securities Pvt. Ltd.,Cristal Kanchanjanga Securites Pvt. Ltd.,297,435.5,129343.5,2025-07-29 12:25:12.636995
2025-07-29,93361,2025072904013863,UPCL,Trishakti Securities Public Limited,Cristal Kanchanjanga Securites Pvt. Ltd.,500,435.5,217750.0,2025-07-29 12:25:25.856379
2025-07-29,93360,2025072904013864,UPCL,Creative Securities Pvt Ltd,Cristal Kanchanjanga Securites Pvt. Ltd.,55,435.3,23941.5,2025-07-29 12:25:25.856671
2025-07-29,93359,2025072904013865,UPCL,Trishakti Securities Public Limited,Cristal Kanchanjanga Securites Pvt. Ltd.,410,435.3,178473.0,2025-07-29 12:25:25.856799
2025-07-29,92898,2025072904013972,UPCL,Dynamic Money Managers Securities Pvt. Ltd.,J.F. Securites (PVT) Ltd.,300,436.0,130800.0,2025-07-29 12:26:01.381360
2025-07-29,91973,2025072904014251,UPCL,Dynamic Money Managers Securities Pvt. Ltd.,Primo Securities (PVT) Ltd.,700,436.0,305200.0,2025-07-29 12:27:10.149837
2025-07-29,90901,2025072904014590,UPCL,Trishakti Securities Public Limited,Sani Securities Company Ltd.,90,435.3,39177.0,2025-07-29 12:28:31.776497
2025-07-29,90900,2025072904014591,UPCL,Trishakti Securities Public Limited,Sani Securities Company Ltd.,500,435.2,217600.0,2025-07-29 12:28:31.776813
2025-07-29,90899,2025072904014592,UPCL,Bhrikuti Stock Broking Co. Pvt. Ltd.,Sani Securities Company Ltd.,85,435.2,36992.0,2025-07-29 12:28:31.776944
2025-07-29,90898,2025072904014593,UPCL,Trishakti Securities Public Limited,Sani Securities Company Ltd.,25,435.1,10877.5,2025-07-29 12:28:31.777074
2025-07-29,90569,2025072904014663,UPCL,Trishakti Securities Public Limited,Himalayan Brokerage Company Limited,475,435.1,206672.5,2025-07-29 12:28:59.562148
2025-07-29,90455,2025072904014692,UPCL,Dynamic Money Managers Securities Pvt. Ltd.,Himalayan Brokerage Company Limited,115,435.1,50036.5,2025-07-29 12:29:08.511799
2025-07-29,88835,2025072904015054,UPCL,Dynamic Money Managers Securities Pvt. Ltd.,South Asian Bulls Pvt. Ltd.,385,435.1,167513.5,2025-07-29 12:30:59.723141
2025-07-29,88834,2025072904015055,UPCL,Premier Securities Company Ltd.,South Asian Bulls Pvt. Ltd.,200,435.1,87020.0,2025-07-29 12:30:59.723488
2025-07-29,88833,2025072904015056,UPCL,Online Securities Pvt. Ltd.,South Asian Bulls Pvt. Ltd.,180,435.0,78300.0,2025-07-29 12:30:59.723618
2025-07-29,88832,2025072904015057,UPCL,Deevyaa Securities & Stock House Pvt. Ltd,South Asian Bulls Pvt. Ltd.,500,435.0,217500.0,2025-07-29 12:30:59.723750
2025-07-29,88831,2025072904015058,UPCL,Kohinoor Investment & Securities Pvt. Ltd.,South Asian Bulls Pvt. Ltd.,140,435.0,60900.0,2025-07-29 12:30:59.723880
2025-07-29,88830,2025072904015059,UPCL,Siprabi Securities Pvt. Ltd.,South Asian Bulls Pvt. Ltd.,200,435.0,87000.0,2025-07-29 12:30:59.724009
2025-07-29,88829,2025072904015060,UPCL,Vision Securities Pvt. Ltd,South Asian Bulls Pvt. Ltd.,200,435.0,87000.0,2025-07-29 12:30:59.724137
2025-07-29,88828,2025072904015061,UPCL,Kalika Securities Pvt. Ltd.,South Asian Bulls Pvt. Ltd.,195,435.0,84825.0,2025-07-29 12:30:59.724267
2025-07-29,88515,2025072904015137,UPCL,Kalika Securities Pvt. Ltd.,Sumeru Securities Pvt. Ltd.,202,435.0,87870.0,2025-07-29 12:31:26.053687
2025-07-29,88059,2025072904015262,UPCL,Kalika Securities Pvt. Ltd.,Naasa Securities Co. Ltd.,103,435.0,44805.0,2025-07-29 12:32:08.435030
2025-07-29,88058,2025072904015263,UPCL,Vision Securities Pvt. Ltd,Naasa Securities Co. Ltd.,47,435.0,20445.0,2025-07-29 12:32:08.435405
2025-07-29,87393,2025072904015437,UPCL,Agrawal Securities (PVT) Ltd.,Deevyaa Securities & Stock House Pvt. Ltd,58,435.0,25230.0,2025-07-29 12:33:06.667977
2025-07-29,87188,2025072904015484,UPCL,Agrawal Securities (PVT) Ltd.,K.B.L. Securities Limited ,142,435.0,61770.0,2025-07-29 12:33:25.513692
2025-07-29,87187,2025072904015485,UPCL,Malla & Malla Stock Broking Company Pvt. Limited,K.B.L. Securities Limited ,100,435.0,43500.0,2025-07-29 12:33:25.514042
2025-07-29,87186,2025072904015486,UPCL,Arun Securities (PVT) Ltd.,K.B.L. Securities Limited ,58,435.0,25230.0,2025-07-29 12:33:25.514178
2025-07-29,87138,2025072904015501,UPCL,Kohinoor Investment & Securities Pvt. Ltd.,Premier Securities Company Ltd.,5,427.0,2135.0,2025-07-29 12:33:30.049986
2025-07-29,86983,2025072904015531,UPCL,Arun Securities (PVT) Ltd.,Linch Stock Market Ltd.,20,435.0,8700.0,2025-07-29 12:33:43.033025
2025-07-29,86880,2025072904015546,UPCL,Arun Securities (PVT) Ltd.,Shree Krishna Securities Ltd.,100,435.0,43500.0,2025-07-29 12:33:53.971635
2025-07-29,86698,2025072904015580,UPCL,Arun Securities (PVT) Ltd.,Himalayan Brokerage Company Limited,322,435.0,140070.0,2025-07-29 12:34:11.743288
2025-07-29,86697,2025072904015581,UPCL,Elite Stock House Limited,Himalayan Brokerage Company Limited,500,435.0,217500.0,2025-07-29 12:34:11.743642
2025-07-29,86696,2025072904015582,UPCL,Nepal Stock House (PVT) Ltd.,Himalayan Brokerage Company Limited,100,435.0,43500.0,2025-07-29 12:34:11.743775
2025-07-29,84848,2025072904016042,UPCL,Dipshikha Dhitopatra Karobar Co. Pvt Ltd.,Naasa Securities Co. Ltd.,40,434.1,17364.0,2025-07-29 12:37:13.050709
2025-07-29,84720,2025072904016074,UPCL,Dipshikha Dhitopatra Karobar Co. Pvt Ltd.,Dipshikha Dhitopatra Karobar Co. Pvt Ltd.,10,434.1,4341.0,2025-07-29 12:37:27.273146
2025-07-29,84556,2025072904016123,UPCL,Imperial Securities Company Pvt. Ltd.,Dipshikha Dhitopatra Karobar Co. Pvt Ltd.,100,434.1,43410.0,2025-07-29 12:37:43.033944
2025-07-29,84333,2025072904016203,UPCL,Kohinoor Investment & Securities Pvt. Ltd.,Naasa Securities Co. Ltd.,10,434.0,4340.0,2025-07-29 12:38:01.423547
2025-07-29,84312,2025072904016204,UPCL,Naasa Securities Co. Ltd.,Dipshikha Dhitopatra Karobar Co. Pvt Ltd.,12,434.1,5209.2,2025-07-29 12:38:05.010424
2025-07-29,83745,2025072904016324,UPCL,Naasa Securities Co. Ltd.,Dipshikha Dhitopatra Karobar Co. Pvt Ltd.,100,434.1,43410.0,2025-07-29 12:38:59.230141
2025-07-29,82893,2025072904016526,UPCL,Asian Securities Private Ltd.,Dipshikha Dhitopatra Karobar Co. Pvt Ltd.,70,434.1,30387.0,2025-07-29 12:40:26.103934
2025-07-29,82833,2025072904016538,UPCL,Dipshikha Dhitopatra Karobar Co. Pvt Ltd.,Deevyaa Securities & Stock House Pvt. Ltd,50,434.1,21705.0,2025-07-29 12:40:32.542842
2025-07-29,82832,2025072904016539,UPCL,Kohinoor Investment & Securities Pvt. Ltd.,Deevyaa Securities & Stock House Pvt. Ltd,40,434.0,17360.0,2025-07-29 12:40:32.543181
2025-07-29,82831,2025072904016540,UPCL,Sani Securities Company Ltd.,Deevyaa Securities & Stock House Pvt. Ltd,73,434.0,31682.0,2025-07-29 12:40:32.543329
2025-07-29,82830,2025072904016541,UPCL,Naasa Securities Co. Ltd.,Deevyaa Securities & Stock House Pvt. Ltd,200,434.0,86800.0,2025-07-29 12:40:32.543469
2025-07-29,82829,2025072904016542,UPCL,Trishakti Securities Public Limited,Deevyaa Securities & Stock House Pvt. Ltd,1637,434.0,710458.0,2025-07-29 12:40:32.543606
2025-07-29,82746,2025072904016565,UPCL,Trishakti Securities Public Limited,J.F. Securites (PVT) Ltd.,1000,434.0,434000.0,2025-07-29 12:40:39.891146
2025-07-29,82544,2025072904016606,UPCL,Trishakti Securities Public Limited,J.F. Securites (PVT) Ltd.,1000,434.0,434000.0,2025-07-29 12:40:52.976645
2025-07-29,82125,2025072904016704,UPCL,Trishakti Securities Public Limited,SHUBHAKAMANA SECURITIES PVT. LTD,100,434.0,43400.0,2025-07-29 12:41:27.838362
2025-07-29,81677,2025072904016808,UPCL,Trishakti Securities Public Limited,Sewa Securities Pvt. Ltd.,263,434.0,114142.0,2025-07-29 12:42:08.399018
2025-07-29,81676,2025072904016809,UPCL,Aryatara Investment & Securities,Sewa Securities Pvt. Ltd.,27,434.0,11718.0,2025-07-29 12:42:08.399367
2025-07-29,81322,2025072904016887,UPCL,Thrive Brokerage House Pvt. Ltd,Aryatara Investment & Securities,50,434.5,21725.0,2025-07-29 12:42:47.330163
2025-07-29,79854,2025072904017128,UPCL,Bhrikuti Stock Broking Co. Pvt. Ltd.,Aryatara Investment & Securities,10,434.5,4345.0,2025-07-29 12:44:57.102757
2025-07-29,79749,2025072904017151,UPCL,Aryatara Investment & Securities,Kalika Securities Pvt. Ltd.,58,434.0,25172.0,2025-07-29 12:45:07.749665
2025-07-29,79739,2025072904017153,UPCL,Aryatara Investment & Securities,Trisul Securities & Invt. Ltd.,15,434.0,6510.0,2025-07-29 12:45:08.997008
2025-07-29,78996,2025072904017342,UPCL,Online Securities Pvt. Ltd.,Nepal Stock House (PVT) Ltd.,22,434.1,9550.2,2025-07-29 12:46:28.306389
2025-07-29,78616,2025072904017413,UPCL,R.B.B. Securities Company Ltd,Aryatara Investment & Securities,48,434.5,20856.0,2025-07-29 12:46:59.253472
2025-07-29,78615,2025072904017414,UPCL,R.B.B. Securities Company Ltd,Himalayan Brokerage Company Limited,78,435.0,33930.0,2025-07-29 12:46:59.253559
2025-07-29,78614,2025072904017415,UPCL,R.B.B. Securities Company Ltd,Malla & Malla Stock Broking Company Pvt. Limited,100,435.0,43500.0,2025-07-29 12:46:59.253583
2025-07-29,78613,2025072904017416,UPCL,R.B.B. Securities Company Ltd,Premier Securities Company Ltd.,10,435.0,4350.0,2025-07-29 12:46:59.253607
2025-07-29,78612,2025072904017417,UPCL,R.B.B. Securities Company Ltd,Vision Securities Pvt. Ltd,50,435.9,21795.0,2025-07-29 12:46:59.253632
2025-07-29,78611,2025072904017418,UPCL,R.B.B. Securities Company Ltd,Sweta Securities Private Limited,100,435.9,43590.0,2025-07-29 12:46:59.253654
2025-07-29,78610,2025072904017419,UPCL,R.B.B. Securities Company Ltd,Vision Securities Pvt. Ltd,50,436.0,21800.0,2025-07-29 12:46:59.253681
2025-07-29,78609,2025072904017420,UPCL,R.B.B. Securities Company Ltd,Vision Securities Pvt. Ltd,64,436.0,27904.0,2025-07-29 12:46:59.253704
2025-07-29,78394,2025072904017460,UPCL,Online Securities Pvt. Ltd.,Imperial Securities Company Pvt. Ltd.,78,434.1,33859.8,2025-07-29 12:47:21.030536
2025-07-29,78393,2025072904017461,UPCL,Vision Securities Pvt. Ltd,Imperial Securities Company Pvt. Ltd.,115,434.0,49910.0,2025-07-29 12:47:21.031201
2025-07-29,78392,2025072904017462,UPCL,Dynamic Money Managers Securities Pvt. Ltd.,Imperial Securities Company Pvt. Ltd.,91,434.0,39494.0,2025-07-29 12:47:21.031709
2025-07-29,78391,2025072904017463,UPCL,Trishakti Securities Public Limited,Imperial Securities Company Pvt. Ltd.,200,434.0,86800.0,2025-07-29 12:47:21.032191
2025-07-29,78390,2025072904017464,UPCL,Vision Securities Pvt. Ltd,Imperial Securities Company Pvt. Ltd.,16,434.0,6944.0,2025-07-29 12:47:21.032368
2025-07-29,77912,2025072904017578,UPCL,Dynamic Money Managers Securities Pvt. Ltd.,Nepal Stock House (PVT) Ltd.,3,435.5,1306.5,2025-07-29 12:48:06.932811
2025-07-29,77479,2025072904017675,UPCL,Sani Securities Company Ltd.,Property Wiard Limited,435,434.2,188877.0,2025-07-29 12:48:55.356015
2025-07-29,76273,2025072904017981,UPCL,Sewa Securities Pvt. Ltd.,SHUBHAKAMANA SECURITIES PVT. LTD,100,434.5,43450.0,2025-07-29 12:51:23.211606
2025-07-29,76272,2025072904017982,UPCL,Asian Securities Private Ltd.,SHUBHAKAMANA SECURITIES PVT. LTD,15,434.4,6516.0,2025-07-29 12:51:23.212004
2025-07-29,74882,2025072904018254,UPCL,R.B.B. Securities Company Ltd,Sharepro Securities Private Limited,50,435.0,21750.0,2025-07-29 12:54:09.471486
2025-07-29,74881,2025072904018255,UPCL,R.B.B. Securities Company Ltd,Sani Securities Company Ltd.,108,435.0,46980.0,2025-07-29 12:54:09.472242
2025-07-29,74880,2025072904018256,UPCL,R.B.B. Securities Company Ltd,Kumari Securities Private Limited,100,435.0,43500.0,2025-07-29 12:54:09.472892
2025-07-29,74879,2025072904018257,UPCL,R.B.B. Securities Company Ltd,Malla & Malla Stock Broking Company Pvt. Limited,100,435.0,43500.0,2025-07-29 12:54:09.473443
2025-07-29,74491,2025072904018332,UPCL,R.B.B. Securities Company Ltd,Midas Stock Broking Company Private Limited,642,435.0,279270.0,2025-07-29 12:54:47.270070
2025-07-29,74490,2025072904018333,UPCL,NIMB Stock Markets Limited,Midas Stock Broking Company Private Limited,400,434.9,173960.0,2025-07-29 12:54:47.270514
2025-07-29,74489,2025072904018334,UPCL,Himalayan Brokerage Company Limited,Midas Stock Broking Company Private Limited,72,434.5,31284.0,2025-07-29 12:54:47.270761
2025-07-29,73943,2025072904018425,UPCL,Vision Securities Pvt. Ltd,Kumari Securities Private Limited,130,435.0,56550.0,2025-07-29 12:55:43.616239
2025-07-29,73735,2025072904018476,UPCL,Vision Securities Pvt. Ltd,Primo Securities (PVT) Ltd.,303,435.0,131805.0,2025-07-29 12:56:06.708223
2025-07-29,73453,2025072904018523,UPCL,Sagarmatha Securities Private Limited,Ashutosh Brokerage & Securities (PVT) Ltd.,20,435.5,8710.0,2025-07-29 12:56:34.017601
2025-07-29,73368,2025072904018549,UPCL,Vision Securities Pvt. Ltd,Sumeru Securities Pvt. Ltd.,67,435.0,29145.0,2025-07-29 12:56:47.479754
2025-07-29,73367,2025072904018550,UPCL,Vision Securities Pvt. Ltd,Sumeru Securities Pvt. Ltd.,433,435.0,188355.0,2025-07-29 12:56:47.480204
2025-07-29,73036,2025072904018620,UPCL,Vision Securities Pvt. Ltd,Swarna Laxmi Securities Pvt. Ltd.,67,435.0,29145.0,2025-07-29 12:57:27.274282
2025-07-29,73035,2025072904018621,UPCL,Vision Securities Pvt. Ltd,Swarna Laxmi Securities Pvt. Ltd.,95,435.0,41325.0,2025-07-29 12:57:27.274711
2025-07-29,72433,2025072904018747,UPCL,Vision Securities Pvt. Ltd,Dipshikha Dhitopatra Karobar Co. Pvt Ltd.,405,435.0,176175.0,2025-07-29 12:58:31.204304
2025-07-29,72432,2025072904018748,UPCL,Vision Securities Pvt. Ltd,Dipshikha Dhitopatra Karobar Co. Pvt Ltd.,300,435.0,130500.0,2025-07-29 12:58:31.204711
2025-07-29,72431,2025072904018749,UPCL,Kohinoor Investment & Securities Pvt. Ltd.,Dipshikha Dhitopatra Karobar Co. Pvt Ltd.,295,435.0,128325.0,2025-07-29 12:58:31.204864
2025-07-29,71353,2025072904018992,UPCL,Asian Securities Private Ltd.,Ashutosh Brokerage & Securities (PVT) Ltd.,180,435.5,78390.0,2025-07-29 13:00:03.210836
2025-07-29,71275,2025072904019014,UPCL,Capital Max Securities Ltd,Naasa Securities Co. Ltd.,299,435.1,130094.9,2025-07-29 13:00:12.076947
2025-07-29,71005,2025072904019059,UPCL,Capital Max Securities Ltd,Sri Hari Securities Pvt. Ltd.,1700,435.1,739670.0,2025-07-29 13:00:42.679354
2025-07-29,70889,2025072904019081,UPCL,Kohinoor Investment & Securities Pvt. Ltd.,Dipshikha Dhitopatra Karobar Co. Pvt Ltd.,500,435.0,217500.0,2025-07-29 13:00:51.693392
2025-07-29,69688,2025072904019285,UPCL,Kohinoor Investment & Securities Pvt. Ltd.,Linch Stock Market Ltd.,54,435.0,23490.0,2025-07-29 13:02:53.359456
2025-07-29,67803,2025072904019695,UPCL,Naasa Securities Co. Ltd.,Sri Hari Securities Pvt. Ltd.,500,435.1,217550.0,2025-07-29 13:06:38.154002
2025-07-29,67255,2025072904019841,UPCL,Kohinoor Investment & Securities Pvt. Ltd.,Siprabi Securities Pvt. Ltd.,51,435.0,22185.0,2025-07-29 13:07:44.788538
2025-07-29,67254,2025072904019842,UPCL,Imperial Securities Company Pvt. Ltd.,Siprabi Securities Pvt. Ltd.,100,435.0,43500.0,2025-07-29 13:07:44.788931
2025-07-29,67253,2025072904019843,UPCL,Midas Stock Broking Company Private Limited,Siprabi Securities Pvt. Ltd.,50,435.0,21750.0,2025-07-29 13:07:44.789090
2025-07-29,67252,2025072904019844,UPCL,Sewa Securities Pvt. Ltd.,Siprabi Securities Pvt. Ltd.,150,435.0,65250.0,2025-07-29 13:07:44.789241
2025-07-29,67251,2025072904019845,UPCL,Vision Securities Pvt. Ltd,Siprabi Securities Pvt. Ltd.,110,435.0,47850.0,2025-07-29 13:07:44.789417
2025-07-29,67195,2025072904019856,UPCL,Dipshikha Dhitopatra Karobar Co. Pvt Ltd.,Siprabi Securities Pvt. Ltd.,39,435.0,16965.0,2025-07-29 13:07:50.187666
2025-07-29,66554,2025072904019998,UPCL,Dipshikha Dhitopatra Karobar Co. Pvt Ltd.,Sri Hari Securities Pvt. Ltd.,461,435.0,200535.0,2025-07-29 13:09:14.561362
2025-07-29,66465,2025072904020017,UPCL,Himalayan Brokerage Company Limited,Secured Securities Ltd.,38,434.5,16511.0,2025-07-29 13:09:24.324197
2025-07-29,66279,2025072904020048,UPCL,Asian Securities Private Ltd.,Sri Hari Securities Pvt. Ltd.,230,435.0,100050.0,2025-07-29 13:09:52.231834
2025-07-29,65872,2025072904020124,UPCL,Roadshow securities limited,Linch Stock Market Ltd.,200,435.0,87000.0,2025-07-29 13:10:35.641389
2025-07-29,65595,2025072904020182,UPCL,Dipshikha Dhitopatra Karobar Co. Pvt Ltd.,Sharepro Securities Private Limited,50,436.0,21800.0,2025-07-29 13:11:18.514813
2025-07-29,65594,2025072904020183,UPCL,Dipshikha Dhitopatra Karobar Co. Pvt Ltd.,Dynamic Money Managers Securities Pvt. Ltd.,950,436.0,414200.0,2025-07-29 13:11:18.515666
2025-07-29,65435,2025072904020232,UPCL,Imperial Securities Company Pvt. Ltd.,Dynamic Money Managers Securities Pvt. Ltd.,50,436.0,21800.0,2025-07-29 13:11:40.691201
2025-07-29,63993,2025072904020578,UPCL,Aryatara Investment & Securities,Online Securities Pvt. Ltd.,320,435.6,139392.0,2025-07-29 13:14:42.753702
2025-07-29,63794,2025072904020623,UPCL,Oxford Securities Pvt. Ltd.,Online Securities Pvt. Ltd.,140,435.5,60970.0,2025-07-29 13:15:06.608417
2025-07-29,63792,2025072904020624,UPCL,Oxford Securities Pvt. Ltd.,Vision Securities Pvt. Ltd,60,435.5,26130.0,2025-07-29 13:15:06.823650
2025-07-29,63051,2025072904020801,UPCL,Imperial Securities Company Pvt. Ltd.,Sri Hari Securities Pvt. Ltd.,14,435.5,6097.0,2025-07-29 13:16:08.220879
2025-07-29,62470,2025072904020937,UPCL,Himalayan Brokerage Company Limited,Nepal Investment And Securities Trading Private Limited,100,435.2,43520.0,2025-07-29 13:17:16.633304
2025-07-29,62469,2025072904020938,UPCL,Himalayan Brokerage Company Limited,Nepal Investment And Securities Trading Private Limited,500,435.1,217550.0,2025-07-29 13:17:16.633781
2025-07-29,62468,2025072904020939,UPCL,Roadshow securities limited,Nepal Investment And Securities Trading Private Limited,1800,435.0,783000.0,2025-07-29 13:17:16.633943
2025-07-29,62467,2025072904020940,UPCL,Cristal Kanchanjanga Securites Pvt. Ltd.,Nepal Investment And Securities Trading Private Limited,1000,435.0,435000.0,2025-07-29 13:17:16.634105
2025-07-29,62334,2025072904020963,UPCL,Imperial Securities Company Pvt. Ltd.,Nepal Investment And Securities Trading Private Limited,56,435.9,24410.4,2025-07-29 13:17:29.859107
2025-07-29,62260,2025072904020986,UPCL,Imperial Securities Company Pvt. Ltd.,Nepal Investment And Securities Trading Private Limited,200,435.9,87180.0,2025-07-29 13:17:40.999080
2025-07-29,61724,2025072904021062,UPCL,Imperial Securities Company Pvt. Ltd.,Malla & Malla Stock Broking Company Pvt. Limited,200,435.1,87020.0,2025-07-29 13:18:43.183974
2025-07-29,61483,2025072904021127,UPCL,KALASH STOCK MARKET PVT. LTD.,Malla & Malla Stock Broking Company Pvt. Limited,265,435.1,115301.5,2025-07-29 13:19:06.324644
2025-07-29,61278,2025072904021175,UPCL,Malla & Malla Stock Broking Company Pvt. Limited,Siprabi Securities Pvt. Ltd.,13,435.5,5661.5,2025-07-29 13:19:27.713603
2025-07-29,61277,2025072904021176,UPCL,Malla & Malla Stock Broking Company Pvt. Limited,Nepal Investment And Securities Trading Private Limited,500,435.9,217950.0,2025-07-29 13:19:27.714419
2025-07-29,61257,2025072904021181,UPCL,Malla & Malla Stock Broking Company Pvt. Limited,Online Securities Pvt. Ltd.,487,435.9,212283.3,2025-07-29 13:19:29.546033
2025-07-29,61256,2025072904021182,UPCL,KALASH STOCK MARKET PVT. LTD.,Online Securities Pvt. Ltd.,235,435.1,102248.5,2025-07-29 13:19:29.546428
2025-07-29,61255,2025072904021183,UPCL,Naasa Securities Co. Ltd.,Online Securities Pvt. Ltd.,200,435.1,87020.0,2025-07-29 13:19:29.546608
2025-07-29,61094,2025072904021205,UPCL,Opal Securities Investment (PVT) Ltd.,Opal Securities Investment (PVT) Ltd.,15,435.0,6525.0,2025-07-29 13:19:48.131662
2025-07-29,60935,2025072904021222,UPCL,Imperial Securities Company Pvt. Ltd.,Citizens Share Broker Limited,30,435.9,13077.0,2025-07-29 13:20:04.528634
2025-07-29,60320,2025072904021345,UPCL,Online Securities Pvt. Ltd.,Citizens Share Broker Limited,10,435.9,4359.0,2025-07-29 13:21:24.801532
2025-07-29,59807,2025072904021495,UPCL,Deevyaa Securities & Stock House Pvt. Ltd,Kohinoor Investment & Securities Pvt. Ltd.,100,435.8,43580.0,2025-07-29 13:22:29.953567
2025-07-29,59806,2025072904021496,UPCL,Deevyaa Securities & Stock House Pvt. Ltd,Sri Hari Securities Pvt. Ltd.,1000,435.8,435800.0,2025-07-29 13:22:29.954002
2025-07-29,59699,2025072904021542,UPCL,Dipshikha Dhitopatra Karobar Co. Pvt Ltd.,Citizens Share Broker Limited,50,435.9,21795.0,2025-07-29 13:22:50.076283
2025-07-29,59692,2025072904021545,UPCL,Imperial Securities Company Pvt. Ltd.,Vision Securities Pvt. Ltd,50,435.8,21790.0,2025-07-29 13:22:51.136807
2025-07-29,59656,2025072904021556,UPCL,Deevyaa Securities & Stock House Pvt. Ltd,Citizens Share Broker Limited,410,435.9,178719.0,2025-07-29 13:22:54.355067
2025-07-29,59655,2025072904021557,UPCL,Deevyaa Securities & Stock House Pvt. Ltd,Vision Securities Pvt. Ltd,20,436.0,8720.0,2025-07-29 13:22:54.355471
2025-07-29,59654,2025072904021558,UPCL,Deevyaa Securities & Stock House Pvt. Ltd,Trishakti Securities Public Limited,670,436.0,292120.0,2025-07-29 13:22:54.355640
2025-07-29,59636,2025072904021560,UPCL,Imperial Securities Company Pvt. Ltd.,Linch Stock Market Ltd.,50,435.8,21790.0,2025-07-29 13:22:56.252949
2025-07-29,59447,2025072904021585,UPCL,Imperial Securities Company Pvt. Ltd.,Nepal Investment And Securities Trading Private Limited,50,435.8,21790.0,2025-07-29 13:23:18.363825
2025-07-29,59388,2025072904021594,UPCL,Primo Securities (PVT) Ltd.,Bhrikuti Stock Broking Co. Pvt. Ltd.,150,435.9,65385.0,2025-07-29 13:23:26.929439
2025-07-29,59387,2025072904021595,UPCL,Deevyaa Securities & Stock House Pvt. Ltd,Bhrikuti Stock Broking Co. Pvt. Ltd.,67,435.9,29205.3,2025-07-29 13:23:26.929890
2025-07-29,59386,2025072904021596,UPCL,Deevyaa Securities & Stock House Pvt. Ltd,Shree Krishna Securities Ltd.,54,435.9,23538.6,2025-07-29 13:23:27.635657
2025-07-29,59334,2025072904021603,UPCL,Deevyaa Securities & Stock House Pvt. Ltd,Aryatara Investment & Securities,40,435.9,17436.0,2025-07-29 13:23:33.246288
2025-07-29,59110,2025072904021635,UPCL,Deevyaa Securities & Stock House Pvt. Ltd,Dipshikha Dhitopatra Karobar Co. Pvt Ltd.,500,435.9,217950.0,2025-07-29 13:24:06.482855
2025-07-29,58892,2025072904021678,UPCL,MILKY WAY SHARE BROKER COMPANY LTD ,Trishakti Securities Public Limited,330,436.0,143880.0,2025-07-29 13:24:39.530492
2025-07-29,58891,2025072904021679,UPCL,MILKY WAY SHARE BROKER COMPANY LTD ,Naasa Securities Co. Ltd.,10,436.0,4360.0,2025-07-29 13:24:39.530893
2025-07-29,58890,2025072904021680,UPCL,MILKY WAY SHARE BROKER COMPANY LTD ,Capital Max Securities Ltd,899,436.0,391964.0,2025-07-29 13:24:39.531065
2025-07-29,58676,2025072904021718,UPCL,Capital Max Securities Ltd,Sumeru Securities Pvt. Ltd.,1,435.1,435.1,2025-07-29 13:24:58.230113
2025-07-29,58594,2025072904021743,UPCL,MILKY WAY SHARE BROKER COMPANY LTD ,Linch Stock Market Ltd.,61,436.0,26596.0,2025-07-29 13:25:07.749573
2025-07-29,58593,2025072904021744,UPCL,Deevyaa Securities & Stock House Pvt. Ltd,Linch Stock Market Ltd.,39,435.9,17000.1,2025-07-29 13:25:07.749631
2025-07-29,58347,2025072904021802,UPCL,KALASH STOCK MARKET PVT. LTD.,Naasa Securities Co. Ltd.,100,436.0,43600.0,2025-07-29 13:25:44.808629
2025-07-29,58254,2025072904021836,UPCL,Dipshikha Dhitopatra Karobar Co. Pvt Ltd.,Naasa Securities Co. Ltd.,190,436.0,82840.0,2025-07-29 13:25:56.608530
2025-07-29,57978,2025072904021890,UPCL,K.B.L. Securities Limited ,Vision Securities Pvt. Ltd,436,436.5,190314.0,2025-07-29 13:26:29.889729
2025-07-29,57977,2025072904021891,UPCL,K.B.L. Securities Limited ,Sri Hari Securities Pvt. Ltd.,1000,436.5,436500.0,2025-07-29 13:26:29.890119
2025-07-29,57976,2025072904021892,UPCL,K.B.L. Securities Limited ,Trishakti Securities Public Limited,42,437.0,18354.0,2025-07-29 13:26:29.890304
2025-07-29,57975,2025072904021893,UPCL,K.B.L. Securities Limited ,Linch Stock Market Ltd.,40,437.0,17480.0,2025-07-29 13:26:29.890535
2025-07-29,57974,2025072904021894,UPCL,K.B.L. Securities Limited ,Capital Max Securities Ltd,952,437.8,416785.6,2025-07-29 13:26:29.890736
2025-07-29,57900,2025072904021900,UPCL,Deevyaa Securities & Stock House Pvt. Ltd,Capital Max Securities Ltd,10,437.8,4378.0,2025-07-29 13:26:38.875749
2025-07-29,57544,2025072904021960,UPCL,Sumeru Securities Pvt. Ltd.,Capital Max Securities Ltd,38,437.8,16636.4,2025-07-29 13:27:30.974949
2025-07-29,57543,2025072904021961,UPCL,Sumeru Securities Pvt. Ltd.,Kohinoor Investment & Securities Pvt. Ltd.,54,437.8,23641.2,2025-07-29 13:27:30.975365
2025-07-29,57542,2025072904021962,UPCL,Sumeru Securities Pvt. Ltd.,Sri Hari Securities Pvt. Ltd.,408,437.8,178622.4,2025-07-29 13:27:30.975527
2025-07-29,57119,2025072904022030,UPCL,Dipshikha Dhitopatra Karobar Co. Pvt Ltd.,ABC Securities Private Limited,10,436.0,4360.0,2025-07-29 13:28:37.732606
2025-07-29,57118,2025072904022031,UPCL,Secured Securities Ltd.,ABC Securities Private Limited,140,436.0,61040.0,2025-07-29 13:28:37.732718
2025-07-29,57117,2025072904022032,UPCL,Aryatara Investment & Securities,ABC Securities Private Limited,450,436.0,196200.0,2025-07-29 13:28:37.732745
2025-07-29,57116,2025072904022033,UPCL,Deevyaa Securities & Stock House Pvt. Ltd,ABC Securities Private Limited,440,435.9,191796.0,2025-07-29 13:28:37.732766
2025-07-29,57115,2025072904022034,UPCL,R.B.B. Securities Company Ltd,ABC Securities Private Limited,2000,435.1,870200.0,2025-07-29 13:28:37.732792
2025-07-29,57114,2025072904022035,UPCL,Opal Securities Investment (PVT) Ltd.,ABC Securities Private Limited,1960,435.0,852600.0,2025-07-29 13:28:37.732816
2025-07-29,56666,2025072904022145,UPCL,Opal Securities Investment (PVT) Ltd.,J.F. Securites (PVT) Ltd.,25,435.0,10875.0,2025-07-29 13:29:30.567988
2025-07-29,56665,2025072904022146,UPCL,Hatemalo Financial Services Private Limited,J.F. Securites (PVT) Ltd.,975,435.0,424125.0,2025-07-29 13:29:30.568458
2025-07-29,56578,2025072904022174,UPCL,Hatemalo Financial Services Private Limited,Sewa Securities Pvt. Ltd.,500,435.0,217500.0,2025-07-29 13:29:44.571670
2025-07-29,56266,2025072904022250,UPCL,Hatemalo Financial Services Private Limited,Trishakti Securities Public Limited,125,435.0,54375.0,2025-07-29 13:30:26.260681
2025-07-29,56051,2025072904022304,UPCL,Hatemalo Financial Services Private Limited,Sundhara Securities Limited,25,435.0,10875.0,2025-07-29 13:30:58.947071
2025-07-29,55834,2025072904022351,UPCL,Hatemalo Financial Services Private Limited,Citizens Share Broker Limited,75,435.0,32625.0,2025-07-29 13:31:31.951119
2025-07-29,55833,2025072904022352,UPCL,Naasa Securities Co. Ltd.,Citizens Share Broker Limited,500,435.0,217500.0,2025-07-29 13:31:31.951889
2025-07-29,55832,2025072904022353,UPCL,Trisul Securities & Invt. Ltd.,Citizens Share Broker Limited,400,434.8,173920.0,2025-07-29 13:31:31.952386
2025-07-29,55831,2025072904022354,UPCL,Agrawal Securities (PVT) Ltd.,Citizens Share Broker Limited,1000,434.7,434700.0,2025-07-29 13:31:31.952979
2025-07-29,55830,2025072904022355,UPCL,Himalayan Brokerage Company Limited,Citizens Share Broker Limited,25,434.5,10862.5,2025-07-29 13:31:31.953609
2025-07-29,55452,2025072904022448,UPCL,MILKY WAY SHARE BROKER COMPANY LTD ,Primo Securities (PVT) Ltd.,10,437.5,4375.0,2025-07-29 13:32:24.996121
2025-07-29,55062,2025072904022534,UPCL,Bhrikuti Stock Broking Co. Pvt. Ltd.,Stoxkarts Securities Limited,50,434.6,21730.0,2025-07-29 13:33:07.464071
2025-07-29,54330,2025072904022665,UPCL,Sagarmatha Securities Private Limited,Sundhara Securities Limited,10,437.0,4370.0,2025-07-29 13:34:26.069219
2025-07-29,54205,2025072904022698,UPCL,Sagarmatha Securities Private Limited,Sewa Securities Pvt. Ltd.,10,435.0,4350.0,2025-07-29 13:34:39.935471
2025-07-29,54204,2025072904022699,UPCL,Himalayan Brokerage Company Limited,Sewa Securities Pvt. Ltd.,65,434.5,28242.5,2025-07-29 13:34:39.935869
2025-07-29,54203,2025072904022700,UPCL,Asian Securities Private Ltd.,Sewa Securities Pvt. Ltd.,185,434.4,80364.0,2025-07-29 13:34:39.936036
2025-07-29,54202,2025072904022701,UPCL,Agrawal Securities (PVT) Ltd.,Sewa Securities Pvt. Ltd.,500,434.4,217200.0,2025-07-29 13:34:39.936209
2025-07-29,54201,2025072904022702,UPCL,Sani Securities Company Ltd.,Sewa Securities Pvt. Ltd.,840,434.2,364728.0,2025-07-29 13:34:39.936379
2025-07-29,53816,2025072904022744,UPCL,Sani Securities Company Ltd.,Secured Securities Ltd.,725,434.2,314795.0,2025-07-29 13:35:20.994431
2025-07-29,53815,2025072904022745,UPCL,Agrawal Securities (PVT) Ltd.,Secured Securities Ltd.,275,434.2,119405.0,2025-07-29 13:35:20.994857
2025-07-29,53523,2025072904022803,UPCL,Nagarik Stock Dealer ,ABC Securities Private Limited,500,434.3,217150.0,2025-07-29 13:35:52.717660
2025-07-29,53522,2025072904022804,UPCL,Agrawal Securities (PVT) Ltd.,ABC Securities Private Limited,225,434.2,97695.0,2025-07-29 13:35:52.718144
2025-07-29,53521,2025072904022805,UPCL,Dipshikha Dhitopatra Karobar Co. Pvt Ltd.,ABC Securities Private Limited,200,434.0,86800.0,2025-07-29 13:35:52.718353
2025-07-29,53520,2025072904022806,UPCL,Infinity Securities Limited,ABC Securities Private Limited,100,434.0,43400.0,2025-07-29 13:35:52.718565
2025-07-29,53519,2025072904022807,UPCL,Neev Securities Pvt. Ltd.,ABC Securities Private Limited,100,434.0,43400.0,2025-07-29 13:35:52.718798
2025-07-29,53518,2025072904022808,UPCL,Secured Securities Ltd.,ABC Securities Private Limited,300,434.0,130200.0,2025-07-29 13:35:52.718983
2025-07-29,53517,2025072904022809,UPCL,Imperial Securities Company Pvt. Ltd.,ABC Securities Private Limited,129,434.0,55986.0,2025-07-29 13:35:52.719159
2025-07-29,53516,2025072904022810,UPCL,Imperial Securities Company Pvt. Ltd.,ABC Securities Private Limited,50,434.0,21700.0,2025-07-29 13:35:52.719358
2025-07-29,53515,2025072904022811,UPCL,Vision Securities Pvt. Ltd,ABC Securities Private Limited,84,434.0,36456.0,2025-07-29 13:35:52.719529
2025-07-29,53514,2025072904022812,UPCL,Sundhara Securities Limited,ABC Securities Private Limited,100,434.0,43400.0,2025-07-29 13:35:52.719732
2025-07-29,53513,2025072904022813,UPCL,Kohinoor Investment & Securities Pvt. Ltd.,ABC Securities Private Limited,200,434.0,86800.0,2025-07-29 13:35:52.719919
2025-07-29,53512,2025072904022814,UPCL,Trishakti Securities Public Limited,ABC Securities Private Limited,500,434.0,217000.0,2025-07-29 13:35:52.720105
2025-07-29,53511,2025072904022815,UPCL,Online Securities Pvt. Ltd.,ABC Securities Private Limited,100,434.0,43400.0,2025-07-29 13:35:52.720277
2025-07-29,53469,2025072904022819,UPCL,Agrawal Securities (PVT) Ltd.,ABC Securities Private Limited,100,434.0,43400.0,2025-07-29 13:35:56.929269
2025-07-29,53449,2025072904022821,UPCL,Cristal Kanchanjanga Securites Pvt. Ltd.,Vision Securities Pvt. Ltd,500,433.5,216750.0,2025-07-29 13:35:58.496682
2025-07-29,53448,2025072904022822,UPCL,Trishakti Securities Public Limited,Vision Securities Pvt. Ltd,200,433.3,86660.0,2025-07-29 13:35:58.496804
2025-07-29,53447,2025072904022823,UPCL,Cristal Kanchanjanga Securites Pvt. Ltd.,Vision Securities Pvt. Ltd,500,433.2,216600.0,2025-07-29 13:35:58.496872
2025-07-29,53446,2025072904022824,UPCL,Asian Securities Private Ltd.,Vision Securities Pvt. Ltd,500,433.1,216550.0,2025-07-29 13:35:58.496942
2025-07-29,53445,2025072904022825,UPCL,Kohinoor Investment & Securities Pvt. Ltd.,Vision Securities Pvt. Ltd,100,433.0,43300.0,2025-07-29 13:35:58.497013
2025-07-29,53444,2025072904022826,UPCL,Dipshikha Dhitopatra Karobar Co. Pvt Ltd.,Vision Securities Pvt. Ltd,50,433.0,21650.0,2025-07-29 13:35:58.497080
2025-07-29,53443,2025072904022827,UPCL,Sweta Securities Private Limited,Vision Securities Pvt. Ltd,600,433.0,259800.0,2025-07-29 13:35:58.497146
2025-07-29,53442,2025072904022828,UPCL,ABC Securities Private Limited,Vision Securities Pvt. Ltd,100,433.0,43300.0,2025-07-29 13:35:58.497210
2025-07-29,53441,2025072904022829,UPCL,Naasa Securities Co. Ltd.,Vision Securities Pvt. Ltd,30,433.0,12990.0,2025-07-29 13:35:58.497293
2025-07-29,53440,2025072904022830,UPCL,Agrawal Securities (PVT) Ltd.,Vision Securities Pvt. Ltd,200,433.0,86600.0,2025-07-29 13:35:58.497403
2025-07-29,53439,2025072904022831,UPCL,Sundhara Securities Limited,Vision Securities Pvt. Ltd,100,433.0,43300.0,2025-07-29 13:35:58.497468
2025-07-29,53438,2025072904022832,UPCL,Premier Securities Company Ltd.,Vision Securities Pvt. Ltd,50,433.0,21650.0,2025-07-29 13:35:58.497531
2025-07-29,53437,2025072904022833,UPCL,J.F. Securites (PVT) Ltd.,Vision Securities Pvt. Ltd,50,433.0,21650.0,2025-07-29 13:35:58.497595
2025-07-29,53436,2025072904022834,UPCL,Sri Hari Securities Pvt. Ltd.,Vision Securities Pvt. Ltd,1250,433.0,541250.0,2025-07-29 13:35:58.497662
2025-07-29,53435,2025072904022835,UPCL,Asian Securities Private Ltd.,Vision Securities Pvt. Ltd,50,433.0,21650.0,2025-07-29 13:35:58.497744
2025-07-29,53434,2025072904022836,UPCL,Nagarik Stock Dealer ,Vision Securities Pvt. Ltd,231,433.0,100023.0,2025-07-29 13:35:58.497800
2025-07-29,53433,2025072904022837,UPCL,Imperial Securities Company Pvt. Ltd.,Vision Securities Pvt. Ltd,350,433.0,151550.0,2025-07-29 13:35:58.497864
2025-07-29,53432,2025072904022838,UPCL,Secured Securities Ltd.,Vision Securities Pvt. Ltd,40,433.0,17320.0,2025-07-29 13:35:58.497929
2025-07-29,53431,2025072904022839,UPCL,Imperial Securities Company Pvt. Ltd.,Vision Securities Pvt. Ltd,35,432.7,15144.5,2025-07-29 13:35:58.498020
2025-07-29,53430,2025072904022840,UPCL,Trishakti Securities Public Limited,Vision Securities Pvt. Ltd,64,432.0,27648.0,2025-07-29 13:35:58.498085
2025-07-29,53208,2025072904022922,UPCL,Cristal Kanchanjanga Securites Pvt. Ltd.,Stoxkarts Securities Limited,500,433.0,216500.0,2025-07-29 13:36:18.258398
2025-07-29,53207,2025072904022923,UPCL,Trishakti Securities Public Limited,Stoxkarts Securities Limited,436,432.0,188352.0,2025-07-29 13:36:18.258821
2025-07-29,53206,2025072904022924,UPCL,Kumari Securities Private Limited,Stoxkarts Securities Limited,1000,432.0,432000.0,2025-07-29 13:36:18.258981
2025-07-29,53205,2025072904022925,UPCL,Asian Securities Private Ltd.,Stoxkarts Securities Limited,30,432.0,12960.0,2025-07-29 13:36:18.259175
2025-07-29,53204,2025072904022926,UPCL,Dakshinkali Investment & Securities Pvt. Ltd.,Stoxkarts Securities Limited,100,432.0,43200.0,2025-07-29 13:36:18.259399
2025-07-29,53203,2025072904022927,UPCL,Sani Securities Company Ltd.,Stoxkarts Securities Limited,500,432.0,216000.0,2025-07-29 13:36:18.259569
2025-07-29,53202,2025072904022928,UPCL,Cristal Kanchanjanga Securites Pvt. Ltd.,Stoxkarts Securities Limited,200,432.0,86400.0,2025-07-29 13:36:18.259735
2025-07-29,53201,2025072904022929,UPCL,KALASH STOCK MARKET PVT. LTD.,Stoxkarts Securities Limited,115,432.0,49680.0,2025-07-29 13:36:18.259887
2025-07-29,53200,2025072904022930,UPCL,Opal Securities Investment (PVT) Ltd.,Stoxkarts Securities Limited,500,432.0,216000.0,2025-07-29 13:36:18.260040
2025-07-29,53199,2025072904022931,UPCL,Bhrikuti Stock Broking Co. Pvt. Ltd.,Stoxkarts Securities Limited,1500,432.0,648000.0,2025-07-29 13:36:18.260192
2025-07-29,53198,2025072904022932,UPCL,Premier Securities Company Ltd.,Stoxkarts Securities Limited,100,432.0,43200.0,2025-07-29 13:36:18.260348
2025-07-29,53197,2025072904022933,UPCL,J.F. Securites (PVT) Ltd.,Stoxkarts Securities Limited,1000,432.0,432000.0,2025-07-29 13:36:18.260500
2025-07-29,53196,2025072904022934,UPCL,Aryatara Investment & Securities,Stoxkarts Securities Limited,100,432.0,43200.0,2025-07-29 13:36:18.260649
2025-07-29,53195,2025072904022935,UPCL,Sewa Securities Pvt. Ltd.,Stoxkarts Securities Limited,150,431.2,64680.0,2025-07-29 13:36:18.260795
2025-07-29,53194,2025072904022936,UPCL,Sri Hari Securities Pvt. Ltd.,Stoxkarts Securities Limited,500,431.2,215600.0,2025-07-29 13:36:18.260947
2025-07-29,53193,2025072904022937,UPCL,Siprabi Securities Pvt. Ltd.,Stoxkarts Securities Limited,50,431.2,21560.0,2025-07-29 13:36:18.261097
2025-07-29,53192,2025072904022938,UPCL,Market Securities & Exchange (PVT) Ltd.,Stoxkarts Securities Limited,2000,431.1,862200.0,2025-07-29 13:36:18.261248
2025-07-29,53191,2025072904022939,UPCL,Dipshikha Dhitopatra Karobar Co. Pvt Ltd.,Stoxkarts Securities Limited,200,431.0,86200.0,2025-07-29 13:36:18.261405
2025-07-29,53190,2025072904022940,UPCL,Dynamic Money Managers Securities Pvt. Ltd.,Stoxkarts Securities Limited,1000,431.0,431000.0,2025-07-29 13:36:18.261555
2025-07-29,53189,2025072904022941,UPCL,Bhrikuti Stock Broking Co. Pvt. Ltd.,Stoxkarts Securities Limited,200,431.0,86200.0,2025-07-29 13:36:18.261701
2025-07-29,53188,2025072904022942,UPCL,Primo Securities (PVT) Ltd.,Stoxkarts Securities Limited,30,431.0,12930.0,2025-07-29 13:36:18.261851
2025-07-29,53187,2025072904022943,UPCL,Imperial Securities Company Pvt. Ltd.,Stoxkarts Securities Limited,300,431.0,129300.0,2025-07-29 13:36:18.262000
2025-07-29,53186,2025072904022944,UPCL,Online Securities Pvt. Ltd.,Stoxkarts Securities Limited,1000,430.5,430500.0,2025-07-29 13:36:18.262146
2025-07-29,53185,2025072904022945,UPCL,Sewa Securities Pvt. Ltd.,Stoxkarts Securities Limited,100,430.5,43050.0,2025-07-29 13:36:18.262304
2025-07-29,53184,2025072904022946,UPCL,Imperial Securities Company Pvt. Ltd.,Stoxkarts Securities Limited,100,430.4,43040.0,2025-07-29 13:36:18.262454
2025-07-29,53183,2025072904022947,UPCL,Market Securities & Exchange (PVT) Ltd.,Stoxkarts Securities Limited,1000,430.1,430100.0,2025-07-29 13:36:18.262600
2025-07-29,53182,2025072904022948,UPCL,Property Wiard Limited,Stoxkarts Securities Limited,400,430.1,172040.0,2025-07-29 13:36:18.262747
2025-07-29,53181,2025072904022949,UPCL,Siprabi Securities Pvt. Ltd.,Stoxkarts Securities Limited,10,430.0,4300.0,2025-07-29 13:36:18.262895
2025-07-29,53180,2025072904022950,UPCL,Online Securities Pvt. Ltd.,Stoxkarts Securities Limited,460,430.0,197800.0,2025-07-29 13:36:18.263042
2025-07-29,53179,2025072904022951,UPCL,Sweta Securities Private Limited,Stoxkarts Securities Limited,200,430.0,86000.0,2025-07-29 13:36:18.263192
2025-07-29,53178,2025072904022952,UPCL,Sumeru Securities Pvt. Ltd.,Stoxkarts Securities Limited,300,430.0,129000.0,2025-07-29 13:36:18.263341
2025-07-29,53177,2025072904022953,UPCL,Kumari Securities Private Limited,Stoxkarts Securities Limited,100,430.0,43000.0,2025-07-29 13:36:18.263485
2025-07-29,53176,2025072904022954,UPCL,Vision Securities Pvt. Ltd,Stoxkarts Securities Limited,769,430.0,330670.0,2025-07-29 13:36:18.263628
2025-07-29,53118,2025072904022965,UPCL,Vision Securities Pvt. Ltd,Vision Securities Pvt. Ltd,231,430.0,99330.0,2025-07-29 13:36:23.980046
2025-07-29,53117,2025072904022966,UPCL,Cristal Kanchanjanga Securites Pvt. Ltd.,Vision Securities Pvt. Ltd,50,430.0,21500.0,2025-07-29 13:36:23.980158
2025-07-29,53116,2025072904022967,UPCL,Dipshikha Dhitopatra Karobar Co. Pvt Ltd.,Vision Securities Pvt. Ltd,50,430.0,21500.0,2025-07-29 13:36:23.980244
2025-07-29,53115,2025072904022968,UPCL,Sewa Securities Pvt. Ltd.,Vision Securities Pvt. Ltd,200,430.0,86000.0,2025-07-29 13:36:23.980304
2025-07-29,53114,2025072904022969,UPCL,Bhrikuti Stock Broking Co. Pvt. Ltd.,Vision Securities Pvt. Ltd,1000,430.0,430000.0,2025-07-29 13:36:23.980403
2025-07-29,53113,2025072904022970,UPCL,Vision Securities Pvt. Ltd,Vision Securities Pvt. Ltd,1000,430.0,430000.0,2025-07-29 13:36:23.980479
2025-07-29,53112,2025072904022971,UPCL,Sweta Securities Private Limited,Vision Securities Pvt. Ltd,100,430.0,43000.0,2025-07-29 13:36:23.980556
2025-07-29,53111,2025072904022972,UPCL,Aryatara Investment & Securities,Vision Securities Pvt. Ltd,200,430.0,86000.0,2025-07-29 13:36:23.980629
2025-07-29,53110,2025072904022973,UPCL,Malla & Malla Stock Broking Company Pvt. Limited,Vision Securities Pvt. Ltd,1395,430.0,599850.0,2025-07-29 13:36:23.980704
2025-07-29,53109,2025072904022974,UPCL,Sewa Securities Pvt. Ltd.,Vision Securities Pvt. Ltd,300,430.0,129000.0,2025-07-29 13:36:23.980803
2025-07-29,53108,2025072904022975,UPCL,Trisul Securities & Invt. Ltd.,Vision Securities Pvt. Ltd,300,430.0,129000.0,2025-07-29 13:36:23.980873
2025-07-29,53107,2025072904022976,UPCL,Primo Securities (PVT) Ltd.,Vision Securities Pvt. Ltd,174,430.0,74820.0,2025-07-29 13:36:23.980952
2025-07-29,53059,2025072904022984,UPCL,SUN SECURITIES PVT LTD,ABC Securities Private Limited,12,434.0,5208.0,2025-07-29 13:36:29.484907
2025-07-29,52839,2025072904023054,UPCL,Sundhara Securities Limited,Sumeru Securities Pvt. Ltd.,50,433.0,21650.0,2025-07-29 13:36:54.839298
2025-07-29,52593,2025072904023119,UPCL,Agrawal Securities (PVT) Ltd.,Sumeru Securities Pvt. Ltd.,100,433.0,43300.0,2025-07-29 13:37:17.994963
2025-07-29,52528,2025072904023136,UPCL,Trisul Securities & Invt. Ltd.,Linch Stock Market Ltd.,100,430.1,43010.0,2025-07-29 13:37:26.438918
2025-07-29,52527,2025072904023137,UPCL,Dipshikha Dhitopatra Karobar Co. Pvt Ltd.,Linch Stock Market Ltd.,250,430.1,107525.0,2025-07-29 13:37:26.439263
2025-07-29,52526,2025072904023138,UPCL,Primo Securities (PVT) Ltd.,Linch Stock Market Ltd.,826,430.0,355180.0,2025-07-29 13:37:26.439416
2025-07-29,52525,2025072904023139,UPCL,Agrawal Securities (PVT) Ltd.,Linch Stock Market Ltd.,200,430.0,86000.0,2025-07-29 13:37:26.439563
2025-07-29,52524,2025072904023140,UPCL,Aryatara Investment & Securities,Linch Stock Market Ltd.,50,430.0,21500.0,2025-07-29 13:37:26.439702
2025-07-29,52523,2025072904023141,UPCL,Aryatara Investment & Securities,Linch Stock Market Ltd.,824,430.0,354320.0,2025-07-29 13:37:26.439840
2025-07-29,51637,2025072904023329,UPCL,Sweta Securities Private Limited,Agrawal Securities (PVT) Ltd.,200,430.2,86040.0,2025-07-29 13:38:59.478281
2025-07-29,51636,2025072904023330,UPCL,Online Securities Pvt. Ltd.,Agrawal Securities (PVT) Ltd.,100,430.2,43020.0,2025-07-29 13:38:59.478347
2025-07-29,51635,2025072904023331,UPCL,Midas Stock Broking Company Private Limited,Agrawal Securities (PVT) Ltd.,500,430.1,215050.0,2025-07-29 13:38:59.478385
2025-07-29,51634,2025072904023332,UPCL,Imperial Securities Company Pvt. Ltd.,Agrawal Securities (PVT) Ltd.,500,430.1,215050.0,2025-07-29 13:38:59.478413
2025-07-29,51633,2025072904023333,UPCL,Aryatara Investment & Securities,Agrawal Securities (PVT) Ltd.,176,430.0,75680.0,2025-07-29 13:38:59.478442
2025-07-29,51632,2025072904023334,UPCL,Agrawal Securities (PVT) Ltd.,Agrawal Securities (PVT) Ltd.,200,430.0,86000.0,2025-07-29 13:38:59.478482
2025-07-29,51631,2025072904023335,UPCL,Imperial Securities Company Pvt. Ltd.,Agrawal Securities (PVT) Ltd.,100,430.0,43000.0,2025-07-29 13:38:59.478515
2025-07-29,51630,2025072904023336,UPCL,Premier Securities Company Ltd.,Agrawal Securities (PVT) Ltd.,300,430.0,129000.0,2025-07-29 13:38:59.478547
2025-07-29,51629,2025072904023337,UPCL,Online Securities Pvt. Ltd.,Agrawal Securities (PVT) Ltd.,1000,430.0,430000.0,2025-07-29 13:38:59.478586
2025-07-29,51628,2025072904023338,UPCL,R.B.B. Securities Company Ltd,Agrawal Securities (PVT) Ltd.,1000,430.0,430000.0,2025-07-29 13:38:59.478613
2025-07-29,51627,2025072904023339,UPCL,Premier Securities Company Ltd.,Agrawal Securities (PVT) Ltd.,300,430.0,129000.0,2025-07-29 13:38:59.478637
2025-07-29,51626,2025072904023340,UPCL,Indira securities pvt. ltd,Agrawal Securities (PVT) Ltd.,40,430.0,17200.0,2025-07-29 13:38:59.478661
2025-07-29,51625,2025072904023341,UPCL,Agrawal Securities (PVT) Ltd.,Agrawal Securities (PVT) Ltd.,100,430.0,43000.0,2025-07-29 13:38:59.478687
2025-07-29,51624,2025072904023342,UPCL,Sundhara Securities Limited,Agrawal Securities (PVT) Ltd.,100,430.0,43000.0,2025-07-29 13:38:59.478709
2025-07-29,51623,2025072904023343,UPCL,ABC Securities Private Limited,Agrawal Securities (PVT) Ltd.,50,429.8,21490.0,2025-07-29 13:38:59.478736
2025-07-29,51622,2025072904023344,UPCL,Deevyaa Securities & Stock House Pvt. Ltd,Agrawal Securities (PVT) Ltd.,1160,429.6,498336.0,2025-07-29 13:38:59.478764
2025-07-29,51621,2025072904023345,UPCL,Deevyaa Securities & Stock House Pvt. Ltd,Agrawal Securities (PVT) Ltd.,1160,429.5,498220.0,2025-07-29 13:38:59.478791
2025-07-29,51620,2025072904023346,UPCL,Sewa Securities Pvt. Ltd.,Agrawal Securities (PVT) Ltd.,250,429.5,107375.0,2025-07-29 13:38:59.478813
2025-07-29,51619,2025072904023347,UPCL,Online Securities Pvt. Ltd.,Agrawal Securities (PVT) Ltd.,1000,429.5,429500.0,2025-07-29 13:38:59.478844
2025-07-29,51618,2025072904023348,UPCL,Sri Hari Securities Pvt. Ltd.,Agrawal Securities (PVT) Ltd.,480,429.1,205968.0,2025-07-29 13:38:59.478874
2025-07-29,51617,2025072904023349,UPCL,Roadshow securities limited,Agrawal Securities (PVT) Ltd.,3000,429.0,1287000.0,2025-07-29 13:38:59.478901
2025-07-29,51616,2025072904023350,UPCL,Sewa Securities Pvt. Ltd.,Agrawal Securities (PVT) Ltd.,250,429.0,107250.0,2025-07-29 13:38:59.478922
2025-07-29,51615,2025072904023351,UPCL,Imperial Securities Company Pvt. Ltd.,Agrawal Securities (PVT) Ltd.,35,429.0,15015.0,2025-07-29 13:38:59.478942
2025-07-29,51614,2025072904023352,UPCL,Online Securities Pvt. Ltd.,Agrawal Securities (PVT) Ltd.,420,429.0,180180.0,2025-07-29 13:38:59.478963
2025-07-29,51486,2025072904023373,UPCL,Agrawal Securities (PVT) Ltd.,Vision Securities Pvt. Ltd,500,430.2,215100.0,2025-07-29 13:39:12.942189
2025-07-29,51485,2025072904023374,UPCL,Online Securities Pvt. Ltd.,Vision Securities Pvt. Ltd,580,429.0,248820.0,2025-07-29 13:39:12.942252
2025-07-29,51484,2025072904023375,UPCL,Linch Stock Market Ltd.,Vision Securities Pvt. Ltd,200,429.0,85800.0,2025-07-29 13:39:12.942276
2025-07-29,51483,2025072904023376,UPCL,Trishakti Securities Public Limited,Vision Securities Pvt. Ltd,50,429.0,21450.0,2025-07-29 13:39:12.942298
2025-07-29,51482,2025072904023377,UPCL,Online Securities Pvt. Ltd.,Vision Securities Pvt. Ltd,670,428.5,287095.0,2025-07-29 13:39:12.942332
2025-07-29,50394,2025072904023670,UPCL,Secured Securities Ltd.,Malla & Malla Stock Broking Company Pvt. Limited,19,432.5,8217.5,2025-07-29 13:41:20.720281
2025-07-29,50316,2025072904023693,UPCL,Dipshikha Dhitopatra Karobar Co. Pvt Ltd.,Imperial Securities Company Pvt. Ltd.,20,430.0,8600.0,2025-07-29 13:41:27.779819
2025-07-29,48895,2025072904024088,UPCL,Online Securities Pvt. Ltd.,KALASH STOCK MARKET PVT. LTD.,100,430.2,43020.0,2025-07-29 13:44:09.502939
2025-07-29,48894,2025072904024089,UPCL,Ashutosh Brokerage & Securities (PVT) Ltd.,KALASH STOCK MARKET PVT. LTD.,900,430.1,387090.0,2025-07-29 13:44:09.503598
2025-07-29,48759,2025072904024110,UPCL,Agrawal Securities (PVT) Ltd.,KALASH STOCK MARKET PVT. LTD.,500,430.2,215100.0,2025-07-29 13:44:21.541996
2025-07-29,48758,2025072904024111,UPCL,Ashutosh Brokerage & Securities (PVT) Ltd.,KALASH STOCK MARKET PVT. LTD.,100,430.1,43010.0,2025-07-29 13:44:21.542366
2025-07-29,48757,2025072904024112,UPCL,Dipshikha Dhitopatra Karobar Co. Pvt Ltd.,KALASH STOCK MARKET PVT. LTD.,80,430.0,34400.0,2025-07-29 13:44:21.542515
2025-07-29,48756,2025072904024113,UPCL,Dynamic Money Managers Securities Pvt. Ltd.,KALASH STOCK MARKET PVT. LTD.,320,430.0,137600.0,2025-07-29 13:44:21.542656
2025-07-29,48524,2025072904024173,UPCL,Dynamic Money Managers Securities Pvt. Ltd.,Sumeru Securities Pvt. Ltd.,680,430.0,292400.0,2025-07-29 13:44:41.652576
2025-07-29,48405,2025072904024217,UPCL,Kohinoor Investment & Securities Pvt. Ltd.,Dipshikha Dhitopatra Karobar Co. Pvt Ltd.,5,428.0,2140.0,2025-07-29 13:44:57.596467
2025-07-29,47768,2025072904024337,UPCL,Naasa Securities Co. Ltd.,Sumeru Securities Pvt. Ltd.,250,430.0,107500.0,2025-07-29 13:45:54.372446
2025-07-29,47548,2025072904024389,UPCL,Naasa Securities Co. Ltd.,Sumeru Securities Pvt. Ltd.,50,430.0,21500.0,2025-07-29 13:46:17.711362
2025-07-29,47547,2025072904024390,UPCL,Cristal Kanchanjanga Securites Pvt. Ltd.,Sumeru Securities Pvt. Ltd.,100,430.0,43000.0,2025-07-29 13:46:17.711718
2025-07-29,47190,2025072904024504,UPCL,Dipshikha Dhitopatra Karobar Co. Pvt Ltd.,Vision Securities Pvt. Ltd,50,430.2,21510.0,2025-07-29 13:46:53.873041
2025-07-29,46668,2025072904024652,UPCL,SHUBHAKAMANA SECURITIES PVT. LTD,ABC Securities Private Limited,200,430.2,86040.0,2025-07-29 13:47:58.526371
2025-07-29,46667,2025072904024653,UPCL,Naasa Securities Co. Ltd.,ABC Securities Private Limited,250,430.0,107500.0,2025-07-29 13:47:58.526774
2025-07-29,46319,2025072904024747,UPCL,Deevyaa Securities & Stock House Pvt. Ltd,ABC Securities Private Limited,450,430.0,193500.0,2025-07-29 13:48:32.255813
2025-07-29,46230,2025072904024757,UPCL,Sweta Securities Private Limited,Secured Securities Ltd.,20,429.1,8582.0,2025-07-29 13:48:39.507904
2025-07-29,46229,2025072904024758,UPCL,Naasa Securities Co. Ltd.,Secured Securities Ltd.,34,429.1,14589.4,2025-07-29 13:48:39.508281
2025-07-29,46154,2025072904024779,UPCL,Naasa Securities Co. Ltd.,ABC Securities Private Limited,16,429.1,6865.6,2025-07-29 13:48:47.205265
2025-07-29,46153,2025072904024780,UPCL,Aryatara Investment & Securities,ABC Securities Private Limited,300,429.1,128730.0,2025-07-29 13:48:47.205996
2025-07-29,46152,2025072904024781,UPCL,Capital Max Securities Ltd,ABC Securities Private Limited,2000,429.0,858000.0,2025-07-29 13:48:47.206466
2025-07-29,46151,2025072904024782,UPCL,Cristal Kanchanjanga Securites Pvt. Ltd.,ABC Securities Private Limited,100,429.0,42900.0,2025-07-29 13:48:47.206951
2025-07-29,46134,2025072904024785,UPCL,Aryatara Investment & Securities,Dynamic Money Managers Securities Pvt. Ltd.,300,428.9,128670.0,2025-07-29 13:48:50.564839
2025-07-29,45810,2025072904024860,UPCL,Sagarmatha Securities Private Limited,ABC Securities Private Limited,100,429.0,42900.0,2025-07-29 13:49:27.046507
2025-07-29,45757,2025072904024869,UPCL,Dynamic Money Managers Securities Pvt. Ltd.,ABC Securities Private Limited,884,429.0,379236.0,2025-07-29 13:49:33.910263
2025-07-29,45480,2025072904024938,UPCL,Sewa Securities Pvt. Ltd.,Capital Max Securities Ltd,1000,431.9,431900.0,2025-07-29 13:50:07.942405
2025-07-29,45479,2025072904024939,UPCL,Sewa Securities Pvt. Ltd.,Midas Stock Broking Company Private Limited,500,432.0,216000.0,2025-07-29 13:50:07.942774
2025-07-29,45478,2025072904024940,UPCL,Sewa Securities Pvt. Ltd.,Aryatara Investment & Securities,20,432.0,8640.0,2025-07-29 13:50:07.942925
2025-07-29,45477,2025072904024941,UPCL,Sewa Securities Pvt. Ltd.,Vision Securities Pvt. Ltd,802,432.0,346464.0,2025-07-29 13:50:07.943066
2025-07-29,45476,2025072904024942,UPCL,Sewa Securities Pvt. Ltd.,Shree Krishna Securities Ltd.,78,432.0,33696.0,2025-07-29 13:50:07.943213
2025-07-29,45475,2025072904024943,UPCL,Deevyaa Securities & Stock House Pvt. Ltd,Deevyaa Securities & Stock House Pvt. Ltd,54,429.1,23171.4,2025-07-29 13:50:08.267104
2025-07-29,45298,2025072904024994,UPCL,Dipshikha Dhitopatra Karobar Co. Pvt Ltd.,Malla & Malla Stock Broking Company Pvt. Limited,50,432.5,21625.0,2025-07-29 13:50:35.983202
2025-07-29,45016,2025072904025053,UPCL,Dipshikha Dhitopatra Karobar Co. Pvt Ltd.,Aryatara Investment & Securities,50,432.0,21600.0,2025-07-29 13:51:10.465548
2025-07-29,44422,2025072904025169,UPCL,Cristal Kanchanjanga Securites Pvt. Ltd.,Aryatara Investment & Securities,100,432.0,43200.0,2025-07-29 13:52:21.181030
2025-07-29,43246,2025072904025501,UPCL,Siprabi Securities Pvt. Ltd.,Aryatara Investment & Securities,200,432.0,86400.0,2025-07-29 13:54:48.381002
2025-07-29,42733,2025072904025607,UPCL,Deevyaa Securities & Stock House Pvt. Ltd,Sumeru Securities Pvt. Ltd.,51,430.3,21945.3,2025-07-29 13:56:00.713039
2025-07-29,42732,2025072904025608,UPCL,Dipshikha Dhitopatra Karobar Co. Pvt Ltd.,Sumeru Securities Pvt. Ltd.,50,430.2,21510.0,2025-07-29 13:56:00.713471
2025-07-29,42731,2025072904025609,UPCL,Agrawal Securities (PVT) Ltd.,Sumeru Securities Pvt. Ltd.,500,430.1,215050.0,2025-07-29 13:56:00.713654
2025-07-29,42730,2025072904025610,UPCL,Imperial Securities Company Pvt. Ltd.,Sumeru Securities Pvt. Ltd.,100,430.0,43000.0,2025-07-29 13:56:00.713850
2025-07-29,42729,2025072904025611,UPCL,Market Securities & Exchange (PVT) Ltd.,Sumeru Securities Pvt. Ltd.,500,430.0,215000.0,2025-07-29 13:56:00.714018
2025-07-29,42728,2025072904025612,UPCL,Cristal Kanchanjanga Securites Pvt. Ltd.,Sumeru Securities Pvt. Ltd.,100,430.0,43000.0,2025-07-29 13:56:00.714196
2025-07-29,42727,2025072904025613,UPCL,Trishakti Securities Public Limited,Sumeru Securities Pvt. Ltd.,20,430.0,8600.0,2025-07-29 13:56:00.714424
2025-07-29,42726,2025072904025614,UPCL,Dipshikha Dhitopatra Karobar Co. Pvt Ltd.,Sumeru Securities Pvt. Ltd.,100,430.0,43000.0,2025-07-29 13:56:00.714647
2025-07-29,42220,2025072904025733,UPCL,Sumeru Securities Pvt. Ltd.,Dynamic Money Managers Securities Pvt. Ltd.,10,429.7,4297.0,2025-07-29 13:57:21.227756
2025-07-29,41203,2025072904025964,UPCL,Sewa Securities Pvt. Ltd.,Aryatara Investment & Securities,240,432.0,103680.0,2025-07-29 13:59:26.836721
2025-07-29,40941,2025072904026023,UPCL,Malla & Malla Stock Broking Company Pvt. Limited,Sani Securities Company Ltd.,200,431.1,86220.0,2025-07-29 14:00:06.660388
2025-07-29,40940,2025072904026024,UPCL,Dipshikha Dhitopatra Karobar Co. Pvt Ltd.,Sani Securities Company Ltd.,100,431.0,43100.0,2025-07-29 14:00:06.660785
2025-07-29,40939,2025072904026025,UPCL,Sumeru Securities Pvt. Ltd.,Sani Securities Company Ltd.,200,430.1,86020.0,2025-07-29 14:00:06.660945
2025-07-29,40676,2025072904026090,UPCL,Sumeru Securities Pvt. Ltd.,Sundhara Securities Limited,300,430.1,129030.0,2025-07-29 14:00:36.358341
2025-07-29,40675,2025072904026091,UPCL,Dynamic Money Managers Securities Pvt. Ltd.,Sundhara Securities Limited,700,430.0,301000.0,2025-07-29 14:00:36.358769
2025-07-29,40502,2025072904026136,UPCL,Naasa Securities Co. Ltd.,Kohinoor Investment & Securities Pvt. Ltd.,100,431.0,43100.0,2025-07-29 14:00:58.520003
2025-07-29,40316,2025072904026178,UPCL,Dipshikha Dhitopatra Karobar Co. Pvt Ltd.,Malla & Malla Stock Broking Company Pvt. Limited,81,431.0,34911.0,2025-07-29 14:01:25.245794
2025-07-29,40195,2025072904026218,UPCL,Dipshikha Dhitopatra Karobar Co. Pvt Ltd.,Kohinoor Investment & Securities Pvt. Ltd.,19,431.0,8189.0,2025-07-29 14:01:40.151329
2025-07-29,40194,2025072904026219,UPCL,Sumeru Securities Pvt. Ltd.,Kohinoor Investment & Securities Pvt. Ltd.,500,431.0,215500.0,2025-07-29 14:01:40.151701
2025-07-29,40022,2025072904026275,UPCL,Naasa Securities Co. Ltd.,Kohinoor Investment & Securities Pvt. Ltd.,80,431.0,34480.0,2025-07-29 14:02:02.488512
2025-07-29,39794,2025072904026322,UPCL,Dipshikha Dhitopatra Karobar Co. Pvt Ltd.,Sumeru Securities Pvt. Ltd.,50,430.1,21505.0,2025-07-29 14:02:34.939731
2025-07-29,39793,2025072904026323,UPCL,Online Securities Pvt. Ltd.,Sumeru Securities Pvt. Ltd.,150,430.1,64515.0,2025-07-29 14:02:34.940148
2025-07-29,39792,2025072904026324,UPCL,Dynamic Money Managers Securities Pvt. Ltd.,Sumeru Securities Pvt. Ltd.,1200,430.0,516000.0,2025-07-29 14:02:34.940309
2025-07-29,39527,2025072904026357,UPCL,Dynamic Money Managers Securities Pvt. Ltd.,Aryatara Investment & Securities,100,430.0,43000.0,2025-07-29 14:03:08.177964
2025-07-29,39526,2025072904026358,UPCL,Oxford Securities Pvt. Ltd.,Aryatara Investment & Securities,100,430.0,43000.0,2025-07-29 14:03:08.178393
2025-07-29,39240,2025072904026415,UPCL,J.F. Securites (PVT) Ltd.,Trishakti Securities Public Limited,100,429.6,42960.0,2025-07-29 14:03:53.239860
2025-07-29,38847,2025072904026520,UPCL,Naasa Securities Co. Ltd.,Aryatara Investment & Securities,230,430.0,98900.0,2025-07-29 14:04:48.280412
2025-07-29,38077,2025072904026718,UPCL,Naasa Securities Co. Ltd.,Sani Securities Company Ltd.,25,429.9,10747.5,2025-07-29 14:06:17.715589
2025-07-29,37927,2025072904026752,UPCL,J.F. Securites (PVT) Ltd.,Nabil Stock Dealer Ltd.,400,429.6,171840.0,2025-07-29 14:06:33.403353
2025-07-29,37926,2025072904026753,UPCL,Sweta Securities Private Limited,Nabil Stock Dealer Ltd.,200,429.2,85840.0,2025-07-29 14:06:33.403765
2025-07-29,37925,2025072904026754,UPCL,Agrawal Securities (PVT) Ltd.,Nabil Stock Dealer Ltd.,500,429.2,214600.0,2025-07-29 14:06:33.403926
2025-07-29,37924,2025072904026755,UPCL,Trisul Securities & Invt. Ltd.,Nabil Stock Dealer Ltd.,200,429.1,85820.0,2025-07-29 14:06:33.404090
2025-07-29,37923,2025072904026756,UPCL,Arun Securities (PVT) Ltd.,Nabil Stock Dealer Ltd.,500,429.1,214550.0,2025-07-29 14:06:33.404248
2025-07-29,37922,2025072904026757,UPCL,Naasa Securities Co. Ltd.,Nabil Stock Dealer Ltd.,150,429.1,64365.0,2025-07-29 14:06:33.404415
2025-07-29,37921,2025072904026758,UPCL,Dynamic Money Managers Securities Pvt. Ltd.,Nabil Stock Dealer Ltd.,116,429.0,49764.0,2025-07-29 14:06:33.404583
2025-07-29,37920,2025072904026759,UPCL,Nepal Stock House (PVT) Ltd.,Nabil Stock Dealer Ltd.,200,429.0,85800.0,2025-07-29 14:06:33.404739
2025-07-29,37919,2025072904026760,UPCL,Capital Max Securities Ltd,Nabil Stock Dealer Ltd.,234,429.0,100386.0,2025-07-29 14:06:33.404891
