Date,S.N.,Contract ID,Symbol,Buyer Broker,Seller Broker,volume,rate,amount,transaction_time
2025-07-29,156774,2025072904000112,UPPER,Naasa Securities Co. Ltd.,Bhrikuti Stock Broking Co. Pvt. Ltd.,10,210.0,2100.0,2025-07-29 11:02:06.638650
2025-07-29,156433,2025072904000171,UPPER,Swarna Laxmi Securities Pvt. Ltd.,Bhrikuti Stock Broking Co. Pvt. Ltd.,290,210.0,60900.0,2025-07-29 11:02:49.899348
2025-07-29,156432,2025072904000172,UPPER,Swarna Laxmi Securities Pvt. Ltd.,Vision Securities Pvt. Ltd,710,210.0,149100.0,2025-07-29 11:02:49.899428
2025-07-29,156407,2025072904000175,UPPER,Naasa Securities Co. Ltd.,Vision Securities Pvt. Ltd,95,210.0,19950.0,2025-07-29 11:02:53.097793
2025-07-29,156127,2025072904000217,UPPER,Sani Securities Company Ltd.,Imperial Securities Company Pvt. Ltd.,251,209.9,52684.9,2025-07-29 11:03:24.152893
2025-07-29,155974,2025072904000246,UPPER,Vision Securities Pvt. Ltd,Imperial Securities Company Pvt. Ltd.,200,209.9,41980.0,2025-07-29 11:03:42.234448
2025-07-29,155886,2025072904000265,UPPER,Dipshikha Dhitopatra Karobar Co. Pvt Ltd.,Imperial Securities Company Pvt. Ltd.,49,209.9,10285.1,2025-07-29 11:03:52.964420
2025-07-29,155731,2025072904000308,UPPER,Sundhara Securities Limited,Vision Securities Pvt. Ltd,700,210.0,147000.0,2025-07-29 11:04:10.390602
2025-07-29,155670,2025072904000323,UPPER,Dakshinkali Investment & Securities Pvt. Ltd.,Vision Securities Pvt. Ltd,1275,210.0,267750.0,2025-07-29 11:04:16.377651
2025-07-29,155596,2025072904000333,UPPER,Sani Securities Company Ltd.,Vision Securities Pvt. Ltd,10,210.0,2100.0,2025-07-29 11:04:21.371521
2025-07-29,155489,2025072904000359,UPPER,Secured Securities Ltd.,Vision Securities Pvt. Ltd,210,210.0,44100.0,2025-07-29 11:04:33.440596
2025-07-29,155488,2025072904000360,UPPER,Secured Securities Ltd.,Naasa Securities Co. Ltd.,80,210.0,16800.0,2025-07-29 11:04:33.440723
2025-07-29,155487,2025072904000361,UPPER,Secured Securities Ltd.,Online Securities Pvt. Ltd.,10,210.0,2100.0,2025-07-29 11:04:33.440772
2025-07-29,154978,2025072904000498,UPPER,Creative Securities Pvt Ltd,Opal Securities Investment (PVT) Ltd.,14,210.5,2947.0,2025-07-29 11:05:24.475004
2025-07-29,154977,2025072904000499,UPPER,Creative Securities Pvt Ltd,Bhrikuti Stock Broking Co. Pvt. Ltd.,300,211.0,63300.0,2025-07-29 11:05:24.475225
2025-07-29,154976,2025072904000500,UPPER,Creative Securities Pvt Ltd,Neev Securities Pvt. Ltd.,186,211.0,39246.0,2025-07-29 11:05:24.475394
2025-07-29,154690,2025072904000559,UPPER,Vision Securities Pvt. Ltd,Neev Securities Pvt. Ltd.,14,211.0,2954.0,2025-07-29 11:05:54.860859
2025-07-29,154689,2025072904000560,UPPER,Vision Securities Pvt. Ltd,Sani Securities Company Ltd.,251,211.0,52961.0,2025-07-29 11:05:54.861089
2025-07-29,154653,2025072904000569,UPPER,Malla & Malla Stock Broking Company Pvt. Limited,Sani Securities Company Ltd.,500,211.0,105500.0,2025-07-29 11:05:57.970610
2025-07-29,154396,2025072904000636,UPPER,Oxford Securities Pvt. Ltd.,Sani Securities Company Ltd.,50,211.0,10550.0,2025-07-29 11:06:19.116236
2025-07-29,154259,2025072904000663,UPPER,Dipshikha Dhitopatra Karobar Co. Pvt Ltd.,Sani Securities Company Ltd.,199,211.0,41989.0,2025-07-29 11:06:29.653105
2025-07-29,154189,2025072904000675,UPPER,ABC Securities Private Limited,Primo Securities (PVT) Ltd.,300,211.0,63300.0,2025-07-29 11:06:35.469470
2025-07-29,153974,2025072904000720,UPPER,ABC Securities Private Limited,Vision Securities Pvt. Ltd,50,211.0,10550.0,2025-07-29 11:06:56.143569
2025-07-29,153803,2025072904000761,UPPER,Secured Securities Ltd.,Premier Securities Company Ltd.,500,211.5,105750.0,2025-07-29 11:07:09.161097
2025-07-29,153802,2025072904000762,UPPER,Secured Securities Ltd.,Sweta Securities Private Limited,200,212.0,42400.0,2025-07-29 11:07:09.161228
2025-07-29,153470,2025072904000835,UPPER,ABC Securities Private Limited,Imperial Securities Company Pvt. Ltd.,150,211.0,31650.0,2025-07-29 11:07:35.840854
2025-07-29,153469,2025072904000836,UPPER,Sewa Securities Pvt. Ltd.,Imperial Securities Company Pvt. Ltd.,350,211.0,73850.0,2025-07-29 11:07:35.840981
2025-07-29,152874,2025072904000999,UPPER,Nepal Stock House (PVT) Ltd.,Opal Securities Investment (PVT) Ltd.,10,211.5,2115.0,2025-07-29 11:08:29.796983
2025-07-29,152873,2025072904001000,UPPER,Nepal Stock House (PVT) Ltd.,Vision Securities Pvt. Ltd,60,211.5,12690.0,2025-07-29 11:08:29.797154
2025-07-29,152872,2025072904001001,UPPER,Nepal Stock House (PVT) Ltd.,Sweta Securities Private Limited,800,212.0,169600.0,2025-07-29 11:08:29.797233
2025-07-29,152871,2025072904001002,UPPER,Nepal Stock House (PVT) Ltd.,Elite Stock House Limited,50,212.0,10600.0,2025-07-29 11:08:29.797306
2025-07-29,152870,2025072904001003,UPPER,Nepal Stock House (PVT) Ltd.,Sundhara Securities Limited,80,212.0,16960.0,2025-07-29 11:08:29.797397
2025-07-29,152741,2025072904001043,UPPER,Kumari Securities Private Limited,Swarna Laxmi Securities Pvt. Ltd.,100,211.5,21150.0,2025-07-29 11:08:41.796813
2025-07-29,152740,2025072904001044,UPPER,Sewa Securities Pvt. Ltd.,Swarna Laxmi Securities Pvt. Ltd.,150,211.0,31650.0,2025-07-29 11:08:41.796968
2025-07-29,152739,2025072904001045,UPPER,Sri Hari Securities Pvt. Ltd.,Swarna Laxmi Securities Pvt. Ltd.,170,211.0,35870.0,2025-07-29 11:08:41.797043
2025-07-29,152545,2025072904001095,UPPER,Naasa Securities Co. Ltd.,Sweta Securities Private Limited,20,210.9,4218.0,2025-07-29 11:08:56.792107
2025-07-29,152544,2025072904001096,UPPER,ABC Securities Private Limited,Sweta Securities Private Limited,10,210.8,2108.0,2025-07-29 11:08:56.792449
2025-07-29,152543,2025072904001097,UPPER,Naasa Securities Co. Ltd.,Sweta Securities Private Limited,370,210.6,77922.0,2025-07-29 11:08:56.792662
2025-07-29,152487,2025072904001130,UPPER,Nepal Stock House (PVT) Ltd.,Swarna Laxmi Securities Pvt. Ltd.,500,211.0,105500.0,2025-07-29 11:09:00.460947
2025-07-29,152220,2025072904001214,UPPER,Naasa Securities Co. Ltd.,Naasa Securities Co. Ltd.,1530,210.6,322218.0,2025-07-29 11:09:19.795669
2025-07-29,152219,2025072904001215,UPPER,Dakshinkali Investment & Securities Pvt. Ltd.,Naasa Securities Co. Ltd.,500,210.5,105250.0,2025-07-29 11:09:19.795857
2025-07-29,152218,2025072904001216,UPPER,Sumeru Securities Pvt. Ltd.,Naasa Securities Co. Ltd.,150,210.5,31575.0,2025-07-29 11:09:19.795927
2025-07-29,152217,2025072904001217,UPPER,Sundhara Securities Limited,Naasa Securities Co. Ltd.,250,210.4,52600.0,2025-07-29 11:09:19.796000
2025-07-29,152216,2025072904001218,UPPER,Swarna Laxmi Securities Pvt. Ltd.,Naasa Securities Co. Ltd.,1000,210.3,210300.0,2025-07-29 11:09:19.796061
2025-07-29,152215,2025072904001219,UPPER,Nepal Stock House (PVT) Ltd.,Naasa Securities Co. Ltd.,100,210.1,21010.0,2025-07-29 11:09:19.796124
2025-07-29,152214,2025072904001220,UPPER,Nepal Stock House (PVT) Ltd.,Naasa Securities Co. Ltd.,2470,210.0,518700.0,2025-07-29 11:09:19.796192
2025-07-29,151462,2025072904001467,UPPER,Naasa Securities Co. Ltd.,Imperial Securities Company Pvt. Ltd.,71,210.1,14917.1,2025-07-29 11:10:18.348630
2025-07-29,151461,2025072904001468,UPPER,Nepal Stock House (PVT) Ltd.,Imperial Securities Company Pvt. Ltd.,171,210.0,35910.0,2025-07-29 11:10:18.348813
2025-07-29,151243,2025072904001522,UPPER,Nepal Stock House (PVT) Ltd.,J.F. Securites (PVT) Ltd.,200,210.0,42000.0,2025-07-29 11:10:36.704822
2025-07-29,151120,2025072904001551,UPPER,Nepal Stock House (PVT) Ltd.,Nepal Stock House (PVT) Ltd.,10,210.0,2100.0,2025-07-29 11:10:46.866965
2025-07-29,151098,2025072904001558,UPPER,Creative Securities Pvt Ltd,Agrawal Securities (PVT) Ltd.,300,210.1,63030.0,2025-07-29 11:10:49.740656
2025-07-29,150956,2025072904001609,UPPER,Nepal Stock House (PVT) Ltd.,Sweta Securities Private Limited,100,210.0,21000.0,2025-07-29 11:10:59.596269
2025-07-29,150955,2025072904001610,UPPER,Nepal Stock House (PVT) Ltd.,Naasa Securities Co. Ltd.,49,210.0,10290.0,2025-07-29 11:10:59.614109
2025-07-29,150954,2025072904001611,UPPER,Naasa Securities Co. Ltd.,Naasa Securities Co. Ltd.,300,210.0,63000.0,2025-07-29 11:10:59.614289
2025-07-29,150953,2025072904001612,UPPER,Sweta Securities Private Limited,Naasa Securities Co. Ltd.,50,210.0,10500.0,2025-07-29 11:10:59.614376
2025-07-29,150952,2025072904001613,UPPER,Vision Securities Pvt. Ltd,Naasa Securities Co. Ltd.,300,210.0,63000.0,2025-07-29 11:10:59.614458
2025-07-29,150951,2025072904001614,UPPER,Opal Securities Investment (PVT) Ltd.,Naasa Securities Co. Ltd.,20,210.0,4200.0,2025-07-29 11:10:59.614536
2025-07-29,150950,2025072904001615,UPPER,Thrive Brokerage House Pvt. Ltd,Naasa Securities Co. Ltd.,150,210.0,31500.0,2025-07-29 11:10:59.614616
2025-07-29,150928,2025072904001620,UPPER,Naasa Securities Co. Ltd.,Naasa Securities Co. Ltd.,40,210.0,8400.0,2025-07-29 11:11:00.449356
2025-07-29,150915,2025072904001621,UPPER,Malla & Malla Stock Broking Company Pvt. Limited,Naasa Securities Co. Ltd.,330,210.0,69300.0,2025-07-29 11:11:01.763866
2025-07-29,150518,2025072904001711,UPPER,Naasa Securities Co. Ltd.,Naasa Securities Co. Ltd.,60,210.0,12600.0,2025-07-29 11:11:37.122466
2025-07-29,149959,2025072904001837,UPPER,Dipshikha Dhitopatra Karobar Co. Pvt Ltd.,Aryatara Investment & Securities,50,209.0,10450.0,2025-07-29 11:12:19.639696
2025-07-29,149945,2025072904001842,UPPER,Sri Hari Securities Pvt. Ltd.,Naasa Securities Co. Ltd.,201,210.0,42210.0,2025-07-29 11:12:21.077908
2025-07-29,149944,2025072904001843,UPPER,Sri Hari Securities Pvt. Ltd.,Sani Securities Company Ltd.,200,210.0,42000.0,2025-07-29 11:12:21.078122
2025-07-29,149943,2025072904001844,UPPER,Sri Hari Securities Pvt. Ltd.,Naasa Securities Co. Ltd.,50,210.0,10500.0,2025-07-29 11:12:21.078204
2025-07-29,149942,2025072904001845,UPPER,Sri Hari Securities Pvt. Ltd.,Kohinoor Investment & Securities Pvt. Ltd.,54,210.0,11340.0,2025-07-29 11:12:21.078284
2025-07-29,149920,2025072904001852,UPPER,Dipshikha Dhitopatra Karobar Co. Pvt Ltd.,Neev Securities Pvt. Ltd.,104,209.0,21736.0,2025-07-29 11:12:23.639062
2025-07-29,149650,2025072904001933,UPPER,Dipshikha Dhitopatra Karobar Co. Pvt Ltd.,Vision Securities Pvt. Ltd,830,209.0,173470.0,2025-07-29 11:12:49.551220
2025-07-29,149535,2025072904001967,UPPER,Sani Securities Company Ltd.,Kohinoor Investment & Securities Pvt. Ltd.,500,210.0,105000.0,2025-07-29 11:12:59.002633
2025-07-29,149239,2025072904002034,UPPER,South Asian Bulls Pvt. Ltd.,ABC Securities Private Limited,100,209.2,20920.0,2025-07-29 11:13:31.200032
2025-07-29,149238,2025072904002035,UPPER,Neev Securities Pvt. Ltd.,ABC Securities Private Limited,200,209.1,41820.0,2025-07-29 11:13:31.200220
2025-07-29,149182,2025072904002041,UPPER,Asian Securities Private Ltd.,J.F. Securites (PVT) Ltd.,313,210.0,65730.0,2025-07-29 11:13:34.047737
2025-07-29,149181,2025072904002042,UPPER,Asian Securities Private Ltd.,Dynamic Money Managers Securities Pvt. Ltd.,100,210.0,21000.0,2025-07-29 11:13:34.047923
2025-07-29,149180,2025072904002043,UPPER,Asian Securities Private Ltd.,Cristal Kanchanjanga Securites Pvt. Ltd.,87,210.0,18270.0,2025-07-29 11:13:34.048010
2025-07-29,149111,2025072904002070,UPPER,Sewa Securities Pvt. Ltd.,Cristal Kanchanjanga Securites Pvt. Ltd.,200,210.0,42000.0,2025-07-29 11:13:41.270646
2025-07-29,148036,2025072904002360,UPPER,Opal Securities Investment (PVT) Ltd.,Naasa Securities Co. Ltd.,40,209.5,8380.0,2025-07-29 11:15:17.810239
2025-07-29,148004,2025072904002368,UPPER,Opal Securities Investment (PVT) Ltd.,Sumeru Securities Pvt. Ltd.,30,209.5,6285.0,2025-07-29 11:15:21.833516
2025-07-29,147915,2025072904002399,UPPER,Creative Securities Pvt Ltd,Dipshikha Dhitopatra Karobar Co. Pvt Ltd.,300,209.9,62970.0,2025-07-29 11:15:28.394470
2025-07-29,147914,2025072904002400,UPPER,Creative Securities Pvt Ltd,Naasa Securities Co. Ltd.,200,209.9,41980.0,2025-07-29 11:15:28.394688
2025-07-29,147726,2025072904002439,UPPER,Opal Securities Investment (PVT) Ltd.,Sundhara Securities Limited,130,209.5,27235.0,2025-07-29 11:15:40.866950
2025-07-29,147473,2025072904002491,UPPER,Opal Securities Investment (PVT) Ltd.,Primo Securities (PVT) Ltd.,50,209.3,10465.0,2025-07-29 11:16:03.702241
2025-07-29,147086,2025072904002587,UPPER,Opal Securities Investment (PVT) Ltd.,Dynamic Money Managers Securities Pvt. Ltd.,50,209.3,10465.0,2025-07-29 11:16:39.964683
2025-07-29,147085,2025072904002588,UPPER,Linch Stock Market Ltd.,Dynamic Money Managers Securities Pvt. Ltd.,85,209.3,17790.5,2025-07-29 11:16:39.965135
2025-07-29,146837,2025072904002641,UPPER,Naasa Securities Co. Ltd.,Dynamic Money Managers Securities Pvt. Ltd.,65,209.3,13604.5,2025-07-29 11:17:03.841853
2025-07-29,145546,2025072904002950,UPPER,Naasa Securities Co. Ltd.,Kumari Securities Private Limited,44,209.3,9209.2,2025-07-29 11:18:59.491891
2025-07-29,145545,2025072904002951,UPPER,Neev Securities Pvt. Ltd.,Kumari Securities Private Limited,100,209.1,20910.0,2025-07-29 11:18:59.492154
2025-07-29,145544,2025072904002952,UPPER,Dipshikha Dhitopatra Karobar Co. Pvt Ltd.,Kumari Securities Private Limited,516,209.0,107844.0,2025-07-29 11:18:59.492264
2025-07-29,145543,2025072904002953,UPPER,Thrive Brokerage House Pvt. Ltd,Kumari Securities Private Limited,150,209.0,31350.0,2025-07-29 11:18:59.492378
2025-07-29,145542,2025072904002954,UPPER,Kohinoor Investment & Securities Pvt. Ltd.,Kumari Securities Private Limited,200,209.0,41800.0,2025-07-29 11:18:59.492489
2025-07-29,145541,2025072904002955,UPPER,Opal Securities Investment (PVT) Ltd.,Kumari Securities Private Limited,100,209.0,20900.0,2025-07-29 11:18:59.492611
2025-07-29,145540,2025072904002956,UPPER,Sundhara Securities Limited,Kumari Securities Private Limited,200,209.0,41800.0,2025-07-29 11:18:59.492722
2025-07-29,145539,2025072904002957,UPPER,Agrawal Securities (PVT) Ltd.,Kumari Securities Private Limited,50,209.0,10450.0,2025-07-29 11:18:59.492830
2025-07-29,145538,2025072904002958,UPPER,Aryatara Investment & Securities,Kumari Securities Private Limited,350,209.0,73150.0,2025-07-29 11:18:59.492951
2025-07-29,145537,2025072904002959,UPPER,Naasa Securities Co. Ltd.,Kumari Securities Private Limited,10,209.0,2090.0,2025-07-29 11:18:59.493063
2025-07-29,145536,2025072904002960,UPPER,Naasa Securities Co. Ltd.,Kumari Securities Private Limited,100,209.0,20900.0,2025-07-29 11:18:59.493176
2025-07-29,145535,2025072904002961,UPPER,Dipshikha Dhitopatra Karobar Co. Pvt Ltd.,Kumari Securities Private Limited,20,209.0,4180.0,2025-07-29 11:18:59.493283
2025-07-29,145534,2025072904002962,UPPER,Swarna Laxmi Securities Pvt. Ltd.,Kumari Securities Private Limited,500,209.0,104500.0,2025-07-29 11:18:59.493410
2025-07-29,145533,2025072904002963,UPPER,J.F. Securites (PVT) Ltd.,Kumari Securities Private Limited,100,209.0,20900.0,2025-07-29 11:18:59.493548
2025-07-29,145532,2025072904002964,UPPER,Opal Securities Investment (PVT) Ltd.,Kumari Securities Private Limited,60,209.0,12540.0,2025-07-29 11:18:59.493658
2025-07-29,145393,2025072904002989,UPPER,Kalika Securities Pvt. Ltd.,Kumari Securities Private Limited,11,209.8,2307.8,2025-07-29 11:19:13.775626
2025-07-29,145362,2025072904003001,UPPER,Opal Securities Investment (PVT) Ltd.,Nepal Stock House (PVT) Ltd.,40,209.0,8360.0,2025-07-29 11:19:16.531668
2025-07-29,145202,2025072904003037,UPPER,ABC Securities Private Limited,Sri Hari Securities Pvt. Ltd.,10,208.3,2083.0,2025-07-29 11:19:38.318516
2025-07-29,145201,2025072904003038,UPPER,Kohinoor Investment & Securities Pvt. Ltd.,Sri Hari Securities Pvt. Ltd.,84,208.2,17488.8,2025-07-29 11:19:38.318788
2025-07-29,145085,2025072904003067,UPPER,Kohinoor Investment & Securities Pvt. Ltd.,Secured Securities Ltd.,57,208.2,11867.4,2025-07-29 11:19:49.998657
2025-07-29,144897,2025072904003099,UPPER,Kohinoor Investment & Securities Pvt. Ltd.,Creative Securities Pvt Ltd,300,208.2,62460.0,2025-07-29 11:20:06.510493
2025-07-29,144144,2025072904003272,UPPER,Online Securities Pvt. Ltd.,Nepal Stock House (PVT) Ltd.,100,209.0,20900.0,2025-07-29 11:21:18.095364
2025-07-29,144055,2025072904003287,UPPER,Vision Securities Pvt. Ltd,Nepal Stock House (PVT) Ltd.,150,209.0,31350.0,2025-07-29 11:21:25.904611
2025-07-29,144020,2025072904003291,UPPER,Naasa Securities Co. Ltd.,Nepal Stock House (PVT) Ltd.,200,209.0,41800.0,2025-07-29 11:21:29.284483
2025-07-29,143807,2025072904003329,UPPER,Bhrikuti Stock Broking Co. Pvt. Ltd.,Sundhara Securities Limited,84,208.5,17514.0,2025-07-29 11:21:46.171820
2025-07-29,143806,2025072904003330,UPPER,Malla & Malla Stock Broking Company Pvt. Limited,Sundhara Securities Limited,70,208.5,14595.0,2025-07-29 11:21:46.172083
2025-07-29,143756,2025072904003343,UPPER,Dipshikha Dhitopatra Karobar Co. Pvt Ltd.,Nepal Stock House (PVT) Ltd.,100,209.0,20900.0,2025-07-29 11:21:52.365396
2025-07-29,143642,2025072904003359,UPPER,Kohinoor Investment & Securities Pvt. Ltd.,Nepal Stock House (PVT) Ltd.,100,209.0,20900.0,2025-07-29 11:22:02.991083
2025-07-29,143602,2025072904003366,UPPER,Naasa Securities Co. Ltd.,Nepal Stock House (PVT) Ltd.,70,209.0,14630.0,2025-07-29 11:22:06.672335
2025-07-29,143516,2025072904003373,UPPER,Nepal Stock House (PVT) Ltd.,Nepal Stock House (PVT) Ltd.,30,209.0,6270.0,2025-07-29 11:22:11.184771
2025-07-29,143515,2025072904003374,UPPER,Nepal Stock House (PVT) Ltd.,Investment Management Nepal Pvt. Ltd.,70,209.0,14630.0,2025-07-29 11:22:11.185047
2025-07-29,143454,2025072904003400,UPPER,Dipshikha Dhitopatra Karobar Co. Pvt Ltd.,Investment Management Nepal Pvt. Ltd.,100,209.0,20900.0,2025-07-29 11:22:14.710437
2025-07-29,143415,2025072904003410,UPPER,Kumari Securities Private Limited,Investment Management Nepal Pvt. Ltd.,25,209.0,5225.0,2025-07-29 11:22:16.977235
2025-07-29,143320,2025072904003435,UPPER,Dynamic Money Managers Securities Pvt. Ltd.,Investment Management Nepal Pvt. Ltd.,240,209.0,50160.0,2025-07-29 11:22:22.598362
2025-07-29,143296,2025072904003442,UPPER,Capital Max Securities Ltd,Investment Management Nepal Pvt. Ltd.,1565,209.0,327085.0,2025-07-29 11:22:25.812145
2025-07-29,143295,2025072904003443,UPPER,Capital Max Securities Ltd,Sani Securities Company Ltd.,19,209.0,3971.0,2025-07-29 11:22:25.812444
2025-07-29,143294,2025072904003444,UPPER,Capital Max Securities Ltd,J.F. Securites (PVT) Ltd.,144,209.0,30096.0,2025-07-29 11:22:25.812580
2025-07-29,143293,2025072904003445,UPPER,Capital Max Securities Ltd,Premier Securities Company Ltd.,150,209.0,31350.0,2025-07-29 11:22:25.812689
2025-07-29,143081,2025072904003494,UPPER,Agrawal Securities (PVT) Ltd.,Kumari Securities Private Limited,89,209.8,18672.2,2025-07-29 11:22:40.378886
2025-07-29,143080,2025072904003495,UPPER,Agrawal Securities (PVT) Ltd.,Dipshikha Dhitopatra Karobar Co. Pvt Ltd.,30,209.9,6297.0,2025-07-29 11:22:40.379173
2025-07-29,143079,2025072904003496,UPPER,Agrawal Securities (PVT) Ltd.,Cristal Kanchanjanga Securites Pvt. Ltd.,381,210.0,80010.0,2025-07-29 11:22:40.379288
2025-07-29,142911,2025072904003530,UPPER,Naasa Securities Co. Ltd.,Cristal Kanchanjanga Securites Pvt. Ltd.,40,210.0,8400.0,2025-07-29 11:22:54.897920
2025-07-29,142843,2025072904003542,UPPER,Kumari Securities Private Limited,Cristal Kanchanjanga Securites Pvt. Ltd.,292,210.0,61320.0,2025-07-29 11:22:59.493905
2025-07-29,142842,2025072904003543,UPPER,Kumari Securities Private Limited,Dynamic Money Managers Securities Pvt. Ltd.,100,210.0,21000.0,2025-07-29 11:22:59.494255
2025-07-29,142841,2025072904003544,UPPER,Kumari Securities Private Limited,J.F. Securites (PVT) Ltd.,18,210.0,3780.0,2025-07-29 11:22:59.494460
2025-07-29,142840,2025072904003545,UPPER,Kumari Securities Private Limited,Dipshikha Dhitopatra Karobar Co. Pvt Ltd.,104,210.0,21840.0,2025-07-29 11:22:59.494620
2025-07-29,142839,2025072904003546,UPPER,Kumari Securities Private Limited,SHUBHAKAMANA SECURITIES PVT. LTD,250,210.0,52500.0,2025-07-29 11:22:59.494791
2025-07-29,142838,2025072904003547,UPPER,Kumari Securities Private Limited,Nepal Investment And Securities Trading Private Limited,236,210.0,49560.0,2025-07-29 11:22:59.494958
2025-07-29,142775,2025072904003569,UPPER,Asian Securities Private Ltd.,Nepal Investment And Securities Trading Private Limited,121,210.0,25410.0,2025-07-29 11:23:04.364967
2025-07-29,142774,2025072904003570,UPPER,Asian Securities Private Ltd.,Sani Securities Company Ltd.,879,210.0,184590.0,2025-07-29 11:23:04.365212
2025-07-29,142504,2025072904003615,UPPER,Deevyaa Securities & Stock House Pvt. Ltd,Dynamic Money Managers Securities Pvt. Ltd.,1000,209.1,209100.0,2025-07-29 11:23:23.455171
2025-07-29,142273,2025072904003659,UPPER,Kohinoor Investment & Securities Pvt. Ltd.,Linch Stock Market Ltd.,100,209.2,20920.0,2025-07-29 11:23:41.356162
2025-07-29,142272,2025072904003660,UPPER,Deevyaa Securities & Stock House Pvt. Ltd,Linch Stock Market Ltd.,200,209.1,41820.0,2025-07-29 11:23:41.356449
2025-07-29,142110,2025072904003698,UPPER,Capital Max Securities Ltd,Dakshinkali Investment & Securities Pvt. Ltd.,80,209.0,16720.0,2025-07-29 11:23:53.339738
2025-07-29,142011,2025072904003708,UPPER,Kumari Securities Private Limited,Sani Securities Company Ltd.,121,210.0,25410.0,2025-07-29 11:24:01.109393
2025-07-29,142010,2025072904003709,UPPER,Kumari Securities Private Limited,Dynamic Money Managers Securities Pvt. Ltd.,79,210.0,16590.0,2025-07-29 11:24:01.109672
2025-07-29,141629,2025072904003794,UPPER,Naasa Securities Co. Ltd.,Dynamic Money Managers Securities Pvt. Ltd.,57,210.0,11970.0,2025-07-29 11:24:23.655188
2025-07-29,141628,2025072904003795,UPPER,Naasa Securities Co. Ltd.,Pragyan Securities (PVT) Ltd.,200,210.0,42000.0,2025-07-29 11:24:23.655499
2025-07-29,141627,2025072904003796,UPPER,Naasa Securities Co. Ltd.,Naasa Securities Co. Ltd.,170,210.0,35700.0,2025-07-29 11:24:23.655620
2025-07-29,141626,2025072904003797,UPPER,Naasa Securities Co. Ltd.,Online Securities Pvt. Ltd.,573,210.0,120330.0,2025-07-29 11:24:23.655736
2025-07-29,141075,2025072904003918,UPPER,Capital Max Securities Ltd,Vision Securities Pvt. Ltd,100,209.0,20900.0,2025-07-29 11:25:02.776610
2025-07-29,140799,2025072904003980,UPPER,Nepal Stock House (PVT) Ltd.,Shree Krishna Securities Ltd.,100,210.0,21000.0,2025-07-29 11:25:22.168912
2025-07-29,140670,2025072904004015,UPPER,Capital Max Securities Ltd,Malla & Malla Stock Broking Company Pvt. Limited,942,209.0,196878.0,2025-07-29 11:25:33.294140
2025-07-29,140669,2025072904004016,UPPER,Investment Management Nepal Pvt. Ltd.,Malla & Malla Stock Broking Company Pvt. Limited,58,209.0,12122.0,2025-07-29 11:25:33.294454
2025-07-29,140460,2025072904004063,UPPER,Malla & Malla Stock Broking Company Pvt. Limited,Nepal Stock House (PVT) Ltd.,300,209.1,62730.0,2025-07-29 11:25:51.741992
2025-07-29,140430,2025072904004069,UPPER,Malla & Malla Stock Broking Company Pvt. Limited,Secured Securities Ltd.,130,209.1,27183.0,2025-07-29 11:25:54.275704
2025-07-29,140429,2025072904004070,UPPER,Investment Management Nepal Pvt. Ltd.,Secured Securities Ltd.,42,209.0,8778.0,2025-07-29 11:25:54.275989
2025-07-29,140428,2025072904004071,UPPER,Online Securities Pvt. Ltd.,Secured Securities Ltd.,28,209.0,5852.0,2025-07-29 11:25:54.276114
2025-07-29,140220,2025072904004123,UPPER,Online Securities Pvt. Ltd.,Primo Securities (PVT) Ltd.,12,209.0,2508.0,2025-07-29 11:26:14.279926
2025-07-29,140219,2025072904004124,UPPER,Naasa Securities Co. Ltd.,Primo Securities (PVT) Ltd.,578,209.0,120802.0,2025-07-29 11:26:14.280518
2025-07-29,140121,2025072904004144,UPPER,Naasa Securities Co. Ltd.,Aryatara Investment & Securities,422,209.0,88198.0,2025-07-29 11:26:26.824088
2025-07-29,140120,2025072904004145,UPPER,Trisul Securities & Invt. Ltd.,Aryatara Investment & Securities,1000,209.0,209000.0,2025-07-29 11:26:26.824688
2025-07-29,140119,2025072904004146,UPPER,Naasa Securities Co. Ltd.,Aryatara Investment & Securities,250,209.0,52250.0,2025-07-29 11:26:26.825087
2025-07-29,140118,2025072904004147,UPPER,Opal Securities Investment (PVT) Ltd.,Aryatara Investment & Securities,100,209.0,20900.0,2025-07-29 11:26:26.825503
2025-07-29,139976,2025072904004177,UPPER,Opal Securities Investment (PVT) Ltd.,Aryatara Investment & Securities,100,209.0,20900.0,2025-07-29 11:26:42.433126
2025-07-29,139919,2025072904004189,UPPER,Capital Max Securities Ltd,Aryatara Investment & Securities,24,209.0,5016.0,2025-07-29 11:26:49.073457
2025-07-29,139888,2025072904004192,UPPER,Kohinoor Investment & Securities Pvt. Ltd.,Aryatara Investment & Securities,100,209.0,20900.0,2025-07-29 11:26:51.616030
2025-07-29,139495,2025072904004263,UPPER,Sundhara Securities Limited,Oxford Securities Pvt. Ltd.,60,209.9,12594.0,2025-07-29 11:27:22.394230
2025-07-29,139269,2025072904004306,UPPER,Aryatara Investment & Securities,Oxford Securities Pvt. Ltd.,40,209.9,8396.0,2025-07-29 11:27:46.262888
2025-07-29,139256,2025072904004308,UPPER,Aryatara Investment & Securities,Naasa Securities Co. Ltd.,60,209.9,12594.0,2025-07-29 11:27:47.474372
2025-07-29,139255,2025072904004309,UPPER,Naasa Securities Co. Ltd.,Naasa Securities Co. Ltd.,940,209.0,196460.0,2025-07-29 11:27:47.474708
2025-07-29,138963,2025072904004368,UPPER,Naasa Securities Co. Ltd.,Sharepro Securities Private Limited,60,209.0,12540.0,2025-07-29 11:28:12.816914
2025-07-29,138962,2025072904004369,UPPER,Agrawal Securities (PVT) Ltd.,Sharepro Securities Private Limited,20,209.0,4180.0,2025-07-29 11:28:12.817223
2025-07-29,138961,2025072904004370,UPPER,Vision Securities Pvt. Ltd,Sharepro Securities Private Limited,10,209.0,2090.0,2025-07-29 11:28:12.817372
2025-07-29,138659,2025072904004475,UPPER,Naasa Securities Co. Ltd.,Sharepro Securities Private Limited,10,209.1,2091.0,2025-07-29 11:28:35.975174
2025-07-29,138475,2025072904004552,UPPER,Naasa Securities Co. Ltd.,Naasa Securities Co. Ltd.,51,209.1,10664.1,2025-07-29 11:28:51.181003
2025-07-29,138474,2025072904004553,UPPER,Imperial Securities Company Pvt. Ltd.,Naasa Securities Co. Ltd.,50,209.1,10455.0,2025-07-29 11:28:51.181341
2025-07-29,138473,2025072904004554,UPPER,Vision Securities Pvt. Ltd,Naasa Securities Co. Ltd.,490,209.0,102410.0,2025-07-29 11:28:51.181487
2025-07-29,138472,2025072904004555,UPPER,Opal Securities Investment (PVT) Ltd.,Naasa Securities Co. Ltd.,89,209.0,18601.0,2025-07-29 11:28:51.181619
2025-07-29,138231,2025072904004610,UPPER,Nabil Stock Dealer Ltd.,Shree Krishna Securities Ltd.,486,210.0,102060.0,2025-07-29 11:29:10.660260
2025-07-29,138230,2025072904004611,UPPER,Nabil Stock Dealer Ltd.,Naasa Securities Co. Ltd.,14,210.0,2940.0,2025-07-29 11:29:10.660608
2025-07-29,137981,2025072904004677,UPPER,Sagarmatha Securities Private Limited,Naasa Securities Co. Ltd.,386,210.0,81060.0,2025-07-29 11:29:35.819616
2025-07-29,137980,2025072904004678,UPPER,Sagarmatha Securities Private Limited,Nepal Stock House (PVT) Ltd.,500,210.0,105000.0,2025-07-29 11:29:35.819925
2025-07-29,137979,2025072904004679,UPPER,Sagarmatha Securities Private Limited,Sani Securities Company Ltd.,100,210.0,21000.0,2025-07-29 11:29:35.820069
2025-07-29,137978,2025072904004680,UPPER,Sagarmatha Securities Private Limited,Trishakti Securities Public Limited,14,210.0,2940.0,2025-07-29 11:29:35.820220
2025-07-29,137949,2025072904004688,UPPER,Nabil Stock Dealer Ltd.,Trishakti Securities Public Limited,11,210.0,2310.0,2025-07-29 11:29:38.739362
2025-07-29,137948,2025072904004689,UPPER,Nabil Stock Dealer Ltd.,Naasa Securities Co. Ltd.,20,210.0,4200.0,2025-07-29 11:29:38.739974
2025-07-29,137947,2025072904004690,UPPER,Nabil Stock Dealer Ltd.,Naasa Securities Co. Ltd.,100,210.0,21000.0,2025-07-29 11:29:38.740454
2025-07-29,137677,2025072904004756,UPPER,Nabil Stock Dealer Ltd.,Dynamic Money Managers Securities Pvt. Ltd.,369,210.0,77490.0,2025-07-29 11:30:01.607472
2025-07-29,136605,2025072904004998,UPPER,Premier Securities Company Ltd.,Naasa Securities Co. Ltd.,100,209.2,20920.0,2025-07-29 11:31:44.974838
2025-07-29,136604,2025072904004999,UPPER,Oxford Securities Pvt. Ltd.,Naasa Securities Co. Ltd.,75,209.1,15682.5,2025-07-29 11:31:44.975156
2025-07-29,136603,2025072904005000,UPPER,Imperial Securities Company Pvt. Ltd.,Naasa Securities Co. Ltd.,50,209.1,10455.0,2025-07-29 11:31:44.975304
2025-07-29,136602,2025072904005001,UPPER,Creative Securities Pvt Ltd,Naasa Securities Co. Ltd.,400,209.1,83640.0,2025-07-29 11:31:44.975457
2025-07-29,136357,2025072904005047,UPPER,Online Securities Pvt. Ltd.,Kumari Securities Private Limited,3000,210.0,630000.0,2025-07-29 11:32:07.813046
2025-07-29,136356,2025072904005048,UPPER,Online Securities Pvt. Ltd.,Investment Management Nepal Pvt. Ltd.,3000,210.0,630000.0,2025-07-29 11:32:07.813440
2025-07-29,136355,2025072904005049,UPPER,Online Securities Pvt. Ltd.,Online Securities Pvt. Ltd.,50,210.0,10500.0,2025-07-29 11:32:07.813641
2025-07-29,136189,2025072904005092,UPPER,Online Securities Pvt. Ltd.,Oxford Securities Pvt. Ltd.,80,210.0,16800.0,2025-07-29 11:32:18.230532
2025-07-29,136174,2025072904005094,UPPER,Online Securities Pvt. Ltd.,Sani Securities Company Ltd.,250,210.0,52500.0,2025-07-29 11:32:19.706155
2025-07-29,136025,2025072904005136,UPPER,Vision Securities Pvt. Ltd,Neev Securities Pvt. Ltd.,300,210.5,63150.0,2025-07-29 11:32:31.451192
2025-07-29,135969,2025072904005152,UPPER,Online Securities Pvt. Ltd.,Naasa Securities Co. Ltd.,700,210.0,147000.0,2025-07-29 11:32:38.034448
2025-07-29,135721,2025072904005219,UPPER,Online Securities Pvt. Ltd.,Sani Securities Company Ltd.,200,210.0,42000.0,2025-07-29 11:33:00.267270
2025-07-29,135152,2025072904005313,UPPER,Online Securities Pvt. Ltd.,Nepal Investment And Securities Trading Private Limited,2720,210.0,571200.0,2025-07-29 11:33:43.137071
2025-07-29,135151,2025072904005314,UPPER,Sani Securities Company Ltd.,Nepal Investment And Securities Trading Private Limited,165,210.0,34650.0,2025-07-29 11:33:43.137471
2025-07-29,135150,2025072904005315,UPPER,Nepal Stock House (PVT) Ltd.,Nepal Investment And Securities Trading Private Limited,56,210.0,11760.0,2025-07-29 11:33:43.137635
2025-07-29,135149,2025072904005316,UPPER,Linch Stock Market Ltd.,Nepal Investment And Securities Trading Private Limited,200,210.0,42000.0,2025-07-29 11:33:43.137790
2025-07-29,133837,2025072904005642,UPPER,Dipshikha Dhitopatra Karobar Co. Pvt Ltd.,Kohinoor Investment & Securities Pvt. Ltd.,1,211.0,211.0,2025-07-29 11:35:47.294083
2025-07-29,133536,2025072904005685,UPPER,Imperial Securities Company Pvt. Ltd.,Bhrikuti Stock Broking Co. Pvt. Ltd.,400,209.4,83760.0,2025-07-29 11:36:04.873085
2025-07-29,132727,2025072904005872,UPPER,Imperial Securities Company Pvt. Ltd.,ABC Securities Private Limited,20,209.4,4188.0,2025-07-29 11:37:16.495512
2025-07-29,132381,2025072904005923,UPPER,Dakshinkali Investment & Securities Pvt. Ltd.,Aryatara Investment & Securities,4,209.0,836.0,2025-07-29 11:37:42.566930
2025-07-29,132248,2025072904005971,UPPER,Naasa Securities Co. Ltd.,Nepal Investment And Securities Trading Private Limited,100,209.9,20990.0,2025-07-29 11:37:50.338717
2025-07-29,132088,2025072904006007,UPPER,Aryatara Investment & Securities,Nepal Investment And Securities Trading Private Limited,199,209.9,41770.1,2025-07-29 11:38:01.960792
2025-07-29,132087,2025072904006008,UPPER,Aryatara Investment & Securities,Midas Stock Broking Company Private Limited,50,209.9,10495.0,2025-07-29 11:38:01.961526
2025-07-29,131998,2025072904006030,UPPER,Aryatara Investment & Securities,Sani Securities Company Ltd.,50,209.9,10495.0,2025-07-29 11:38:09.105566
2025-07-29,131981,2025072904006037,UPPER,Creative Securities Pvt Ltd,Kohinoor Investment & Securities Pvt. Ltd.,96,210.0,20160.0,2025-07-29 11:38:10.378059
2025-07-29,131980,2025072904006038,UPPER,Creative Securities Pvt Ltd,Sani Securities Company Ltd.,96,210.0,20160.0,2025-07-29 11:38:10.378464
2025-07-29,131979,2025072904006039,UPPER,Creative Securities Pvt Ltd,Aryatara Investment & Securities,250,210.0,52500.0,2025-07-29 11:38:10.378660
2025-07-29,131978,2025072904006040,UPPER,Creative Securities Pvt Ltd,Secured Securities Ltd.,200,210.0,42000.0,2025-07-29 11:38:10.378843
2025-07-29,131757,2025072904006091,UPPER,Creative Securities Pvt Ltd,Trisul Securities & Invt. Ltd.,40,210.0,8400.0,2025-07-29 11:38:29.065707
2025-07-29,131605,2025072904006129,UPPER,Secured Securities Ltd.,Neev Securities Pvt. Ltd.,10,210.5,2105.0,2025-07-29 11:38:43.876885
2025-07-29,131604,2025072904006130,UPPER,Creative Securities Pvt Ltd,Primo Securities (PVT) Ltd.,10,210.0,2100.0,2025-07-29 11:38:43.903989
2025-07-29,131581,2025072904006132,UPPER,Creative Securities Pvt Ltd,SHUBHAKAMANA SECURITIES PVT. LTD,100,210.0,21000.0,2025-07-29 11:38:46.159241
2025-07-29,131566,2025072904006135,UPPER,Linch Stock Market Ltd.,Sajilo Broker Limited,100,210.4,21040.0,2025-07-29 11:38:48.359717
2025-07-29,131565,2025072904006136,UPPER,Linch Stock Market Ltd.,Neev Securities Pvt. Ltd.,130,210.5,27365.0,2025-07-29 11:38:48.360144
2025-07-29,131564,2025072904006137,UPPER,Linch Stock Market Ltd.,Deevyaa Securities & Stock House Pvt. Ltd,20,210.5,4210.0,2025-07-29 11:38:48.360341
2025-07-29,131555,2025072904006138,UPPER,Creative Securities Pvt Ltd,Sri Hari Securities Pvt. Ltd.,15,210.0,3150.0,2025-07-29 11:38:49.060283
2025-07-29,131515,2025072904006148,UPPER,Creative Securities Pvt Ltd,Dakshinkali Investment & Securities Pvt. Ltd.,500,210.0,105000.0,2025-07-29 11:38:54.013897
2025-07-29,131299,2025072904006199,UPPER,Creative Securities Pvt Ltd,Kumari Securities Private Limited,300,210.0,63000.0,2025-07-29 11:39:14.674140
2025-07-29,131292,2025072904006202,UPPER,Aryatara Investment & Securities,Aryatara Investment & Securities,76,210.4,15990.4,2025-07-29 11:39:15.434974
2025-07-29,131167,2025072904006227,UPPER,Vision Securities Pvt. Ltd,Aryatara Investment & Securities,230,210.4,48392.0,2025-07-29 11:39:22.586450
2025-07-29,130860,2025072904006294,UPPER,Sweta Securities Private Limited,Aryatara Investment & Securities,200,210.4,42080.0,2025-07-29 11:39:43.992376
2025-07-29,130132,2025072904006453,UPPER,Dipshikha Dhitopatra Karobar Co. Pvt Ltd.,Aryatara Investment & Securities,10,210.4,2104.0,2025-07-29 11:40:45.883672
2025-07-29,129829,2025072904006525,UPPER,Arun Securities (PVT) Ltd.,Aryatara Investment & Securities,100,210.4,21040.0,2025-07-29 11:41:16.944653
2025-07-29,129086,2025072904006717,UPPER,Neev Securities Pvt. Ltd.,Aryatara Investment & Securities,20,210.4,4208.0,2025-07-29 11:42:21.407294
2025-07-29,128748,2025072904006810,UPPER,Creative Securities Pvt Ltd,Linch Stock Market Ltd.,80,210.0,16800.0,2025-07-29 11:42:50.551710
2025-07-29,128436,2025072904006874,UPPER,Creative Securities Pvt Ltd,Kumari Securities Private Limited,100,210.0,21000.0,2025-07-29 11:43:22.861877
2025-07-29,127805,2025072904007015,UPPER,Creative Securities Pvt Ltd,Primo Securities (PVT) Ltd.,213,210.0,44730.0,2025-07-29 11:44:12.011491
2025-07-29,127804,2025072904007016,UPPER,Sharepro Securities Private Limited,Primo Securities (PVT) Ltd.,470,210.0,98700.0,2025-07-29 11:44:12.012509
2025-07-29,127803,2025072904007017,UPPER,Malla & Malla Stock Broking Company Pvt. Limited,Primo Securities (PVT) Ltd.,30,210.0,6300.0,2025-07-29 11:44:12.013355
2025-07-29,127802,2025072904007018,UPPER,Deevyaa Securities & Stock House Pvt. Ltd,Primo Securities (PVT) Ltd.,1000,210.0,210000.0,2025-07-29 11:44:12.014129
2025-07-29,127801,2025072904007019,UPPER,Sani Securities Company Ltd.,Primo Securities (PVT) Ltd.,612,210.0,128520.0,2025-07-29 11:44:12.014915
2025-07-29,127627,2025072904007081,UPPER,Premier Securities Company Ltd.,Investment Management Nepal Pvt. Ltd.,391,210.1,82149.1,2025-07-29 11:44:28.620962
2025-07-29,126892,2025072904007246,UPPER,Kumari Securities Private Limited,Trisul Securities & Invt. Ltd.,200,210.3,42060.0,2025-07-29 11:45:26.805004
2025-07-29,126886,2025072904007249,UPPER,Premier Securities Company Ltd.,Sundhara Securities Limited,109,210.1,22900.9,2025-07-29 11:45:27.144088
2025-07-29,126828,2025072904007251,UPPER,Sani Securities Company Ltd.,Infinity Securities Limited,205,210.0,43050.0,2025-07-29 11:45:32.420083
2025-07-29,126654,2025072904007293,UPPER,Sani Securities Company Ltd.,Sani Securities Company Ltd.,346,210.0,72660.0,2025-07-29 11:45:51.244674
2025-07-29,126444,2025072904007351,UPPER,Sani Securities Company Ltd.,Siprabi Securities Pvt. Ltd.,100,210.0,21000.0,2025-07-29 11:46:04.987655
2025-07-29,126333,2025072904007384,UPPER,Sani Securities Company Ltd.,Sweta Securities Private Limited,100,210.0,21000.0,2025-07-29 11:46:15.629359
2025-07-29,125770,2025072904007511,UPPER,Malla & Malla Stock Broking Company Pvt. Limited,Sundhara Securities Limited,20,210.1,4202.0,2025-07-29 11:46:58.732952
2025-07-29,125741,2025072904007519,UPPER,Sani Securities Company Ltd.,Online Securities Pvt. Ltd.,80,210.0,16800.0,2025-07-29 11:47:01.059720
2025-07-29,125673,2025072904007531,UPPER,Sani Securities Company Ltd.,J.F. Securites (PVT) Ltd.,100,210.0,21000.0,2025-07-29 11:47:08.102188
2025-07-29,125498,2025072904007563,UPPER,Creative Securities Pvt Ltd,Sundhara Securities Limited,371,210.1,77947.1,2025-07-29 11:47:21.760306
2025-07-29,125452,2025072904007575,UPPER,Creative Securities Pvt Ltd,Cristal Kanchanjanga Securites Pvt. Ltd.,200,210.1,42020.0,2025-07-29 11:47:27.483800
2025-07-29,125129,2025072904007661,UPPER,Creative Securities Pvt Ltd,Dakshinkali Investment & Securities Pvt. Ltd.,429,210.1,90132.9,2025-07-29 11:47:59.462190
2025-07-29,125128,2025072904007662,UPPER,Kalika Securities Pvt. Ltd.,Dakshinkali Investment & Securities Pvt. Ltd.,100,210.1,21010.0,2025-07-29 11:47:59.463165
2025-07-29,125127,2025072904007663,UPPER,Vision Securities Pvt. Ltd,Dakshinkali Investment & Securities Pvt. Ltd.,39,210.1,8193.9,2025-07-29 11:47:59.463881
2025-07-29,125045,2025072904007677,UPPER,Vision Securities Pvt. Ltd,Midas Stock Broking Company Private Limited,61,210.1,12816.1,2025-07-29 11:48:03.652869
2025-07-29,124807,2025072904007696,UPPER,Asian Securities Private Ltd.,Midas Stock Broking Company Private Limited,439,210.1,92233.9,2025-07-29 11:48:22.084746
2025-07-29,124585,2025072904007720,UPPER,Asian Securities Private Ltd.,Kumari Securities Private Limited,36,210.1,7563.6,2025-07-29 11:48:45.865493
2025-07-29,124368,2025072904007763,UPPER,Thrive Brokerage House Pvt. Ltd,Kumari Securities Private Limited,64,210.1,13446.4,2025-07-29 11:49:05.994955
2025-07-29,124356,2025072904007765,UPPER,Thrive Brokerage House Pvt. Ltd,Dipshikha Dhitopatra Karobar Co. Pvt Ltd.,80,210.1,16808.0,2025-07-29 11:49:07.302988
2025-07-29,124287,2025072904007780,UPPER,Thrive Brokerage House Pvt. Ltd,Siprabi Securities Pvt. Ltd.,104,210.1,21850.4,2025-07-29 11:49:15.240008
2025-07-29,124278,2025072904007782,UPPER,Thrive Brokerage House Pvt. Ltd,Thrive Brokerage House Pvt. Ltd,100,210.1,21010.0,2025-07-29 11:49:16.033398
2025-07-29,124262,2025072904007787,UPPER,Oxford Securities Pvt. Ltd.,Online Securities Pvt. Ltd.,10,210.2,2102.0,2025-07-29 11:49:17.868453
2025-07-29,124228,2025072904007795,UPPER,Naasa Securities Co. Ltd.,Online Securities Pvt. Ltd.,10,210.2,2102.0,2025-07-29 11:49:21.803270
2025-07-29,124227,2025072904007796,UPPER,Naasa Securities Co. Ltd.,Trisul Securities & Invt. Ltd.,25,210.3,5257.5,2025-07-29 11:49:21.803768
2025-07-29,124199,2025072904007798,UPPER,Thrive Brokerage House Pvt. Ltd,Sweta Securities Private Limited,80,210.1,16808.0,2025-07-29 11:49:23.387612
2025-07-29,124166,2025072904007808,UPPER,Thrive Brokerage House Pvt. Ltd,Primo Securities (PVT) Ltd.,20,210.1,4202.0,2025-07-29 11:49:25.783695
2025-07-29,124121,2025072904007820,UPPER,Thrive Brokerage House Pvt. Ltd,Naasa Securities Co. Ltd.,100,210.1,21010.0,2025-07-29 11:49:30.925643
2025-07-29,123723,2025072904007870,UPPER,Capital Max Securities Ltd,Vision Securities Pvt. Ltd,100,210.2,21020.0,2025-07-29 11:49:57.407573
2025-07-29,123596,2025072904007888,UPPER,Capital Max Securities Ltd,Naasa Securities Co. Ltd.,35,210.2,7357.0,2025-07-29 11:50:11.167216
2025-07-29,123568,2025072904007892,UPPER,Capital Max Securities Ltd,Creative Securities Pvt Ltd,50,210.2,10510.0,2025-07-29 11:50:13.253748
2025-07-29,123542,2025072904007895,UPPER,Capital Max Securities Ltd,Aryatara Investment & Securities,420,210.2,88284.0,2025-07-29 11:50:16.205374
2025-07-29,123539,2025072904007896,UPPER,Oxford Securities Pvt. Ltd.,Trisul Securities & Invt. Ltd.,10,210.3,2103.0,2025-07-29 11:50:16.608722
2025-07-29,123294,2025072904007930,UPPER,Nabil Stock Dealer Ltd.,Trisul Securities & Invt. Ltd.,300,210.3,63090.0,2025-07-29 11:50:37.500661
2025-07-29,122849,2025072904008023,UPPER,Capital Max Securities Ltd,Naasa Securities Co. Ltd.,10,210.2,2102.0,2025-07-29 11:51:15.662298
2025-07-29,122835,2025072904008025,UPPER,Capital Max Securities Ltd,Kumari Securities Private Limited,50,210.2,10510.0,2025-07-29 11:51:16.709653
2025-07-29,122829,2025072904008026,UPPER,Capital Max Securities Ltd,Oxford Securities Pvt. Ltd.,80,210.2,16816.0,2025-07-29 11:51:17.304341
2025-07-29,122821,2025072904008028,UPPER,Capital Max Securities Ltd,Sundhara Securities Limited,50,210.2,10510.0,2025-07-29 11:51:18.668860
2025-07-29,122815,2025072904008030,UPPER,Oxford Securities Pvt. Ltd.,Trisul Securities & Invt. Ltd.,10,210.3,2103.0,2025-07-29 11:51:19.317916
2025-07-29,122786,2025072904008042,UPPER,Capital Max Securities Ltd,Aryatara Investment & Securities,40,210.2,8408.0,2025-07-29 11:51:22.419213
2025-07-29,122661,2025072904008069,UPPER,Dakshinkali Investment & Securities Pvt. Ltd.,Trisul Securities & Invt. Ltd.,30,210.3,6309.0,2025-07-29 11:51:34.375098
2025-07-29,122660,2025072904008070,UPPER,Dakshinkali Investment & Securities Pvt. Ltd.,Trisul Securities & Invt. Ltd.,970,210.3,203991.0,2025-07-29 11:51:34.376111
2025-07-29,122613,2025072904008077,UPPER,Capital Max Securities Ltd,Nabil Stock Dealer Ltd.,34,210.2,7146.8,2025-07-29 11:51:38.700571
2025-07-29,122549,2025072904008097,UPPER,Market Securities & Exchange (PVT) Ltd.,Trisul Securities & Invt. Ltd.,30,210.3,6309.0,2025-07-29 11:51:45.766959
2025-07-29,122548,2025072904008098,UPPER,Market Securities & Exchange (PVT) Ltd.,Aryatara Investment & Securities,364,210.4,76585.6,2025-07-29 11:51:45.767489
2025-07-29,122547,2025072904008099,UPPER,Market Securities & Exchange (PVT) Ltd.,Naasa Securities Co. Ltd.,100,210.4,21040.0,2025-07-29 11:51:45.767750
2025-07-29,122546,2025072904008100,UPPER,Market Securities & Exchange (PVT) Ltd.,Naasa Securities Co. Ltd.,96,210.5,20208.0,2025-07-29 11:51:45.767994
2025-07-29,122545,2025072904008101,UPPER,Market Securities & Exchange (PVT) Ltd.,Thrive Brokerage House Pvt. Ltd,100,210.5,21050.0,2025-07-29 11:51:45.768287
2025-07-29,122544,2025072904008102,UPPER,Market Securities & Exchange (PVT) Ltd.,Naasa Securities Co. Ltd.,13,210.5,2736.5,2025-07-29 11:51:45.768552
2025-07-29,122543,2025072904008103,UPPER,Market Securities & Exchange (PVT) Ltd.,Dipshikha Dhitopatra Karobar Co. Pvt Ltd.,200,210.7,42140.0,2025-07-29 11:51:45.768800
2025-07-29,122542,2025072904008104,UPPER,Market Securities & Exchange (PVT) Ltd.,Naasa Securities Co. Ltd.,25,210.8,5270.0,2025-07-29 11:51:45.769073
2025-07-29,122541,2025072904008105,UPPER,Market Securities & Exchange (PVT) Ltd.,Naasa Securities Co. Ltd.,30,210.8,6324.0,2025-07-29 11:51:45.769345
2025-07-29,122540,2025072904008106,UPPER,Market Securities & Exchange (PVT) Ltd.,Naasa Securities Co. Ltd.,42,210.8,8853.6,2025-07-29 11:51:45.769588
2025-07-29,121999,2025072904008227,UPPER,Imperial Securities Company Pvt. Ltd.,Naasa Securities Co. Ltd.,58,210.8,12226.4,2025-07-29 11:52:34.722339
2025-07-29,121998,2025072904008228,UPPER,Imperial Securities Company Pvt. Ltd.,Trisul Securities & Invt. Ltd.,42,210.8,8853.6,2025-07-29 11:52:34.722848
2025-07-29,121954,2025072904008240,UPPER,Agrawal Securities (PVT) Ltd.,Primo Securities (PVT) Ltd.,60,210.5,12630.0,2025-07-29 11:52:38.391505
2025-07-29,121751,2025072904008295,UPPER,Sipla Securities Private Limited,SUN SECURITIES PVT LTD,104,210.6,21902.4,2025-07-29 11:52:57.658121
2025-07-29,121722,2025072904008303,UPPER,Dakshinkali Investment & Securities Pvt. Ltd.,Trisul Securities & Invt. Ltd.,958,210.7,201850.6,2025-07-29 11:53:00.227105
2025-07-29,121661,2025072904008306,UPPER,Cristal Kanchanjanga Securites Pvt. Ltd.,Linch Stock Market Ltd.,100,210.9,21090.0,2025-07-29 11:53:04.130097
2025-07-29,121660,2025072904008307,UPPER,Cristal Kanchanjanga Securites Pvt. Ltd.,Linch Stock Market Ltd.,200,210.9,42180.0,2025-07-29 11:53:04.130590
2025-07-29,121659,2025072904008308,UPPER,Cristal Kanchanjanga Securites Pvt. Ltd.,Naasa Securities Co. Ltd.,50,210.9,10545.0,2025-07-29 11:53:04.130832
2025-07-29,121433,2025072904008354,UPPER,Agrawal Securities (PVT) Ltd.,Swarna Laxmi Securities Pvt. Ltd.,40,211.0,8440.0,2025-07-29 11:53:26.727275
2025-07-29,121399,2025072904008363,UPPER,Cristal Kanchanjanga Securites Pvt. Ltd.,Dipshikha Dhitopatra Karobar Co. Pvt Ltd.,100,210.9,21090.0,2025-07-29 11:53:30.836388
2025-07-29,121283,2025072904008380,UPPER,Kumari Securities Private Limited,Swarna Laxmi Securities Pvt. Ltd.,1000,211.0,211000.0,2025-07-29 11:53:41.248549
2025-07-29,121250,2025072904008382,UPPER,Cristal Kanchanjanga Securites Pvt. Ltd.,Imperial Securities Company Pvt. Ltd.,50,210.9,10545.0,2025-07-29 11:53:44.597903
2025-07-29,121198,2025072904008392,UPPER,Cristal Kanchanjanga Securites Pvt. Ltd.,Sharepro Securities Private Limited,500,210.9,105450.0,2025-07-29 11:53:50.917452
2025-07-29,120943,2025072904008425,UPPER,Cristal Kanchanjanga Securites Pvt. Ltd.,Kumari Securities Private Limited,50,210.9,10545.0,2025-07-29 11:54:16.546804
2025-07-29,120819,2025072904008447,UPPER,Sri Hari Securities Pvt. Ltd.,Swarna Laxmi Securities Pvt. Ltd.,116,211.0,24476.0,2025-07-29 11:54:29.280373
2025-07-29,120523,2025072904008494,UPPER,Cristal Kanchanjanga Securites Pvt. Ltd.,Sweta Securities Private Limited,200,210.9,42180.0,2025-07-29 11:54:52.386333
2025-07-29,120437,2025072904008511,UPPER,Cristal Kanchanjanga Securites Pvt. Ltd.,Imperial Securities Company Pvt. Ltd.,750,210.9,158175.0,2025-07-29 11:54:58.092495
2025-07-29,120333,2025072904008537,UPPER,Online Securities Pvt. Ltd.,Imperial Securities Company Pvt. Ltd.,90,210.9,18981.0,2025-07-29 11:55:09.711328
2025-07-29,120331,2025072904008539,UPPER,Sipla Securities Private Limited,Aryatara Investment & Securities,55,210.6,11583.0,2025-07-29 11:55:09.907276
2025-07-29,119751,2025072904008603,UPPER,Sipla Securities Private Limited,Nepal Investment And Securities Trading Private Limited,100,210.6,21060.0,2025-07-29 11:55:44.811453
2025-07-29,119681,2025072904008616,UPPER,Sipla Securities Private Limited,Nepal Stock House (PVT) Ltd.,241,210.6,50754.6,2025-07-29 11:55:51.757711
2025-07-29,119680,2025072904008617,UPPER,Kohinoor Investment & Securities Pvt. Ltd.,Nepal Stock House (PVT) Ltd.,182,210.6,38329.2,2025-07-29 11:55:51.758732
2025-07-29,119547,2025072904008655,UPPER,Kohinoor Investment & Securities Pvt. Ltd.,Linch Stock Market Ltd.,18,210.6,3790.8,2025-07-29 11:56:03.335524
2025-07-29,119546,2025072904008656,UPPER,Primo Securities (PVT) Ltd.,Linch Stock Market Ltd.,50,210.5,10525.0,2025-07-29 11:56:03.336054
2025-07-29,119545,2025072904008657,UPPER,Malla & Malla Stock Broking Company Pvt. Limited,Linch Stock Market Ltd.,12,210.5,2526.0,2025-07-29 11:56:03.336387
2025-07-29,119327,2025072904008702,UPPER,Pragyan Securities (PVT) Ltd.,Imperial Securities Company Pvt. Ltd.,160,210.9,33744.0,2025-07-29 11:56:23.359190
2025-07-29,119326,2025072904008703,UPPER,Pragyan Securities (PVT) Ltd.,Swarna Laxmi Securities Pvt. Ltd.,40,211.0,8440.0,2025-07-29 11:56:23.360252
2025-07-29,119109,2025072904008730,UPPER,Sewa Securities Pvt. Ltd.,Swarna Laxmi Securities Pvt. Ltd.,11,211.0,2321.0,2025-07-29 11:56:43.461852
2025-07-29,118104,2025072904008926,UPPER,Malla & Malla Stock Broking Company Pvt. Limited,Sani Securities Company Ltd.,200,210.5,42100.0,2025-07-29 11:58:00.622554
2025-07-29,118094,2025072904008927,UPPER,Malla & Malla Stock Broking Company Pvt. Limited,Sundhara Securities Limited,25,210.5,5262.5,2025-07-29 11:58:01.445636
2025-07-29,117492,2025072904009059,UPPER,Trishakti Securities Public Limited,Premier Securities Company Ltd.,20,210.7,4214.0,2025-07-29 11:58:46.679798
2025-07-29,117491,2025072904009060,UPPER,Kohinoor Investment & Securities Pvt. Ltd.,Sajilo Broker Limited,80,210.8,16864.0,2025-07-29 11:58:46.903321
2025-07-29,117490,2025072904009061,UPPER,Kohinoor Investment & Securities Pvt. Ltd.,Naasa Securities Co. Ltd.,100,210.8,21080.0,2025-07-29 11:58:46.903836
2025-07-29,117489,2025072904009062,UPPER,Kohinoor Investment & Securities Pvt. Ltd.,Arun Securities (PVT) Ltd.,320,210.8,67456.0,2025-07-29 11:58:46.904101
2025-07-29,116969,2025072904009141,UPPER,Trishakti Securities Public Limited,Dynamic Money Managers Securities Pvt. Ltd.,450,210.7,94815.0,2025-07-29 11:59:19.837763
2025-07-29,116953,2025072904009142,UPPER,KALASH STOCK MARKET PVT. LTD.,Arun Securities (PVT) Ltd.,1530,210.8,322524.0,2025-07-29 11:59:21.533892
2025-07-29,116792,2025072904009206,UPPER,Sani Securities Company Ltd.,Trisul Securities & Invt. Ltd.,110,210.7,23177.0,2025-07-29 11:59:33.511407
2025-07-29,116751,2025072904009219,UPPER,Capital Max Securities Ltd,Trisul Securities & Invt. Ltd.,390,210.7,82173.0,2025-07-29 11:59:36.136533
2025-07-29,116750,2025072904009220,UPPER,Capital Max Securities Ltd,Deevyaa Securities & Stock House Pvt. Ltd,1980,210.9,417582.0,2025-07-29 11:59:36.137055
2025-07-29,116749,2025072904009221,UPPER,Capital Max Securities Ltd,Swarna Laxmi Securities Pvt. Ltd.,1761,211.0,371571.0,2025-07-29 11:59:36.137333
2025-07-29,116606,2025072904009236,UPPER,Naasa Securities Co. Ltd.,Swarna Laxmi Securities Pvt. Ltd.,45,211.0,9495.0,2025-07-29 11:59:44.951115
2025-07-29,116528,2025072904009253,UPPER,Capital Max Securities Ltd,Neev Securities Pvt. Ltd.,500,210.7,105350.0,2025-07-29 11:59:53.212658
2025-07-29,116143,2025072904009291,UPPER,Capital Max Securities Ltd,Asian Securities Private Ltd.,80,210.7,16856.0,2025-07-29 12:00:11.108007
2025-07-29,115115,2025072904009430,UPPER,Dakshinkali Investment & Securities Pvt. Ltd.,Midas Stock Broking Company Private Limited,799,210.9,168509.1,2025-07-29 12:01:14.314547
2025-07-29,114891,2025072904009475,UPPER,Linch Stock Market Ltd.,Creative Securities Pvt Ltd,500,210.8,105400.0,2025-07-29 12:01:26.459906
2025-07-29,114843,2025072904009481,UPPER,Sewa Securities Pvt. Ltd.,Dakshinkali Investment & Securities Pvt. Ltd.,80,210.8,16864.0,2025-07-29 12:01:29.629297
2025-07-29,114134,2025072904009654,UPPER,Dipshikha Dhitopatra Karobar Co. Pvt Ltd.,Dipshikha Dhitopatra Karobar Co. Pvt Ltd.,10,210.9,2109.0,2025-07-29 12:02:19.093171
2025-07-29,114133,2025072904009655,UPPER,Dipshikha Dhitopatra Karobar Co. Pvt Ltd.,Swarna Laxmi Securities Pvt. Ltd.,37,211.0,7807.0,2025-07-29 12:02:19.093737
2025-07-29,113881,2025072904009692,UPPER,Capital Max Securities Ltd,Swarna Laxmi Securities Pvt. Ltd.,2530,211.0,533830.0,2025-07-29 12:02:34.061395
2025-07-29,113880,2025072904009693,UPPER,Capital Max Securities Ltd,Opal Securities Investment (PVT) Ltd.,1450,211.0,305950.0,2025-07-29 12:02:34.062516
2025-07-29,113879,2025072904009694,UPPER,Capital Max Securities Ltd,Midas Stock Broking Company Private Limited,30,211.0,6330.0,2025-07-29 12:02:34.063332
2025-07-29,113878,2025072904009695,UPPER,Capital Max Securities Ltd,Naasa Securities Co. Ltd.,68,211.0,14348.0,2025-07-29 12:02:34.064124
2025-07-29,113877,2025072904009696,UPPER,Capital Max Securities Ltd,Vision Securities Pvt. Ltd,100,211.0,21100.0,2025-07-29 12:02:34.064924
2025-07-29,113876,2025072904009697,UPPER,Capital Max Securities Ltd,ABC Securities Private Limited,500,211.0,105500.0,2025-07-29 12:02:34.065724
2025-07-29,113875,2025072904009698,UPPER,Capital Max Securities Ltd,Dipshikha Dhitopatra Karobar Co. Pvt Ltd.,900,211.0,189900.0,2025-07-29 12:02:34.066515
2025-07-29,113874,2025072904009699,UPPER,Capital Max Securities Ltd,Deevyaa Securities & Stock House Pvt. Ltd,196,211.0,41356.0,2025-07-29 12:02:34.067310
2025-07-29,113873,2025072904009700,UPPER,Capital Max Securities Ltd,Kalika Securities Pvt. Ltd.,194,211.0,40934.0,2025-07-29 12:02:34.068118
2025-07-29,113872,2025072904009701,UPPER,Capital Max Securities Ltd,Imperial Securities Company Pvt. Ltd.,100,211.0,21100.0,2025-07-29 12:02:34.068916
2025-07-29,113871,2025072904009702,UPPER,Capital Max Securities Ltd,Kohinoor Investment & Securities Pvt. Ltd.,100,211.0,21100.0,2025-07-29 12:02:34.069366
2025-07-29,113870,2025072904009703,UPPER,Capital Max Securities Ltd,Dipshikha Dhitopatra Karobar Co. Pvt Ltd.,80,211.0,16880.0,2025-07-29 12:02:34.069628
2025-07-29,113869,2025072904009704,UPPER,Capital Max Securities Ltd,Dipshikha Dhitopatra Karobar Co. Pvt Ltd.,10,211.0,2110.0,2025-07-29 12:02:34.069877
2025-07-29,113868,2025072904009705,UPPER,Capital Max Securities Ltd,South Asian Bulls Pvt. Ltd.,100,211.0,21100.0,2025-07-29 12:02:34.070130
2025-07-29,113867,2025072904009706,UPPER,Capital Max Securities Ltd,Opal Securities Investment (PVT) Ltd.,150,211.0,31650.0,2025-07-29 12:02:34.070387
2025-07-29,113866,2025072904009707,UPPER,Capital Max Securities Ltd,Elite Stock House Limited,80,211.0,16880.0,2025-07-29 12:02:34.070638
2025-07-29,113865,2025072904009708,UPPER,Capital Max Securities Ltd,Aryatara Investment & Securities,100,211.0,21100.0,2025-07-29 12:02:34.070889
2025-07-29,113864,2025072904009709,UPPER,Capital Max Securities Ltd,Asian Securities Private Ltd.,140,211.0,29540.0,2025-07-29 12:02:34.071149
2025-07-29,113863,2025072904009710,UPPER,Capital Max Securities Ltd,Creative Securities Pvt Ltd,50,211.0,10550.0,2025-07-29 12:02:34.071403
2025-07-29,113862,2025072904009711,UPPER,Capital Max Securities Ltd,Cristal Kanchanjanga Securites Pvt. Ltd.,100,211.0,21100.0,2025-07-29 12:02:34.071654
2025-07-29,113861,2025072904009712,UPPER,Capital Max Securities Ltd,Dipshikha Dhitopatra Karobar Co. Pvt Ltd.,3000,211.0,633000.0,2025-07-29 12:02:34.071904
2025-07-29,113860,2025072904009713,UPPER,Capital Max Securities Ltd,Imperial Securities Company Pvt. Ltd.,22,211.0,4642.0,2025-07-29 12:02:34.072155
2025-07-29,112865,2025072904009851,UPPER,Arun Securities (PVT) Ltd.,Kalika Securities Pvt. Ltd.,15,210.9,3163.5,2025-07-29 12:03:35.778047
2025-07-29,112864,2025072904009852,UPPER,Bhrikuti Stock Broking Co. Pvt. Ltd.,Kalika Securities Pvt. Ltd.,500,210.9,105450.0,2025-07-29 12:03:35.778574
2025-07-29,112760,2025072904009879,UPPER,Kohinoor Investment & Securities Pvt. Ltd.,Kalika Securities Pvt. Ltd.,100,210.9,21090.0,2025-07-29 12:03:42.480964
2025-07-29,112232,2025072904009977,UPPER,Agrawal Securities (PVT) Ltd.,Kalika Securities Pvt. Ltd.,1035,210.9,218281.5,2025-07-29 12:04:13.442574
2025-07-29,111910,2025072904010010,UPPER,Nabil Stock Dealer Ltd.,Imperial Securities Company Pvt. Ltd.,20,211.0,4220.0,2025-07-29 12:04:34.370961
2025-07-29,111529,2025072904010122,UPPER,Agrawal Securities (PVT) Ltd.,Sani Securities Company Ltd.,81,210.9,17082.9,2025-07-29 12:04:54.373632
2025-07-29,111461,2025072904010124,UPPER,Agrawal Securities (PVT) Ltd.,Investment Management Nepal Pvt. Ltd.,1100,210.9,231990.0,2025-07-29 12:04:58.647458
2025-07-29,111336,2025072904010150,UPPER,Agrawal Securities (PVT) Ltd.,Premier Securities Company Ltd.,100,210.9,21090.0,2025-07-29 12:05:05.239388
2025-07-29,111282,2025072904010167,UPPER,Capital Max Securities Ltd,Imperial Securities Company Pvt. Ltd.,58,211.0,12238.0,2025-07-29 12:05:09.827303
2025-07-29,111281,2025072904010168,UPPER,Capital Max Securities Ltd,Trisul Securities & Invt. Ltd.,280,211.0,59080.0,2025-07-29 12:05:09.827828
2025-07-29,111280,2025072904010169,UPPER,Capital Max Securities Ltd,Kumari Securities Private Limited,100,211.0,21100.0,2025-07-29 12:05:09.828149
2025-07-29,111279,2025072904010170,UPPER,Capital Max Securities Ltd,Arun Securities (PVT) Ltd.,100,211.0,21100.0,2025-07-29 12:05:09.828631
2025-07-29,111059,2025072904010206,UPPER,Capital Max Securities Ltd,South Asian Bulls Pvt. Ltd.,1400,211.0,295400.0,2025-07-29 12:05:26.486575
2025-07-29,110950,2025072904010223,UPPER,Vision Securities Pvt. Ltd,Sewa Securities Pvt. Ltd.,20,211.6,4232.0,2025-07-29 12:05:32.904306
2025-07-29,110475,2025072904010311,UPPER,Himalayan Brokerage Company Limited,Sewa Securities Pvt. Ltd.,30,211.6,6348.0,2025-07-29 12:06:06.022432
2025-07-29,110474,2025072904010312,UPPER,Himalayan Brokerage Company Limited,Dipshikha Dhitopatra Karobar Co. Pvt Ltd.,170,211.6,35972.0,2025-07-29 12:06:06.023524
2025-07-29,110403,2025072904010342,UPPER,Imperial Securities Company Pvt. Ltd.,Dipshikha Dhitopatra Karobar Co. Pvt Ltd.,130,211.6,27508.0,2025-07-29 12:06:08.529468
2025-07-29,110402,2025072904010343,UPPER,Imperial Securities Company Pvt. Ltd.,Kumari Securities Private Limited,100,211.6,21160.0,2025-07-29 12:06:08.530543
2025-07-29,110401,2025072904010344,UPPER,Imperial Securities Company Pvt. Ltd.,Infinity Securities Limited,100,211.7,21170.0,2025-07-29 12:06:08.531358
2025-07-29,110400,2025072904010345,UPPER,Imperial Securities Company Pvt. Ltd.,Blue Chip Securities Ltd,3000,211.8,635400.0,2025-07-29 12:06:08.532141
2025-07-29,110399,2025072904010346,UPPER,Imperial Securities Company Pvt. Ltd.,Dynamic Money Managers Securities Pvt. Ltd.,1000,211.8,211800.0,2025-07-29 12:06:08.532946
2025-07-29,110154,2025072904010383,UPPER,Imperial Securities Company Pvt. Ltd.,Asian Securities Private Ltd.,70,211.8,14826.0,2025-07-29 12:06:23.824271
2025-07-29,110153,2025072904010384,UPPER,Capital Max Securities Ltd,Asian Securities Private Ltd.,10,211.0,2110.0,2025-07-29 12:06:23.824333
2025-07-29,108746,2025072904010621,UPPER,Trishakti Securities Public Limited,Sewa Securities Pvt. Ltd.,250,211.9,52975.0,2025-07-29 12:07:46.032198
2025-07-29,108745,2025072904010622,UPPER,Trishakti Securities Public Limited,Asian Securities Private Ltd.,1165,211.9,246863.5,2025-07-29 12:07:46.032760
2025-07-29,108149,2025072904010746,UPPER,Capital Max Securities Ltd,Naasa Securities Co. Ltd.,100,211.0,21100.0,2025-07-29 12:08:26.288785
2025-07-29,107414,2025072904010862,UPPER,Kumari Securities Private Limited,Imperial Securities Company Pvt. Ltd.,52,211.1,10977.2,2025-07-29 12:09:07.790585
2025-07-29,107413,2025072904010863,UPPER,Indira securities pvt. ltd,Imperial Securities Company Pvt. Ltd.,26,211.1,5488.6,2025-07-29 12:09:07.791151
2025-07-29,107093,2025072904010922,UPPER,Naasa Securities Co. Ltd.,Asian Securities Private Ltd.,12,211.9,2542.8,2025-07-29 12:09:30.024495
2025-07-29,106864,2025072904010957,UPPER,Indira securities pvt. ltd,Aryatara Investment & Securities,74,211.1,15621.4,2025-07-29 12:09:47.252169
2025-07-29,106863,2025072904010958,UPPER,Sani Securities Company Ltd.,Aryatara Investment & Securities,26,211.1,5488.6,2025-07-29 12:09:47.252756
2025-07-29,106762,2025072904010973,UPPER,Sani Securities Company Ltd.,Online Securities Pvt. Ltd.,10,211.1,2111.0,2025-07-29 12:09:52.989514
2025-07-29,106555,2025072904010986,UPPER,Sani Securities Company Ltd.,Sani Securities Company Ltd.,100,211.1,21110.0,2025-07-29 12:09:59.816065
2025-07-29,106553,2025072904010988,UPPER,Dakshinkali Investment & Securities Pvt. Ltd.,Asian Securities Private Ltd.,823,211.9,174393.7,2025-07-29 12:09:59.880153
2025-07-29,106552,2025072904010989,UPPER,Dakshinkali Investment & Securities Pvt. Ltd.,Ashutosh Brokerage & Securities (PVT) Ltd.,1000,211.9,211900.0,2025-07-29 12:09:59.880640
2025-07-29,106551,2025072904010990,UPPER,Dakshinkali Investment & Securities Pvt. Ltd.,Linch Stock Market Ltd.,177,211.9,37506.3,2025-07-29 12:09:59.880913
2025-07-29,105928,2025072904011085,UPPER,Vision Securities Pvt. Ltd,Kohinoor Investment & Securities Pvt. Ltd.,10,211.8,2118.0,2025-07-29 12:10:42.425297
2025-07-29,105927,2025072904011086,UPPER,Vision Securities Pvt. Ltd,Linch Stock Market Ltd.,23,211.9,4873.7,2025-07-29 12:10:42.426540
2025-07-29,105926,2025072904011087,UPPER,Vision Securities Pvt. Ltd,Opal Securities Investment (PVT) Ltd.,130,211.9,27547.0,2025-07-29 12:10:42.427420
2025-07-29,105688,2025072904011127,UPPER,Vision Securities Pvt. Ltd,Sundhara Securities Limited,170,212.0,36040.0,2025-07-29 12:10:54.623601
2025-07-29,105687,2025072904011128,UPPER,Vision Securities Pvt. Ltd,Nepal Investment And Securities Trading Private Limited,600,212.0,127200.0,2025-07-29 12:10:54.624139
2025-07-29,105686,2025072904011129,UPPER,Vision Securities Pvt. Ltd,Asian Securities Private Ltd.,2000,212.0,424000.0,2025-07-29 12:10:54.624431
2025-07-29,105685,2025072904011130,UPPER,Vision Securities Pvt. Ltd,Dipshikha Dhitopatra Karobar Co. Pvt Ltd.,199,212.0,42188.0,2025-07-29 12:10:54.624776
2025-07-29,105222,2025072904011243,UPPER,Vision Securities Pvt. Ltd,Secured Securities Ltd.,37,211.9,7840.3,2025-07-29 12:11:22.224908
2025-07-29,104852,2025072904011305,UPPER,Naasa Securities Co. Ltd.,Dipshikha Dhitopatra Karobar Co. Pvt Ltd.,10,212.0,2120.0,2025-07-29 12:11:45.063833
2025-07-29,104841,2025072904011306,UPPER,Kumari Securities Private Limited,Online Securities Pvt. Ltd.,30,211.3,6339.0,2025-07-29 12:11:45.950616
2025-07-29,104840,2025072904011307,UPPER,Linch Stock Market Ltd.,Online Securities Pvt. Ltd.,22,211.2,4646.4,2025-07-29 12:11:45.950672
2025-07-29,104835,2025072904011308,UPPER,Kumari Securities Private Limited,Dipshikha Dhitopatra Karobar Co. Pvt Ltd.,663,212.0,140556.0,2025-07-29 12:11:46.710019
2025-07-29,104606,2025072904011362,UPPER,Sundhara Securities Limited,Creative Securities Pvt Ltd,10,211.9,2119.0,2025-07-29 12:12:05.121890
2025-07-29,104082,2025072904011488,UPPER,Creative Securities Pvt Ltd,Creative Securities Pvt Ltd,90,211.9,19071.0,2025-07-29 12:12:43.728614
2025-07-29,104081,2025072904011489,UPPER,Creative Securities Pvt Ltd,Dipshikha Dhitopatra Karobar Co. Pvt Ltd.,10,212.0,2120.0,2025-07-29 12:12:43.729867
2025-07-29,103814,2025072904011526,UPPER,Opal Securities Investment (PVT) Ltd.,Dipshikha Dhitopatra Karobar Co. Pvt Ltd.,118,212.0,25016.0,2025-07-29 12:13:00.116848
2025-07-29,103813,2025072904011527,UPPER,Opal Securities Investment (PVT) Ltd.,Asian Securities Private Ltd.,400,212.0,84800.0,2025-07-29 12:13:00.117840
2025-07-29,103812,2025072904011528,UPPER,Opal Securities Investment (PVT) Ltd.,Aryatara Investment & Securities,1000,212.0,212000.0,2025-07-29 12:13:00.118746
2025-07-29,103811,2025072904011529,UPPER,Opal Securities Investment (PVT) Ltd.,Siprabi Securities Pvt. Ltd.,1000,212.0,212000.0,2025-07-29 12:13:00.119648
2025-07-29,103810,2025072904011530,UPPER,Opal Securities Investment (PVT) Ltd.,Dipshikha Dhitopatra Karobar Co. Pvt Ltd.,268,212.0,56816.0,2025-07-29 12:13:00.120503
2025-07-29,103809,2025072904011531,UPPER,Opal Securities Investment (PVT) Ltd.,Thrive Brokerage House Pvt. Ltd,200,212.0,42400.0,2025-07-29 12:13:00.121381
2025-07-29,103808,2025072904011532,UPPER,Opal Securities Investment (PVT) Ltd.,South Asian Bulls Pvt. Ltd.,14,212.0,2968.0,2025-07-29 12:13:00.122241
2025-07-29,102611,2025072904011790,UPPER,Sani Securities Company Ltd.,South Asian Bulls Pvt. Ltd.,86,212.0,18232.0,2025-07-29 12:14:24.169854
2025-07-29,102610,2025072904011791,UPPER,Sani Securities Company Ltd.,Naasa Securities Co. Ltd.,12,212.0,2544.0,2025-07-29 12:14:24.170568
2025-07-29,102609,2025072904011792,UPPER,Sani Securities Company Ltd.,Imperial Securities Company Pvt. Ltd.,50,212.0,10600.0,2025-07-29 12:14:24.171146
2025-07-29,102608,2025072904011793,UPPER,Sani Securities Company Ltd.,Premier Securities Company Ltd.,150,212.0,31800.0,2025-07-29 12:14:24.171637
2025-07-29,102607,2025072904011794,UPPER,Sani Securities Company Ltd.,Dynamic Money Managers Securities Pvt. Ltd.,10,212.0,2120.0,2025-07-29 12:14:24.172099
2025-07-29,102606,2025072904011795,UPPER,Sani Securities Company Ltd.,J.F. Securites (PVT) Ltd.,192,212.0,40704.0,2025-07-29 12:14:24.172586
2025-07-29,102605,2025072904011796,UPPER,Dakshinkali Investment & Securities Pvt. Ltd.,J.F. Securites (PVT) Ltd.,618,212.0,131016.0,2025-07-29 12:14:24.504325
2025-07-29,102604,2025072904011797,UPPER,Dakshinkali Investment & Securities Pvt. Ltd.,Dipshikha Dhitopatra Karobar Co. Pvt Ltd.,200,212.0,42400.0,2025-07-29 12:14:24.504900
2025-07-29,102603,2025072904011798,UPPER,Dakshinkali Investment & Securities Pvt. Ltd.,Kohinoor Investment & Securities Pvt. Ltd.,100,212.0,21200.0,2025-07-29 12:14:24.505203
2025-07-29,102602,2025072904011799,UPPER,Dakshinkali Investment & Securities Pvt. Ltd.,Linch Stock Market Ltd.,30,212.0,6360.0,2025-07-29 12:14:24.505496
2025-07-29,102601,2025072904011800,UPPER,Dakshinkali Investment & Securities Pvt. Ltd.,Naasa Securities Co. Ltd.,400,212.0,84800.0,2025-07-29 12:14:24.505809
2025-07-29,102600,2025072904011801,UPPER,Dakshinkali Investment & Securities Pvt. Ltd.,Linch Stock Market Ltd.,1300,212.0,275600.0,2025-07-29 12:14:24.506098
2025-07-29,102599,2025072904011802,UPPER,Dakshinkali Investment & Securities Pvt. Ltd.,Trishakti Securities Public Limited,190,212.0,40280.0,2025-07-29 12:14:24.506388
2025-07-29,102598,2025072904011803,UPPER,Dakshinkali Investment & Securities Pvt. Ltd.,Agrawal Securities (PVT) Ltd.,100,212.0,21200.0,2025-07-29 12:14:24.506695
2025-07-29,102597,2025072904011804,UPPER,Dakshinkali Investment & Securities Pvt. Ltd.,Sri Hari Securities Pvt. Ltd.,144,212.0,30528.0,2025-07-29 12:14:24.506975
2025-07-29,102596,2025072904011805,UPPER,Dakshinkali Investment & Securities Pvt. Ltd.,Naasa Securities Co. Ltd.,25,212.0,5300.0,2025-07-29 12:14:24.507256
2025-07-29,102595,2025072904011806,UPPER,Dakshinkali Investment & Securities Pvt. Ltd.,Nepal Investment And Securities Trading Private Limited,50,212.0,10600.0,2025-07-29 12:14:24.507544
2025-07-29,102594,2025072904011807,UPPER,Dakshinkali Investment & Securities Pvt. Ltd.,Cristal Kanchanjanga Securites Pvt. Ltd.,500,212.0,106000.0,2025-07-29 12:14:24.507823
2025-07-29,102593,2025072904011808,UPPER,Dakshinkali Investment & Securities Pvt. Ltd.,Aryatara Investment & Securities,80,212.0,16960.0,2025-07-29 12:14:24.508101
2025-07-29,102592,2025072904011809,UPPER,Dakshinkali Investment & Securities Pvt. Ltd.,Sundhara Securities Limited,846,212.0,179352.0,2025-07-29 12:14:24.508382
2025-07-29,102591,2025072904011810,UPPER,Dakshinkali Investment & Securities Pvt. Ltd.,Naasa Securities Co. Ltd.,40,212.0,8480.0,2025-07-29 12:14:24.508655
2025-07-29,102590,2025072904011811,UPPER,Dakshinkali Investment & Securities Pvt. Ltd.,Midas Stock Broking Company Private Limited,50,212.0,10600.0,2025-07-29 12:14:24.508924
2025-07-29,102589,2025072904011812,UPPER,Dakshinkali Investment & Securities Pvt. Ltd.,Kohinoor Investment & Securities Pvt. Ltd.,100,212.0,21200.0,2025-07-29 12:14:24.509244
2025-07-29,102588,2025072904011813,UPPER,Dakshinkali Investment & Securities Pvt. Ltd.,Deevyaa Securities & Stock House Pvt. Ltd,100,212.0,21200.0,2025-07-29 12:14:24.509563
2025-07-29,102587,2025072904011814,UPPER,Dakshinkali Investment & Securities Pvt. Ltd.,Neev Securities Pvt. Ltd.,65,212.0,13780.0,2025-07-29 12:14:24.509848
2025-07-29,102586,2025072904011815,UPPER,Dakshinkali Investment & Securities Pvt. Ltd.,Nepal Investment And Securities Trading Private Limited,62,212.0,13144.0,2025-07-29 12:14:24.510124
2025-07-29,102396,2025072904011837,UPPER,Agrawal Securities (PVT) Ltd.,Bhrikuti Stock Broking Co. Pvt. Ltd.,100,211.5,21150.0,2025-07-29 12:14:40.826135
2025-07-29,102090,2025072904011898,UPPER,KALASH STOCK MARKET PVT. LTD.,Nepal Investment And Securities Trading Private Limited,13,212.0,2756.0,2025-07-29 12:15:07.409059
2025-07-29,102089,2025072904011899,UPPER,KALASH STOCK MARKET PVT. LTD.,Bhrikuti Stock Broking Co. Pvt. Ltd.,487,212.0,103244.0,2025-07-29 12:15:07.410221
2025-07-29,101943,2025072904011952,UPPER,Sipla Securities Private Limited,Bhrikuti Stock Broking Co. Pvt. Ltd.,15,212.0,3180.0,2025-07-29 12:15:15.620756
2025-07-29,101942,2025072904011953,UPPER,Sipla Securities Private Limited,Sri Hari Securities Pvt. Ltd.,485,212.0,102820.0,2025-07-29 12:15:15.621336
2025-07-29,101551,2025072904012063,UPPER,Opal Securities Investment (PVT) Ltd.,Sri Hari Securities Pvt. Ltd.,1000,212.0,212000.0,2025-07-29 12:15:49.664874
2025-07-29,101196,2025072904012134,UPPER,Imperial Securities Company Pvt. Ltd.,Sri Hari Securities Pvt. Ltd.,100,212.0,21200.0,2025-07-29 12:16:09.815181
2025-07-29,101175,2025072904012135,UPPER,South Asian Bulls Pvt. Ltd.,Sri Hari Securities Pvt. Ltd.,415,212.0,87980.0,2025-07-29 12:16:10.837544
2025-07-29,101174,2025072904012136,UPPER,South Asian Bulls Pvt. Ltd.,Sewa Securities Pvt. Ltd.,46,212.0,9752.0,2025-07-29 12:16:10.838157
2025-07-29,101173,2025072904012137,UPPER,South Asian Bulls Pvt. Ltd.,Bhrikuti Stock Broking Co. Pvt. Ltd.,200,212.0,42400.0,2025-07-29 12:16:10.838735
2025-07-29,101172,2025072904012138,UPPER,South Asian Bulls Pvt. Ltd.,Sri Hari Securities Pvt. Ltd.,100,212.0,21200.0,2025-07-29 12:16:10.839085
2025-07-29,101171,2025072904012139,UPPER,South Asian Bulls Pvt. Ltd.,Naasa Securities Co. Ltd.,1210,212.0,256520.0,2025-07-29 12:16:10.839410
2025-07-29,101170,2025072904012140,UPPER,South Asian Bulls Pvt. Ltd.,Primo Securities (PVT) Ltd.,29,212.0,6148.0,2025-07-29 12:16:10.839730
2025-07-29,101069,2025072904012152,UPPER,APPLE SECURITIES PRIVATE LIMITED,Primo Securities (PVT) Ltd.,71,212.0,15052.0,2025-07-29 12:16:15.728847
2025-07-29,101068,2025072904012153,UPPER,APPLE SECURITIES PRIVATE LIMITED,Shree Krishna Securities Ltd.,380,212.0,80560.0,2025-07-29 12:16:15.729490
2025-07-29,101067,2025072904012154,UPPER,APPLE SECURITIES PRIVATE LIMITED,Naasa Securities Co. Ltd.,33,212.0,6996.0,2025-07-29 12:16:15.729842
2025-07-29,101066,2025072904012155,UPPER,APPLE SECURITIES PRIVATE LIMITED,Oxford Securities Pvt. Ltd.,30,212.0,6360.0,2025-07-29 12:16:15.730159
2025-07-29,101065,2025072904012156,UPPER,APPLE SECURITIES PRIVATE LIMITED,Malla & Malla Stock Broking Company Pvt. Limited,52,212.0,11024.0,2025-07-29 12:16:15.730498
2025-07-29,101064,2025072904012157,UPPER,APPLE SECURITIES PRIVATE LIMITED,Kumari Securities Private Limited,50,212.0,10600.0,2025-07-29 12:16:15.730838
2025-07-29,101063,2025072904012158,UPPER,APPLE SECURITIES PRIVATE LIMITED,Ashutosh Brokerage & Securities (PVT) Ltd.,144,212.0,30528.0,2025-07-29 12:16:15.731176
2025-07-29,101062,2025072904012159,UPPER,APPLE SECURITIES PRIVATE LIMITED,Neev Securities Pvt. Ltd.,200,212.0,42400.0,2025-07-29 12:16:15.731527
2025-07-29,101061,2025072904012160,UPPER,APPLE SECURITIES PRIVATE LIMITED,Online Securities Pvt. Ltd.,38,212.0,8056.0,2025-07-29 12:16:15.731849
2025-07-29,101060,2025072904012161,UPPER,APPLE SECURITIES PRIVATE LIMITED,Naasa Securities Co. Ltd.,100,212.0,21200.0,2025-07-29 12:16:15.732194
2025-07-29,101059,2025072904012162,UPPER,APPLE SECURITIES PRIVATE LIMITED,Deevyaa Securities & Stock House Pvt. Ltd,490,212.0,103880.0,2025-07-29 12:16:15.732522
2025-07-29,101058,2025072904012163,UPPER,APPLE SECURITIES PRIVATE LIMITED,Asian Securities Private Ltd.,52,212.0,11024.0,2025-07-29 12:16:15.732850
2025-07-29,101057,2025072904012164,UPPER,APPLE SECURITIES PRIVATE LIMITED,Online Securities Pvt. Ltd.,80,212.0,16960.0,2025-07-29 12:16:15.733176
2025-07-29,101056,2025072904012165,UPPER,APPLE SECURITIES PRIVATE LIMITED,Capital Max Securities Ltd,68,212.0,14416.0,2025-07-29 12:16:15.733503
2025-07-29,101055,2025072904012166,UPPER,APPLE SECURITIES PRIVATE LIMITED,Naasa Securities Co. Ltd.,2000,212.0,424000.0,2025-07-29 12:16:15.733825
2025-07-29,101054,2025072904012167,UPPER,APPLE SECURITIES PRIVATE LIMITED,Secured Securities Ltd.,20,212.0,4240.0,2025-07-29 12:16:15.734130
2025-07-29,101053,2025072904012168,UPPER,APPLE SECURITIES PRIVATE LIMITED,Trishakti Securities Public Limited,10,212.0,2120.0,2025-07-29 12:16:15.734476
2025-07-29,101052,2025072904012169,UPPER,APPLE SECURITIES PRIVATE LIMITED,Dipshikha Dhitopatra Karobar Co. Pvt Ltd.,100,212.0,21200.0,2025-07-29 12:16:15.734800
2025-07-29,101051,2025072904012170,UPPER,APPLE SECURITIES PRIVATE LIMITED,Online Securities Pvt. Ltd.,200,212.0,42400.0,2025-07-29 12:16:15.735078
2025-07-29,101050,2025072904012171,UPPER,APPLE SECURITIES PRIVATE LIMITED,Dipshikha Dhitopatra Karobar Co. Pvt Ltd.,235,212.0,49820.0,2025-07-29 12:16:15.735463
2025-07-29,101049,2025072904012172,UPPER,APPLE SECURITIES PRIVATE LIMITED,Aryatara Investment & Securities,100,212.0,21200.0,2025-07-29 12:16:15.735766
2025-07-29,101048,2025072904012173,UPPER,APPLE SECURITIES PRIVATE LIMITED,Trisul Securities & Invt. Ltd.,325,212.0,68900.0,2025-07-29 12:16:15.736094
2025-07-29,101047,2025072904012174,UPPER,APPLE SECURITIES PRIVATE LIMITED,Kalika Securities Pvt. Ltd.,1520,212.0,322240.0,2025-07-29 12:16:15.736422
2025-07-29,101046,2025072904012175,UPPER,APPLE SECURITIES PRIVATE LIMITED,Neev Securities Pvt. Ltd.,500,212.0,106000.0,2025-07-29 12:16:15.736764
2025-07-29,101045,2025072904012176,UPPER,APPLE SECURITIES PRIVATE LIMITED,Siprabi Securities Pvt. Ltd.,1000,212.0,212000.0,2025-07-29 12:16:15.737063
2025-07-29,101044,2025072904012177,UPPER,APPLE SECURITIES PRIVATE LIMITED,Siprabi Securities Pvt. Ltd.,204,212.0,43248.0,2025-07-29 12:16:15.737389
2025-07-29,101043,2025072904012178,UPPER,APPLE SECURITIES PRIVATE LIMITED,Imperial Securities Company Pvt. Ltd.,36,212.0,7632.0,2025-07-29 12:16:15.737731
2025-07-29,100812,2025072904012218,UPPER,APPLE SECURITIES PRIVATE LIMITED,Imperial Securities Company Pvt. Ltd.,292,212.0,61904.0,2025-07-29 12:16:32.491790
2025-07-29,100721,2025072904012250,UPPER,APPLE SECURITIES PRIVATE LIMITED,Nepal Stock House (PVT) Ltd.,370,212.0,78440.0,2025-07-29 12:16:40.250476
2025-07-29,100698,2025072904012261,UPPER,Dynamic Money Managers Securities Pvt. Ltd.,Nepal Stock House (PVT) Ltd.,10,212.0,2120.0,2025-07-29 12:16:43.130921
2025-07-29,100532,2025072904012296,UPPER,Vision Securities Pvt. Ltd,Nepal Stock House (PVT) Ltd.,700,212.0,148400.0,2025-07-29 12:16:55.787471
2025-07-29,100531,2025072904012297,UPPER,Vision Securities Pvt. Ltd,Investment Management Nepal Pvt. Ltd.,300,212.0,63600.0,2025-07-29 12:16:55.788063
2025-07-29,100516,2025072904012300,UPPER,Opal Securities Investment (PVT) Ltd.,Investment Management Nepal Pvt. Ltd.,100,212.0,21200.0,2025-07-29 12:16:57.274320
2025-07-29,100343,2025072904012335,UPPER,Trishakti Securities Public Limited,Imperial Securities Company Pvt. Ltd.,200,211.7,42340.0,2025-07-29 12:17:12.417011
2025-07-29,100281,2025072904012359,UPPER,Online Securities Pvt. Ltd.,Investment Management Nepal Pvt. Ltd.,131,212.0,27772.0,2025-07-29 12:17:16.726013
2025-07-29,100280,2025072904012360,UPPER,Online Securities Pvt. Ltd.,Dipshikha Dhitopatra Karobar Co. Pvt Ltd.,500,212.0,106000.0,2025-07-29 12:17:16.726687
2025-07-29,100029,2025072904012401,UPPER,Online Securities Pvt. Ltd.,Ashutosh Brokerage & Securities (PVT) Ltd.,69,212.0,14628.0,2025-07-29 12:17:37.233270
2025-07-29,100028,2025072904012402,UPPER,Trishakti Securities Public Limited,Ashutosh Brokerage & Securities (PVT) Ltd.,31,211.7,6562.7,2025-07-29 12:17:37.234432
2025-07-29,100013,2025072904012405,UPPER,Naasa Securities Co. Ltd.,Kohinoor Investment & Securities Pvt. Ltd.,5,208.0,1040.0,2025-07-29 12:17:38.319066
2025-07-29,99681,2025072904012471,UPPER,Naasa Securities Co. Ltd.,Siprabi Securities Pvt. Ltd.,105,212.0,22260.0,2025-07-29 12:18:09.614366
2025-07-29,99496,2025072904012503,UPPER,Sri Hari Securities Pvt. Ltd.,South Asian Bulls Pvt. Ltd.,80,211.8,16944.0,2025-07-29 12:18:23.935606
2025-07-29,99481,2025072904012506,UPPER,Trishakti Securities Public Limited,Siprabi Securities Pvt. Ltd.,1175,212.0,249100.0,2025-07-29 12:18:25.827697
2025-07-29,99480,2025072904012507,UPPER,Trishakti Securities Public Limited,Prabhu Stock Market Limited,594,212.0,125928.0,2025-07-29 12:18:25.828274
2025-07-29,99227,2025072904012554,UPPER,Sri Hari Securities Pvt. Ltd.,Sundhara Securities Limited,25,211.8,5295.0,2025-07-29 12:18:48.112786
2025-07-29,99172,2025072904012567,UPPER,Creative Securities Pvt Ltd,Aryatara Investment & Securities,80,211.9,16952.0,2025-07-29 12:18:52.324075
2025-07-29,99004,2025072904012629,UPPER,Oxford Securities Pvt. Ltd.,Aryatara Investment & Securities,20,211.9,4238.0,2025-07-29 12:19:03.648100
2025-07-29,99003,2025072904012630,UPPER,Oxford Securities Pvt. Ltd.,Prabhu Stock Market Limited,200,212.0,42400.0,2025-07-29 12:19:03.648653
2025-07-29,98848,2025072904012659,UPPER,Midas Stock Broking Company Private Limited,Prabhu Stock Market Limited,103,212.0,21836.0,2025-07-29 12:19:14.608657
2025-07-29,98798,2025072904012673,UPPER,Bhrikuti Stock Broking Co. Pvt. Ltd.,Prabhu Stock Market Limited,30,212.0,6360.0,2025-07-29 12:19:17.869265
2025-07-29,98617,2025072904012727,UPPER,Sewa Securities Pvt. Ltd.,Prabhu Stock Market Limited,50,212.0,10600.0,2025-07-29 12:19:30.487707
2025-07-29,97879,2025072904012854,UPPER,Himalayan Brokerage Company Limited,Sani Securities Company Ltd.,200,211.9,42380.0,2025-07-29 12:20:19.550397
2025-07-29,97878,2025072904012855,UPPER,Himalayan Brokerage Company Limited,Prabhu Stock Market Limited,23,212.0,4876.0,2025-07-29 12:20:19.551640
2025-07-29,97877,2025072904012856,UPPER,Himalayan Brokerage Company Limited,Naasa Securities Co. Ltd.,77,212.0,16324.0,2025-07-29 12:20:19.552660
2025-07-29,97852,2025072904012863,UPPER,Online Securities Pvt. Ltd.,Naasa Securities Co. Ltd.,100,212.0,21200.0,2025-07-29 12:20:20.838699
2025-07-29,97816,2025072904012867,UPPER,Sundhara Securities Limited,Naasa Securities Co. Ltd.,1323,212.0,280476.0,2025-07-29 12:20:22.707356
2025-07-29,97815,2025072904012868,UPPER,Sundhara Securities Limited,Agrawal Securities (PVT) Ltd.,677,212.0,143524.0,2025-07-29 12:20:22.707919
2025-07-29,97634,2025072904012898,UPPER,Sri Hari Securities Pvt. Ltd.,Imperial Securities Company Pvt. Ltd.,95,211.8,20121.0,2025-07-29 12:20:36.055904
2025-07-29,97633,2025072904012899,UPPER,Online Securities Pvt. Ltd.,Imperial Securities Company Pvt. Ltd.,10,211.8,2118.0,2025-07-29 12:20:36.055955
2025-07-29,97632,2025072904012900,UPPER,Aryatara Investment & Securities,Imperial Securities Company Pvt. Ltd.,67,211.7,14183.9,2025-07-29 12:20:36.055996
2025-07-29,97631,2025072904012901,UPPER,Aryatara Investment & Securities,Imperial Securities Company Pvt. Ltd.,20,211.6,4232.0,2025-07-29 12:20:36.056024
2025-07-29,97437,2025072904012964,UPPER,Bhrikuti Stock Broking Co. Pvt. Ltd.,Agrawal Securities (PVT) Ltd.,10,212.0,2120.0,2025-07-29 12:20:48.350685
2025-07-29,97332,2025072904012983,UPPER,Aryatara Investment & Securities,Oxford Securities Pvt. Ltd.,62,211.6,13119.2,2025-07-29 12:20:55.086692
2025-07-29,97211,2025072904012993,UPPER,Oxford Securities Pvt. Ltd.,Aryatara Investment & Securities,80,211.7,16936.0,2025-07-29 12:21:00.126739
2025-07-29,97210,2025072904012994,UPPER,Oxford Securities Pvt. Ltd.,Agrawal Securities (PVT) Ltd.,113,212.0,23956.0,2025-07-29 12:21:00.127943
2025-07-29,97209,2025072904012995,UPPER,Oxford Securities Pvt. Ltd.,Vision Securities Pvt. Ltd,200,212.0,42400.0,2025-07-29 12:21:00.128842
2025-07-29,97160,2025072904013006,UPPER,Linch Stock Market Ltd.,Naasa Securities Co. Ltd.,1000,212.0,212000.0,2025-07-29 12:21:03.645964
2025-07-29,96986,2025072904013040,UPPER,Naasa Securities Co. Ltd.,Naasa Securities Co. Ltd.,408,212.0,86496.0,2025-07-29 12:21:15.418224
2025-07-29,96985,2025072904013041,UPPER,Naasa Securities Co. Ltd.,Citizens Share Broker Limited,92,212.0,19504.0,2025-07-29 12:21:15.418827
2025-07-29,96932,2025072904013048,UPPER,Sewa Securities Pvt. Ltd.,Citizens Share Broker Limited,200,212.0,42400.0,2025-07-29 12:21:19.590665
2025-07-29,96789,2025072904013085,UPPER,Aryatara Investment & Securities,Swarna Laxmi Securities Pvt. Ltd.,118,211.6,24968.8,2025-07-29 12:21:30.974937
2025-07-29,96788,2025072904013086,UPPER,Sri Hari Securities Pvt. Ltd.,Swarna Laxmi Securities Pvt. Ltd.,200,211.6,42320.0,2025-07-29 12:21:30.975480
2025-07-29,96787,2025072904013087,UPPER,Naasa Securities Co. Ltd.,Swarna Laxmi Securities Pvt. Ltd.,20,211.6,4232.0,2025-07-29 12:21:30.975766
2025-07-29,96540,2025072904013140,UPPER,Agrawal Securities (PVT) Ltd.,Sagarmatha Securities Private Limited,100,211.5,21150.0,2025-07-29 12:21:48.126032
2025-07-29,96515,2025072904013142,UPPER,Agrawal Securities (PVT) Ltd.,Swarna Laxmi Securities Pvt. Ltd.,62,211.5,13113.0,2025-07-29 12:21:50.079919
2025-07-29,96406,2025072904013167,UPPER,Agrawal Securities (PVT) Ltd.,Himalayan Brokerage Company Limited,100,211.5,21150.0,2025-07-29 12:21:58.897423
2025-07-29,96238,2025072904013214,UPPER,Sani Securities Company Ltd.,Naasa Securities Co. Ltd.,20,211.6,4232.0,2025-07-29 12:22:08.674788
2025-07-29,95961,2025072904013259,UPPER,Agrawal Securities (PVT) Ltd.,Creative Securities Pvt Ltd,57,211.5,12055.5,2025-07-29 12:22:22.576972
2025-07-29,95865,2025072904013271,UPPER,Naasa Securities Co. Ltd.,Naasa Securities Co. Ltd.,30,211.6,6348.0,2025-07-29 12:22:29.074253
2025-07-29,95446,2025072904013355,UPPER,Naasa Securities Co. Ltd.,Sani Securities Company Ltd.,220,211.6,46552.0,2025-07-29 12:22:57.804603
2025-07-29,95445,2025072904013356,UPPER,Vision Securities Pvt. Ltd,Sani Securities Company Ltd.,24,211.6,5078.4,2025-07-29 12:22:57.805182
2025-07-29,95349,2025072904013378,UPPER,Vision Securities Pvt. Ltd,Sumeru Securities Pvt. Ltd.,10,211.6,2116.0,2025-07-29 12:23:05.102582
2025-07-29,95308,2025072904013382,UPPER,Vision Securities Pvt. Ltd,Nepal Investment And Securities Trading Private Limited,180,211.6,38088.0,2025-07-29 12:23:08.036355
2025-07-29,94944,2025072904013475,UPPER,Online Securities Pvt. Ltd.,Asian Securities Private Ltd.,500,211.9,105950.0,2025-07-29 12:23:31.326281
2025-07-29,94943,2025072904013476,UPPER,Online Securities Pvt. Ltd.,Imperial Securities Company Pvt. Ltd.,1000,211.9,211900.0,2025-07-29 12:23:31.326928
2025-07-29,94882,2025072904013488,UPPER,Vision Securities Pvt. Ltd,Shree Krishna Securities Ltd.,100,211.6,21160.0,2025-07-29 12:23:35.844789
2025-07-29,94807,2025072904013512,UPPER,Vision Securities Pvt. Ltd,Naasa Securities Co. Ltd.,686,211.6,145157.6,2025-07-29 12:23:42.032286
2025-07-29,94067,2025072904013677,UPPER,Agrawal Securities (PVT) Ltd.,Agrawal Securities (PVT) Ltd.,200,211.5,42300.0,2025-07-29 12:24:37.673019
2025-07-29,93874,2025072904013724,UPPER,Agrawal Securities (PVT) Ltd.,Imperial Securities Company Pvt. Ltd.,100,211.5,21150.0,2025-07-29 12:24:51.652376
2025-07-29,93856,2025072904013728,UPPER,Agrawal Securities (PVT) Ltd.,Creative Securities Pvt Ltd,1000,211.5,211500.0,2025-07-29 12:24:53.003345
2025-07-29,93510,2025072904013815,UPPER,Agrawal Securities (PVT) Ltd.,Naasa Securities Co. Ltd.,134,211.5,28341.0,2025-07-29 12:25:14.721884
2025-07-29,93414,2025072904013847,UPPER,Agrawal Securities (PVT) Ltd.,Naasa Securities Co. Ltd.,1147,211.5,242590.5,2025-07-29 12:25:21.448127
2025-07-29,93413,2025072904013848,UPPER,Naasa Securities Co. Ltd.,Naasa Securities Co. Ltd.,155,211.5,32782.5,2025-07-29 12:25:21.448727
2025-07-29,93022,2025072904013955,UPPER,Linch Stock Market Ltd.,Naasa Securities Co. Ltd.,134,211.5,28341.0,2025-07-29 12:25:53.383187
2025-07-29,93021,2025072904013956,UPPER,Linch Stock Market Ltd.,Naasa Securities Co. Ltd.,100,211.6,21160.0,2025-07-29 12:25:53.384396
2025-07-29,93020,2025072904013957,UPPER,Linch Stock Market Ltd.,Online Securities Pvt. Ltd.,266,211.9,56365.4,2025-07-29 12:25:53.385296
2025-07-29,92603,2025072904014091,UPPER,Online Securities Pvt. Ltd.,Dipshikha Dhitopatra Karobar Co. Pvt Ltd.,45,211.5,9517.5,2025-07-29 12:26:24.544282
2025-07-29,92038,2025072904014238,UPPER,Linch Stock Market Ltd.,Dakshinkali Investment & Securities Pvt. Ltd.,179,211.2,37804.8,2025-07-29 12:27:04.519740
2025-07-29,92037,2025072904014239,UPPER,Naasa Securities Co. Ltd.,Dakshinkali Investment & Securities Pvt. Ltd.,142,211.2,29990.4,2025-07-29 12:27:04.520330
2025-07-29,92036,2025072904014240,UPPER,Sani Securities Company Ltd.,Dakshinkali Investment & Securities Pvt. Ltd.,864,211.1,182390.4,2025-07-29 12:27:04.520634
2025-07-29,91660,2025072904014364,UPPER,Sri Hari Securities Pvt. Ltd.,Naasa Securities Co. Ltd.,400,211.0,84400.0,2025-07-29 12:27:36.621132
2025-07-29,91471,2025072904014433,UPPER,Sri Hari Securities Pvt. Ltd.,Agrawal Securities (PVT) Ltd.,15,211.0,3165.0,2025-07-29 12:27:49.043182
2025-07-29,91180,2025072904014526,UPPER,Kalika Securities Pvt. Ltd.,Dakshinkali Investment & Securities Pvt. Ltd.,10,211.1,2111.0,2025-07-29 12:28:11.948109
2025-07-29,91125,2025072904014530,UPPER,Sri Hari Securities Pvt. Ltd.,Naasa Securities Co. Ltd.,85,211.0,17935.0,2025-07-29 12:28:13.183079
2025-07-29,91124,2025072904014531,UPPER,Imperial Securities Company Pvt. Ltd.,Naasa Securities Co. Ltd.,500,211.0,105500.0,2025-07-29 12:28:13.184329
2025-07-29,91123,2025072904014532,UPPER,Elite Stock House Limited,Naasa Securities Co. Ltd.,100,211.0,21100.0,2025-07-29 12:28:13.185270
2025-07-29,91122,2025072904014533,UPPER,SUN SECURITIES PVT LTD,Naasa Securities Co. Ltd.,10,211.0,2110.0,2025-07-29 12:28:13.186210
2025-07-29,91121,2025072904014534,UPPER,Sweta Securities Private Limited,Naasa Securities Co. Ltd.,50,211.0,10550.0,2025-07-29 12:28:13.187150
2025-07-29,91120,2025072904014535,UPPER,NIMB Stock Markets Limited,Naasa Securities Co. Ltd.,103,211.0,21733.0,2025-07-29 12:28:13.188093
2025-07-29,90846,2025072904014610,UPPER,NIMB Stock Markets Limited,J.F. Securites (PVT) Ltd.,10,211.0,2110.0,2025-07-29 12:28:36.648240
2025-07-29,90345,2025072904014713,UPPER,NIMB Stock Markets Limited,Online Securities Pvt. Ltd.,187,211.0,39457.0,2025-07-29 12:29:16.718296
2025-07-29,90344,2025072904014714,UPPER,Agrawal Securities (PVT) Ltd.,Online Securities Pvt. Ltd.,500,211.0,105500.0,2025-07-29 12:29:16.718921
2025-07-29,90343,2025072904014715,UPPER,Sani Securities Company Ltd.,Online Securities Pvt. Ltd.,50,211.0,10550.0,2025-07-29 12:29:16.719238
2025-07-29,90342,2025072904014716,UPPER,Aryatara Investment & Securities,Online Securities Pvt. Ltd.,263,211.0,55493.0,2025-07-29 12:29:16.719560
2025-07-29,90250,2025072904014727,UPPER,Primo Securities (PVT) Ltd.,Dakshinkali Investment & Securities Pvt. Ltd.,200,211.1,42220.0,2025-07-29 12:29:21.014788
2025-07-29,90157,2025072904014748,UPPER,Aryatara Investment & Securities,Opal Securities Investment (PVT) Ltd.,237,211.0,50007.0,2025-07-29 12:29:28.307093
2025-07-29,90156,2025072904014749,UPPER,Ashutosh Brokerage & Securities (PVT) Ltd.,Opal Securities Investment (PVT) Ltd.,10,211.0,2110.0,2025-07-29 12:29:28.307212
2025-07-29,90155,2025072904014750,UPPER,Agrawal Securities (PVT) Ltd.,Opal Securities Investment (PVT) Ltd.,684,210.9,144255.6,2025-07-29 12:29:28.307295
2025-07-29,90154,2025072904014751,UPPER,Asian Securities Private Ltd.,Opal Securities Investment (PVT) Ltd.,30,210.9,6327.0,2025-07-29 12:29:28.307407
2025-07-29,90153,2025072904014752,UPPER,Sri Hari Securities Pvt. Ltd.,Opal Securities Investment (PVT) Ltd.,165,210.9,34798.5,2025-07-29 12:29:28.307484
2025-07-29,90152,2025072904014753,UPPER,Sewa Securities Pvt. Ltd.,Opal Securities Investment (PVT) Ltd.,20,210.8,4216.0,2025-07-29 12:29:28.307586
2025-07-29,90151,2025072904014754,UPPER,KALASH STOCK MARKET PVT. LTD.,Opal Securities Investment (PVT) Ltd.,54,210.8,11383.2,2025-07-29 12:29:28.307686
2025-07-29,89318,2025072904014926,UPPER,Opal Securities Investment (PVT) Ltd.,Dipshikha Dhitopatra Karobar Co. Pvt Ltd.,50,211.0,10550.0,2025-07-29 12:30:16.652552
2025-07-29,89106,2025072904014981,UPPER,KALASH STOCK MARKET PVT. LTD.,Kohinoor Investment & Securities Pvt. Ltd.,205,210.8,43214.0,2025-07-29 12:30:35.157907
2025-07-29,89075,2025072904014986,UPPER,KALASH STOCK MARKET PVT. LTD.,Capital Hub P. Ltd,736,210.8,155148.8,2025-07-29 12:30:38.165512
2025-07-29,88960,2025072904015017,UPPER,Dakshinkali Investment & Securities Pvt. Ltd.,ABC Securities Private Limited,40,210.6,8424.0,2025-07-29 12:30:49.145138
2025-07-29,88914,2025072904015035,UPPER,Dakshinkali Investment & Securities Pvt. Ltd.,Asian Securities Private Ltd.,80,210.6,16848.0,2025-07-29 12:30:52.683117
2025-07-29,88823,2025072904015063,UPPER,Dakshinkali Investment & Securities Pvt. Ltd.,Capital Hub P. Ltd,205,210.6,43173.0,2025-07-29 12:31:00.238557
2025-07-29,88808,2025072904015066,UPPER,Dakshinkali Investment & Securities Pvt. Ltd.,Neev Securities Pvt. Ltd.,230,210.6,48438.0,2025-07-29 12:31:01.257842
2025-07-29,88717,2025072904015105,UPPER,Dakshinkali Investment & Securities Pvt. Ltd.,Oxford Securities Pvt. Ltd.,40,210.6,8424.0,2025-07-29 12:31:11.954545
2025-07-29,88361,2025072904015173,UPPER,Dakshinkali Investment & Securities Pvt. Ltd.,Dakshinkali Investment & Securities Pvt. Ltd.,1405,211.1,296595.5,2025-07-29 12:31:41.077743
2025-07-29,88360,2025072904015174,UPPER,Dakshinkali Investment & Securities Pvt. Ltd.,Online Securities Pvt. Ltd.,1595,211.1,336704.5,2025-07-29 12:31:41.078437
2025-07-29,88077,2025072904015247,UPPER,Creative Securities Pvt Ltd,ABC Securities Private Limited,50,211.0,10550.0,2025-07-29 12:32:07.196038
2025-07-29,87770,2025072904015333,UPPER,Creative Securities Pvt Ltd,Capital Hub P. Ltd,950,211.0,200450.0,2025-07-29 12:32:34.523410
2025-07-29,87626,2025072904015375,UPPER,Dakshinkali Investment & Securities Pvt. Ltd.,Online Securities Pvt. Ltd.,100,210.6,21060.0,2025-07-29 12:32:47.467358
2025-07-29,87195,2025072904015481,UPPER,Dakshinkali Investment & Securities Pvt. Ltd.,Sumeru Securities Pvt. Ltd.,100,210.6,21060.0,2025-07-29 12:33:23.932539
2025-07-29,85719,2025072904015839,UPPER,Oxford Securities Pvt. Ltd.,Sani Securities Company Ltd.,12,210.7,2528.4,2025-07-29 12:35:45.645539
2025-07-29,85371,2025072904015910,UPPER,Naasa Securities Co. Ltd.,Dipshikha Dhitopatra Karobar Co. Pvt Ltd.,10,210.9,2109.0,2025-07-29 12:36:22.353245
2025-07-29,84988,2025072904015994,UPPER,Oxford Securities Pvt. Ltd.,Aakashbhairab Securities Ltd.,80,210.7,16856.0,2025-07-29 12:36:56.405271
2025-07-29,84658,2025072904016093,UPPER,Oxford Securities Pvt. Ltd.,Sweta Securities Private Limited,80,210.7,16856.0,2025-07-29 12:37:33.085867
2025-07-29,84631,2025072904016100,UPPER,Oxford Securities Pvt. Ltd.,Nepal Stock House (PVT) Ltd.,20,210.7,4214.0,2025-07-29 12:37:37.846627
2025-07-29,84368,2025072904016188,UPPER,Oxford Securities Pvt. Ltd.,Online Securities Pvt. Ltd.,58,210.7,12220.6,2025-07-29 12:37:58.832640
2025-07-29,84367,2025072904016189,UPPER,Vision Securities Pvt. Ltd,Online Securities Pvt. Ltd.,229,210.7,48250.3,2025-07-29 12:37:58.833340
2025-07-29,83787,2025072904016312,UPPER,Vision Securities Pvt. Ltd,Creative Securities Pvt Ltd,11,210.7,2317.7,2025-07-29 12:38:53.838459
2025-07-29,83786,2025072904016313,UPPER,Vision Securities Pvt. Ltd,Creative Securities Pvt Ltd,53,210.7,11167.1,2025-07-29 12:38:53.838590
2025-07-29,83785,2025072904016314,UPPER,Dakshinkali Investment & Securities Pvt. Ltd.,Creative Securities Pvt Ltd,205,210.6,43173.0,2025-07-29 12:38:53.838671
2025-07-29,83784,2025072904016315,UPPER,Sani Securities Company Ltd.,Creative Securities Pvt Ltd,231,210.6,48648.6,2025-07-29 12:38:53.838746
2025-07-29,83783,2025072904016316,UPPER,Sani Securities Company Ltd.,Oxford Securities Pvt. Ltd.,269,210.6,56651.4,2025-07-29 12:38:54.046144
2025-07-29,83782,2025072904016317,UPPER,Malla & Malla Stock Broking Company Pvt. Limited,Oxford Securities Pvt. Ltd.,23,210.5,4841.5,2025-07-29 12:38:54.047559
2025-07-29,83673,2025072904016343,UPPER,Malla & Malla Stock Broking Company Pvt. Limited,Sumeru Securities Pvt. Ltd.,80,210.5,16840.0,2025-07-29 12:39:05.654842
2025-07-29,83236,2025072904016450,UPPER,Siprabi Securities Pvt. Ltd.,Dipshikha Dhitopatra Karobar Co. Pvt Ltd.,75,210.9,15817.5,2025-07-29 12:39:49.156983
2025-07-29,83030,2025072904016489,UPPER,KALASH STOCK MARKET PVT. LTD.,Naasa Securities Co. Ltd.,500,211.0,105500.0,2025-07-29 12:40:12.287277
2025-07-29,83009,2025072904016494,UPPER,Siprabi Securities Pvt. Ltd.,Aryatara Investment & Securities,25,210.9,5272.5,2025-07-29 12:40:13.780394
2025-07-29,82969,2025072904016508,UPPER,Online Securities Pvt. Ltd.,Naasa Securities Co. Ltd.,80,210.7,16856.0,2025-07-29 12:40:17.926112
2025-07-29,82936,2025072904016513,UPPER,Online Securities Pvt. Ltd.,Oxford Securities Pvt. Ltd.,22,210.7,4635.4,2025-07-29 12:40:21.126271
2025-07-29,82673,2025072904016573,UPPER,Naasa Securities Co. Ltd.,Oxford Securities Pvt. Ltd.,78,210.7,16434.6,2025-07-29 12:40:41.948616
2025-07-29,82672,2025072904016574,UPPER,Naasa Securities Co. Ltd.,Aryatara Investment & Securities,75,210.9,15817.5,2025-07-29 12:40:41.948682
2025-07-29,82671,2025072904016575,UPPER,Naasa Securities Co. Ltd.,Naasa Securities Co. Ltd.,715,211.0,150865.0,2025-07-29 12:40:41.948711
2025-07-29,82670,2025072904016576,UPPER,Naasa Securities Co. Ltd.,Nepal Stock House (PVT) Ltd.,80,211.0,16880.0,2025-07-29 12:40:41.948735
2025-07-29,82669,2025072904016577,UPPER,Naasa Securities Co. Ltd.,Citizens Share Broker Limited,52,211.0,10972.0,2025-07-29 12:40:41.948757
2025-07-29,82509,2025072904016610,UPPER,Malla & Malla Stock Broking Company Pvt. Limited,Dipshikha Dhitopatra Karobar Co. Pvt Ltd.,130,210.5,27365.0,2025-07-29 12:40:54.900857
2025-07-29,82508,2025072904016611,UPPER,Sewa Securities Pvt. Ltd.,Dipshikha Dhitopatra Karobar Co. Pvt Ltd.,30,210.5,6315.0,2025-07-29 12:40:54.901562
2025-07-29,82507,2025072904016612,UPPER,Sani Securities Company Ltd.,Dipshikha Dhitopatra Karobar Co. Pvt Ltd.,150,210.5,31575.0,2025-07-29 12:40:54.902136
2025-07-29,82506,2025072904016613,UPPER,Primo Securities (PVT) Ltd.,Dipshikha Dhitopatra Karobar Co. Pvt Ltd.,500,210.5,105250.0,2025-07-29 12:40:54.902595
2025-07-29,82505,2025072904016614,UPPER,Dakshinkali Investment & Securities Pvt. Ltd.,Dipshikha Dhitopatra Karobar Co. Pvt Ltd.,190,210.5,39995.0,2025-07-29 12:40:54.903087
2025-07-29,82244,2025072904016671,UPPER,Nepal Stock House (PVT) Ltd.,Citizens Share Broker Limited,100,210.7,21070.0,2025-07-29 12:41:16.705242
2025-07-29,82243,2025072904016672,UPPER,Capital Max Securities Ltd,Citizens Share Broker Limited,1000,210.6,210600.0,2025-07-29 12:41:16.705879
2025-07-29,82242,2025072904016673,UPPER,Dakshinkali Investment & Securities Pvt. Ltd.,Citizens Share Broker Limited,110,210.5,23155.0,2025-07-29 12:41:16.706234
2025-07-29,81935,2025072904016735,UPPER,ABC Securities Private Limited,Citizens Share Broker Limited,10,210.4,2104.0,2025-07-29 12:41:42.796504
2025-07-29,81757,2025072904016766,UPPER,Nabil Stock Dealer Ltd.,Citizens Share Broker Limited,300,210.3,63090.0,2025-07-29 12:42:01.875888
2025-07-29,81756,2025072904016767,UPPER,Secured Securities Ltd.,Citizens Share Broker Limited,300,210.3,63090.0,2025-07-29 12:42:01.876583
2025-07-29,81754,2025072904016768,UPPER,Thrive Brokerage House Pvt. Ltd,Sri Hari Securities Pvt. Ltd.,2837,210.1,596053.7,2025-07-29 12:42:01.973226
2025-07-29,81741,2025072904016769,UPPER,Premier Securities Company Ltd.,Citizens Share Broker Limited,28,210.3,5888.4,2025-07-29 12:42:03.760872
2025-07-29,81614,2025072904016817,UPPER,Premier Securities Company Ltd.,Imperial Securities Company Pvt. Ltd.,100,210.4,21040.0,2025-07-29 12:42:14.631344
2025-07-29,81355,2025072904016877,UPPER,Premier Securities Company Ltd.,Nepal Investment And Securities Trading Private Limited,472,210.4,99308.8,2025-07-29 12:42:44.677907
2025-07-29,81354,2025072904016878,UPPER,Nepal Stock House (PVT) Ltd.,Nepal Investment And Securities Trading Private Limited,28,210.4,5891.2,2025-07-29 12:42:44.678584
2025-07-29,81309,2025072904016890,UPPER,Nepal Stock House (PVT) Ltd.,Aryatara Investment & Securities,72,210.4,15148.8,2025-07-29 12:42:49.754309
2025-07-29,81308,2025072904016891,UPPER,Creative Securities Pvt Ltd,Aryatara Investment & Securities,32,210.2,6726.4,2025-07-29 12:42:49.754984
2025-07-29,80697,2025072904016996,UPPER,Creative Securities Pvt Ltd,Trisul Securities & Invt. Ltd.,80,210.2,16816.0,2025-07-29 12:43:43.201080
2025-07-29,80308,2025072904017069,UPPER,Capital Max Securities Ltd,Aryatara Investment & Securities,100,211.0,21100.0,2025-07-29 12:44:18.878718
2025-07-29,80307,2025072904017070,UPPER,Capital Max Securities Ltd,Imperial Securities Company Pvt. Ltd.,900,211.0,189900.0,2025-07-29 12:44:18.879414
2025-07-29,80293,2025072904017073,UPPER,Premier Securities Company Ltd.,Sharepro Securities Private Limited,100,210.3,21030.0,2025-07-29 12:44:21.067742
2025-07-29,80292,2025072904017074,UPPER,Creative Securities Pvt Ltd,Sharepro Securities Private Limited,150,210.2,31530.0,2025-07-29 12:44:21.068396
2025-07-29,80066,2025072904017103,UPPER,Nabil Stock Dealer Ltd.,Sharepro Securities Private Limited,100,210.4,21040.0,2025-07-29 12:44:39.158414
2025-07-29,79915,2025072904017121,UPPER,Kohinoor Investment & Securities Pvt. Ltd.,Aakashbhairab Securities Ltd.,100,210.5,21050.0,2025-07-29 12:44:52.671445
2025-07-29,79913,2025072904017123,UPPER,Kohinoor Investment & Securities Pvt. Ltd.,Asian Securities Private Ltd.,80,210.5,16840.0,2025-07-29 12:44:52.772953
2025-07-29,79764,2025072904017142,UPPER,Naasa Securities Co. Ltd.,Imperial Securities Company Pvt. Ltd.,10,211.0,2110.0,2025-07-29 12:45:06.249433
2025-07-29,79653,2025072904017177,UPPER,Nepal Stock House (PVT) Ltd.,Imperial Securities Company Pvt. Ltd.,90,211.0,18990.0,2025-07-29 12:45:18.688449
2025-07-29,79652,2025072904017178,UPPER,Nepal Stock House (PVT) Ltd.,Linch Stock Market Ltd.,10,211.0,2110.0,2025-07-29 12:45:18.689201
2025-07-29,79363,2025072904017235,UPPER,Naasa Securities Co. Ltd.,Linch Stock Market Ltd.,40,211.0,8440.0,2025-07-29 12:45:48.172771
2025-07-29,79213,2025072904017279,UPPER,Vision Securities Pvt. Ltd,SHUBHAKAMANA SECURITIES PVT. LTD,100,210.6,21060.0,2025-07-29 12:46:03.137711
2025-07-29,79181,2025072904017284,UPPER,Naasa Securities Co. Ltd.,Linch Stock Market Ltd.,350,211.0,73850.0,2025-07-29 12:46:05.866052
2025-07-29,79104,2025072904017314,UPPER,Vision Securities Pvt. Ltd,SHUBHAKAMANA SECURITIES PVT. LTD,194,210.6,40856.4,2025-07-29 12:46:15.176240
2025-07-29,79054,2025072904017325,UPPER,Midas Stock Broking Company Private Limited,Linch Stock Market Ltd.,100,211.0,21100.0,2025-07-29 12:46:20.912258
2025-07-29,78878,2025072904017368,UPPER,Nabil Stock Dealer Ltd.,SHUBHAKAMANA SECURITIES PVT. LTD,140,210.7,29498.0,2025-07-29 12:46:37.245884
2025-07-29,78767,2025072904017376,UPPER,Swarna Laxmi Securities Pvt. Ltd.,Linch Stock Market Ltd.,500,211.0,105500.0,2025-07-29 12:46:45.993785
2025-07-29,78691,2025072904017404,UPPER,Swarna Laxmi Securities Pvt. Ltd.,SHUBHAKAMANA SECURITIES PVT. LTD,100,211.0,21100.0,2025-07-29 12:46:50.284760
2025-07-29,78651,2025072904017407,UPPER,Swarna Laxmi Securities Pvt. Ltd.,Vision Securities Pvt. Ltd,200,211.0,42200.0,2025-07-29 12:46:53.691356
2025-07-29,78650,2025072904017408,UPPER,Vision Securities Pvt. Ltd,Online Securities Pvt. Ltd.,150,211.1,31665.0,2025-07-29 12:46:53.692653
2025-07-29,78566,2025072904017428,UPPER,Swarna Laxmi Securities Pvt. Ltd.,SHUBHAKAMANA SECURITIES PVT. LTD,100,211.0,21100.0,2025-07-29 12:47:03.335781
2025-07-29,78401,2025072904017459,UPPER,Swarna Laxmi Securities Pvt. Ltd.,Opal Securities Investment (PVT) Ltd.,60,211.0,12660.0,2025-07-29 12:47:20.634586
2025-07-29,78356,2025072904017476,UPPER,Swarna Laxmi Securities Pvt. Ltd.,ABC Securities Private Limited,40,211.0,8440.0,2025-07-29 12:47:23.030254
2025-07-29,78355,2025072904017477,UPPER,Nabil Stock Dealer Ltd.,ABC Securities Private Limited,760,210.7,160132.0,2025-07-29 12:47:23.030916
2025-07-29,78354,2025072904017478,UPPER,Vision Securities Pvt. Ltd,ABC Securities Private Limited,1706,210.6,359283.6,2025-07-29 12:47:23.031358
2025-07-29,78353,2025072904017479,UPPER,Kohinoor Investment & Securities Pvt. Ltd.,ABC Securities Private Limited,20,210.5,4210.0,2025-07-29 12:47:23.031791
2025-07-29,78352,2025072904017480,UPPER,Agrawal Securities (PVT) Ltd.,ABC Securities Private Limited,2000,210.5,421000.0,2025-07-29 12:47:23.032263
2025-07-29,78351,2025072904017481,UPPER,Creative Securities Pvt Ltd,ABC Securities Private Limited,738,210.2,155127.6,2025-07-29 12:47:23.032677
2025-07-29,78350,2025072904017482,UPPER,Market Securities & Exchange (PVT) Ltd.,ABC Securities Private Limited,1100,210.2,231220.0,2025-07-29 12:47:23.033103
2025-07-29,78349,2025072904017483,UPPER,Thrive Brokerage House Pvt. Ltd,ABC Securities Private Limited,1115,210.1,234261.5,2025-07-29 12:47:23.033489
2025-07-29,78348,2025072904017484,UPPER,Infinity Securities Limited,ABC Securities Private Limited,500,210.1,105050.0,2025-07-29 12:47:23.033860
2025-07-29,78347,2025072904017485,UPPER,Sani Securities Company Ltd.,ABC Securities Private Limited,134,210.0,28140.0,2025-07-29 12:47:23.034228
2025-07-29,78346,2025072904017486,UPPER,Creative Securities Pvt Ltd,ABC Securities Private Limited,200,210.0,42000.0,2025-07-29 12:47:23.034599
2025-07-29,78345,2025072904017487,UPPER,Premier Securities Company Ltd.,ABC Securities Private Limited,520,210.0,109200.0,2025-07-29 12:47:23.034965
