Date,S.N.,Contract ID,Symbol,Buyer Broker,Seller Broker,volume,rate,amount,transaction_time
2025-08-06,92187,2025080603000130,CORBL,Asian Securities Private Ltd.,Hatemalo Financial Services Private Limited,10,2055.0,20550.0,2025-08-06 11:03:17.362416
2025-08-06,87156,2025080603000793,CORBL,Dipshikha Dhitopatra Karobar Co. Pvt Ltd.,Naasa Securities Co. Ltd.,10,2066.0,20660.0,2025-08-06 11:15:36.826204
2025-08-06,85195,2025080603001115,CORBL,Vision Securities Pvt. Ltd,Deevyaa Securities & Stock House Pvt. Ltd,50,2107.3,105365.0,2025-08-06 11:20:50.601930
2025-08-06,84141,2025080603001303,CORBL,Kohinoor Investment & Securities Pvt. Ltd.,Vision Securities Pvt. Ltd,15,2120.0,31800.0,2025-08-06 11:23:56.253469
2025-08-06,82811,2025080603001499,CORBL,Nepal Stock House (PVT) Ltd.,Agrawal Securities (PVT) Ltd.,10,2119.4,21194.0,2025-08-06 11:27:28.320934
2025-08-06,82770,2025080603001506,CORBL,Nepal Stock House (PVT) Ltd.,Capital Max Securities Ltd,50,2119.5,105975.0,2025-08-06 11:27:36.426833
2025-08-06,80733,2025080603001877,CORBL,ABC Securities Private Limited,Agrawal Securities (PVT) Ltd.,10,2114.0,21140.0,2025-08-06 11:32:29.317344
2025-08-06,77222,2025080603002448,CORBL,Naasa Securities Co. Ltd.,Nabil Stock Dealer Ltd.,38,2110.0,80180.0,2025-08-06 11:42:44.466910
2025-08-06,77101,2025080603002469,CORBL,Aryatara Investment & Securities,Hatemalo Financial Services Private Limited,10,2087.0,20870.0,2025-08-06 11:43:12.072693
2025-08-06,75118,2025080603002777,CORBL,SHUBHAKAMANA SECURITIES PVT. LTD,Agrawal Securities (PVT) Ltd.,20,2110.0,42200.0,2025-08-06 11:49:14.585722
2025-08-06,75117,2025080603002778,CORBL,SHUBHAKAMANA SECURITIES PVT. LTD,Ashutosh Brokerage & Securities (PVT) Ltd.,30,2110.0,63300.0,2025-08-06 11:49:14.585925
2025-08-06,75116,2025080603002779,CORBL,SHUBHAKAMANA SECURITIES PVT. LTD,Citizens Share Broker Limited,50,2112.0,105600.0,2025-08-06 11:49:14.586079
2025-08-06,75115,2025080603002780,CORBL,SHUBHAKAMANA SECURITIES PVT. LTD,Naasa Securities Co. Ltd.,30,2115.0,63450.0,2025-08-06 11:49:14.586212
2025-08-06,75114,2025080603002781,CORBL,SHUBHAKAMANA SECURITIES PVT. LTD,Midas Stock Broking Company Private Limited,10,2118.0,21180.0,2025-08-06 11:49:14.586338
2025-08-06,75113,2025080603002782,CORBL,SHUBHAKAMANA SECURITIES PVT. LTD,Sri Hari Securities Pvt. Ltd.,100,2120.0,212000.0,2025-08-06 11:49:14.586465
2025-08-06,75112,2025080603002783,CORBL,SHUBHAKAMANA SECURITIES PVT. LTD,Oxford Securities Pvt. Ltd.,60,2120.0,127200.0,2025-08-06 11:49:14.586587
2025-08-06,74932,2025080603002825,CORBL,SHUBHAKAMANA SECURITIES PVT. LTD,Oxford Securities Pvt. Ltd.,26,2120.0,55120.0,2025-08-06 11:49:44.651987
2025-08-06,74931,2025080603002826,CORBL,SHUBHAKAMANA SECURITIES PVT. LTD,Midas Stock Broking Company Private Limited,18,2122.0,38196.0,2025-08-06 11:49:44.652102
2025-08-06,74930,2025080603002827,CORBL,SHUBHAKAMANA SECURITIES PVT. LTD,Deevyaa Securities & Stock House Pvt. Ltd,60,2129.9,127794.0,2025-08-06 11:49:44.652155
2025-08-06,74929,2025080603002828,CORBL,SHUBHAKAMANA SECURITIES PVT. LTD,Kumari Securities Private Limited,10,2134.0,21340.0,2025-08-06 11:49:44.652200
2025-08-06,74928,2025080603002829,CORBL,SHUBHAKAMANA SECURITIES PVT. LTD,ABC Securities Private Limited,86,2135.0,183610.0,2025-08-06 11:49:44.652244
2025-08-06,74554,2025080603002918,CORBL,Midas Stock Broking Company Private Limited,Vision Securities Pvt. Ltd,37,2122.0,78514.0,2025-08-06 11:51:00.255888
2025-08-06,72550,2025080603003226,CORBL,Naasa Securities Co. Ltd.,Midas Stock Broking Company Private Limited,10,2122.0,21220.0,2025-08-06 11:55:36.635552
2025-08-06,72549,2025080603003227,CORBL,Naasa Securities Co. Ltd.,ABC Securities Private Limited,14,2135.0,29890.0,2025-08-06 11:55:36.635647
2025-08-06,72548,2025080603003228,CORBL,Naasa Securities Co. Ltd.,Siprabi Securities Pvt. Ltd.,20,2145.0,42900.0,2025-08-06 11:55:36.635716
2025-08-06,71224,2025080603003388,CORBL,Linch Stock Market Ltd.,Midas Stock Broking Company Private Limited,10,2145.0,21450.0,2025-08-06 11:57:44.565314
2025-08-06,70948,2025080603003479,CORBL,Linch Stock Market Ltd.,Midas Stock Broking Company Private Limited,100,2150.0,215000.0,2025-08-06 11:58:26.830242
2025-08-06,70702,2025080603003511,CORBL,Linch Stock Market Ltd.,Vision Securities Pvt. Ltd,35,2150.0,75250.0,2025-08-06 11:58:58.010432
2025-08-06,69975,2025080603003650,CORBL,Sundhara Securities Limited,Naasa Securities Co. Ltd.,7,2107.0,14749.0,2025-08-06 12:00:12.159542
2025-08-06,69715,2025080603003693,CORBL,Linch Stock Market Ltd.,Midas Stock Broking Company Private Limited,10,2150.0,21500.0,2025-08-06 12:00:56.468035
2025-08-06,69714,2025080603003694,CORBL,Linch Stock Market Ltd.,Asian Securities Private Ltd.,10,2152.9,21529.0,2025-08-06 12:00:56.468142
2025-08-06,69350,2025080603003768,CORBL,Linch Stock Market Ltd.,Asian Securities Private Ltd.,10,2152.9,21529.0,2025-08-06 12:01:52.958961
2025-08-06,68987,2025080603003817,CORBL,Linch Stock Market Ltd.,Aryatara Investment & Securities,10,2153.0,21530.0,2025-08-06 12:02:41.340907
2025-08-06,68985,2025080603003818,CORBL,Sani Securities Company Ltd.,ABC Securities Private Limited,91,2158.0,196378.0,2025-08-06 12:02:41.441804
2025-08-06,68649,2025080603003893,CORBL,Linch Stock Market Ltd.,Kumari Securities Private Limited,10,2159.0,21590.0,2025-08-06 12:03:40.862963
2025-08-06,68648,2025080603003894,CORBL,Linch Stock Market Ltd.,Asian Securities Private Ltd.,20,2159.9,43198.0,2025-08-06 12:03:40.863175
2025-08-06,68487,2025080603003925,CORBL,Sani Securities Company Ltd.,Naasa Securities Co. Ltd.,10,2158.0,21580.0,2025-08-06 12:04:08.540453
2025-08-06,66282,2025080603004315,CORBL,Vision Securities Pvt. Ltd,Hatemalo Financial Services Private Limited,10,2116.9,21169.0,2025-08-06 12:11:06.540098
2025-08-06,65770,2025080603004414,CORBL,Sundhara Securities Limited,Sri Hari Securities Pvt. Ltd.,6,2099.0,12594.0,2025-08-06 12:12:56.396765
2025-08-06,65495,2025080603004460,CORBL,Vision Securities Pvt. Ltd,Trisul Securities & Invt. Ltd.,25,2117.1,52927.5,2025-08-06 12:13:55.896166
2025-08-06,65494,2025080603004461,CORBL,Trisul Securities & Invt. Ltd.,Trisul Securities & Invt. Ltd.,52,2117.0,110084.0,2025-08-06 12:13:55.896288
2025-08-06,61296,2025080603005247,CORBL,Nepal Stock House (PVT) Ltd.,Kohinoor Investment & Securities Pvt. Ltd.,10,2140.0,21400.0,2025-08-06 12:27:37.794516
2025-08-06,59259,2025080603005576,CORBL,Midas Stock Broking Company Private Limited,Dakshinkali Investment & Securities Pvt. Ltd.,2,2117.0,4234.0,2025-08-06 12:35:03.884457
2025-08-06,58482,2025080603005767,CORBL,Dipshikha Dhitopatra Karobar Co. Pvt Ltd.,Sweta Securities Private Limited,4,2117.0,8468.0,2025-08-06 12:37:55.358991
2025-08-06,58420,2025080603005775,CORBL,Deevyaa Securities & Stock House Pvt. Ltd,Nepal Stock House (PVT) Ltd.,20,2140.0,42800.0,2025-08-06 12:38:06.209904
2025-08-06,57130,2025080603005978,CORBL,Dipshikha Dhitopatra Karobar Co. Pvt Ltd.,Naasa Securities Co. Ltd.,7,2117.0,14819.0,2025-08-06 12:42:49.425768
2025-08-06,51521,2025080603006917,CORBL,Deevyaa Securities & Stock House Pvt. Ltd,Online Securities Pvt. Ltd.,10,2117.1,21171.0,2025-08-06 12:58:19.407762
2025-08-06,47044,2025080603007714,CORBL,Deevyaa Securities & Stock House Pvt. Ltd,Nepal Stock House (PVT) Ltd.,20,2135.0,42700.0,2025-08-06 13:09:42.740169
2025-08-06,46604,2025080603007827,CORBL,Sani Securities Company Ltd.,Nepal Stock House (PVT) Ltd.,10,2135.0,21350.0,2025-08-06 13:10:55.838830
2025-08-06,45631,2025080603008020,CORBL,Nepal Stock House (PVT) Ltd.,Vision Securities Pvt. Ltd,50,2143.8,107190.0,2025-08-06 13:13:24.122949
2025-08-06,45232,2025080603008115,CORBL,Dipshikha Dhitopatra Karobar Co. Pvt Ltd.,Sumeru Securities Pvt. Ltd.,1,2117.0,2117.0,2025-08-06 13:14:18.861454
2025-08-06,45081,2025080603008145,CORBL,Dipshikha Dhitopatra Karobar Co. Pvt Ltd.,Imperial Securities Company Pvt. Ltd.,1,2120.0,2120.0,2025-08-06 13:14:39.203603
2025-08-06,43409,2025080603008487,CORBL,Bhrikuti Stock Broking Co. Pvt. Ltd.,Midas Stock Broking Company Private Limited,20,2121.0,42420.0,2025-08-06 13:19:09.239625
2025-08-06,43408,2025080603008488,CORBL,Bhrikuti Stock Broking Co. Pvt. Ltd.,Midas Stock Broking Company Private Limited,12,2120.0,25440.0,2025-08-06 13:19:09.239787
2025-08-06,43407,2025080603008489,CORBL,Shree Krishna Securities Ltd.,Midas Stock Broking Company Private Limited,50,2119.0,105950.0,2025-08-06 13:19:09.239848
2025-08-06,43406,2025080603008490,CORBL,Shree Krishna Securities Ltd.,Midas Stock Broking Company Private Limited,18,2119.0,38142.0,2025-08-06 13:19:09.239898
2025-08-06,41878,2025080603008788,CORBL,Nepal Stock House (PVT) Ltd.,Dynamic Money Managers Securities Pvt. Ltd.,111,2120.0,235320.0,2025-08-06 13:24:00.513552
2025-08-06,35232,2025080603010257,CORBL,KALASH STOCK MARKET PVT. LTD.,Thrive Brokerage House Pvt. Ltd,10,2142.0,21420.0,2025-08-06 13:42:56.215385
2025-08-06,35231,2025080603010258,CORBL,KALASH STOCK MARKET PVT. LTD.,Vision Securities Pvt. Ltd,46,2142.8,98568.8,2025-08-06 13:42:56.215531
2025-08-06,35230,2025080603010259,CORBL,KALASH STOCK MARKET PVT. LTD.,Dipshikha Dhitopatra Karobar Co. Pvt Ltd.,10,2143.0,21430.0,2025-08-06 13:42:56.215606
2025-08-06,35229,2025080603010260,CORBL,KALASH STOCK MARKET PVT. LTD.,Deevyaa Securities & Stock House Pvt. Ltd,30,2143.0,64290.0,2025-08-06 13:42:56.215675
2025-08-06,35228,2025080603010261,CORBL,KALASH STOCK MARKET PVT. LTD.,Creative Securities Pvt Ltd,10,2143.0,21430.0,2025-08-06 13:42:56.215742
2025-08-06,35227,2025080603010262,CORBL,KALASH STOCK MARKET PVT. LTD.,Linch Stock Market Ltd.,50,2145.0,107250.0,2025-08-06 13:42:56.215812
2025-08-06,35226,2025080603010263,CORBL,KALASH STOCK MARKET PVT. LTD.,Linch Stock Market Ltd.,44,2146.0,94424.0,2025-08-06 13:42:56.215882
2025-08-06,29712,2025080603011408,CORBL,Sani Securities Company Ltd.,South Asian Bulls Pvt. Ltd.,35,2125.0,74375.0,2025-08-06 13:56:08.531493
2025-08-06,28781,2025080603011608,CORBL,Naasa Securities Co. Ltd.,Nagarik Stock Dealer ,50,2119.0,105950.0,2025-08-06 13:58:23.850696
2025-08-06,28780,2025080603011609,CORBL,Naasa Securities Co. Ltd.,Nagarik Stock Dealer ,10,2118.0,21180.0,2025-08-06 13:58:23.850920
2025-08-06,28779,2025080603011610,CORBL,Trisul Securities & Invt. Ltd.,Nagarik Stock Dealer ,48,2117.0,101616.0,2025-08-06 13:58:23.851090
2025-08-06,28778,2025080603011611,CORBL,Vision Securities Pvt. Ltd,Nagarik Stock Dealer ,50,2111.0,105550.0,2025-08-06 13:58:23.851260
2025-08-06,28777,2025080603011612,CORBL,Dakshinkali Investment & Securities Pvt. Ltd.,Nagarik Stock Dealer ,192,2110.0,405120.0,2025-08-06 13:58:23.851400
2025-08-06,27849,2025080603011844,CORBL,Midas Stock Broking Company Private Limited,Nagarik Stock Dealer ,50,2100.1,105005.0,2025-08-06 14:01:28.540289
2025-08-06,27848,2025080603011845,CORBL,Sewa Securities Pvt. Ltd.,Nagarik Stock Dealer ,25,2100.0,52500.0,2025-08-06 14:01:28.540417
2025-08-06,27475,2025080603011900,CORBL,SHUBHAKAMANA SECURITIES PVT. LTD,Nagarik Stock Dealer ,95,2100.0,199500.0,2025-08-06 14:02:43.650479
2025-08-06,24423,2025080603012455,CORBL,Trisul Securities & Invt. Ltd.,Trishakti Securities Public Limited,10,2137.0,21370.0,2025-08-06 14:13:15.288200
2025-08-06,22725,2025080603012771,CORBL,Midas Stock Broking Company Private Limited,Neev Securities Pvt. Ltd.,40,2106.0,84240.0,2025-08-06 14:19:26.061471
2025-08-06,20550,2025080603013237,CORBL,Midas Stock Broking Company Private Limited,Imperial Securities Company Pvt. Ltd.,10,2106.0,21060.0,2025-08-06 14:25:41.970322
2025-08-06,20286,2025080603013296,CORBL,Dynamic Money Managers Securities Pvt. Ltd.,J.F. Securites (PVT) Ltd.,20,2106.0,42120.0,2025-08-06 14:26:26.112167
2025-08-06,20112,2025080603013325,CORBL,Sipla Securities Private Limited,J.F. Securites (PVT) Ltd.,10,2105.0,21050.0,2025-08-06 14:26:55.290482
2025-08-06,18385,2025080603013695,CORBL,Kohinoor Investment & Securities Pvt. Ltd.,Sumeru Securities Pvt. Ltd.,1,2107.0,2107.0,2025-08-06 14:32:03.373092
2025-08-06,16972,2025080603014065,CORBL,Deevyaa Securities & Stock House Pvt. Ltd,Creative Securities Pvt Ltd,10,2135.0,21350.0,2025-08-06 14:35:57.239548
2025-08-06,16971,2025080603014066,CORBL,Deevyaa Securities & Stock House Pvt. Ltd,Trishakti Securities Public Limited,20,2135.0,42700.0,2025-08-06 14:35:57.239621
2025-08-06,16502,2025080603014164,CORBL,Blue Chip Securities Ltd,South Asian Bulls Pvt. Ltd.,40,2134.0,85360.0,2025-08-06 14:36:58.247284
2025-08-06,16385,2025080603014201,CORBL,Kohinoor Investment & Securities Pvt. Ltd.,Sumeru Securities Pvt. Ltd.,1,2108.0,2108.0,2025-08-06 14:37:18.570554
2025-08-06,11884,2025080603015198,CORBL,KALASH STOCK MARKET PVT. LTD.,Trishakti Securities Public Limited,30,2108.0,63240.0,2025-08-06 14:45:50.857259
2025-08-06,9309,2025080603015689,CORBL,KALASH STOCK MARKET PVT. LTD.,Imperial Securities Company Pvt. Ltd.,10,2108.0,21080.0,2025-08-06 14:49:50.398978
2025-08-06,9236,2025080603015703,CORBL,KALASH STOCK MARKET PVT. LTD.,Capital Max Securities Ltd,10,2108.0,21080.0,2025-08-06 14:49:58.785197
2025-08-06,9235,2025080603015704,CORBL,Imperial Securities Company Pvt. Ltd.,Capital Max Securities Ltd,20,2107.1,42142.0,2025-08-06 14:49:58.785237
2025-08-06,9234,2025080603015705,CORBL,Dynamic Money Managers Securities Pvt. Ltd.,Capital Max Securities Ltd,30,2107.1,63213.0,2025-08-06 14:49:58.785260
2025-08-06,9233,2025080603015706,CORBL,Naasa Securities Co. Ltd.,Capital Max Securities Ltd,10,2107.0,21070.0,2025-08-06 14:49:58.785285
2025-08-06,9232,2025080603015707,CORBL,Linch Stock Market Ltd.,Capital Max Securities Ltd,50,2107.0,105350.0,2025-08-06 14:49:58.785335
2025-08-06,9231,2025080603015708,CORBL,Vision Securities Pvt. Ltd,Capital Max Securities Ltd,50,2101.0,105050.0,2025-08-06 14:49:58.785356
2025-08-06,9230,2025080603015709,CORBL,Citizens Share Broker Limited,Capital Max Securities Ltd,100,2100.0,210000.0,2025-08-06 14:49:58.785378
2025-08-06,9229,2025080603015710,CORBL,Online Securities Pvt. Ltd.,Capital Max Securities Ltd,45,2100.0,94500.0,2025-08-06 14:49:58.785400
2025-08-06,9228,2025080603015711,CORBL,Imperial Securities Company Pvt. Ltd.,Capital Max Securities Ltd,10,2100.0,21000.0,2025-08-06 14:49:58.785422
2025-08-06,9227,2025080603015712,CORBL,Nepal Stock House (PVT) Ltd.,Capital Max Securities Ltd,20,2093.0,41860.0,2025-08-06 14:49:58.785444
2025-08-06,9226,2025080603015713,CORBL,Nagarik Stock Dealer ,Capital Max Securities Ltd,500,2093.0,1046500.0,2025-08-06 14:49:58.785466
2025-08-06,9225,2025080603015714,CORBL,SHUBHAKAMANA SECURITIES PVT. LTD,Capital Max Securities Ltd,50,2092.3,104615.0,2025-08-06 14:49:58.785487
2025-08-06,9224,2025080603015715,CORBL,Bhrikuti Stock Broking Co. Pvt. Ltd.,Capital Max Securities Ltd,10,2091.0,20910.0,2025-08-06 14:49:58.785508
2025-08-06,9223,2025080603015716,CORBL,Naasa Securities Co. Ltd.,Capital Max Securities Ltd,50,2087.1,104355.0,2025-08-06 14:49:58.785531
2025-08-06,9222,2025080603015717,CORBL,Naasa Securities Co. Ltd.,Capital Max Securities Ltd,10,2081.2,20812.0,2025-08-06 14:49:58.785550
2025-08-06,9221,2025080603015718,CORBL,Capital Max Securities Ltd,Capital Max Securities Ltd,50,2081.1,104055.0,2025-08-06 14:49:58.785572
2025-08-06,9220,2025080603015719,CORBL,Naasa Securities Co. Ltd.,Capital Max Securities Ltd,50,2080.0,104000.0,2025-08-06 14:49:58.785612
2025-08-06,9219,2025080603015720,CORBL,Nepal Investment And Securities Trading Private Limited,Capital Max Securities Ltd,95,2080.0,197600.0,2025-08-06 14:49:58.785635
2025-08-06,9218,2025080603015721,CORBL,Vision Securities Pvt. Ltd,Capital Max Securities Ltd,10,2080.0,20800.0,2025-08-06 14:49:58.785658
2025-08-06,9217,2025080603015722,CORBL,ABC Securities Private Limited,Capital Max Securities Ltd,10,2080.0,20800.0,2025-08-06 14:49:58.785677
2025-08-06,9216,2025080603015723,CORBL,Linch Stock Market Ltd.,Capital Max Securities Ltd,10,2077.6,20776.0,2025-08-06 14:49:58.785699
2025-08-06,9215,2025080603015724,CORBL,Linch Stock Market Ltd.,Capital Max Securities Ltd,10,2077.6,20776.0,2025-08-06 14:49:58.785729
2025-08-06,9214,2025080603015725,CORBL,Siprabi Securities Pvt. Ltd.,Capital Max Securities Ltd,14,2075.0,29050.0,2025-08-06 14:49:58.785753
2025-08-06,9213,2025080603015726,CORBL,ABC Securities Private Limited,Capital Max Securities Ltd,20,2073.0,41460.0,2025-08-06 14:49:58.785773
2025-08-06,9212,2025080603015727,CORBL,ABC Securities Private Limited,Capital Max Securities Ltd,10,2072.0,20720.0,2025-08-06 14:49:58.785797
2025-08-06,9211,2025080603015728,CORBL,Midas Stock Broking Company Private Limited,Capital Max Securities Ltd,50,2070.0,103500.0,2025-08-06 14:49:58.785819
2025-08-06,9210,2025080603015729,CORBL,Asian Securities Private Ltd.,Capital Max Securities Ltd,20,2065.9,41318.0,2025-08-06 14:49:58.785839
2025-08-06,9209,2025080603015730,CORBL,Garima Securities Limited,Capital Max Securities Ltd,91,2065.0,187915.0,2025-08-06 14:49:58.785862
2025-08-06,9208,2025080603015731,CORBL,NIMB Stock Markets Limited,Capital Max Securities Ltd,10,2063.9,20639.0,2025-08-06 14:49:58.785883
2025-08-06,9207,2025080603015732,CORBL,Imperial Securities Company Pvt. Ltd.,Capital Max Securities Ltd,50,2062.9,103145.0,2025-08-06 14:49:58.785904
2025-08-06,9206,2025080603015733,CORBL,Midas Stock Broking Company Private Limited,Capital Max Securities Ltd,45,2060.0,92700.0,2025-08-06 14:49:58.785925
2025-08-06,9205,2025080603015734,CORBL,SUN SECURITIES PVT LTD,Capital Max Securities Ltd,20,2058.0,41160.0,2025-08-06 14:49:58.785946
2025-08-06,9204,2025080603015735,CORBL,Agrawal Securities (PVT) Ltd.,Capital Max Securities Ltd,50,2058.0,102900.0,2025-08-06 14:49:58.785969
2025-08-06,9203,2025080603015736,CORBL,Creative Securities Pvt Ltd,Capital Max Securities Ltd,10,2058.0,20580.0,2025-08-06 14:49:58.785992
2025-08-06,9202,2025080603015737,CORBL,Asian Securities Private Ltd.,Capital Max Securities Ltd,40,2058.0,82320.0,2025-08-06 14:49:58.786014
2025-08-06,9201,2025080603015738,CORBL,Imperial Securities Company Pvt. Ltd.,Capital Max Securities Ltd,10,2058.0,20580.0,2025-08-06 14:49:58.786066
2025-08-06,9200,2025080603015739,CORBL,Asian Securities Private Ltd.,Capital Max Securities Ltd,100,2058.0,205800.0,2025-08-06 14:49:58.786090
2025-08-06,9199,2025080603015740,CORBL,Dipshikha Dhitopatra Karobar Co. Pvt Ltd.,Capital Max Securities Ltd,10,2055.0,20550.0,2025-08-06 14:49:58.786116
2025-08-06,9198,2025080603015741,CORBL,Sundhara Securities Limited,Capital Max Securities Ltd,50,2055.0,102750.0,2025-08-06 14:49:58.786141
2025-08-06,9197,2025080603015742,CORBL,J.F. Securites (PVT) Ltd.,Capital Max Securities Ltd,10,2055.0,20550.0,2025-08-06 14:49:58.786162
2025-08-06,9196,2025080603015743,CORBL,Naasa Securities Co. Ltd.,Capital Max Securities Ltd,50,2050.1,102505.0,2025-08-06 14:49:58.786188
2025-08-06,9195,2025080603015744,CORBL,Aryatara Investment & Securities,Capital Max Securities Ltd,100,2050.0,205000.0,2025-08-06 14:49:58.786209
2025-08-06,9194,2025080603015745,CORBL,Indira securities pvt. ltd,Capital Max Securities Ltd,40,2049.5,81980.0,2025-08-06 14:49:58.786228
2025-08-06,4378,2025080603016883,CORBL,SHUBHAKAMANA SECURITIES PVT. LTD,Dakshinkali Investment & Securities Pvt. Ltd.,12,2085.0,25020.0,2025-08-06 14:56:46.169572
2025-08-06,3949,2025080603016974,CORBL,Dakshinkali Investment & Securities Pvt. Ltd.,Sundhara Securities Limited,8,2110.0,16880.0,2025-08-06 14:57:11.210849
2025-08-06,3235,2025080603017119,CORBL,Online Securities Pvt. Ltd.,Asian Securities Private Ltd.,20,2123.9,42478.0,2025-08-06 14:57:57.387493
2025-08-06,2429,2025080603017287,CORBL,Shree Krishna Securities Ltd.,Sundhara Securities Limited,2,2119.0,4238.0,2025-08-06 14:58:35.947557
2025-08-06,1461,2025080603017486,CORBL,Nepal Stock House (PVT) Ltd.,Asian Securities Private Ltd.,20,2120.0,42400.0,2025-08-06 14:59:18.143792
2025-08-06,963,2025080603017573,CORBL,Kohinoor Investment & Securities Pvt. Ltd.,Naasa Securities Co. Ltd.,20,2118.0,42360.0,2025-08-06 14:59:33.305920
2025-08-06,962,2025080603017574,CORBL,Kohinoor Investment & Securities Pvt. Ltd.,Siprabi Securities Pvt. Ltd.,19,2119.0,40261.0,2025-08-06 14:59:33.306154
2025-08-06,961,2025080603017575,CORBL,Kohinoor Investment & Securities Pvt. Ltd.,Opal Securities Investment (PVT) Ltd.,11,2121.0,23331.0,2025-08-06 14:59:33.306323
2025-08-06,562,2025080603017654,CORBL,Nepal Stock House (PVT) Ltd.,Naasa Securities Co. Ltd.,16,2118.0,33888.0,2025-08-06 14:59:46.729873
