Date,S.N.,Contract ID,Symbol,Buyer Broker,Seller Broker,volume,rate,amount,transaction_time
2025-08-06,93167,2025080601000005,GBIME,Sri Hari Securities Pvt. Ltd.,Dynamic Money Managers Securities Pvt. Ltd.,10,260.5,2605.0,2025-08-06 10:46:00.032479
2025-08-06,92741,2025080601000161,GBIME,Sweta Securities Private Limited,Dynamic Money Managers Securities Pvt. Ltd.,90,256.0,23040.0,2025-08-06 11:01:42.168242
2025-08-06,92490,2025080601000254,GBIME,ABC Securities Private Limited,Dynamic Money Managers Securities Pvt. Ltd.,100,257.0,25700.0,2025-08-06 11:02:27.947905
2025-08-06,91852,2025080601000515,GBIME,Naasa Securities Co. Ltd.,Dipshikha Dhitopatra Karobar Co. Pvt Ltd.,96,257.0,24672.0,2025-08-06 11:04:21.069738
2025-08-06,91747,2025080601000530,GBIME,Naasa Securities Co. Ltd.,South Asian Bulls Pvt. Ltd.,100,257.0,25700.0,2025-08-06 11:04:43.141960
2025-08-06,91695,2025080601000545,GBIME,Sweta Securities Private Limited,Oxford Securities Pvt. Ltd.,120,256.0,30720.0,2025-08-06 11:04:49.968477
2025-08-06,91691,2025080601000546,GBIME,Sweta Securities Private Limited,Midas Stock Broking Company Private Limited,130,256.0,33280.0,2025-08-06 11:04:51.119044
2025-08-06,91452,2025080601000606,GBIME,Sweta Securities Private Limited,Naasa Securities Co. Ltd.,40,256.0,10240.0,2025-08-06 11:05:29.564968
2025-08-06,91414,2025080601000623,GBIME,Sweta Securities Private Limited,Aryatara Investment & Securities,820,256.0,209920.0,2025-08-06 11:05:33.619477
2025-08-06,91413,2025080601000624,GBIME,Sweta Securities Private Limited,Aryatara Investment & Securities,150,256.0,38400.0,2025-08-06 11:05:33.619592
2025-08-06,90947,2025080601000736,GBIME,Aryatara Investment & Securities,Sumeru Securities Pvt. Ltd.,20,255.5,5110.0,2025-08-06 11:06:45.360432
2025-08-06,90748,2025080601000784,GBIME,Asian Securities Private Ltd.,Aryatara Investment & Securities,10,256.0,2560.0,2025-08-06 11:07:11.186556
2025-08-06,90363,2025080601000906,GBIME,Aryatara Investment & Securities,Naasa Securities Co. Ltd.,10,255.5,2555.0,2025-08-06 11:08:15.549690
2025-08-06,90243,2025080601000943,GBIME,Beni Securities Pvt.Ltd.,Online Securities Pvt. Ltd.,10,255.9,2559.0,2025-08-06 11:08:38.983420
2025-08-06,89136,2025080601001381,GBIME,Online Securities Pvt. Ltd.,Nepal Investment And Securities Trading Private Limited,10,255.9,2559.0,2025-08-06 11:11:05.352848
2025-08-06,89135,2025080601001382,GBIME,Aryatara Investment & Securities,Nepal Investment And Securities Trading Private Limited,109,255.5,27849.5,2025-08-06 11:11:05.352999
2025-08-06,88791,2025080601001501,GBIME,Aryatara Investment & Securities,Linch Stock Market Ltd.,11,255.5,2810.5,2025-08-06 11:11:42.751736
2025-08-06,88790,2025080601001502,GBIME,Bhrikuti Stock Broking Co. Pvt. Ltd.,Linch Stock Market Ltd.,50,255.4,12770.0,2025-08-06 11:11:42.751841
2025-08-06,88789,2025080601001503,GBIME,Agrawal Securities (PVT) Ltd.,Linch Stock Market Ltd.,59,255.4,15068.6,2025-08-06 11:11:42.751897
2025-08-06,88703,2025080601001529,GBIME,Agrawal Securities (PVT) Ltd.,Ashutosh Brokerage & Securities (PVT) Ltd.,441,255.4,112631.4,2025-08-06 11:11:56.450776
2025-08-06,88702,2025080601001530,GBIME,ABC Securities Private Limited,Ashutosh Brokerage & Securities (PVT) Ltd.,169,255.3,43145.7,2025-08-06 11:11:56.450933
2025-08-06,88691,2025080601001536,GBIME,ABC Securities Private Limited,Online Securities Pvt. Ltd.,10,255.3,2553.0,2025-08-06 11:11:58.782324
2025-08-06,88518,2025080601001585,GBIME,Beni Securities Pvt.Ltd.,Imperial Securities Company Pvt. Ltd.,10,255.9,2559.0,2025-08-06 11:12:21.540980
2025-08-06,88371,2025080601001626,GBIME,Vision Securities Pvt. Ltd,Imperial Securities Company Pvt. Ltd.,90,255.9,23031.0,2025-08-06 11:12:45.377447
2025-08-06,88370,2025080601001627,GBIME,Vision Securities Pvt. Ltd,Aryatara Investment & Securities,20,256.0,5120.0,2025-08-06 11:12:45.377569
2025-08-06,88369,2025080601001628,GBIME,Vision Securities Pvt. Ltd,South Asian Bulls Pvt. Ltd.,50,256.0,12800.0,2025-08-06 11:12:45.377635
2025-08-06,88368,2025080601001629,GBIME,Vision Securities Pvt. Ltd,Sani Securities Company Ltd.,1840,256.0,471040.0,2025-08-06 11:12:45.377683
2025-08-06,88274,2025080601001654,GBIME,Naasa Securities Co. Ltd.,Sani Securities Company Ltd.,12,256.0,3072.0,2025-08-06 11:12:54.601904
2025-08-06,88137,2025080601001719,GBIME,Vision Securities Pvt. Ltd,Sani Securities Company Ltd.,20,256.0,5120.0,2025-08-06 11:13:10.637808
2025-08-06,87946,2025080601001809,GBIME,Sundhara Securities Limited,K.B.L. Securities Limited ,100,255.4,25540.0,2025-08-06 11:13:31.943544
2025-08-06,87945,2025080601001810,GBIME,Deevyaa Securities & Stock House Pvt. Ltd,K.B.L. Securities Limited ,23,255.4,5874.2,2025-08-06 11:13:31.943811
2025-08-06,87190,2025080601002121,GBIME,Kohinoor Investment & Securities Pvt. Ltd.,Malla & Malla Stock Broking Company Pvt. Limited,20,255.4,5108.0,2025-08-06 11:15:33.499792
2025-08-06,87116,2025080601002139,GBIME,Beni Securities Pvt.Ltd.,Sani Securities Company Ltd.,10,256.0,2560.0,2025-08-06 11:15:47.041880
2025-08-06,86801,2025080601002234,GBIME,ABC Securities Private Limited,Sani Securities Company Ltd.,2000,256.0,512000.0,2025-08-06 11:16:29.719848
2025-08-06,85936,2025080601002448,GBIME,Kalika Securities Pvt. Ltd.,ABC Securities Private Limited,10,255.4,2554.0,2025-08-06 11:18:45.593073
2025-08-06,85935,2025080601002449,GBIME,ABC Securities Private Limited,ABC Securities Private Limited,50,255.3,12765.0,2025-08-06 11:18:45.593230
2025-08-06,85803,2025080601002494,GBIME,ABC Securities Private Limited,Asian Securities Private Ltd.,104,255.3,26551.2,2025-08-06 11:19:10.155458
2025-08-06,85611,2025080601002540,GBIME,ABC Securities Private Limited,Investment Management Nepal Pvt. Ltd.,18,255.3,4595.4,2025-08-06 11:19:36.423490
2025-08-06,85272,2025080601002628,GBIME,Beni Securities Pvt.Ltd.,Sani Securities Company Ltd.,10,256.0,2560.0,2025-08-06 11:20:36.746918
2025-08-06,84934,2025080601002717,GBIME,Aryatara Investment & Securities,Nepal Investment And Securities Trading Private Limited,200,255.9,51180.0,2025-08-06 11:21:40.210954
2025-08-06,84933,2025080601002718,GBIME,Aryatara Investment & Securities,Sani Securities Company Ltd.,100,256.0,25600.0,2025-08-06 11:21:40.211098
2025-08-06,84763,2025080601002766,GBIME,Nepal Stock House (PVT) Ltd.,Sani Securities Company Ltd.,338,256.0,86528.0,2025-08-06 11:22:06.357326
2025-08-06,84762,2025080601002767,GBIME,Nepal Stock House (PVT) Ltd.,Premier Securities Company Ltd.,20,256.0,5120.0,2025-08-06 11:22:06.357484
2025-08-06,84761,2025080601002768,GBIME,Nepal Stock House (PVT) Ltd.,Aryatara Investment & Securities,200,256.0,51200.0,2025-08-06 11:22:06.357548
2025-08-06,84760,2025080601002769,GBIME,Nepal Stock House (PVT) Ltd.,Ashutosh Brokerage & Securities (PVT) Ltd.,12,256.0,3072.0,2025-08-06 11:22:06.357646
2025-08-06,84759,2025080601002770,GBIME,Nepal Stock House (PVT) Ltd.,Oxford Securities Pvt. Ltd.,64,256.9,16441.6,2025-08-06 11:22:06.357710
2025-08-06,84758,2025080601002771,GBIME,Nepal Stock House (PVT) Ltd.,Aryatara Investment & Securities,300,257.0,77100.0,2025-08-06 11:22:06.357771
2025-08-06,84757,2025080601002772,GBIME,Nepal Stock House (PVT) Ltd.,Imperial Securities Company Pvt. Ltd.,300,257.0,77100.0,2025-08-06 11:22:06.357832
2025-08-06,84756,2025080601002773,GBIME,Nepal Stock House (PVT) Ltd.,Naasa Securities Co. Ltd.,1200,257.0,308400.0,2025-08-06 11:22:06.357892
2025-08-06,84755,2025080601002774,GBIME,Nepal Stock House (PVT) Ltd.,Aryatara Investment & Securities,1566,257.0,402462.0,2025-08-06 11:22:06.357955
2025-08-06,84721,2025080601002782,GBIME,ABC Securities Private Limited,Cristal Kanchanjanga Securites Pvt. Ltd.,149,255.3,38039.7,2025-08-06 11:22:12.795344
2025-08-06,84720,2025080601002783,GBIME,Naasa Securities Co. Ltd.,Cristal Kanchanjanga Securites Pvt. Ltd.,20,255.3,5106.0,2025-08-06 11:22:12.795555
2025-08-06,84719,2025080601002784,GBIME,Sundhara Securities Limited,Cristal Kanchanjanga Securites Pvt. Ltd.,331,255.3,84504.3,2025-08-06 11:22:12.795729
2025-08-06,84609,2025080601002829,GBIME,Sundhara Securities Limited,Asian Securities Private Ltd.,69,255.3,17615.7,2025-08-06 11:22:34.621325
2025-08-06,84608,2025080601002830,GBIME,Deevyaa Securities & Stock House Pvt. Ltd,Asian Securities Private Ltd.,35,255.3,8935.5,2025-08-06 11:22:34.621487
2025-08-06,84454,2025080601002892,GBIME,Deevyaa Securities & Stock House Pvt. Ltd,Shree Krishna Securities Ltd.,42,255.3,10722.6,2025-08-06 11:23:03.527220
2025-08-06,84453,2025080601002893,GBIME,Sundhara Securities Limited,Shree Krishna Securities Ltd.,95,255.3,24253.5,2025-08-06 11:23:03.527361
2025-08-06,84006,2025080601003011,GBIME,Beni Securities Pvt.Ltd.,Naasa Securities Co. Ltd.,24,256.0,6144.0,2025-08-06 11:24:16.361688
2025-08-06,84005,2025080601003012,GBIME,Beni Securities Pvt.Ltd.,Aryatara Investment & Securities,10,257.0,2570.0,2025-08-06 11:24:16.361790
2025-08-06,83094,2025080601003349,GBIME,Investment Management Nepal Pvt. Ltd.,Aryatara Investment & Securities,10,255.4,2554.0,2025-08-06 11:26:52.635438
2025-08-06,83093,2025080601003350,GBIME,Sundhara Securities Limited,Aryatara Investment & Securities,100,255.4,25540.0,2025-08-06 11:26:52.635762
2025-08-06,82985,2025080601003410,GBIME,Sundhara Securities Limited,Aryatara Investment & Securities,314,255.3,80164.2,2025-08-06 11:27:02.768136
2025-08-06,82238,2025080601003582,GBIME,Beni Securities Pvt.Ltd.,Nepal Investment And Securities Trading Private Limited,10,255.9,2559.0,2025-08-06 11:28:50.461125
2025-08-06,82033,2025080601003659,GBIME,Sundhara Securities Limited,Midas Stock Broking Company Private Limited,21,255.3,5361.3,2025-08-06 11:29:17.043919
2025-08-06,81676,2025080601003747,GBIME,Sundhara Securities Limited,Nepal Investment And Securities Trading Private Limited,70,255.3,17871.0,2025-08-06 11:30:12.842998
2025-08-06,81675,2025080601003748,GBIME,Roadshow securities limited,Nepal Investment And Securities Trading Private Limited,100,255.3,25530.0,2025-08-06 11:30:12.843165
2025-08-06,81464,2025080601003794,GBIME,Naasa Securities Co. Ltd.,Nepal Investment And Securities Trading Private Limited,20,255.3,5106.0,2025-08-06 11:30:42.875366
2025-08-06,81463,2025080601003795,GBIME,Naasa Securities Co. Ltd.,Kalika Securities Pvt. Ltd.,26,256.0,6656.0,2025-08-06 11:30:42.875537
2025-08-06,81462,2025080601003796,GBIME,Naasa Securities Co. Ltd.,Sani Securities Company Ltd.,104,256.0,26624.0,2025-08-06 11:30:42.875610
2025-08-06,81383,2025080601003810,GBIME,Beni Securities Pvt.Ltd.,Sani Securities Company Ltd.,96,256.0,24576.0,2025-08-06 11:30:58.800545
2025-08-06,81382,2025080601003811,GBIME,Beni Securities Pvt.Ltd.,Online Securities Pvt. Ltd.,20,257.0,5140.0,2025-08-06 11:30:58.800628
2025-08-06,80219,2025080601004111,GBIME,Oxford Securities Pvt. Ltd.,Machhapuchchhre Securities Limited,100,255.3,25530.0,2025-08-06 11:33:58.945693
2025-08-06,80218,2025080601004112,GBIME,Nepal Stock House (PVT) Ltd.,Machhapuchchhre Securities Limited,12,255.1,3061.2,2025-08-06 11:33:58.945791
2025-08-06,80124,2025080601004136,GBIME,Nepal Stock House (PVT) Ltd.,Aryatara Investment & Securities,270,255.1,68877.0,2025-08-06 11:34:16.413957
2025-08-06,80066,2025080601004160,GBIME,Nepal Stock House (PVT) Ltd.,Nepal Stock House (PVT) Ltd.,18,255.1,4591.8,2025-08-06 11:34:26.348367
2025-08-06,79763,2025080601004238,GBIME,Online Securities Pvt. Ltd.,Siprabi Securities Pvt. Ltd.,97,255.1,24744.7,2025-08-06 11:35:17.919549
2025-08-06,79467,2025080601004307,GBIME,ABC Securities Private Limited,Nepal Stock House (PVT) Ltd.,12,255.0,3060.0,2025-08-06 11:36:10.517610
2025-08-06,79305,2025080601004347,GBIME,ABC Securities Private Limited,Kumari Securities Private Limited,96,255.0,24480.0,2025-08-06 11:36:42.776904
2025-08-06,79051,2025080601004417,GBIME,Beni Securities Pvt.Ltd.,Dynamic Money Managers Securities Pvt. Ltd.,10,255.5,2555.0,2025-08-06 11:37:31.720662
2025-08-06,79001,2025080601004432,GBIME,ABC Securities Private Limited,Vision Securities Pvt. Ltd,123,255.0,31365.0,2025-08-06 11:37:45.583417
2025-08-06,78770,2025080601004483,GBIME,Nepal Stock House (PVT) Ltd.,Dynamic Money Managers Securities Pvt. Ltd.,190,255.5,48545.0,2025-08-06 11:38:24.060703
2025-08-06,78769,2025080601004484,GBIME,Nepal Stock House (PVT) Ltd.,Dipshikha Dhitopatra Karobar Co. Pvt Ltd.,810,255.5,206955.0,2025-08-06 11:38:24.061092
2025-08-06,78273,2025080601004613,GBIME,Midas Stock Broking Company Private Limited,Trishakti Securities Public Limited,3,257.0,771.0,2025-08-06 11:39:51.153567
2025-08-06,77725,2025080601004809,GBIME,Linch Stock Market Ltd.,Siprabi Securities Pvt. Ltd.,200,255.1,51020.0,2025-08-06 11:41:04.955850
2025-08-06,77537,2025080601004869,GBIME,ABC Securities Private Limited,Dipshikha Dhitopatra Karobar Co. Pvt Ltd.,190,255.5,48545.0,2025-08-06 11:41:40.313182
2025-08-06,77536,2025080601004870,GBIME,ABC Securities Private Limited,Dipshikha Dhitopatra Karobar Co. Pvt Ltd.,160,255.5,40880.0,2025-08-06 11:41:40.313380
2025-08-06,77535,2025080601004871,GBIME,ABC Securities Private Limited,Naasa Securities Co. Ltd.,600,255.5,153300.0,2025-08-06 11:41:40.313478
2025-08-06,77534,2025080601004872,GBIME,ABC Securities Private Limited,Secured Securities Ltd.,500,255.8,127900.0,2025-08-06 11:41:40.313566
2025-08-06,77533,2025080601004873,GBIME,ABC Securities Private Limited,KALASH STOCK MARKET PVT. LTD.,1103,255.9,282257.7,2025-08-06 11:41:40.313653
2025-08-06,77532,2025080601004874,GBIME,ABC Securities Private Limited,Sani Securities Company Ltd.,447,256.0,114432.0,2025-08-06 11:41:40.313738
2025-08-06,77303,2025080601004933,GBIME,Linch Stock Market Ltd.,Nepal Investment And Securities Trading Private Limited,100,255.1,25510.0,2025-08-06 11:42:28.758459
2025-08-06,77260,2025080601004939,GBIME,Linch Stock Market Ltd.,Shree Krishna Securities Ltd.,150,255.1,38265.0,2025-08-06 11:42:37.697066
2025-08-06,77259,2025080601004940,GBIME,Sundhara Securities Limited,Shree Krishna Securities Ltd.,106,255.1,27040.6,2025-08-06 11:42:37.697430
2025-08-06,77164,2025080601004958,GBIME,Sundhara Securities Limited,Miyo Securities Pvt Ltd,2030,255.1,517853.0,2025-08-06 11:42:52.905814
2025-08-06,77059,2025080601004986,GBIME,Beni Securities Pvt.Ltd.,Sani Securities Company Ltd.,10,256.0,2560.0,2025-08-06 11:43:21.626913
2025-08-06,76999,2025080601005001,GBIME,Sundhara Securities Limited,Sri Hari Securities Pvt. Ltd.,20,255.1,5102.0,2025-08-06 11:43:30.641752
2025-08-06,76331,2025080601005233,GBIME,Sundhara Securities Limited,Imperial Securities Company Pvt. Ltd.,1600,255.1,408160.0,2025-08-06 11:45:40.326578
2025-08-06,76143,2025080601005314,GBIME,Sundhara Securities Limited,Premier Securities Company Ltd.,610,255.1,155611.0,2025-08-06 11:46:02.507887
2025-08-06,75957,2025080601005343,GBIME,Online Securities Pvt. Ltd.,Sewa Securities Pvt. Ltd.,3,255.1,765.3,2025-08-06 11:46:33.746911
2025-08-06,75807,2025080601005378,GBIME,Naasa Securities Co. Ltd.,Sani Securities Company Ltd.,10,256.0,2560.0,2025-08-06 11:46:59.133614
2025-08-06,75774,2025080601005383,GBIME,Sundhara Securities Limited,Imperial Securities Company Pvt. Ltd.,100,255.1,25510.0,2025-08-06 11:47:02.643943
2025-08-06,75710,2025080601005398,GBIME,Sundhara Securities Limited,Secured Securities Ltd.,320,255.1,81632.0,2025-08-06 11:47:17.857054
2025-08-06,75640,2025080601005424,GBIME,Beni Securities Pvt.Ltd.,Sani Securities Company Ltd.,10,256.0,2560.0,2025-08-06 11:47:31.309595
2025-08-06,75305,2025080601005480,GBIME,Sundhara Securities Limited,Naasa Securities Co. Ltd.,214,255.1,54591.4,2025-08-06 11:48:44.184169
2025-08-06,75304,2025080601005481,GBIME,Siprabi Securities Pvt. Ltd.,Naasa Securities Co. Ltd.,500,255.1,127550.0,2025-08-06 11:48:44.184591
2025-08-06,75303,2025080601005482,GBIME,Sundhara Securities Limited,Naasa Securities Co. Ltd.,1179,255.1,300762.9,2025-08-06 11:48:44.184851
2025-08-06,75038,2025080601005563,GBIME,Sundhara Securities Limited,Thrive Brokerage House Pvt. Ltd,100,255.1,25510.0,2025-08-06 11:49:27.486942
2025-08-06,74700,2025080601005652,GBIME,Nepal Stock House (PVT) Ltd.,Primo Securities (PVT) Ltd.,20,255.2,5104.0,2025-08-06 11:50:33.385013
2025-08-06,74173,2025080601005775,GBIME,Beni Securities Pvt.Ltd.,Sani Securities Company Ltd.,23,256.0,5888.0,2025-08-06 11:51:49.976632
2025-08-06,74172,2025080601005776,GBIME,Beni Securities Pvt.Ltd.,Thrive Brokerage House Pvt. Ltd,10,256.8,2568.0,2025-08-06 11:51:49.976702
2025-08-06,73590,2025080601005932,GBIME,ABC Securities Private Limited,Thrive Brokerage House Pvt. Ltd,621,256.8,159472.8,2025-08-06 11:53:16.650982
2025-08-06,73589,2025080601005933,GBIME,ABC Securities Private Limited,Dipshikha Dhitopatra Karobar Co. Pvt Ltd.,100,256.9,25690.0,2025-08-06 11:53:16.651208
2025-08-06,73588,2025080601005934,GBIME,ABC Securities Private Limited,Siprabi Securities Pvt. Ltd.,10,257.0,2570.0,2025-08-06 11:53:16.651326
2025-08-06,73587,2025080601005935,GBIME,ABC Securities Private Limited,Naasa Securities Co. Ltd.,10,257.0,2570.0,2025-08-06 11:53:16.651416
2025-08-06,73586,2025080601005936,GBIME,ABC Securities Private Limited,Agrawal Securities (PVT) Ltd.,112,257.0,28784.0,2025-08-06 11:53:16.651507
2025-08-06,73585,2025080601005937,GBIME,ABC Securities Private Limited,Kohinoor Investment & Securities Pvt. Ltd.,30,257.0,7710.0,2025-08-06 11:53:16.651596
2025-08-06,73584,2025080601005938,GBIME,ABC Securities Private Limited,South Asian Bulls Pvt. Ltd.,200,257.0,51400.0,2025-08-06 11:53:16.651684
2025-08-06,73583,2025080601005939,GBIME,ABC Securities Private Limited,Sani Securities Company Ltd.,1000,257.0,257000.0,2025-08-06 11:53:16.651774
2025-08-06,73582,2025080601005940,GBIME,ABC Securities Private Limited,Premier Securities Company Ltd.,222,257.0,57054.0,2025-08-06 11:53:16.651874
2025-08-06,73581,2025080601005941,GBIME,ABC Securities Private Limited,Siprabi Securities Pvt. Ltd.,500,257.0,128500.0,2025-08-06 11:53:16.651993
2025-08-06,73580,2025080601005942,GBIME,ABC Securities Private Limited,Agrawal Securities (PVT) Ltd.,18,257.0,4626.0,2025-08-06 11:53:16.652107
2025-08-06,73579,2025080601005943,GBIME,ABC Securities Private Limited,Vision Securities Pvt. Ltd,1000,257.0,257000.0,2025-08-06 11:53:16.652215
2025-08-06,73578,2025080601005944,GBIME,ABC Securities Private Limited,Aryatara Investment & Securities,150,257.0,38550.0,2025-08-06 11:53:16.652304
2025-08-06,73577,2025080601005945,GBIME,ABC Securities Private Limited,Imperial Securities Company Pvt. Ltd.,27,257.0,6939.0,2025-08-06 11:53:16.652391
2025-08-06,73376,2025080601005995,GBIME,Online Securities Pvt. Ltd.,Dynamic Money Managers Securities Pvt. Ltd.,100,256.0,25600.0,2025-08-06 11:53:50.500536
2025-08-06,73375,2025080601005996,GBIME,Imperial Securities Company Pvt. Ltd.,Dynamic Money Managers Securities Pvt. Ltd.,817,256.0,209152.0,2025-08-06 11:53:50.500782
2025-08-06,73011,2025080601006062,GBIME,Beni Securities Pvt.Ltd.,Imperial Securities Company Pvt. Ltd.,10,257.0,2570.0,2025-08-06 11:54:42.410042
2025-08-06,72286,2025080601006383,GBIME,Imperial Securities Company Pvt. Ltd.,Bhrikuti Stock Broking Co. Pvt. Ltd.,100,256.0,25600.0,2025-08-06 11:56:02.448240
2025-08-06,72156,2025080601006404,GBIME,Beni Securities Pvt.Ltd.,Imperial Securities Company Pvt. Ltd.,10,257.0,2570.0,2025-08-06 11:56:24.681716
2025-08-06,71595,2025080601006793,GBIME,Siprabi Securities Pvt. Ltd.,Imperial Securities Company Pvt. Ltd.,40,257.0,10280.0,2025-08-06 11:57:00.887897
2025-08-06,71503,2025080601006823,GBIME,Imperial Securities Company Pvt. Ltd.,Naasa Securities Co. Ltd.,180,256.0,46080.0,2025-08-06 11:57:14.818993
2025-08-06,71209,2025080601006952,GBIME,Beni Securities Pvt.Ltd.,Imperial Securities Company Pvt. Ltd.,10,257.0,2570.0,2025-08-06 11:57:48.912317
2025-08-06,70367,2025080601007329,GBIME,Nepal Stock House (PVT) Ltd.,Imperial Securities Company Pvt. Ltd.,25,256.1,6402.5,2025-08-06 11:59:30.281847
2025-08-06,70027,2025080601007425,GBIME,Beni Securities Pvt.Ltd.,Imperial Securities Company Pvt. Ltd.,32,257.0,8224.0,2025-08-06 12:00:06.265561
2025-08-06,70026,2025080601007426,GBIME,Beni Securities Pvt.Ltd.,Dynamic Money Managers Securities Pvt. Ltd.,10,257.5,2575.0,2025-08-06 12:00:06.265616
2025-08-06,68831,2025080601007801,GBIME,Naasa Securities Co. Ltd.,Deevyaa Securities & Stock House Pvt. Ltd,10,256.5,2565.0,2025-08-06 12:03:14.802462
2025-08-06,68830,2025080601007802,GBIME,Sundhara Securities Limited,Deevyaa Securities & Stock House Pvt. Ltd,17,256.2,4355.4,2025-08-06 12:03:14.802508
2025-08-06,68789,2025080601007808,GBIME,Sundhara Securities Limited,Online Securities Pvt. Ltd.,220,256.2,56364.0,2025-08-06 12:03:21.777851
2025-08-06,68600,2025080601007879,GBIME,Beni Securities Pvt.Ltd.,Dynamic Money Managers Securities Pvt. Ltd.,10,257.5,2575.0,2025-08-06 12:03:48.867687
2025-08-06,68103,2025080601008007,GBIME,Nepal Investment And Securities Trading Private Limited,Linch Stock Market Ltd.,20,257.0,5140.0,2025-08-06 12:05:12.273504
2025-08-06,68037,2025080601008027,GBIME,Nepal Investment And Securities Trading Private Limited,South Asian Bulls Pvt. Ltd.,50,257.0,12850.0,2025-08-06 12:05:30.327246
2025-08-06,68034,2025080601008028,GBIME,Beni Securities Pvt.Ltd.,South Asian Bulls Pvt. Ltd.,10,257.0,2570.0,2025-08-06 12:05:31.144544
2025-08-06,67971,2025080601008041,GBIME,Beni Securities Pvt.Ltd.,South Asian Bulls Pvt. Ltd.,40,257.0,10280.0,2025-08-06 12:05:43.181317
2025-08-06,67970,2025080601008042,GBIME,Beni Securities Pvt.Ltd.,Dynamic Money Managers Securities Pvt. Ltd.,10,257.5,2575.0,2025-08-06 12:05:43.181357
2025-08-06,66945,2025080601008316,GBIME,Nepal Stock House (PVT) Ltd.,Dynamic Money Managers Securities Pvt. Ltd.,100,257.5,25750.0,2025-08-06 12:08:57.746755
2025-08-06,66596,2025080601008403,GBIME,Sundhara Securities Limited,Nepal Stock House (PVT) Ltd.,13,256.2,3330.6,2025-08-06 12:10:04.910969
2025-08-06,66501,2025080601008458,GBIME,Beni Securities Pvt.Ltd.,Dynamic Money Managers Securities Pvt. Ltd.,10,257.5,2575.0,2025-08-06 12:10:20.902532
2025-08-06,66281,2025080601008523,GBIME,Sundhara Securities Limited,Vision Securities Pvt. Ltd,20,256.2,5124.0,2025-08-06 12:11:07.290852
2025-08-06,66089,2025080601008587,GBIME,Beni Securities Pvt.Ltd.,Dynamic Money Managers Securities Pvt. Ltd.,10,257.5,2575.0,2025-08-06 12:11:46.144505
2025-08-06,65886,2025080601008644,GBIME,Kohinoor Investment & Securities Pvt. Ltd.,Naasa Securities Co. Ltd.,13,257.3,3344.9,2025-08-06 12:12:33.986264
2025-08-06,65324,2025080601008772,GBIME,Sundhara Securities Limited,Secured Securities Ltd.,230,256.2,58926.0,2025-08-06 12:14:41.461109
2025-08-06,65033,2025080601008826,GBIME,Nepal Stock House (PVT) Ltd.,Machhapuchchhre Securities Limited,141,256.1,36110.1,2025-08-06 12:15:39.415874
2025-08-06,64920,2025080601008840,GBIME,Nepal Stock House (PVT) Ltd.,Vision Securities Pvt. Ltd,100,256.1,25610.0,2025-08-06 12:16:01.846858
2025-08-06,64837,2025080601008856,GBIME,Nepal Stock House (PVT) Ltd.,South Asian Bulls Pvt. Ltd.,234,256.1,59927.4,2025-08-06 12:16:15.058733
2025-08-06,64836,2025080601008857,GBIME,Nepal Investment And Securities Trading Private Limited,South Asian Bulls Pvt. Ltd.,1000,256.1,256100.0,2025-08-06 12:16:15.059009
2025-08-06,64835,2025080601008858,GBIME,Imperial Securities Company Pvt. Ltd.,South Asian Bulls Pvt. Ltd.,333,256.0,85248.0,2025-08-06 12:16:15.059141
2025-08-06,64677,2025080601008888,GBIME,Imperial Securities Company Pvt. Ltd.,Trisul Securities & Invt. Ltd.,370,256.0,94720.0,2025-08-06 12:16:46.833790
2025-08-06,64676,2025080601008889,GBIME,Dipshikha Dhitopatra Karobar Co. Pvt Ltd.,Trisul Securities & Invt. Ltd.,300,256.0,76800.0,2025-08-06 12:16:46.834324
2025-08-06,64675,2025080601008890,GBIME,Nepal Stock House (PVT) Ltd.,Trisul Securities & Invt. Ltd.,30,256.0,7680.0,2025-08-06 12:16:46.834664
2025-08-06,64606,2025080601008899,GBIME,Siprabi Securities Pvt. Ltd.,Trisul Securities & Invt. Ltd.,15,256.0,3840.0,2025-08-06 12:17:01.495285
2025-08-06,64439,2025080601008913,GBIME,ABC Securities Private Limited,Nepal Stock House (PVT) Ltd.,700,255.5,178850.0,2025-08-06 12:17:11.680073
2025-08-06,64245,2025080601008934,GBIME,Beni Securities Pvt.Ltd.,Trisul Securities & Invt. Ltd.,10,256.0,2560.0,2025-08-06 12:17:48.097099
2025-08-06,64230,2025080601008942,GBIME,Sundhara Securities Limited,Imperial Securities Company Pvt. Ltd.,150,255.8,38370.0,2025-08-06 12:17:50.153145
2025-08-06,64229,2025080601008943,GBIME,ABC Securities Private Limited,Imperial Securities Company Pvt. Ltd.,650,255.5,166075.0,2025-08-06 12:17:50.153415
2025-08-06,64174,2025080601008959,GBIME,Agrawal Securities (PVT) Ltd.,Trisul Securities & Invt. Ltd.,275,256.0,70400.0,2025-08-06 12:18:01.734938
2025-08-06,64173,2025080601008960,GBIME,Agrawal Securities (PVT) Ltd.,Secured Securities Ltd.,673,256.2,172422.6,2025-08-06 12:18:01.735533
2025-08-06,63502,2025080601009148,GBIME,Kohinoor Investment & Securities Pvt. Ltd.,Vision Securities Pvt. Ltd,20,257.0,5140.0,2025-08-06 12:20:17.763390
2025-08-06,63456,2025080601009162,GBIME,ABC Securities Private Limited,Neev Securities Pvt. Ltd.,650,255.5,166075.0,2025-08-06 12:20:25.585185
2025-08-06,63328,2025080601009192,GBIME,Beni Securities Pvt.Ltd.,Neev Securities Pvt. Ltd.,413,255.5,105521.5,2025-08-06 12:20:58.684957
2025-08-06,63327,2025080601009193,GBIME,Beni Securities Pvt.Ltd.,Dynamic Money Managers Securities Pvt. Ltd.,120,256.0,30720.0,2025-08-06 12:20:58.685040
2025-08-06,63326,2025080601009194,GBIME,Beni Securities Pvt.Ltd.,Online Securities Pvt. Ltd.,67,256.9,17212.3,2025-08-06 12:20:58.685096
2025-08-06,63191,2025080601009212,GBIME,Naasa Securities Co. Ltd.,Nepal Investment And Securities Trading Private Limited,10,255.3,2553.0,2025-08-06 12:21:21.665292
2025-08-06,63190,2025080601009213,GBIME,Nepal Stock House (PVT) Ltd.,Nepal Investment And Securities Trading Private Limited,980,255.2,250096.0,2025-08-06 12:21:21.665600
2025-08-06,63189,2025080601009214,GBIME,Oxford Securities Pvt. Ltd.,Nepal Investment And Securities Trading Private Limited,374,255.2,95444.8,2025-08-06 12:21:21.665940
2025-08-06,62992,2025080601009267,GBIME,Beni Securities Pvt.Ltd.,Sani Securities Company Ltd.,39,256.0,9984.0,2025-08-06 12:22:03.867695
2025-08-06,62991,2025080601009268,GBIME,Beni Securities Pvt.Ltd.,Vision Securities Pvt. Ltd,11,256.8,2824.8,2025-08-06 12:22:03.867744
2025-08-06,62910,2025080601009295,GBIME,Oxford Securities Pvt. Ltd.,Machhapuchchhre Securities Limited,21,255.2,5359.2,2025-08-06 12:22:19.485908
2025-08-06,62810,2025080601009319,GBIME,Beni Securities Pvt.Ltd.,Vision Securities Pvt. Ltd,10,256.8,2568.0,2025-08-06 12:22:42.979099
2025-08-06,62238,2025080601009468,GBIME,Naasa Securities Co. Ltd.,Oxford Securities Pvt. Ltd.,24,255.2,6124.8,2025-08-06 12:24:41.856175
2025-08-06,62056,2025080601009513,GBIME,Beni Securities Pvt.Ltd.,Capital Max Securities Ltd,10,256.5,2565.0,2025-08-06 12:25:17.431985
2025-08-06,62055,2025080601009514,GBIME,Beni Securities Pvt.Ltd.,Oxford Securities Pvt. Ltd.,10,256.8,2568.0,2025-08-06 12:25:17.432042
2025-08-06,61963,2025080601009570,GBIME,Naasa Securities Co. Ltd.,Vision Securities Pvt. Ltd,78,255.2,19905.6,2025-08-06 12:25:26.654521
2025-08-06,61962,2025080601009571,GBIME,Online Securities Pvt. Ltd.,Vision Securities Pvt. Ltd,114,255.2,29092.8,2025-08-06 12:25:26.655097
2025-08-06,61855,2025080601009603,GBIME,Machhapuchchhre Securities Limited,Oxford Securities Pvt. Ltd.,10,256.8,2568.0,2025-08-06 12:25:54.988090
2025-08-06,61845,2025080601009606,GBIME,Online Securities Pvt. Ltd.,Agrawal Securities (PVT) Ltd.,16,255.2,4083.2,2025-08-06 12:25:56.683504
2025-08-06,61790,2025080601009630,GBIME,Asian Securities Private Ltd.,Oxford Securities Pvt. Ltd.,100,256.8,25680.0,2025-08-06 12:26:07.467251
2025-08-06,61772,2025080601009637,GBIME,Sharepro Securities Private Limited,Sanima Securities Limited,1,256.0,256.0,2025-08-06 12:26:14.717447
2025-08-06,61688,2025080601009665,GBIME,Sharepro Securities Private Limited,Primo Securities (PVT) Ltd.,1,256.0,256.0,2025-08-06 12:26:28.775339
2025-08-06,61681,2025080601009667,GBIME,Online Securities Pvt. Ltd.,Premier Securities Company Ltd.,16,255.2,4083.2,2025-08-06 12:26:31.841261
2025-08-06,61609,2025080601009673,GBIME,Sharepro Securities Private Limited,J.F. Securites (PVT) Ltd.,1,255.0,255.0,2025-08-06 12:26:42.824472
2025-08-06,61474,2025080601009700,GBIME,Sharepro Securities Private Limited,Dipshikha Dhitopatra Karobar Co. Pvt Ltd.,1,252.0,252.0,2025-08-06 12:26:58.907035
2025-08-06,61350,2025080601009731,GBIME,Sharepro Securities Private Limited,Sri Hari Securities Pvt. Ltd.,1,250.1,250.1,2025-08-06 12:27:27.048631
2025-08-06,61310,2025080601009746,GBIME,Online Securities Pvt. Ltd.,Dipshikha Dhitopatra Karobar Co. Pvt Ltd.,54,255.2,13780.8,2025-08-06 12:27:33.858767
2025-08-06,61309,2025080601009747,GBIME,ABC Securities Private Limited,Dipshikha Dhitopatra Karobar Co. Pvt Ltd.,10,255.2,2552.0,2025-08-06 12:27:33.859327
2025-08-06,61230,2025080601009762,GBIME,Machhapuchchhre Securities Limited,Dipshikha Dhitopatra Karobar Co. Pvt Ltd.,36,255.2,9187.2,2025-08-06 12:27:50.244877
2025-08-06,61229,2025080601009763,GBIME,Machhapuchchhre Securities Limited,Nepal Stock House (PVT) Ltd.,14,256.8,3595.2,2025-08-06 12:27:50.245187
2025-08-06,60897,2025080601009832,GBIME,Sani Securities Company Ltd.,Imperial Securities Company Pvt. Ltd.,88,256.0,22528.0,2025-08-06 12:29:00.217231
2025-08-06,60750,2025080601009873,GBIME,Sani Securities Company Ltd.,Siprabi Securities Pvt. Ltd.,112,256.0,28672.0,2025-08-06 12:29:29.130760
2025-08-06,60602,2025080601009948,GBIME,Bhrikuti Stock Broking Co. Pvt. Ltd.,Opal Securities Investment (PVT) Ltd.,500,255.2,127600.0,2025-08-06 12:29:55.000341
2025-08-06,60601,2025080601009949,GBIME,Sundhara Securities Limited,Opal Securities Investment (PVT) Ltd.,721,255.1,183927.1,2025-08-06 12:29:55.000653
2025-08-06,60600,2025080601009950,GBIME,ABC Securities Private Limited,Opal Securities Investment (PVT) Ltd.,2000,255.1,510200.0,2025-08-06 12:29:55.000801
2025-08-06,60599,2025080601009951,GBIME,Sundhara Securities Limited,Opal Securities Investment (PVT) Ltd.,500,255.1,127550.0,2025-08-06 12:29:55.000920
2025-08-06,60598,2025080601009952,GBIME,Vision Securities Pvt. Ltd,Opal Securities Investment (PVT) Ltd.,500,255.1,127550.0,2025-08-06 12:29:55.001225
2025-08-06,60597,2025080601009953,GBIME,ABC Securities Private Limited,Opal Securities Investment (PVT) Ltd.,1769,255.0,451095.0,2025-08-06 12:29:55.001428
2025-08-06,60596,2025080601009954,GBIME,Vision Securities Pvt. Ltd,Opal Securities Investment (PVT) Ltd.,1000,255.0,255000.0,2025-08-06 12:29:55.001571
2025-08-06,60595,2025080601009955,GBIME,Vision Securities Pvt. Ltd,Opal Securities Investment (PVT) Ltd.,1000,255.0,255000.0,2025-08-06 12:29:55.001755
2025-08-06,60594,2025080601009956,GBIME,Aryatara Investment & Securities,Opal Securities Investment (PVT) Ltd.,200,255.0,51000.0,2025-08-06 12:29:55.001873
2025-08-06,60593,2025080601009957,GBIME,Deevyaa Securities & Stock House Pvt. Ltd,Opal Securities Investment (PVT) Ltd.,100,255.0,25500.0,2025-08-06 12:29:55.001983
2025-08-06,60592,2025080601009958,GBIME,Sundhara Securities Limited,Opal Securities Investment (PVT) Ltd.,100,255.0,25500.0,2025-08-06 12:29:55.002105
2025-08-06,60591,2025080601009959,GBIME,Naasa Securities Co. Ltd.,Opal Securities Investment (PVT) Ltd.,120,255.0,30600.0,2025-08-06 12:29:55.002219
2025-08-06,60590,2025080601009960,GBIME,Online Securities Pvt. Ltd.,Opal Securities Investment (PVT) Ltd.,100,255.0,25500.0,2025-08-06 12:29:55.002329
2025-08-06,60589,2025080601009961,GBIME,Malla & Malla Stock Broking Company Pvt. Limited,Opal Securities Investment (PVT) Ltd.,100,255.0,25500.0,2025-08-06 12:29:55.002444
2025-08-06,60588,2025080601009962,GBIME,Trishakti Securities Public Limited,Opal Securities Investment (PVT) Ltd.,400,255.0,102000.0,2025-08-06 12:29:55.002558
2025-08-06,60587,2025080601009963,GBIME,J.F. Securites (PVT) Ltd.,Opal Securities Investment (PVT) Ltd.,196,255.0,49980.0,2025-08-06 12:29:55.002674
2025-08-06,60586,2025080601009964,GBIME,Vision Securities Pvt. Ltd,Opal Securities Investment (PVT) Ltd.,1500,255.0,382500.0,2025-08-06 12:29:55.002784
2025-08-06,60585,2025080601009965,GBIME,Shree Krishna Securities Ltd.,Opal Securities Investment (PVT) Ltd.,1000,254.3,254300.0,2025-08-06 12:29:55.002902
2025-08-06,60584,2025080601009966,GBIME,Sani Securities Company Ltd.,Opal Securities Investment (PVT) Ltd.,75,254.2,19065.0,2025-08-06 12:29:55.003011
2025-08-06,60583,2025080601009967,GBIME,Naasa Securities Co. Ltd.,Opal Securities Investment (PVT) Ltd.,30,254.2,7626.0,2025-08-06 12:29:55.003131
2025-08-06,60582,2025080601009968,GBIME,Deevyaa Securities & Stock House Pvt. Ltd,Opal Securities Investment (PVT) Ltd.,250,254.1,63525.0,2025-08-06 12:29:55.003387
2025-08-06,60581,2025080601009969,GBIME,Nepal Stock House (PVT) Ltd.,Opal Securities Investment (PVT) Ltd.,300,254.1,76230.0,2025-08-06 12:29:55.003510
2025-08-06,60580,2025080601009970,GBIME,ABC Securities Private Limited,Opal Securities Investment (PVT) Ltd.,2000,254.0,508000.0,2025-08-06 12:29:55.003628
2025-08-06,60579,2025080601009971,GBIME,Shree Krishna Securities Ltd.,Opal Securities Investment (PVT) Ltd.,400,254.0,101600.0,2025-08-06 12:29:55.003739
2025-08-06,60578,2025080601009972,GBIME,Malla & Malla Stock Broking Company Pvt. Limited,Opal Securities Investment (PVT) Ltd.,25,254.0,6350.0,2025-08-06 12:29:55.003854
2025-08-06,60577,2025080601009973,GBIME,Shree Krishna Securities Ltd.,Opal Securities Investment (PVT) Ltd.,1000,254.0,254000.0,2025-08-06 12:29:55.003965
2025-08-06,60576,2025080601009974,GBIME,Sani Securities Company Ltd.,Opal Securities Investment (PVT) Ltd.,40,254.0,10160.0,2025-08-06 12:29:55.004091
2025-08-06,60575,2025080601009975,GBIME,Shree Krishna Securities Ltd.,Opal Securities Investment (PVT) Ltd.,1000,254.0,254000.0,2025-08-06 12:29:55.004201
2025-08-06,60574,2025080601009976,GBIME,Kohinoor Investment & Securities Pvt. Ltd.,Opal Securities Investment (PVT) Ltd.,590,254.0,149860.0,2025-08-06 12:29:55.004313
2025-08-06,60573,2025080601009977,GBIME,Kohinoor Investment & Securities Pvt. Ltd.,Opal Securities Investment (PVT) Ltd.,10,254.0,2540.0,2025-08-06 12:29:55.004430
2025-08-06,60572,2025080601009978,GBIME,Sundhara Securities Limited,Opal Securities Investment (PVT) Ltd.,50,254.0,12700.0,2025-08-06 12:29:55.004540
2025-08-06,60571,2025080601009979,GBIME,Oxford Securities Pvt. Ltd.,Opal Securities Investment (PVT) Ltd.,500,254.0,127000.0,2025-08-06 12:29:55.004653
2025-08-06,60570,2025080601009980,GBIME,Imperial Securities Company Pvt. Ltd.,Opal Securities Investment (PVT) Ltd.,500,254.0,127000.0,2025-08-06 12:29:55.004762
2025-08-06,60569,2025080601009981,GBIME,Oxford Securities Pvt. Ltd.,Opal Securities Investment (PVT) Ltd.,22,254.0,5588.0,2025-08-06 12:29:55.004870
2025-08-06,60568,2025080601009982,GBIME,Malla & Malla Stock Broking Company Pvt. Limited,Opal Securities Investment (PVT) Ltd.,100,254.0,25400.0,2025-08-06 12:29:55.004973
2025-08-06,60567,2025080601009983,GBIME,Imperial Securities Company Pvt. Ltd.,Opal Securities Investment (PVT) Ltd.,1000,254.0,254000.0,2025-08-06 12:29:55.005085
2025-08-06,60566,2025080601009984,GBIME,Market Securities & Exchange (PVT) Ltd.,Opal Securities Investment (PVT) Ltd.,1000,254.0,254000.0,2025-08-06 12:29:55.005191
2025-08-06,60565,2025080601009985,GBIME,Trisul Securities & Invt. Ltd.,Opal Securities Investment (PVT) Ltd.,500,254.0,127000.0,2025-08-06 12:29:55.005299
2025-08-06,60564,2025080601009986,GBIME,Online Securities Pvt. Ltd.,Opal Securities Investment (PVT) Ltd.,1500,254.0,381000.0,2025-08-06 12:29:55.005402
2025-08-06,60563,2025080601009987,GBIME,Shree Krishna Securities Ltd.,Opal Securities Investment (PVT) Ltd.,1000,253.9,253900.0,2025-08-06 12:29:55.005511
2025-08-06,60562,2025080601009988,GBIME,Online Securities Pvt. Ltd.,Opal Securities Investment (PVT) Ltd.,100,253.9,25390.0,2025-08-06 12:29:55.005617
2025-08-06,60561,2025080601009989,GBIME,Shree Krishna Securities Ltd.,Opal Securities Investment (PVT) Ltd.,1000,253.8,253800.0,2025-08-06 12:29:55.005727
2025-08-06,60560,2025080601009990,GBIME,Shree Krishna Securities Ltd.,Opal Securities Investment (PVT) Ltd.,202,253.7,51247.4,2025-08-06 12:29:55.005851
2025-08-06,60456,2025080601010026,GBIME,Shree Krishna Securities Ltd.,Opal Securities Investment (PVT) Ltd.,798,253.7,202452.6,2025-08-06 12:30:17.088935
2025-08-06,60455,2025080601010027,GBIME,Shree Krishna Securities Ltd.,Opal Securities Investment (PVT) Ltd.,1000,253.6,253600.0,2025-08-06 12:30:17.089443
2025-08-06,60454,2025080601010028,GBIME,Shree Krishna Securities Ltd.,Opal Securities Investment (PVT) Ltd.,1000,253.5,253500.0,2025-08-06 12:30:17.089765
2025-08-06,60453,2025080601010029,GBIME,Shree Krishna Securities Ltd.,Opal Securities Investment (PVT) Ltd.,1000,253.4,253400.0,2025-08-06 12:30:17.090111
2025-08-06,60452,2025080601010030,GBIME,Nepal Stock House (PVT) Ltd.,Opal Securities Investment (PVT) Ltd.,400,253.3,101320.0,2025-08-06 12:30:17.090470
2025-08-06,60451,2025080601010031,GBIME,Shree Krishna Securities Ltd.,Opal Securities Investment (PVT) Ltd.,1000,253.3,253300.0,2025-08-06 12:30:17.090820
2025-08-06,60450,2025080601010032,GBIME,ABC Securities Private Limited,Opal Securities Investment (PVT) Ltd.,250,253.3,63325.0,2025-08-06 12:30:17.091128
2025-08-06,60449,2025080601010033,GBIME,Shree Krishna Securities Ltd.,Opal Securities Investment (PVT) Ltd.,1000,253.2,253200.0,2025-08-06 12:30:17.091449
2025-08-06,60448,2025080601010034,GBIME,Shree Krishna Securities Ltd.,Opal Securities Investment (PVT) Ltd.,1000,253.1,253100.0,2025-08-06 12:30:17.091755
2025-08-06,60447,2025080601010035,GBIME,Malla & Malla Stock Broking Company Pvt. Limited,Opal Securities Investment (PVT) Ltd.,100,253.0,25300.0,2025-08-06 12:30:17.092078
2025-08-06,60446,2025080601010036,GBIME,Dipshikha Dhitopatra Karobar Co. Pvt Ltd.,Opal Securities Investment (PVT) Ltd.,100,253.0,25300.0,2025-08-06 12:30:17.092500
2025-08-06,60445,2025080601010037,GBIME,Malla & Malla Stock Broking Company Pvt. Limited,Opal Securities Investment (PVT) Ltd.,100,253.0,25300.0,2025-08-06 12:30:17.092864
2025-08-06,60444,2025080601010038,GBIME,Market Securities & Exchange (PVT) Ltd.,Opal Securities Investment (PVT) Ltd.,155,253.0,39215.0,2025-08-06 12:30:17.093189
2025-08-06,60443,2025080601010039,GBIME,Premier Securities Company Ltd.,Opal Securities Investment (PVT) Ltd.,50,253.0,12650.0,2025-08-06 12:30:17.093548
2025-08-06,60442,2025080601010040,GBIME,Nepal Stock House (PVT) Ltd.,Opal Securities Investment (PVT) Ltd.,812,253.0,205436.0,2025-08-06 12:30:17.093948
2025-08-06,60441,2025080601010041,GBIME,Machhapuchchhre Securities Limited,Siprabi Securities Pvt. Ltd.,10,256.0,2560.0,2025-08-06 12:30:17.766021
2025-08-06,59913,2025080601010169,GBIME,Dipshikha Dhitopatra Karobar Co. Pvt Ltd.,Opal Securities Investment (PVT) Ltd.,10,253.2,2532.0,2025-08-06 12:32:31.785772
2025-08-06,59912,2025080601010170,GBIME,Neev Securities Pvt. Ltd.,Opal Securities Investment (PVT) Ltd.,100,253.1,25310.0,2025-08-06 12:32:31.786313
2025-08-06,59911,2025080601010171,GBIME,Nepal Stock House (PVT) Ltd.,Opal Securities Investment (PVT) Ltd.,4188,253.0,1059564.0,2025-08-06 12:32:31.786658
2025-08-06,59910,2025080601010172,GBIME,Sri Hari Securities Pvt. Ltd.,Opal Securities Investment (PVT) Ltd.,347,253.0,87791.0,2025-08-06 12:32:31.786982
2025-08-06,59352,2025080601010340,GBIME,Secured Securities Ltd.,ABC Securities Private Limited,40,255.0,10200.0,2025-08-06 12:34:38.540142
2025-08-06,58883,2025080601010437,GBIME,Machhapuchchhre Securities Limited,ABC Securities Private Limited,10,255.0,2550.0,2025-08-06 12:36:11.620794
2025-08-06,58882,2025080601010438,GBIME,Machhapuchchhre Securities Limited,Nepal Stock House (PVT) Ltd.,10,255.9,2559.0,2025-08-06 12:36:11.621310
2025-08-06,55332,2025080601011457,GBIME,Vision Securities Pvt. Ltd,Imperial Securities Company Pvt. Ltd.,30,255.8,7674.0,2025-08-06 12:48:12.789498
2025-08-06,54638,2025080601011669,GBIME,Naasa Securities Co. Ltd.,Naasa Securities Co. Ltd.,10,255.0,2550.0,2025-08-06 12:50:26.275747
2025-08-06,54282,2025080601011866,GBIME,Aryatara Investment & Securities,Naasa Securities Co. Ltd.,13,255.0,3315.0,2025-08-06 12:51:22.480467
2025-08-06,54281,2025080601011867,GBIME,Aryatara Investment & Securities,Kumari Securities Private Limited,42,255.0,10710.0,2025-08-06 12:51:22.480773
2025-08-06,53494,2025080601012102,GBIME,Agrawal Securities (PVT) Ltd.,Naasa Securities Co. Ltd.,100,254.1,25410.0,2025-08-06 12:53:35.362141
2025-08-06,53493,2025080601012103,GBIME,Sani Securities Company Ltd.,Naasa Securities Co. Ltd.,30,254.0,7620.0,2025-08-06 12:53:35.362430
2025-08-06,53492,2025080601012104,GBIME,Kohinoor Investment & Securities Pvt. Ltd.,Naasa Securities Co. Ltd.,470,254.0,119380.0,2025-08-06 12:53:35.362559
2025-08-06,53389,2025080601012126,GBIME,Machhapuchchhre Securities Limited,ABC Securities Private Limited,10,255.0,2550.0,2025-08-06 12:53:56.173142
2025-08-06,52284,2025080601012394,GBIME,Kohinoor Investment & Securities Pvt. Ltd.,ABC Securities Private Limited,530,255.0,135150.0,2025-08-06 12:56:52.626218
2025-08-06,52191,2025080601012429,GBIME,Investment Management Nepal Pvt. Ltd.,ABC Securities Private Limited,460,255.0,117300.0,2025-08-06 12:57:06.686900
2025-08-06,52129,2025080601012450,GBIME,Investment Management Nepal Pvt. Ltd.,Sani Securities Company Ltd.,500,255.0,127500.0,2025-08-06 12:57:18.429063
2025-08-06,50990,2025080601012915,GBIME,Machhapuchchhre Securities Limited,Vision Securities Pvt. Ltd,10,255.7,2557.0,2025-08-06 12:59:46.083199
2025-08-06,50845,2025080601012953,GBIME,Sharepro Securities Private Limited,Shree Krishna Securities Ltd.,1,250.6,250.6,2025-08-06 13:00:09.317062
2025-08-06,50841,2025080601012954,GBIME,Dipshikha Dhitopatra Karobar Co. Pvt Ltd.,Imperial Securities Company Pvt. Ltd.,105,255.8,26859.0,2025-08-06 13:00:10.670052
2025-08-06,50724,2025080601013011,GBIME,Dipshikha Dhitopatra Karobar Co. Pvt Ltd.,Imperial Securities Company Pvt. Ltd.,15,255.8,3837.0,2025-08-06 13:00:31.919735
2025-08-06,50672,2025080601013030,GBIME,Dipshikha Dhitopatra Karobar Co. Pvt Ltd.,Imperial Securities Company Pvt. Ltd.,10,255.8,2558.0,2025-08-06 13:00:42.044917
2025-08-06,50425,2025080601013187,GBIME,Dipshikha Dhitopatra Karobar Co. Pvt Ltd.,Naasa Securities Co. Ltd.,120,255.8,30696.0,2025-08-06 13:01:08.513776
2025-08-06,49862,2025080601013411,GBIME,South Asian Bulls Pvt. Ltd.,Vision Securities Pvt. Ltd,60,255.1,15306.0,2025-08-06 13:02:22.879621
2025-08-06,49482,2025080601013516,GBIME,Machhapuchchhre Securities Limited,Naasa Securities Co. Ltd.,10,255.5,2555.0,2025-08-06 13:03:23.618697
2025-08-06,48958,2025080601013730,GBIME,Nepal Investment And Securities Trading Private Limited,Malla & Malla Stock Broking Company Pvt. Limited,11,255.2,2807.2,2025-08-06 13:04:38.535759
2025-08-06,48739,2025080601013802,GBIME,Machhapuchchhre Securities Limited,Naasa Securities Co. Ltd.,10,255.5,2555.0,2025-08-06 13:05:16.891495
2025-08-06,48655,2025080601013852,GBIME,Nepal Investment And Securities Trading Private Limited,Imperial Securities Company Pvt. Ltd.,10,255.2,2552.0,2025-08-06 13:05:28.614318
2025-08-06,48049,2025080601014021,GBIME,Machhapuchchhre Securities Limited,Naasa Securities Co. Ltd.,10,255.5,2555.0,2025-08-06 13:07:01.137345
2025-08-06,46761,2025080601014351,GBIME,Imperial Securities Company Pvt. Ltd.,Nepal Stock House (PVT) Ltd.,18,255.9,4606.2,2025-08-06 13:10:30.385351
2025-08-06,46632,2025080601014374,GBIME,Naasa Securities Co. Ltd.,Nepal Stock House (PVT) Ltd.,10,255.5,2555.0,2025-08-06 13:10:50.727488
2025-08-06,46631,2025080601014375,GBIME,Nepal Investment And Securities Trading Private Limited,Nepal Stock House (PVT) Ltd.,90,255.5,22995.0,2025-08-06 13:10:50.728128
2025-08-06,45727,2025080601014587,GBIME,Machhapuchchhre Securities Limited,Nepal Stock House (PVT) Ltd.,10,255.9,2559.0,2025-08-06 13:13:15.027563
2025-08-06,45375,2025080601014648,GBIME,Nepal Investment And Securities Trading Private Limited,Opal Securities Investment (PVT) Ltd.,189,255.5,48289.5,2025-08-06 13:13:53.845922
2025-08-06,45037,2025080601014721,GBIME,Sundhara Securities Limited,Nepal Stock House (PVT) Ltd.,115,255.9,29428.5,2025-08-06 13:14:47.236281
2025-08-06,44783,2025080601014771,GBIME,Sunrise Securities Limited,Nepal Stock House (PVT) Ltd.,247,255.9,63207.3,2025-08-06 13:15:26.694002
2025-08-06,44782,2025080601014772,GBIME,Sunrise Securities Limited,NIMB Stock Markets Limited,211,256.0,54016.0,2025-08-06 13:15:26.694357
2025-08-06,44781,2025080601014773,GBIME,Sunrise Securities Limited,Sri Hari Securities Pvt. Ltd.,91,256.0,23296.0,2025-08-06 13:15:26.694502
2025-08-06,44780,2025080601014774,GBIME,Sunrise Securities Limited,Dipshikha Dhitopatra Karobar Co. Pvt Ltd.,128,256.0,32768.0,2025-08-06 13:15:26.694645
2025-08-06,44779,2025080601014775,GBIME,Sunrise Securities Limited,Malla & Malla Stock Broking Company Pvt. Limited,1116,256.0,285696.0,2025-08-06 13:15:26.694787
2025-08-06,44778,2025080601014776,GBIME,Sunrise Securities Limited,Naasa Securities Co. Ltd.,211,256.0,54016.0,2025-08-06 13:15:26.694924
2025-08-06,44777,2025080601014777,GBIME,Sunrise Securities Limited,Himalayan Brokerage Company Limited,580,256.0,148480.0,2025-08-06 13:15:26.695074
2025-08-06,44776,2025080601014778,GBIME,Sunrise Securities Limited,Sani Securities Company Ltd.,844,256.0,216064.0,2025-08-06 13:15:26.695216
2025-08-06,44775,2025080601014779,GBIME,Sunrise Securities Limited,Siprabi Securities Pvt. Ltd.,378,256.0,96768.0,2025-08-06 13:15:26.695362
2025-08-06,44774,2025080601014780,GBIME,Sunrise Securities Limited,Investment Management Nepal Pvt. Ltd.,200,256.0,51200.0,2025-08-06 13:15:26.695503
2025-08-06,44773,2025080601014781,GBIME,Sunrise Securities Limited,Market Securities & Exchange (PVT) Ltd.,994,256.0,254464.0,2025-08-06 13:15:26.695642
2025-08-06,44701,2025080601014798,GBIME,Investment Management Nepal Pvt. Ltd.,Market Securities & Exchange (PVT) Ltd.,1006,256.0,257536.0,2025-08-06 13:15:39.583544
2025-08-06,44700,2025080601014799,GBIME,Investment Management Nepal Pvt. Ltd.,Premier Securities Company Ltd.,10,256.0,2560.0,2025-08-06 13:15:39.583872
2025-08-06,44699,2025080601014800,GBIME,Investment Management Nepal Pvt. Ltd.,Midas Stock Broking Company Private Limited,30,256.0,7680.0,2025-08-06 13:15:39.584016
2025-08-06,44698,2025080601014801,GBIME,Investment Management Nepal Pvt. Ltd.,Siprabi Securities Pvt. Ltd.,25,256.0,6400.0,2025-08-06 13:15:39.584169
2025-08-06,44545,2025080601014844,GBIME,Kalika Securities Pvt. Ltd.,Midas Stock Broking Company Private Limited,415,256.5,106447.5,2025-08-06 13:16:05.280471
2025-08-06,44540,2025080601014845,GBIME,Investment Management Nepal Pvt. Ltd.,Nepal Stock House (PVT) Ltd.,386,256.8,99124.8,2025-08-06 13:16:05.678128
2025-08-06,44539,2025080601014846,GBIME,Investment Management Nepal Pvt. Ltd.,Sani Securities Company Ltd.,200,256.8,51360.0,2025-08-06 13:16:05.678465
2025-08-06,44538,2025080601014847,GBIME,Investment Management Nepal Pvt. Ltd.,Online Securities Pvt. Ltd.,414,256.9,106356.6,2025-08-06 13:16:05.678645
2025-08-06,42421,2025080601015407,GBIME,Investment Management Nepal Pvt. Ltd.,Thrive Brokerage House Pvt. Ltd,200,256.0,51200.0,2025-08-06 13:22:06.948054
2025-08-06,41576,2025080601015623,GBIME,Machhapuchchhre Securities Limited,Online Securities Pvt. Ltd.,10,256.8,2568.0,2025-08-06 13:24:54.768089
2025-08-06,40844,2025080601015810,GBIME,Sri Hari Securities Pvt. Ltd.,Sri Hari Securities Pvt. Ltd.,1001,256.2,256456.2,2025-08-06 13:27:03.911117
2025-08-06,40768,2025080601015829,GBIME,Machhapuchchhre Securities Limited,Online Securities Pvt. Ltd.,10,256.8,2568.0,2025-08-06 13:27:14.140012
2025-08-06,40593,2025080601015893,GBIME,Midas Stock Broking Company Private Limited,Online Securities Pvt. Ltd.,50,256.8,12840.0,2025-08-06 13:27:49.585256
2025-08-06,40231,2025080601015973,GBIME,Investment Management Nepal Pvt. Ltd.,Imperial Securities Company Pvt. Ltd.,169,256.0,43264.0,2025-08-06 13:28:55.108461
2025-08-06,40230,2025080601015974,GBIME,Investment Management Nepal Pvt. Ltd.,Imperial Securities Company Pvt. Ltd.,207,256.0,52992.0,2025-08-06 13:28:55.108832
2025-08-06,40077,2025080601016007,GBIME,Beni Securities Pvt.Ltd.,Online Securities Pvt. Ltd.,10,256.8,2568.0,2025-08-06 13:29:20.334335
2025-08-06,40005,2025080601016016,GBIME,Investment Management Nepal Pvt. Ltd.,Imperial Securities Company Pvt. Ltd.,1147,256.0,293632.0,2025-08-06 13:29:36.613224
2025-08-06,39409,2025080601016130,GBIME,Machhapuchchhre Securities Limited,Online Securities Pvt. Ltd.,10,256.8,2568.0,2025-08-06 13:31:22.746524
2025-08-06,38961,2025080601016232,GBIME,Kalika Securities Pvt. Ltd.,Online Securities Pvt. Ltd.,110,256.8,28248.0,2025-08-06 13:32:40.994375
2025-08-06,38960,2025080601016233,GBIME,Kalika Securities Pvt. Ltd.,Opal Securities Investment (PVT) Ltd.,226,256.8,58036.8,2025-08-06 13:32:40.995197
2025-08-06,38959,2025080601016234,GBIME,Kalika Securities Pvt. Ltd.,Thrive Brokerage House Pvt. Ltd,100,256.8,25680.0,2025-08-06 13:32:40.995823
2025-08-06,38610,2025080601016309,GBIME,Beni Securities Pvt.Ltd.,Online Securities Pvt. Ltd.,10,256.9,2569.0,2025-08-06 13:33:41.063190
2025-08-06,38051,2025080601016399,GBIME,Imperial Securities Company Pvt. Ltd.,Midas Stock Broking Company Private Limited,100,256.1,25610.0,2025-08-06 13:35:08.050565
2025-08-06,38038,2025080601016404,GBIME,Imperial Securities Company Pvt. Ltd.,Trishakti Securities Public Limited,42,256.1,10756.2,2025-08-06 13:35:12.005397
2025-08-06,37615,2025080601016489,GBIME,Beni Securities Pvt.Ltd.,Naasa Securities Co. Ltd.,25,256.1,6402.5,2025-08-06 13:36:23.486973
2025-08-06,37614,2025080601016490,GBIME,Beni Securities Pvt.Ltd.,Cristal Kanchanjanga Securites Pvt. Ltd.,10,256.8,2568.0,2025-08-06 13:36:23.487078
2025-08-06,36744,2025080601016669,GBIME,Secured Securities Ltd.,Cristal Kanchanjanga Securites Pvt. Ltd.,14,256.8,3595.2,2025-08-06 13:38:58.495276
2025-08-06,36512,2025080601016707,GBIME,Investment Management Nepal Pvt. Ltd.,Online Securities Pvt. Ltd.,10,256.0,2560.0,2025-08-06 13:39:33.615616
2025-08-06,36114,2025080601016796,GBIME,Kalika Securities Pvt. Ltd.,Cristal Kanchanjanga Securites Pvt. Ltd.,349,256.8,89623.2,2025-08-06 13:40:31.981007
2025-08-06,36113,2025080601016797,GBIME,Kalika Securities Pvt. Ltd.,Aryatara Investment & Securities,231,256.8,59320.8,2025-08-06 13:40:31.981711
2025-08-06,36112,2025080601016798,GBIME,Kalika Securities Pvt. Ltd.,Siprabi Securities Pvt. Ltd.,101,256.8,25936.8,2025-08-06 13:40:31.982206
2025-08-06,36111,2025080601016799,GBIME,Kalika Securities Pvt. Ltd.,Linch Stock Market Ltd.,44,256.8,11299.2,2025-08-06 13:40:31.982660
2025-08-06,36110,2025080601016800,GBIME,Kalika Securities Pvt. Ltd.,Bhrikuti Stock Broking Co. Pvt. Ltd.,500,256.8,128400.0,2025-08-06 13:40:31.983125
2025-08-06,36036,2025080601016818,GBIME,Investment Management Nepal Pvt. Ltd.,Sani Securities Company Ltd.,136,256.0,34816.0,2025-08-06 13:40:47.750593
2025-08-06,36035,2025080601016819,GBIME,Naasa Securities Co. Ltd.,Sani Securities Company Ltd.,42,256.0,10752.0,2025-08-06 13:40:47.750937
2025-08-06,36034,2025080601016820,GBIME,Sipla Securities Private Limited,Sani Securities Company Ltd.,47,256.0,12032.0,2025-08-06 13:40:47.751105
2025-08-06,35830,2025080601016861,GBIME,Beni Securities Pvt.Ltd.,Online Securities Pvt. Ltd.,10,256.9,2569.0,2025-08-06 13:41:16.438821
2025-08-06,35474,2025080601016911,GBIME,Sipla Securities Private Limited,Aryatara Investment & Securities,303,256.0,77568.0,2025-08-06 13:42:16.667606
2025-08-06,35473,2025080601016912,GBIME,ABC Securities Private Limited,Aryatara Investment & Securities,697,256.0,178432.0,2025-08-06 13:42:16.667963
2025-08-06,35472,2025080601016913,GBIME,ABC Securities Private Limited,Aryatara Investment & Securities,1000,256.0,256000.0,2025-08-06 13:42:16.670434
2025-08-06,35266,2025080601016953,GBIME,ABC Securities Private Limited,Sundhara Securities Limited,43,256.0,11008.0,2025-08-06 13:42:50.634364
2025-08-06,35256,2025080601016956,GBIME,ABC Securities Private Limited,Opal Securities Investment (PVT) Ltd.,128,256.0,32768.0,2025-08-06 13:42:53.329485
2025-08-06,35136,2025080601016992,GBIME,ABC Securities Private Limited,Deevyaa Securities & Stock House Pvt. Ltd,132,256.0,33792.0,2025-08-06 13:43:13.828875
2025-08-06,35135,2025080601016993,GBIME,Linch Stock Market Ltd.,Deevyaa Securities & Stock House Pvt. Ltd,40,256.0,10240.0,2025-08-06 13:43:13.829209
2025-08-06,35134,2025080601016994,GBIME,Online Securities Pvt. Ltd.,Deevyaa Securities & Stock House Pvt. Ltd,20,256.0,5120.0,2025-08-06 13:43:13.829388
2025-08-06,35133,2025080601016995,GBIME,Nepal Investment And Securities Trading Private Limited,Deevyaa Securities & Stock House Pvt. Ltd,721,255.5,184215.5,2025-08-06 13:43:13.829619
2025-08-06,35132,2025080601016996,GBIME,Nepal Investment And Securities Trading Private Limited,Deevyaa Securities & Stock House Pvt. Ltd,87,255.5,22228.5,2025-08-06 13:43:13.829819
2025-08-06,34852,2025080601017077,GBIME,Machhapuchchhre Securities Limited,Oxford Securities Pvt. Ltd.,10,256.8,2568.0,2025-08-06 13:44:07.600334
2025-08-06,33634,2025080601017317,GBIME,Capital Hub P. Ltd,Oxford Securities Pvt. Ltd.,701,256.0,179456.0,2025-08-06 13:47:20.202635
2025-08-06,33117,2025080601017418,GBIME,Capital Hub P. Ltd,Deevyaa Securities & Stock House Pvt. Ltd,278,256.0,71168.0,2025-08-06 13:48:38.704789
2025-08-06,32693,2025080601017498,GBIME,Machhapuchchhre Securities Limited,Primo Securities (PVT) Ltd.,10,256.7,2567.0,2025-08-06 13:49:51.587125
2025-08-06,32464,2025080601017544,GBIME,Capital Hub P. Ltd,Primo Securities (PVT) Ltd.,11,256.0,2816.0,2025-08-06 13:50:33.173134
2025-08-06,32174,2025080601017585,GBIME,Capital Hub P. Ltd,Premier Securities Company Ltd.,10,256.0,2560.0,2025-08-06 13:51:11.610192
2025-08-06,31899,2025080601017629,GBIME,Sani Securities Company Ltd.,Creative Securities Pvt Ltd,60,256.0,15360.0,2025-08-06 13:51:47.149771
2025-08-06,31898,2025080601017630,GBIME,Nepal Investment And Securities Trading Private Limited,Creative Securities Pvt Ltd,297,255.5,75883.5,2025-08-06 13:51:47.149873
2025-08-06,31368,2025080601017716,GBIME,Nepal Investment And Securities Trading Private Limited,Thrive Brokerage House Pvt. Ltd,100,255.5,25550.0,2025-08-06 13:52:39.507172
2025-08-06,31362,2025080601017717,GBIME,Nepal Investment And Securities Trading Private Limited,Vision Securities Pvt. Ltd,1516,255.5,387338.0,2025-08-06 13:52:40.054616
2025-08-06,31361,2025080601017718,GBIME,Linch Stock Market Ltd.,Vision Securities Pvt. Ltd,20,255.5,5110.0,2025-08-06 13:52:40.054954
2025-08-06,31360,2025080601017719,GBIME,Asian Securities Private Ltd.,Vision Securities Pvt. Ltd,464,255.3,118459.2,2025-08-06 13:52:40.055126
2025-08-06,31323,2025080601017726,GBIME,Asian Securities Private Ltd.,Online Securities Pvt. Ltd.,23,255.3,5871.9,2025-08-06 13:52:44.255731
2025-08-06,31198,2025080601017742,GBIME,Asian Securities Private Ltd.,Vision Securities Pvt. Ltd,13,255.3,3318.9,2025-08-06 13:52:59.363410
2025-08-06,31197,2025080601017743,GBIME,Investment Management Nepal Pvt. Ltd.,Vision Securities Pvt. Ltd,1987,255.3,507281.1,2025-08-06 13:52:59.364118
2025-08-06,30795,2025080601017823,GBIME,Investment Management Nepal Pvt. Ltd.,Vision Securities Pvt. Ltd,400,255.3,102120.0,2025-08-06 13:53:48.104428
2025-08-06,30558,2025080601017860,GBIME,Investment Management Nepal Pvt. Ltd.,Linch Stock Market Ltd.,20,255.3,5106.0,2025-08-06 13:54:21.472273
2025-08-06,30144,2025080601017923,GBIME,Investment Management Nepal Pvt. Ltd.,Online Securities Pvt. Ltd.,58,255.3,14807.4,2025-08-06 13:55:05.436347
2025-08-06,29965,2025080601017949,GBIME,Investment Management Nepal Pvt. Ltd.,Trishakti Securities Public Limited,2219,255.3,566510.7,2025-08-06 13:55:30.268192
2025-08-06,29964,2025080601017950,GBIME,Investment Management Nepal Pvt. Ltd.,Arun Securities (PVT) Ltd.,12,255.3,3063.6,2025-08-06 13:55:30.547080
2025-08-06,29895,2025080601017978,GBIME,Investment Management Nepal Pvt. Ltd.,Oxford Securities Pvt. Ltd.,270,255.3,68931.0,2025-08-06 13:55:39.579512
2025-08-06,29884,2025080601017983,GBIME,Sani Securities Company Ltd.,Vision Securities Pvt. Ltd,10,255.4,2554.0,2025-08-06 13:55:40.210910
2025-08-06,29789,2025080601018001,GBIME,Opal Securities Investment (PVT) Ltd.,Vision Securities Pvt. Ltd,15,255.4,3831.0,2025-08-06 13:55:55.601074
2025-08-06,29490,2025080601018048,GBIME,Nepal Investment And Securities Trading Private Limited,Vision Securities Pvt. Ltd,350,255.4,89390.0,2025-08-06 13:56:38.304114
2025-08-06,29469,2025080601018052,GBIME,Nepal Investment And Securities Trading Private Limited,Nepal Investment And Securities Trading Private Limited,50,255.4,12770.0,2025-08-06 13:56:42.323433
2025-08-06,29376,2025080601018069,GBIME,Naasa Securities Co. Ltd.,Naasa Securities Co. Ltd.,3,256.2,768.6,2025-08-06 13:56:53.936133
2025-08-06,29202,2025080601018096,GBIME,Nepal Investment And Securities Trading Private Limited,Nepal Investment And Securities Trading Private Limited,11,255.4,2809.4,2025-08-06 13:57:11.491099
2025-08-06,29092,2025080601018137,GBIME,Machhapuchchhre Securities Limited,Midas Stock Broking Company Private Limited,10,256.0,2560.0,2025-08-06 13:57:30.324447
2025-08-06,28600,2025080601018277,GBIME,Kohinoor Investment & Securities Pvt. Ltd.,Midas Stock Broking Company Private Limited,20,256.0,5120.0,2025-08-06 13:58:57.017322
2025-08-06,28526,2025080601018286,GBIME,Miyo Securities Pvt Ltd,BHOLE GANESH SECURITIES LTD,1,250.9,250.9,2025-08-06 13:59:07.534565
2025-08-06,27947,2025080601018395,GBIME,ABC Securities Private Limited,Ashutosh Brokerage & Securities (PVT) Ltd.,1,252.9,252.9,2025-08-06 14:01:08.479240
2025-08-06,27330,2025080601018539,GBIME,Naasa Securities Co. Ltd.,Midas Stock Broking Company Private Limited,18,256.0,4608.0,2025-08-06 14:03:11.401225
2025-08-06,27001,2025080601018603,GBIME,Bhrikuti Stock Broking Co. Pvt. Ltd.,Midas Stock Broking Company Private Limited,200,256.0,51200.0,2025-08-06 14:04:06.401309
2025-08-06,26670,2025080601018722,GBIME,Nepal Investment And Securities Trading Private Limited,Market Securities & Exchange (PVT) Ltd.,25,255.4,6385.0,2025-08-06 14:05:20.843180
2025-08-06,26584,2025080601018737,GBIME,Nepal Investment And Securities Trading Private Limited,Kumari Securities Private Limited,43,255.4,10982.2,2025-08-06 14:05:43.895625
2025-08-06,26578,2025080601018742,GBIME,Kohinoor Investment & Securities Pvt. Ltd.,Dipshikha Dhitopatra Karobar Co. Pvt Ltd.,18,255.4,4597.2,2025-08-06 14:05:46.614795
2025-08-06,26252,2025080601018818,GBIME,Kohinoor Investment & Securities Pvt. Ltd.,Primo Securities (PVT) Ltd.,40,255.9,10236.0,2025-08-06 14:06:55.392339
2025-08-06,26028,2025080601018874,GBIME,NIMB Stock Markets Limited,Primo Securities (PVT) Ltd.,20,255.9,5118.0,2025-08-06 14:07:45.918817
2025-08-06,25661,2025080601018941,GBIME,Midas Stock Broking Company Private Limited,Kumari Securities Private Limited,20,255.5,5110.0,2025-08-06 14:09:05.502602
2025-08-06,25660,2025080601018942,GBIME,Investment Management Nepal Pvt. Ltd.,Kumari Securities Private Limited,34,255.3,8680.2,2025-08-06 14:09:05.502979
2025-08-06,25659,2025080601018943,GBIME,South Asian Bulls Pvt. Ltd.,Kumari Securities Private Limited,40,255.1,10204.0,2025-08-06 14:09:05.503156
2025-08-06,25658,2025080601018944,GBIME,Global IME Securities Limited,Kumari Securities Private Limited,40,255.1,10204.0,2025-08-06 14:09:05.503320
2025-08-06,25657,2025080601018945,GBIME,ABC Securities Private Limited,Kumari Securities Private Limited,66,255.1,16836.6,2025-08-06 14:09:05.503483
2025-08-06,25498,2025080601018966,GBIME,Nepal Stock House (PVT) Ltd.,Primo Securities (PVT) Ltd.,130,255.9,33267.0,2025-08-06 14:09:40.267103
2025-08-06,25497,2025080601018967,GBIME,Nepal Stock House (PVT) Ltd.,Midas Stock Broking Company Private Limited,452,256.0,115712.0,2025-08-06 14:09:40.267816
2025-08-06,25496,2025080601018968,GBIME,Nepal Stock House (PVT) Ltd.,Aryatara Investment & Securities,235,256.0,60160.0,2025-08-06 14:09:40.268390
2025-08-06,25495,2025080601018969,GBIME,Nepal Stock House (PVT) Ltd.,J.F. Securites (PVT) Ltd.,50,256.0,12800.0,2025-08-06 14:09:40.268887
2025-08-06,25494,2025080601018970,GBIME,Nepal Stock House (PVT) Ltd.,Midas Stock Broking Company Private Limited,750,256.0,192000.0,2025-08-06 14:09:40.269387
2025-08-06,25493,2025080601018971,GBIME,Nepal Stock House (PVT) Ltd.,Sani Securities Company Ltd.,214,256.0,54784.0,2025-08-06 14:09:40.269875
2025-08-06,25492,2025080601018972,GBIME,Nepal Stock House (PVT) Ltd.,Nepal Stock House (PVT) Ltd.,1000,256.0,256000.0,2025-08-06 14:09:40.270409
2025-08-06,25491,2025080601018973,GBIME,Nepal Stock House (PVT) Ltd.,Sani Securities Company Ltd.,100,256.0,25600.0,2025-08-06 14:09:40.270890
2025-08-06,25490,2025080601018974,GBIME,Nepal Stock House (PVT) Ltd.,Naasa Securities Co. Ltd.,69,256.0,17664.0,2025-08-06 14:09:40.271397
2025-08-06,25331,2025080601018993,GBIME,ABC Securities Private Limited,Naasa Securities Co. Ltd.,1,251.9,251.9,2025-08-06 14:10:14.756215
2025-08-06,25293,2025080601019005,GBIME,Imperial Securities Company Pvt. Ltd.,Premier Securities Company Ltd.,107,255.5,27338.5,2025-08-06 14:10:27.470148
2025-08-06,25213,2025080601019022,GBIME,ABC Securities Private Limited,Premier Securities Company Ltd.,10,255.1,2551.0,2025-08-06 14:10:47.634447
2025-08-06,24668,2025080601019120,GBIME,Trishakti Securities Public Limited,Naasa Securities Co. Ltd.,241,256.0,61696.0,2025-08-06 14:12:38.359613
2025-08-06,24667,2025080601019121,GBIME,Trishakti Securities Public Limited,Nepal Investment And Securities Trading Private Limited,65,256.0,16640.0,2025-08-06 14:12:38.359657
2025-08-06,24666,2025080601019122,GBIME,Trishakti Securities Public Limited,Thrive Brokerage House Pvt. Ltd,98,256.0,25088.0,2025-08-06 14:12:38.359711
2025-08-06,24665,2025080601019123,GBIME,Trishakti Securities Public Limited,Creative Securities Pvt Ltd,178,256.0,45568.0,2025-08-06 14:12:38.359748
2025-08-06,24664,2025080601019124,GBIME,Trishakti Securities Public Limited,Bhrikuti Stock Broking Co. Pvt. Ltd.,400,256.8,102720.0,2025-08-06 14:12:38.359775
2025-08-06,24663,2025080601019125,GBIME,Trishakti Securities Public Limited,Creative Securities Pvt Ltd,337,256.8,86541.6,2025-08-06 14:12:38.359801
2025-08-06,24662,2025080601019126,GBIME,Trishakti Securities Public Limited,Thrive Brokerage House Pvt. Ltd,200,256.8,51360.0,2025-08-06 14:12:38.359827
2025-08-06,24661,2025080601019127,GBIME,Trishakti Securities Public Limited,Online Securities Pvt. Ltd.,481,256.9,123568.9,2025-08-06 14:12:38.359853
2025-08-06,24328,2025080601019191,GBIME,Malla & Malla Stock Broking Company Pvt. Limited,Online Securities Pvt. Ltd.,500,256.9,128450.0,2025-08-06 14:13:32.628132
2025-08-06,23931,2025080601019271,GBIME,Investment Management Nepal Pvt. Ltd.,Online Securities Pvt. Ltd.,50,256.9,12845.0,2025-08-06 14:14:58.765767
2025-08-06,23805,2025080601019301,GBIME,ABC Securities Private Limited,Dipshikha Dhitopatra Karobar Co. Pvt Ltd.,1,251.9,251.9,2025-08-06 14:15:30.266585
2025-08-06,23801,2025080601019302,GBIME,ABC Securities Private Limited,Online Securities Pvt. Ltd.,1,252.9,252.9,2025-08-06 14:15:31.999928
2025-08-06,23597,2025080601019359,GBIME,ABC Securities Private Limited,Dipshikha Dhitopatra Karobar Co. Pvt Ltd.,1,251.8,251.8,2025-08-06 14:16:17.751583
2025-08-06,23386,2025080601019411,GBIME,Nepal Stock House (PVT) Ltd.,Vision Securities Pvt. Ltd,30,256.8,7704.0,2025-08-06 14:16:54.776040
2025-08-06,23385,2025080601019412,GBIME,Nepal Stock House (PVT) Ltd.,Online Securities Pvt. Ltd.,8468,256.9,2175429.2,2025-08-06 14:16:54.776395
2025-08-06,23384,2025080601019413,GBIME,Nepal Stock House (PVT) Ltd.,Property Wiard Limited,1000,256.9,256900.0,2025-08-06 14:16:54.776602
2025-08-06,23383,2025080601019414,GBIME,Nepal Stock House (PVT) Ltd.,Imperial Securities Company Pvt. Ltd.,21,257.0,5397.0,2025-08-06 14:16:54.776827
2025-08-06,23382,2025080601019415,GBIME,Nepal Stock House (PVT) Ltd.,Sani Securities Company Ltd.,1000,257.0,257000.0,2025-08-06 14:16:54.777017
2025-08-06,23381,2025080601019416,GBIME,Nepal Stock House (PVT) Ltd.,Imperial Securities Company Pvt. Ltd.,54,257.0,13878.0,2025-08-06 14:16:54.777247
2025-08-06,23380,2025080601019417,GBIME,Nepal Stock House (PVT) Ltd.,J.F. Securites (PVT) Ltd.,36,257.0,9252.0,2025-08-06 14:16:54.777407
2025-08-06,23379,2025080601019418,GBIME,Nepal Stock House (PVT) Ltd.,Cristal Kanchanjanga Securites Pvt. Ltd.,400,257.0,102800.0,2025-08-06 14:16:54.777569
2025-08-06,23378,2025080601019419,GBIME,Nepal Stock House (PVT) Ltd.,Vision Securities Pvt. Ltd,55,257.0,14135.0,2025-08-06 14:16:54.777725
2025-08-06,23377,2025080601019420,GBIME,Nepal Stock House (PVT) Ltd.,Dipshikha Dhitopatra Karobar Co. Pvt Ltd.,50,257.0,12850.0,2025-08-06 14:16:54.777889
2025-08-06,23376,2025080601019421,GBIME,Nepal Stock House (PVT) Ltd.,Himalayan Brokerage Company Limited,61,257.0,15677.0,2025-08-06 14:16:54.778057
2025-08-06,23375,2025080601019422,GBIME,Nepal Stock House (PVT) Ltd.,Naasa Securities Co. Ltd.,14,257.0,3598.0,2025-08-06 14:16:54.778213
2025-08-06,23374,2025080601019423,GBIME,Nepal Stock House (PVT) Ltd.,Naasa Securities Co. Ltd.,233,257.0,59881.0,2025-08-06 14:16:54.778366
2025-08-06,23373,2025080601019424,GBIME,Nepal Stock House (PVT) Ltd.,South Asian Bulls Pvt. Ltd.,215,257.0,55255.0,2025-08-06 14:16:54.778524
2025-08-06,23372,2025080601019425,GBIME,Nepal Stock House (PVT) Ltd.,Aryatara Investment & Securities,115,257.0,29555.0,2025-08-06 14:16:54.778682
2025-08-06,23371,2025080601019426,GBIME,Nepal Stock House (PVT) Ltd.,Shree Krishna Securities Ltd.,8248,257.0,2119736.0,2025-08-06 14:16:54.778840
2025-08-06,23369,2025080601019427,GBIME,Linch Stock Market Ltd.,Dipshikha Dhitopatra Karobar Co. Pvt Ltd.,19,256.0,4864.0,2025-08-06 14:16:55.154562
2025-08-06,23181,2025080601019484,GBIME,Machhapuchchhre Securities Limited,Shree Krishna Securities Ltd.,10,257.0,2570.0,2025-08-06 14:17:39.336418
2025-08-06,22745,2025080601019600,GBIME,Sundhara Securities Limited,Premier Securities Company Ltd.,90,256.8,23112.0,2025-08-06 14:19:21.208082
2025-08-06,22744,2025080601019601,GBIME,Sundhara Securities Limited,Shree Krishna Securities Ltd.,275,257.0,70675.0,2025-08-06 14:19:21.208826
2025-08-06,22515,2025080601019638,GBIME,Linch Stock Market Ltd.,Vision Securities Pvt. Ltd,200,256.0,51200.0,2025-08-06 14:20:16.462774
2025-08-06,22308,2025080601019682,GBIME,Linch Stock Market Ltd.,Midas Stock Broking Company Private Limited,110,256.0,28160.0,2025-08-06 14:20:53.090757
2025-08-06,22063,2025080601019756,GBIME,Linch Stock Market Ltd.,Asian Securities Private Ltd.,100,256.0,25600.0,2025-08-06 14:21:36.293444
2025-08-06,21939,2025080601019785,GBIME,Machhapuchchhre Securities Limited,ABC Securities Private Limited,10,256.9,2569.0,2025-08-06 14:21:50.960261
2025-08-06,21595,2025080601019865,GBIME,Linch Stock Market Ltd.,South Asian Bulls Pvt. Ltd.,22,256.0,5632.0,2025-08-06 14:23:00.640839
2025-08-06,21132,2025080601019943,GBIME,ABC Securities Private Limited,Vision Securities Pvt. Ltd,1,251.0,251.0,2025-08-06 14:24:15.940217
2025-08-06,20959,2025080601019989,GBIME,Linch Stock Market Ltd.,BHOLE GANESH SECURITIES LTD,49,256.0,12544.0,2025-08-06 14:24:33.992916
2025-08-06,20958,2025080601019990,GBIME,KALASH STOCK MARKET PVT. LTD.,BHOLE GANESH SECURITIES LTD,451,256.0,115456.0,2025-08-06 14:24:33.993306
2025-08-06,20766,2025080601020045,GBIME,KALASH STOCK MARKET PVT. LTD.,Linch Stock Market Ltd.,100,256.0,25600.0,2025-08-06 14:25:06.558357
2025-08-06,20749,2025080601020048,GBIME,KALASH STOCK MARKET PVT. LTD.,Oxford Securities Pvt. Ltd.,449,256.0,114944.0,2025-08-06 14:25:07.888075
2025-08-06,20748,2025080601020049,GBIME,Vision Securities Pvt. Ltd,Oxford Securities Pvt. Ltd.,50,256.0,12800.0,2025-08-06 14:25:07.888474
2025-08-06,20668,2025080601020060,GBIME,Machhapuchchhre Securities Limited,Malla & Malla Stock Broking Company Pvt. Limited,10,256.8,2568.0,2025-08-06 14:25:20.519615
2025-08-06,19658,2025080601020259,GBIME,ABC Securities Private Limited,Aryatara Investment & Securities,1,252.0,252.0,2025-08-06 14:28:14.511689
2025-08-06,19298,2025080601020330,GBIME,Online Securities Pvt. Ltd.,Online Securities Pvt. Ltd.,20,256.0,5120.0,2025-08-06 14:29:09.200827
2025-08-06,18590,2025080601020474,GBIME,Siprabi Securities Pvt. Ltd.,Imperial Securities Company Pvt. Ltd.,200,255.4,51080.0,2025-08-06 14:31:18.287989
2025-08-06,18589,2025080601020475,GBIME,ABC Securities Private Limited,Imperial Securities Company Pvt. Ltd.,324,255.3,82717.2,2025-08-06 14:31:18.288789
2025-08-06,18588,2025080601020476,GBIME,ABC Securities Private Limited,Imperial Securities Company Pvt. Ltd.,476,255.3,121522.8,2025-08-06 14:31:18.289370
2025-08-06,18277,2025080601020543,GBIME,ABC Securities Private Limited,Naasa Securities Co. Ltd.,1,250.2,250.2,2025-08-06 14:32:19.072562
2025-08-06,18276,2025080601020544,GBIME,ABC Securities Private Limited,Neev Securities Pvt. Ltd.,24,255.3,6127.2,2025-08-06 14:32:19.404462
2025-08-06,18275,2025080601020545,GBIME,Naasa Securities Co. Ltd.,Neev Securities Pvt. Ltd.,976,255.2,249075.2,2025-08-06 14:32:19.404843
2025-08-06,18139,2025080601020566,GBIME,Machhapuchchhre Securities Limited,Online Securities Pvt. Ltd.,10,256.0,2560.0,2025-08-06 14:32:42.719565
2025-08-06,18098,2025080601020571,GBIME,Naasa Securities Co. Ltd.,Asian Securities Private Ltd.,1000,255.2,255200.0,2025-08-06 14:32:48.037845
2025-08-06,17979,2025080601020593,GBIME,Machhapuchchhre Securities Limited,Online Securities Pvt. Ltd.,10,256.0,2560.0,2025-08-06 14:33:10.824088
2025-08-06,17245,2025080601020730,GBIME,Naasa Securities Co. Ltd.,Online Securities Pvt. Ltd.,945,255.2,241164.0,2025-08-06 14:35:12.963263
2025-08-06,16778,2025080601020823,GBIME,Kohinoor Investment & Securities Pvt. Ltd.,Sri Hari Securities Pvt. Ltd.,7,258.5,1809.5,2025-08-06 14:36:19.072613
2025-08-06,16655,2025080601020850,GBIME,ABC Securities Private Limited,Online Securities Pvt. Ltd.,1,250.1,250.1,2025-08-06 14:36:39.834241
2025-08-06,16599,2025080601020861,GBIME,ABC Securities Private Limited,Sri Hari Securities Pvt. Ltd.,1,251.9,251.9,2025-08-06 14:36:46.472800
2025-08-06,16549,2025080601020878,GBIME,Naasa Securities Co. Ltd.,Ashutosh Brokerage & Securities (PVT) Ltd.,16,255.2,4083.2,2025-08-06 14:36:51.395849
2025-08-06,16534,2025080601020881,GBIME,Naasa Securities Co. Ltd.,Sewa Securities Pvt. Ltd.,350,255.2,89320.0,2025-08-06 14:36:53.455831
2025-08-06,16339,2025080601020929,GBIME,Naasa Securities Co. Ltd.,Dynamic Money Managers Securities Pvt. Ltd.,1020,255.2,260304.0,2025-08-06 14:37:27.996979
2025-08-06,15987,2025080601020986,GBIME,ABC Securities Private Limited,Premier Securities Company Ltd.,1,250.3,250.3,2025-08-06 14:38:19.031172
2025-08-06,15722,2025080601021014,GBIME,Imperial Securities Company Pvt. Ltd.,Aryatara Investment & Securities,130,255.5,33215.0,2025-08-06 14:38:52.206452
2025-08-06,15661,2025080601021022,GBIME,Deevyaa Securities & Stock House Pvt. Ltd,Trishakti Securities Public Limited,1000,255.3,255300.0,2025-08-06 14:39:00.633519
2025-08-06,15660,2025080601021023,GBIME,Naasa Securities Co. Ltd.,Trishakti Securities Public Limited,693,255.2,176853.6,2025-08-06 14:39:00.633957
2025-08-06,15659,2025080601021024,GBIME,Sani Securities Company Ltd.,Trishakti Securities Public Limited,100,255.1,25510.0,2025-08-06 14:39:00.634153
2025-08-06,15658,2025080601021025,GBIME,Siprabi Securities Pvt. Ltd.,Trishakti Securities Public Limited,100,255.1,25510.0,2025-08-06 14:39:00.634330
2025-08-06,15657,2025080601021026,GBIME,Miyo Securities Pvt Ltd,Trishakti Securities Public Limited,29,255.0,7395.0,2025-08-06 14:39:00.634505
2025-08-06,15656,2025080601021027,GBIME,Oxford Securities Pvt. Ltd.,Trishakti Securities Public Limited,20,255.0,5100.0,2025-08-06 14:39:00.634680
2025-08-06,15655,2025080601021028,GBIME,Kumari Securities Private Limited,Trishakti Securities Public Limited,50,255.0,12750.0,2025-08-06 14:39:00.634851
2025-08-06,15654,2025080601021029,GBIME,Opal Securities Investment (PVT) Ltd.,Trishakti Securities Public Limited,1000,255.0,255000.0,2025-08-06 14:39:00.635036
2025-08-06,15653,2025080601021030,GBIME,Sewa Securities Pvt. Ltd.,Trishakti Securities Public Limited,100,255.0,25500.0,2025-08-06 14:39:00.635207
2025-08-06,15652,2025080601021031,GBIME,Midas Stock Broking Company Private Limited,Trishakti Securities Public Limited,400,255.0,102000.0,2025-08-06 14:39:00.635375
2025-08-06,15651,2025080601021032,GBIME,South Asian Bulls Pvt. Ltd.,Trishakti Securities Public Limited,100,255.0,25500.0,2025-08-06 14:39:00.635633
2025-08-06,15650,2025080601021033,GBIME,Nepal Stock House (PVT) Ltd.,Trishakti Securities Public Limited,325,255.0,82875.0,2025-08-06 14:39:00.635827
2025-08-06,15649,2025080601021034,GBIME,Sani Securities Company Ltd.,Trishakti Securities Public Limited,30,255.0,7650.0,2025-08-06 14:39:00.636010
2025-08-06,15648,2025080601021035,GBIME,Bhrikuti Stock Broking Co. Pvt. Ltd.,Trishakti Securities Public Limited,200,255.0,51000.0,2025-08-06 14:39:00.636210
2025-08-06,15647,2025080601021036,GBIME,Kumari Securities Private Limited,Trishakti Securities Public Limited,200,255.0,51000.0,2025-08-06 14:39:00.636398
2025-08-06,15646,2025080601021037,GBIME,Sumeru Securities Pvt. Ltd.,Trishakti Securities Public Limited,700,255.0,178500.0,2025-08-06 14:39:00.636580
2025-08-06,15645,2025080601021038,GBIME,Pragyan Securities (PVT) Ltd.,Trishakti Securities Public Limited,953,255.0,243015.0,2025-08-06 14:39:00.636750
2025-08-06,14696,2025080601021211,GBIME,Pragyan Securities (PVT) Ltd.,Vision Securities Pvt. Ltd,47,255.0,11985.0,2025-08-06 14:40:45.172144
2025-08-06,14695,2025080601021212,GBIME,Imperial Securities Company Pvt. Ltd.,Vision Securities Pvt. Ltd,10,255.0,2550.0,2025-08-06 14:40:45.172180
2025-08-06,14694,2025080601021213,GBIME,Sani Securities Company Ltd.,Vision Securities Pvt. Ltd,100,255.0,25500.0,2025-08-06 14:40:45.172202
2025-08-06,14693,2025080601021214,GBIME,Dakshinkali Investment & Securities Pvt. Ltd.,Vision Securities Pvt. Ltd,20,255.0,5100.0,2025-08-06 14:40:45.172222
2025-08-06,14692,2025080601021215,GBIME,Sri Hari Securities Pvt. Ltd.,Vision Securities Pvt. Ltd,50,255.0,12750.0,2025-08-06 14:40:45.172243
2025-08-06,14691,2025080601021216,GBIME,Malla & Malla Stock Broking Company Pvt. Limited,Vision Securities Pvt. Ltd,100,254.3,25430.0,2025-08-06 14:40:45.172282
2025-08-06,14690,2025080601021217,GBIME,Thrive Brokerage House Pvt. Ltd,Vision Securities Pvt. Ltd,2000,254.2,508400.0,2025-08-06 14:40:45.172317
2025-08-06,14689,2025080601021218,GBIME,Kohinoor Investment & Securities Pvt. Ltd.,Vision Securities Pvt. Ltd,60,254.2,15252.0,2025-08-06 14:40:45.172348
2025-08-06,14688,2025080601021219,GBIME,Aryatara Investment & Securities,Vision Securities Pvt. Ltd,50,254.1,12705.0,2025-08-06 14:40:45.172378
2025-08-06,14687,2025080601021220,GBIME,ABC Securities Private Limited,Vision Securities Pvt. Ltd,563,254.1,143058.3,2025-08-06 14:40:45.172406
2025-08-06,14652,2025080601021226,GBIME,ABC Securities Private Limited,Aryatara Investment & Securities,50,255.5,12775.0,2025-08-06 14:40:47.607612
2025-08-06,14464,2025080601021255,GBIME,Sri Hari Securities Pvt. Ltd.,Kohinoor Investment & Securities Pvt. Ltd.,100,255.0,25500.0,2025-08-06 14:41:07.616242
2025-08-06,14323,2025080601021274,GBIME,ABC Securities Private Limited,Vision Securities Pvt. Ltd,1,250.0,250.0,2025-08-06 14:41:19.005596
2025-08-06,14054,2025080601021308,GBIME,Aryatara Investment & Securities,Sani Securities Company Ltd.,100,255.0,25500.0,2025-08-06 14:41:46.036786
2025-08-06,14040,2025080601021313,GBIME,Trishakti Securities Public Limited,Sani Securities Company Ltd.,11,255.0,2805.0,2025-08-06 14:41:47.960278
2025-08-06,14039,2025080601021314,GBIME,Trishakti Securities Public Limited,Aryatara Investment & Securities,20,255.5,5110.0,2025-08-06 14:41:47.960965
2025-08-06,14038,2025080601021315,GBIME,Trishakti Securities Public Limited,Online Securities Pvt. Ltd.,10,256.0,2560.0,2025-08-06 14:41:47.961503
2025-08-06,14037,2025080601021316,GBIME,Trishakti Securities Public Limited,Midas Stock Broking Company Private Limited,59,256.0,15104.0,2025-08-06 14:41:47.962002
2025-08-06,13817,2025080601021385,GBIME,Asian Securities Private Ltd.,Midas Stock Broking Company Private Limited,10,256.0,2560.0,2025-08-06 14:42:09.074112
2025-08-06,13517,2025080601021421,GBIME,ABC Securities Private Limited,Miyo Securities Pvt Ltd,1,251.0,251.0,2025-08-06 14:42:43.983607
2025-08-06,11655,2025080601021739,GBIME,Naasa Securities Co. Ltd.,J.F. Securites (PVT) Ltd.,9,251.0,2259.0,2025-08-06 14:46:19.055487
2025-08-06,11369,2025080601021774,GBIME,Sani Securities Company Ltd.,SHUBHAKAMANA SECURITIES PVT. LTD,30,254.9,7647.0,2025-08-06 14:46:51.700388
2025-08-06,11235,2025080601021789,GBIME,Pragyan Securities (PVT) Ltd.,SHUBHAKAMANA SECURITIES PVT. LTD,470,254.9,119803.0,2025-08-06 14:47:05.854806
2025-08-06,11032,2025080601021824,GBIME,Pragyan Securities (PVT) Ltd.,J.F. Securites (PVT) Ltd.,16,254.9,4078.4,2025-08-06 14:47:23.891715
2025-08-06,10970,2025080601021829,GBIME,Pragyan Securities (PVT) Ltd.,Nepal Stock House (PVT) Ltd.,14,254.9,3568.6,2025-08-06 14:47:32.683812
2025-08-06,10856,2025080601021847,GBIME,Naasa Securities Co. Ltd.,APPLE SECURITIES PRIVATE LIMITED,40,254.3,10172.0,2025-08-06 14:47:44.992612
2025-08-06,10855,2025080601021848,GBIME,Oxford Securities Pvt. Ltd.,APPLE SECURITIES PRIVATE LIMITED,100,254.2,25420.0,2025-08-06 14:47:44.992972
2025-08-06,10854,2025080601021849,GBIME,Nepal Stock House (PVT) Ltd.,APPLE SECURITIES PRIVATE LIMITED,500,254.2,127100.0,2025-08-06 14:47:44.993189
2025-08-06,10853,2025080601021850,GBIME,ABC Securities Private Limited,APPLE SECURITIES PRIVATE LIMITED,360,254.1,91476.0,2025-08-06 14:47:44.993369
2025-08-06,10572,2025080601021905,GBIME,ABC Securities Private Limited,Neev Securities Pvt. Ltd.,1,252.2,252.2,2025-08-06 14:48:10.364569
2025-08-06,10209,2025080601021969,GBIME,Kohinoor Investment & Securities Pvt. Ltd.,Nepal Stock House (PVT) Ltd.,336,254.9,85646.4,2025-08-06 14:48:45.727592
2025-08-06,10208,2025080601021970,GBIME,Kohinoor Investment & Securities Pvt. Ltd.,Cristal Kanchanjanga Securites Pvt. Ltd.,540,255.0,137700.0,2025-08-06 14:48:45.727983
2025-08-06,10031,2025080601021986,GBIME,Kohinoor Investment & Securities Pvt. Ltd.,Nepal Stock House (PVT) Ltd.,124,255.0,31620.0,2025-08-06 14:48:56.348488
2025-08-06,9874,2025080601022063,GBIME,Kalika Securities Pvt. Ltd.,Nepal Stock House (PVT) Ltd.,20,255.0,5100.0,2025-08-06 14:49:08.442227
2025-08-06,9522,2025080601022139,GBIME,Vision Securities Pvt. Ltd,Kumari Securities Private Limited,15,254.3,3814.5,2025-08-06 14:49:31.455599
2025-08-06,9315,2025080601022174,GBIME,Vision Securities Pvt. Ltd,Thrive Brokerage House Pvt. Ltd,485,254.3,123335.5,2025-08-06 14:49:49.791001
2025-08-06,9314,2025080601022175,GBIME,Nepal Stock House (PVT) Ltd.,Thrive Brokerage House Pvt. Ltd,15,254.2,3813.0,2025-08-06 14:49:49.791362
2025-08-06,9113,2025080601022213,GBIME,Naasa Securities Co. Ltd.,Nepal Stock House (PVT) Ltd.,10,255.0,2550.0,2025-08-06 14:50:05.321744
2025-08-06,8729,2025080601022278,GBIME,Sundhara Securities Limited,Trisul Securities & Invt. Ltd.,20,254.3,5086.0,2025-08-06 14:50:38.020490
2025-08-06,8097,2025080601022388,GBIME,Sundhara Securities Limited,Nepal Stock House (PVT) Ltd.,80,254.3,20344.0,2025-08-06 14:51:32.046331
2025-08-06,8033,2025080601022397,GBIME,Nepal Stock House (PVT) Ltd.,Naasa Securities Co. Ltd.,100,254.2,25420.0,2025-08-06 14:51:38.075630
2025-08-06,8011,2025080601022403,GBIME,Nepal Stock House (PVT) Ltd.,Thrive Brokerage House Pvt. Ltd,100,254.2,25420.0,2025-08-06 14:51:41.441213
2025-08-06,7704,2025080601022457,GBIME,Online Securities Pvt. Ltd.,Vision Securities Pvt. Ltd,1,250.0,250.0,2025-08-06 14:52:06.631855
2025-08-06,7176,2025080601022527,GBIME,Nepal Stock House (PVT) Ltd.,Online Securities Pvt. Ltd.,100,254.2,25420.0,2025-08-06 14:52:59.114521
2025-08-06,7050,2025080601022551,GBIME,Sani Securities Company Ltd.,Nepal Stock House (PVT) Ltd.,120,254.3,30516.0,2025-08-06 14:53:11.001880
2025-08-06,6912,2025080601022568,GBIME,Sani Securities Company Ltd.,Malla & Malla Stock Broking Company Pvt. Limited,100,254.3,25430.0,2025-08-06 14:53:22.614456
2025-08-06,6181,2025080601022713,GBIME,Bhrikuti Stock Broking Co. Pvt. Ltd.,Nepal Stock House (PVT) Ltd.,50,254.4,12720.0,2025-08-06 14:54:29.803535
2025-08-06,6061,2025080601022745,GBIME,Sani Securities Company Ltd.,Thrive Brokerage House Pvt. Ltd,80,254.3,20344.0,2025-08-06 14:54:40.555067
2025-08-06,5994,2025080601022751,GBIME,Sundhara Securities Limited,Thrive Brokerage House Pvt. Ltd,20,254.3,5086.0,2025-08-06 14:54:46.945298
2025-08-06,5708,2025080601022786,GBIME,Pragyan Securities (PVT) Ltd.,Nepal Stock House (PVT) Ltd.,96,254.4,24422.4,2025-08-06 14:55:08.867520
2025-08-06,5474,2025080601022818,GBIME,Vision Securities Pvt. Ltd,Online Securities Pvt. Ltd.,50,254.8,12740.0,2025-08-06 14:55:24.829392
2025-08-06,5473,2025080601022819,GBIME,Vision Securities Pvt. Ltd,Agrawal Securities (PVT) Ltd.,21,254.9,5352.9,2025-08-06 14:55:24.829758
2025-08-06,5472,2025080601022820,GBIME,Vision Securities Pvt. Ltd,Nepal Stock House (PVT) Ltd.,200,254.9,50980.0,2025-08-06 14:55:24.829929
2025-08-06,5471,2025080601022821,GBIME,Vision Securities Pvt. Ltd,Aryatara Investment & Securities,350,255.0,89250.0,2025-08-06 14:55:24.830112
2025-08-06,4806,2025080601022944,GBIME,Online Securities Pvt. Ltd.,Aryatara Investment & Securities,50,255.5,12775.0,2025-08-06 14:56:07.202971
2025-08-06,4804,2025080601022945,GBIME,Vision Securities Pvt. Ltd,Sani Securities Company Ltd.,100,255.0,25500.0,2025-08-06 14:56:07.481132
2025-08-06,4732,2025080601022960,GBIME,Vision Securities Pvt. Ltd,Siprabi Securities Pvt. Ltd.,100,255.0,25500.0,2025-08-06 14:56:14.431326
2025-08-06,4622,2025080601022999,GBIME,Vision Securities Pvt. Ltd,Sweta Securities Private Limited,100,255.0,25500.0,2025-08-06 14:56:23.490001
2025-08-06,4592,2025080601023003,GBIME,Vision Securities Pvt. Ltd,Online Securities Pvt. Ltd.,79,255.0,20145.0,2025-08-06 14:56:27.537369
2025-08-06,4591,2025080601023004,GBIME,Pragyan Securities (PVT) Ltd.,Online Securities Pvt. Ltd.,71,254.4,18062.4,2025-08-06 14:56:27.537750
2025-08-06,4528,2025080601023012,GBIME,ABC Securities Private Limited,Oxford Securities Pvt. Ltd.,9,251.9,2267.1,2025-08-06 14:56:30.765273
2025-08-06,4065,2025080601023115,GBIME,Nepal Stock House (PVT) Ltd.,Sani Securities Company Ltd.,40,255.0,10200.0,2025-08-06 14:57:06.957088
2025-08-06,4064,2025080601023116,GBIME,Bhrikuti Stock Broking Co. Pvt. Ltd.,Sani Securities Company Ltd.,100,255.0,25500.0,2025-08-06 14:57:06.957496
2025-08-06,4063,2025080601023117,GBIME,Bhrikuti Stock Broking Co. Pvt. Ltd.,Sani Securities Company Ltd.,1000,254.5,254500.0,2025-08-06 14:57:06.957669
2025-08-06,4062,2025080601023118,GBIME,Pragyan Securities (PVT) Ltd.,Sani Securities Company Ltd.,333,254.4,84715.2,2025-08-06 14:57:06.957835
2025-08-06,4061,2025080601023119,GBIME,Sani Securities Company Ltd.,Sani Securities Company Ltd.,70,254.4,17808.0,2025-08-06 14:57:06.958000
2025-08-06,4060,2025080601023120,GBIME,Aryatara Investment & Securities,Sani Securities Company Ltd.,2000,254.4,508800.0,2025-08-06 14:57:06.958183
2025-08-06,4059,2025080601023121,GBIME,Sundhara Securities Limited,Sani Securities Company Ltd.,80,254.3,20344.0,2025-08-06 14:57:06.958349
2025-08-06,4058,2025080601023122,GBIME,Nepal Stock House (PVT) Ltd.,Sani Securities Company Ltd.,185,254.2,47027.0,2025-08-06 14:57:06.958511
2025-08-06,4057,2025080601023123,GBIME,Kalika Securities Pvt. Ltd.,Sani Securities Company Ltd.,30,254.2,7626.0,2025-08-06 14:57:06.958674
2025-08-06,4056,2025080601023124,GBIME,Nepal Stock House (PVT) Ltd.,Sani Securities Company Ltd.,500,254.2,127100.0,2025-08-06 14:57:06.958838
2025-08-06,4055,2025080601023125,GBIME,ABC Securities Private Limited,Sani Securities Company Ltd.,1077,254.1,273665.7,2025-08-06 14:57:06.959001
2025-08-06,4054,2025080601023126,GBIME,Malla & Malla Stock Broking Company Pvt. Limited,Sani Securities Company Ltd.,100,254.0,25400.0,2025-08-06 14:57:06.959171
2025-08-06,4053,2025080601023127,GBIME,Sundhara Securities Limited,Sani Securities Company Ltd.,200,254.0,50800.0,2025-08-06 14:57:06.959335
2025-08-06,4052,2025080601023128,GBIME,Online Securities Pvt. Ltd.,Sani Securities Company Ltd.,100,254.0,25400.0,2025-08-06 14:57:06.959496
2025-08-06,4051,2025080601023129,GBIME,Naasa Securities Co. Ltd.,Sani Securities Company Ltd.,300,254.0,76200.0,2025-08-06 14:57:06.959660
2025-08-06,4050,2025080601023130,GBIME,Siprabi Securities Pvt. Ltd.,Sani Securities Company Ltd.,100,254.0,25400.0,2025-08-06 14:57:06.959830
2025-08-06,4049,2025080601023131,GBIME,Naasa Securities Co. Ltd.,Sani Securities Company Ltd.,52,254.0,13208.0,2025-08-06 14:57:06.960033
2025-08-06,4048,2025080601023132,GBIME,Neev Securities Pvt. Ltd.,Sani Securities Company Ltd.,60,254.0,15240.0,2025-08-06 14:57:06.960198
2025-08-06,4047,2025080601023133,GBIME,Pragyan Securities (PVT) Ltd.,Sani Securities Company Ltd.,500,254.0,127000.0,2025-08-06 14:57:06.960360
2025-08-06,4046,2025080601023134,GBIME,Nepal Stock House (PVT) Ltd.,Sani Securities Company Ltd.,50,254.0,12700.0,2025-08-06 14:57:06.960523
2025-08-06,4045,2025080601023135,GBIME,J.F. Securites (PVT) Ltd.,Sani Securities Company Ltd.,30,254.0,7620.0,2025-08-06 14:57:06.960689
2025-08-06,4044,2025080601023136,GBIME,Trishakti Securities Public Limited,Sani Securities Company Ltd.,400,254.0,101600.0,2025-08-06 14:57:06.960849
2025-08-06,4043,2025080601023137,GBIME,Kalika Securities Pvt. Ltd.,Sani Securities Company Ltd.,1000,254.0,254000.0,2025-08-06 14:57:06.961008
2025-08-06,4042,2025080601023138,GBIME,Dipshikha Dhitopatra Karobar Co. Pvt Ltd.,Sani Securities Company Ltd.,60,254.0,15240.0,2025-08-06 14:57:06.961172
2025-08-06,4041,2025080601023139,GBIME,Naasa Securities Co. Ltd.,Sani Securities Company Ltd.,100,254.0,25400.0,2025-08-06 14:57:06.961339
2025-08-06,3841,2025080601023170,GBIME,Bhrikuti Stock Broking Co. Pvt. Ltd.,Sani Securities Company Ltd.,80,254.0,20320.0,2025-08-06 14:57:16.742973
2025-08-06,3255,2025080601023256,GBIME,Trishakti Securities Public Limited,Sani Securities Company Ltd.,10,254.0,2540.0,2025-08-06 14:57:55.186015
2025-08-06,3254,2025080601023257,GBIME,Trishakti Securities Public Limited,ABC Securities Private Limited,10,254.0,2540.0,2025-08-06 14:57:55.186761
2025-08-06,3184,2025080601023267,GBIME,Naasa Securities Co. Ltd.,ABC Securities Private Limited,25,254.0,6350.0,2025-08-06 14:57:59.202452
2025-08-06,3181,2025080601023269,GBIME,Bhrikuti Stock Broking Co. Pvt. Ltd.,Opal Securities Investment (PVT) Ltd.,4,250.0,1000.0,2025-08-06 14:57:59.349724
2025-08-06,2845,2025080601023332,GBIME,Aryatara Investment & Securities,Naasa Securities Co. Ltd.,57,253.2,14432.4,2025-08-06 14:58:17.338168
2025-08-06,2833,2025080601023334,GBIME,Naasa Securities Co. Ltd.,ABC Securities Private Limited,10,254.0,2540.0,2025-08-06 14:58:18.055021
2025-08-06,2767,2025080601023337,GBIME,Naasa Securities Co. Ltd.,Secured Securities Ltd.,10,255.0,2550.0,2025-08-06 14:58:21.216442
2025-08-06,2757,2025080601023338,GBIME,Pragyan Securities (PVT) Ltd.,Sani Securities Company Ltd.,500,254.0,127000.0,2025-08-06 14:58:21.823093
2025-08-06,2756,2025080601023339,GBIME,Aryatara Investment & Securities,Sani Securities Company Ltd.,43,253.2,10887.6,2025-08-06 14:58:21.823818
2025-08-06,2755,2025080601023340,GBIME,Nepal Stock House (PVT) Ltd.,Sani Securities Company Ltd.,300,253.2,75960.0,2025-08-06 14:58:21.824358
2025-08-06,2754,2025080601023341,GBIME,Asian Securities Private Ltd.,Sani Securities Company Ltd.,150,253.2,37980.0,2025-08-06 14:58:21.824847
2025-08-06,2753,2025080601023342,GBIME,Vision Securities Pvt. Ltd,Sani Securities Company Ltd.,1800,253.2,455760.0,2025-08-06 14:58:21.825331
2025-08-06,2752,2025080601023343,GBIME,ABC Securities Private Limited,Sani Securities Company Ltd.,2000,253.1,506200.0,2025-08-06 14:58:21.825797
2025-08-06,2751,2025080601023344,GBIME,ABC Securities Private Limited,Sani Securities Company Ltd.,50,253.1,12655.0,2025-08-06 14:58:21.826300
2025-08-06,2750,2025080601023345,GBIME,Sundhara Securities Limited,Sani Securities Company Ltd.,100,253.1,25310.0,2025-08-06 14:58:21.826768
2025-08-06,2749,2025080601023346,GBIME,Sagarmatha Securities Private Limited,Sani Securities Company Ltd.,200,253.1,50620.0,2025-08-06 14:58:21.827269
2025-08-06,2748,2025080601023347,GBIME,Oxford Securities Pvt. Ltd.,Sani Securities Company Ltd.,200,253.1,50620.0,2025-08-06 14:58:21.827755
2025-08-06,2747,2025080601023348,GBIME,Sri Hari Securities Pvt. Ltd.,Sani Securities Company Ltd.,553,253.0,139909.0,2025-08-06 14:58:21.828249
2025-08-06,2746,2025080601023349,GBIME,Siprabi Securities Pvt. Ltd.,Sani Securities Company Ltd.,10,253.0,2530.0,2025-08-06 14:58:21.828716
2025-08-06,2745,2025080601023350,GBIME,Sani Securities Company Ltd.,Sani Securities Company Ltd.,300,253.0,75900.0,2025-08-06 14:58:21.829217
2025-08-06,2744,2025080601023351,GBIME,Indira securities pvt. ltd,Sani Securities Company Ltd.,50,253.0,12650.0,2025-08-06 14:58:21.829724
2025-08-06,2743,2025080601023352,GBIME,Malla & Malla Stock Broking Company Pvt. Limited,Sani Securities Company Ltd.,100,253.0,25300.0,2025-08-06 14:58:21.830220
2025-08-06,2742,2025080601023353,GBIME,Kohinoor Investment & Securities Pvt. Ltd.,Sani Securities Company Ltd.,25,253.0,6325.0,2025-08-06 14:58:21.830694
2025-08-06,2741,2025080601023354,GBIME,Kohinoor Investment & Securities Pvt. Ltd.,Sani Securities Company Ltd.,12,253.0,3036.0,2025-08-06 14:58:21.831178
2025-08-06,2740,2025080601023355,GBIME,Nepal Stock House (PVT) Ltd.,Sani Securities Company Ltd.,1000,253.0,253000.0,2025-08-06 14:58:21.831645
2025-08-06,2739,2025080601023356,GBIME,Shree Krishna Securities Ltd.,Sani Securities Company Ltd.,250,253.0,63250.0,2025-08-06 14:58:21.832134
2025-08-06,2738,2025080601023357,GBIME,Sweta Securities Private Limited,Sani Securities Company Ltd.,500,253.0,126500.0,2025-08-06 14:58:21.832602
2025-08-06,2737,2025080601023358,GBIME,Premier Securities Company Ltd.,Sani Securities Company Ltd.,200,253.0,50600.0,2025-08-06 14:58:21.833097
2025-08-06,2736,2025080601023359,GBIME,Naasa Securities Co. Ltd.,Sani Securities Company Ltd.,100,253.0,25300.0,2025-08-06 14:58:21.833563
2025-08-06,2735,2025080601023360,GBIME,Sri Hari Securities Pvt. Ltd.,Sani Securities Company Ltd.,395,253.0,99935.0,2025-08-06 14:58:21.833959
2025-08-06,2734,2025080601023361,GBIME,Shree Krishna Securities Ltd.,Sani Securities Company Ltd.,200,253.0,50600.0,2025-08-06 14:58:21.834123
2025-08-06,2733,2025080601023362,GBIME,Secured Securities Ltd.,Sani Securities Company Ltd.,91,253.0,23023.0,2025-08-06 14:58:21.834298
2025-08-06,2732,2025080601023363,GBIME,Shree Krishna Securities Ltd.,Sani Securities Company Ltd.,1000,252.7,252700.0,2025-08-06 14:58:21.834450
2025-08-06,2731,2025080601023364,GBIME,Shree Krishna Securities Ltd.,Sani Securities Company Ltd.,1000,252.6,252600.0,2025-08-06 14:58:21.834605
2025-08-06,2730,2025080601023365,GBIME,Bhrikuti Stock Broking Co. Pvt. Ltd.,Sani Securities Company Ltd.,500,252.5,126250.0,2025-08-06 14:58:21.834760
2025-08-06,2729,2025080601023366,GBIME,Shree Krishna Securities Ltd.,Sani Securities Company Ltd.,1000,252.5,252500.0,2025-08-06 14:58:21.834913
2025-08-06,2728,2025080601023367,GBIME,Secured Securities Ltd.,Sani Securities Company Ltd.,240,252.4,60576.0,2025-08-06 14:58:21.835080
2025-08-06,2727,2025080601023368,GBIME,Shree Krishna Securities Ltd.,Sani Securities Company Ltd.,1000,252.4,252400.0,2025-08-06 14:58:21.835231
2025-08-06,2726,2025080601023369,GBIME,Nepal Stock House (PVT) Ltd.,Sani Securities Company Ltd.,400,252.3,100920.0,2025-08-06 14:58:21.835405
2025-08-06,2725,2025080601023370,GBIME,Shree Krishna Securities Ltd.,Sani Securities Company Ltd.,1000,252.3,252300.0,2025-08-06 14:58:21.835562
2025-08-06,2724,2025080601023371,GBIME,Shree Krishna Securities Ltd.,Sani Securities Company Ltd.,1000,252.2,252200.0,2025-08-06 14:58:21.835715
2025-08-06,2723,2025080601023372,GBIME,Shree Krishna Securities Ltd.,Sani Securities Company Ltd.,1000,252.1,252100.0,2025-08-06 14:58:21.835877
2025-08-06,2722,2025080601023373,GBIME,ABC Securities Private Limited,Sani Securities Company Ltd.,2000,252.0,504000.0,2025-08-06 14:58:21.836037
2025-08-06,2721,2025080601023374,GBIME,Malla & Malla Stock Broking Company Pvt. Limited,Sani Securities Company Ltd.,100,252.0,25200.0,2025-08-06 14:58:21.836211
2025-08-06,2720,2025080601023375,GBIME,Primo Securities (PVT) Ltd.,Sani Securities Company Ltd.,50,252.0,12600.0,2025-08-06 14:58:21.836362
2025-08-06,2719,2025080601023376,GBIME,Malla & Malla Stock Broking Company Pvt. Limited,Sani Securities Company Ltd.,100,252.0,25200.0,2025-08-06 14:58:21.836523
2025-08-06,2718,2025080601023377,GBIME,Siprabi Securities Pvt. Ltd.,Sani Securities Company Ltd.,100,252.0,25200.0,2025-08-06 14:58:21.836672
2025-08-06,2717,2025080601023378,GBIME,South Asian Bulls Pvt. Ltd.,Sani Securities Company Ltd.,381,252.0,96012.0,2025-08-06 14:58:21.836824
2025-08-06,2628,2025080601023384,GBIME,Naasa Securities Co. Ltd.,Secured Securities Ltd.,10,255.0,2550.0,2025-08-06 14:58:27.667778
2025-08-06,2406,2025080601023411,GBIME,ABC Securities Private Limited,Secured Securities Ltd.,480,255.0,122400.0,2025-08-06 14:58:38.014789
2025-08-06,2405,2025080601023412,GBIME,ABC Securities Private Limited,Sri Hari Securities Pvt. Ltd.,11,255.0,2805.0,2025-08-06 14:58:38.015185
2025-08-06,2404,2025080601023413,GBIME,ABC Securities Private Limited,Himalayan Brokerage Company Limited,800,255.1,204080.0,2025-08-06 14:58:38.015340
2025-08-06,2403,2025080601023414,GBIME,ABC Securities Private Limited,Aryatara Investment & Securities,964,255.2,246012.8,2025-08-06 14:58:38.015487
2025-08-06,2402,2025080601023415,GBIME,ABC Securities Private Limited,Aryatara Investment & Securities,50,255.5,12775.0,2025-08-06 14:58:38.015636
2025-08-06,2401,2025080601023416,GBIME,ABC Securities Private Limited,Midas Stock Broking Company Private Limited,231,256.0,59136.0,2025-08-06 14:58:38.015784
2025-08-06,2400,2025080601023417,GBIME,ABC Securities Private Limited,KALASH STOCK MARKET PVT. LTD.,130,256.0,33280.0,2025-08-06 14:58:38.015931
2025-08-06,2399,2025080601023418,GBIME,ABC Securities Private Limited,Agrawal Securities (PVT) Ltd.,56,256.0,14336.0,2025-08-06 14:58:38.016080
2025-08-06,2398,2025080601023419,GBIME,ABC Securities Private Limited,South Asian Bulls Pvt. Ltd.,200,256.0,51200.0,2025-08-06 14:58:38.016225
2025-08-06,2397,2025080601023420,GBIME,ABC Securities Private Limited,Linch Stock Market Ltd.,20,256.0,5120.0,2025-08-06 14:58:38.016372
2025-08-06,2396,2025080601023421,GBIME,ABC Securities Private Limited,Naasa Securities Co. Ltd.,15,256.0,3840.0,2025-08-06 14:58:38.016516
2025-08-06,2395,2025080601023422,GBIME,ABC Securities Private Limited,Investment Management Nepal Pvt. Ltd.,60,256.0,15360.0,2025-08-06 14:58:38.016664
2025-08-06,2394,2025080601023423,GBIME,ABC Securities Private Limited,Online Securities Pvt. Ltd.,100,256.0,25600.0,2025-08-06 14:58:38.016813
2025-08-06,2393,2025080601023424,GBIME,ABC Securities Private Limited,Premier Securities Company Ltd.,90,256.0,23040.0,2025-08-06 14:58:38.016958
2025-08-06,2392,2025080601023425,GBIME,ABC Securities Private Limited,Sani Securities Company Ltd.,150,256.0,38400.0,2025-08-06 14:58:38.017108
2025-08-06,2391,2025080601023426,GBIME,ABC Securities Private Limited,Himalayan Securities Limited,15,256.0,3840.0,2025-08-06 14:58:38.017250
2025-08-06,2390,2025080601023427,GBIME,ABC Securities Private Limited,Nepal Stock House (PVT) Ltd.,1000,256.0,256000.0,2025-08-06 14:58:38.017394
2025-08-06,2379,2025080601023431,GBIME,ABC Securities Private Limited,Sani Securities Company Ltd.,5628,256.0,1440768.0,2025-08-06 14:58:38.456992
2025-08-06,1925,2025080601023495,GBIME,ABC Securities Private Limited,Sani Securities Company Ltd.,14372,255.0,3664860.0,2025-08-06 14:59:00.263287
2025-08-06,1924,2025080601023496,GBIME,ABC Securities Private Limited,Imperial Securities Company Pvt. Ltd.,50,255.5,12775.0,2025-08-06 14:59:00.263602
2025-08-06,1851,2025080601023500,GBIME,ABC Securities Private Limited,Malla & Malla Stock Broking Company Pvt. Limited,390,256.0,99840.0,2025-08-06 14:59:03.325565
2025-08-06,1318,2025080601023600,GBIME,Dipshikha Dhitopatra Karobar Co. Pvt Ltd.,Online Securities Pvt. Ltd.,50,256.8,12840.0,2025-08-06 14:59:22.772728
2025-08-06,1317,2025080601023601,GBIME,Dipshikha Dhitopatra Karobar Co. Pvt Ltd.,ABC Securities Private Limited,150,256.9,38535.0,2025-08-06 14:59:22.773069
2025-08-06,868,2025080601023677,GBIME,ABC Securities Private Limited,Neev Securities Pvt. Ltd.,200,256.0,51200.0,2025-08-06 14:59:36.584120
2025-08-06,734,2025080601023709,GBIME,ABC Securities Private Limited,Online Securities Pvt. Ltd.,200,256.0,51200.0,2025-08-06 14:59:41.021099
2025-08-06,401,2025080601023745,GBIME,ABC Securities Private Limited,Online Securities Pvt. Ltd.,50,256.0,12800.0,2025-08-06 14:59:51.408829
2025-08-06,361,2025080601023756,GBIME,ABC Securities Private Limited,Secured Securities Ltd.,722,256.0,184832.0,2025-08-06 14:59:52.581926
2025-08-06,313,2025080601023773,GBIME,Premier Securities Company Ltd.,Sajilo Broker Limited,60,256.4,15384.0,2025-08-06 14:59:54.334400
2025-08-06,68,2025080601023809,GBIME,Dipshikha Dhitopatra Karobar Co. Pvt Ltd.,Sajilo Broker Limited,440,256.4,112816.0,2025-08-06 14:59:58.402918
2025-08-06,67,2025080601023810,GBIME,Dipshikha Dhitopatra Karobar Co. Pvt Ltd.,Sewa Securities Pvt. Ltd.,60,256.5,15390.0,2025-08-06 14:59:58.403260
