Date,S.N.,contract_id,symbol,buyer_broker,seller_broker,volume,price,amount,transaction_time
2025-08-06,90465,2025080601000881,HBL,Asian Securities Private Ltd.,Vision Securities Pvt. Ltd,10,232.0,2320.0,2025-08-06 11:07:58.417118
2025-08-06,89676,2025080601001176,HBL,Sri Hari Securities Pvt. Ltd.,Agrawal Securities (PVT) Ltd.,10,230.0,2300.0,2025-08-06 11:09:49.495842
2025-08-06,89124,2025080601001389,HBL,Trishakti Securities Public Limited,Agrawal Securities (PVT) Ltd.,50,230.0,11500.0,2025-08-06 11:11:07.852811
2025-08-06,88521,2025080601001582,HBL,Dipshikha Dhitopatra Karobar Co. Pvt Ltd.,Agrawal Securities (PVT) Ltd.,24,230.0,5520.0,2025-08-06 11:12:21.299160
2025-08-06,87496,2025080601002007,HBL,Nepal Stock House (PVT) Ltd.,Agrawal Securities (PVT) Ltd.,300,230.0,69000.0,2025-08-06 11:14:50.509117
2025-08-06,87451,2025080601002027,HBL,Naasa Securities Co. Ltd.,Agrawal Securities (PVT) Ltd.,280,230.0,64400.0,2025-08-06 11:14:56.192540
2025-08-06,86495,2025080601002323,HBL,Vision Securities Pvt. Ltd,Agrawal Securities (PVT) Ltd.,38,230.0,8740.0,2025-08-06 11:17:19.395462
2025-08-06,85974,2025080601002436,HBL,Naasa Securities Co. Ltd.,Naasa Securities Co. Ltd.,18,229.8,4136.4,2025-08-06 11:18:36.509533
2025-08-06,85973,2025080601002437,HBL,Naasa Securities Co. Ltd.,Agrawal Securities (PVT) Ltd.,182,230.0,41860.0,2025-08-06 11:18:36.509646
2025-08-06,85609,2025080601002542,HBL,Nepal Stock House (PVT) Ltd.,Agrawal Securities (PVT) Ltd.,11000,230.0,2530000.0,2025-08-06 11:19:37.000559
2025-08-06,85470,2025080601002573,HBL,Property Wiard Limited,Agrawal Securities (PVT) Ltd.,100,230.0,23000.0,2025-08-06 11:20:03.635434
2025-08-06,85376,2025080601002594,HBL,Naasa Securities Co. Ltd.,Agrawal Securities (PVT) Ltd.,16,230.0,3680.0,2025-08-06 11:20:15.929922
2025-08-06,85375,2025080601002595,HBL,Naasa Securities Co. Ltd.,Miyo Securities Pvt Ltd,17,230.0,3910.0,2025-08-06 11:20:15.930100
2025-08-06,84851,2025080601002740,HBL,Deevyaa Securities & Stock House Pvt. Ltd,Miyo Securities Pvt Ltd,83,230.0,19090.0,2025-08-06 11:21:53.077385
2025-08-06,84850,2025080601002741,HBL,Deevyaa Securities & Stock House Pvt. Ltd,Investment Management Nepal Pvt. Ltd.,59,230.0,13570.0,2025-08-06 11:21:53.077482
2025-08-06,83102,2025080601003345,HBL,Oxford Securities Pvt. Ltd.,Sweta Securities Private Limited,50,231.0,11550.0,2025-08-06 11:26:51.812063
2025-08-06,82665,2025080601003475,HBL,Thrive Brokerage House Pvt. Ltd,Kohinoor Investment & Securities Pvt. Ltd.,10,230.0,2300.0,2025-08-06 11:27:47.144489
2025-08-06,82664,2025080601003476,HBL,Online Securities Pvt. Ltd.,Kohinoor Investment & Securities Pvt. Ltd.,16,230.0,3680.0,2025-08-06 11:27:47.144605
2025-08-06,81198,2025080601003853,HBL,Thrive Brokerage House Pvt. Ltd,Primo Securities (PVT) Ltd.,15,230.0,3450.0,2025-08-06 11:31:28.113590
2025-08-06,81197,2025080601003854,HBL,Creative Securities Pvt Ltd,Primo Securities (PVT) Ltd.,10,230.0,2300.0,2025-08-06 11:31:28.113734
2025-08-06,80253,2025080601004098,HBL,Capital Max Securities Ltd,Sweta Securities Private Limited,20,230.0,4600.0,2025-08-06 11:33:50.668690
2025-08-06,77658,2025080601004849,HBL,Malla & Malla Stock Broking Company Pvt. Limited,Property Wiard Limited,100,229.9,22990.0,2025-08-06 11:41:14.255228
2025-08-06,77417,2025080601004899,HBL,Online Securities Pvt. Ltd.,Agrawal Securities (PVT) Ltd.,50,229.5,11475.0,2025-08-06 11:42:06.777162
2025-08-06,77236,2025080601004944,HBL,Malla & Malla Stock Broking Company Pvt. Limited,Trishakti Securities Public Limited,20,229.3,4586.0,2025-08-06 11:42:42.306628
2025-08-06,77124,2025080601004968,HBL,Malla & Malla Stock Broking Company Pvt. Limited,Bhrikuti Stock Broking Co. Pvt. Ltd.,20,229.3,4586.0,2025-08-06 11:43:04.316668
2025-08-06,77061,2025080601004985,HBL,Naasa Securities Co. Ltd.,Sweta Securities Private Limited,10,230.0,2300.0,2025-08-06 11:43:20.825753
2025-08-06,76834,2025080601005040,HBL,Malla & Malla Stock Broking Company Pvt. Limited,Agrawal Securities (PVT) Ltd.,20,229.3,4586.0,2025-08-06 11:44:09.196750
2025-08-06,76714,2025080601005072,HBL,Malla & Malla Stock Broking Company Pvt. Limited,Linch Stock Market Ltd.,40,229.3,9172.0,2025-08-06 11:44:38.327875
2025-08-06,76713,2025080601005073,HBL,Online Securities Pvt. Ltd.,Linch Stock Market Ltd.,200,229.2,45840.0,2025-08-06 11:44:38.328123
2025-08-06,76712,2025080601005074,HBL,Oxford Securities Pvt. Ltd.,Linch Stock Market Ltd.,50,229.0,11450.0,2025-08-06 11:44:38.328266
2025-08-06,76711,2025080601005075,HBL,Nepal Investment And Securities Trading Private Limited,Linch Stock Market Ltd.,300,229.0,68700.0,2025-08-06 11:44:38.328397
2025-08-06,76710,2025080601005076,HBL,Malla & Malla Stock Broking Company Pvt. Limited,Linch Stock Market Ltd.,110,229.0,25190.0,2025-08-06 11:44:38.328524
2025-08-06,76679,2025080601005082,HBL,Malla & Malla Stock Broking Company Pvt. Limited,Primo Securities (PVT) Ltd.,30,229.0,6870.0,2025-08-06 11:44:44.144234
2025-08-06,76476,2025080601005189,HBL,Malla & Malla Stock Broking Company Pvt. Limited,Kohinoor Investment & Securities Pvt. Ltd.,258,229.0,59082.0,2025-08-06 11:45:14.127785
2025-08-06,75649,2025080601005422,HBL,Malla & Malla Stock Broking Company Pvt. Limited,Sani Securities Company Ltd.,500,229.0,114500.0,2025-08-06 11:47:28.844796
2025-08-06,73204,2025080601006030,HBL,Sani Securities Company Ltd.,Sweta Securities Private Limited,10,230.0,2300.0,2025-08-06 11:54:18.837107
2025-08-06,72584,2025080601006200,HBL,Cristal Kanchanjanga Securites Pvt. Ltd.,Sweta Securities Private Limited,56,230.0,12880.0,2025-08-06 11:55:35.536951
2025-08-06,72477,2025080601006270,HBL,Sundhara Securities Limited,Naasa Securities Co. Ltd.,30,230.0,6900.0,2025-08-06 11:55:44.694825
2025-08-06,72476,2025080601006271,HBL,Sundhara Securities Limited,Sweta Securities Private Limited,30,230.0,6900.0,2025-08-06 11:55:44.694981
2025-08-06,72236,2025080601006393,HBL,Aryatara Investment & Securities,Sweta Securities Private Limited,300,230.0,69000.0,2025-08-06 11:56:13.020688
2025-08-06,71727,2025080601006681,HBL,Aryatara Investment & Securities,Sweta Securities Private Limited,300,230.0,69000.0,2025-08-06 11:56:54.655539
2025-08-06,71070,2025080601007001,HBL,Aryatara Investment & Securities,Sweta Securities Private Limited,300,230.0,69000.0,2025-08-06 11:58:11.624960
2025-08-06,70520,2025080601007259,HBL,Sundhara Securities Limited,Sweta Securities Private Limited,40,230.0,9200.0,2025-08-06 11:59:12.860123
2025-08-06,70277,2025080601007377,HBL,J.F. Securites (PVT) Ltd.,Bhrikuti Stock Broking Co. Pvt. Ltd.,10,229.8,2298.0,2025-08-06 11:59:39.302413
2025-08-06,70276,2025080601007378,HBL,Malla & Malla Stock Broking Company Pvt. Limited,Bhrikuti Stock Broking Co. Pvt. Ltd.,102,229.0,23358.0,2025-08-06 11:59:39.302507
2025-08-06,70275,2025080601007379,HBL,Capital Max Securities Ltd,Bhrikuti Stock Broking Co. Pvt. Ltd.,30,229.0,6870.0,2025-08-06 11:59:39.302570
2025-08-06,69823,2025080601007476,HBL,Aryatara Investment & Securities,Sweta Securities Private Limited,133,230.0,30590.0,2025-08-06 12:00:40.432443
2025-08-06,69822,2025080601007477,HBL,Aryatara Investment & Securities,Aryatara Investment & Securities,167,230.0,38410.0,2025-08-06 12:00:40.432590
2025-08-06,68934,2025080601007778,HBL,Capital Max Securities Ltd,Aryatara Investment & Securities,700,230.0,161000.0,2025-08-06 12:02:56.764459
2025-08-06,68610,2025080601007875,HBL,Naasa Securities Co. Ltd.,Aryatara Investment & Securities,20,230.0,4600.0,2025-08-06 12:03:46.185988
2025-08-06,66607,2025080601008399,HBL,Linch Stock Market Ltd.,Aryatara Investment & Securities,26,230.0,5980.0,2025-08-06 12:10:03.314426
2025-08-06,65523,2025080601008733,HBL,Naasa Securities Co. Ltd.,Premier Securities Company Ltd.,40,229.0,9160.0,2025-08-06 12:13:47.229227
2025-08-06,65451,2025080601008756,HBL,Sewa Securities Pvt. Ltd.,Trisul Securities & Invt. Ltd.,12,228.5,2742.0,2025-08-06 12:14:06.946441
2025-08-06,64018,2025080601009024,HBL,Sewa Securities Pvt. Ltd.,Machhapuchchhre Securities Limited,488,228.5,111508.0,2025-08-06 12:18:24.827961
2025-08-06,64017,2025080601009025,HBL,Naasa Securities Co. Ltd.,Machhapuchchhre Securities Limited,10,228.5,2285.0,2025-08-06 12:18:24.828020
2025-08-06,64016,2025080601009026,HBL,Trishakti Securities Public Limited,Machhapuchchhre Securities Limited,306,228.3,69859.8,2025-08-06 12:18:24.828056
2025-08-06,64015,2025080601009027,HBL,Shree Krishna Securities Ltd.,Machhapuchchhre Securities Limited,196,228.2,44727.2,2025-08-06 12:18:24.828082
2025-08-06,62588,2025080601009347,HBL,Sani Securities Company Ltd.,Sumeru Securities Pvt. Ltd.,300,229.0,68700.0,2025-08-06 12:23:24.545675
2025-08-06,62587,2025080601009348,HBL,Malla & Malla Stock Broking Company Pvt. Limited,Sumeru Securities Pvt. Ltd.,60,228.5,13710.0,2025-08-06 12:23:24.545948
2025-08-06,62586,2025080601009349,HBL,Shree Krishna Securities Ltd.,Sumeru Securities Pvt. Ltd.,640,228.2,146048.0,2025-08-06 12:23:24.546129
2025-08-06,62349,2025080601009432,HBL,Machhapuchchhre Securities Limited,Aryatara Investment & Securities,10,230.0,2300.0,2025-08-06 12:24:11.757962
2025-08-06,62188,2025080601009493,HBL,J.F. Securites (PVT) Ltd.,Aryatara Investment & Securities,10,230.0,2300.0,2025-08-06 12:24:50.039345
2025-08-06,59617,2025080601010225,HBL,Premier Securities Company Ltd.,Aryatara Investment & Securities,15,230.0,3450.0,2025-08-06 12:33:36.249421
2025-08-06,59528,2025080601010264,HBL,Premier Securities Company Ltd.,Aryatara Investment & Securities,15,230.0,3450.0,2025-08-06 12:33:55.354250
2025-08-06,57227,2025080601010805,HBL,Aryatara Investment & Securities,Sani Securities Company Ltd.,5,225.4,1127.0,2025-08-06 12:42:29.676285
2025-08-06,57219,2025080601010808,HBL,Trishakti Securities Public Limited,Aryatara Investment & Securities,37,230.0,8510.0,2025-08-06 12:42:31.593444
2025-08-06,57218,2025080601010809,HBL,Trishakti Securities Public Limited,Vision Securities Pvt. Ltd,25,230.0,5750.0,2025-08-06 12:42:31.593716
2025-08-06,57217,2025080601010810,HBL,Trishakti Securities Public Limited,Naasa Securities Co. Ltd.,10,230.0,2300.0,2025-08-06 12:42:31.593896
2025-08-06,57216,2025080601010811,HBL,Trishakti Securities Public Limited,Nepal Stock House (PVT) Ltd.,107,230.0,24610.0,2025-08-06 12:42:31.594083
2025-08-06,57215,2025080601010812,HBL,Trishakti Securities Public Limited,Malla & Malla Stock Broking Company Pvt. Limited,72,230.0,16560.0,2025-08-06 12:42:31.594256
2025-08-06,57214,2025080601010813,HBL,Trishakti Securities Public Limited,Trishakti Securities Public Limited,148,230.0,34040.0,2025-08-06 12:42:31.594417
2025-08-06,56141,2025080601011167,HBL,Siprabi Securities Pvt. Ltd.,Sweta Securities Private Limited,4,230.0,920.0,2025-08-06 12:45:43.723206
2025-08-06,55597,2025080601011382,HBL,Sri Hari Securities Pvt. Ltd.,Trishakti Securities Public Limited,852,230.0,195960.0,2025-08-06 12:47:14.609722
2025-08-06,55596,2025080601011383,HBL,Sri Hari Securities Pvt. Ltd.,Imperial Securities Company Pvt. Ltd.,98,230.0,22540.0,2025-08-06 12:47:14.609986
2025-08-06,55595,2025080601011384,HBL,Sri Hari Securities Pvt. Ltd.,Aryatara Investment & Securities,70,230.0,16100.0,2025-08-06 12:47:14.610180
2025-08-06,55594,2025080601011385,HBL,Sri Hari Securities Pvt. Ltd.,Imperial Securities Company Pvt. Ltd.,118,230.0,27140.0,2025-08-06 12:47:14.610342
2025-08-06,55593,2025080601011386,HBL,Sri Hari Securities Pvt. Ltd.,KALASH STOCK MARKET PVT. LTD.,862,230.0,198260.0,2025-08-06 12:47:14.610500
2025-08-06,55534,2025080601011402,HBL,Naasa Securities Co. Ltd.,KALASH STOCK MARKET PVT. LTD.,40,230.0,9200.0,2025-08-06 12:47:30.016104
2025-08-06,53731,2025080601012050,HBL,Secured Securities Ltd.,KALASH STOCK MARKET PVT. LTD.,59,230.0,13570.0,2025-08-06 12:52:49.101332
2025-08-06,53730,2025080601012051,HBL,Secured Securities Ltd.,Nepal Stock House (PVT) Ltd.,100,230.0,23000.0,2025-08-06 12:52:49.101473
2025-08-06,53729,2025080601012052,HBL,Secured Securities Ltd.,Blue Chip Securities Ltd,200,230.0,46000.0,2025-08-06 12:52:49.101531
2025-08-06,53590,2025080601012077,HBL,Secured Securities Ltd.,Naasa Securities Co. Ltd.,10,231.0,2310.0,2025-08-06 12:53:18.574281
2025-08-06,52118,2025080601012453,HBL,Machhapuchchhre Securities Limited,Malla & Malla Stock Broking Company Pvt. Limited,10,231.7,2317.0,2025-08-06 12:57:20.679741
2025-08-06,51922,2025080601012496,HBL,Naasa Securities Co. Ltd.,Sweta Securities Private Limited,10,231.8,2318.0,2025-08-06 12:57:51.255219
2025-08-06,51212,2025080601012843,HBL,Sani Securities Company Ltd.,Siprabi Securities Pvt. Ltd.,3,230.0,690.0,2025-08-06 12:59:11.604592
2025-08-06,50136,2025080601013322,HBL,Online Securities Pvt. Ltd.,Aryatara Investment & Securities,6,230.0,1380.0,2025-08-06 13:01:47.202291
2025-08-06,49376,2025080601013538,HBL,Imperial Securities Company Pvt. Ltd.,Trishakti Securities Public Limited,30,231.0,6930.0,2025-08-06 13:03:40.606345
2025-08-06,49375,2025080601013539,HBL,Naasa Securities Co. Ltd.,Trishakti Securities Public Limited,20,230.0,4600.0,2025-08-06 13:03:40.606511
2025-08-06,49374,2025080601013540,HBL,Sweta Securities Private Limited,Trishakti Securities Public Limited,90,230.0,20700.0,2025-08-06 13:03:40.606582
2025-08-06,49373,2025080601013541,HBL,Sani Securities Company Ltd.,Trishakti Securities Public Limited,10,230.0,2300.0,2025-08-06 13:03:40.606663
2025-08-06,49010,2025080601013692,HBL,Sundhara Securities Limited,Naasa Securities Co. Ltd.,50,231.0,11550.0,2025-08-06 13:04:31.798673
2025-08-06,48744,2025080601013799,HBL,Naasa Securities Co. Ltd.,Naasa Securities Co. Ltd.,130,231.0,30030.0,2025-08-06 13:05:14.877010
2025-08-06,47112,2025080601014276,HBL,Investment Management Nepal Pvt. Ltd.,Trishakti Securities Public Limited,70,230.9,16163.0,2025-08-06 13:09:31.567274
2025-08-06,46554,2025080601014408,HBL,Sharepro Securities Private Limited,Trishakti Securities Public Limited,10,231.0,2310.0,2025-08-06 13:11:03.299041
2025-08-06,44278,2025080601014900,HBL,Naasa Securities Co. Ltd.,Trishakti Securities Public Limited,100,231.0,23100.0,2025-08-06 13:16:50.465881
2025-08-06,43619,2025080601015091,HBL,Sri Hari Securities Pvt. Ltd.,Trishakti Securities Public Limited,390,231.0,90090.0,2025-08-06 13:18:34.124818
2025-08-06,43618,2025080601015092,HBL,Sri Hari Securities Pvt. Ltd.,Aryatara Investment & Securities,100,231.0,23100.0,2025-08-06 13:18:34.125003
2025-08-06,43617,2025080601015093,HBL,Sri Hari Securities Pvt. Ltd.,Naasa Securities Co. Ltd.,820,231.0,189420.0,2025-08-06 13:18:34.125088
2025-08-06,43616,2025080601015094,HBL,Sri Hari Securities Pvt. Ltd.,Elite Stock House Limited,90,231.0,20790.0,2025-08-06 13:18:34.125145
2025-08-06,39887,2025080601016040,HBL,Aryatara Investment & Securities,Opal Securities Investment (PVT) Ltd.,23,229.0,5267.0,2025-08-06 13:30:00.193119
2025-08-06,39225,2025080601016188,HBL,Machhapuchchhre Securities Limited,Midas Stock Broking Company Private Limited,10,230.9,2309.0,2025-08-06 13:31:49.821311
2025-08-06,38731,2025080601016291,HBL,Aryatara Investment & Securities,Linch Stock Market Ltd.,20,229.0,4580.0,2025-08-06 13:33:19.920698
2025-08-06,38636,2025080601016305,HBL,Machhapuchchhre Securities Limited,Midas Stock Broking Company Private Limited,10,230.9,2309.0,2025-08-06 13:33:38.087800
2025-08-06,37739,2025080601016464,HBL,Imperial Securities Company Pvt. Ltd.,Midas Stock Broking Company Private Limited,30,230.9,6927.0,2025-08-06 13:36:02.814382
2025-08-06,37521,2025080601016517,HBL,Naasa Securities Co. Ltd.,Sweta Securities Private Limited,28,230.9,6465.2,2025-08-06 13:36:41.456971
2025-08-06,36740,2025080601016671,HBL,Naasa Securities Co. Ltd.,Agrawal Securities (PVT) Ltd.,10,230.0,2300.0,2025-08-06 13:38:59.021467
2025-08-06,36739,2025080601016672,HBL,Naasa Securities Co. Ltd.,Arun Securities (PVT) Ltd.,10,230.0,2300.0,2025-08-06 13:38:59.021767
2025-08-06,35996,2025080601016826,HBL,Aryatara Investment & Securities,Arun Securities (PVT) Ltd.,57,229.0,13053.0,2025-08-06 13:40:49.700895
2025-08-06,35995,2025080601016827,HBL,Naasa Securities Co. Ltd.,Arun Securities (PVT) Ltd.,30,229.0,6870.0,2025-08-06 13:40:49.701059
2025-08-06,34731,2025080601017095,HBL,Naasa Securities Co. Ltd.,J.F. Securites (PVT) Ltd.,12,230.0,2760.0,2025-08-06 13:44:24.943876
2025-08-06,32975,2025080601017451,HBL,Sumeru Securities Pvt. Ltd.,Hatemalo Financial Services Private Limited,1,226.0,226.0,2025-08-06 13:49:06.967630
2025-08-06,32259,2025080601017577,HBL,Naasa Securities Co. Ltd.,Primo Securities (PVT) Ltd.,11,229.2,2521.2,2025-08-06 13:51:02.282477
2025-08-06,31994,2025080601017612,HBL,Machhapuchchhre Securities Limited,J.F. Securites (PVT) Ltd.,10,230.0,2300.0,2025-08-06 13:51:35.418542
2025-08-06,31943,2025080601017624,HBL,Siprabi Securities Pvt. Ltd.,Neev Securities Pvt. Ltd.,500,229.5,114750.0,2025-08-06 13:51:43.944679
2025-08-06,31483,2025080601017689,HBL,Machhapuchchhre Securities Limited,J.F. Securites (PVT) Ltd.,10,230.0,2300.0,2025-08-06 13:52:25.560068
2025-08-06,29371,2025080601018070,HBL,Naasa Securities Co. Ltd.,Secured Securities Ltd.,107,229.2,24524.4,2025-08-06 13:56:54.600561
2025-08-06,29370,2025080601018071,HBL,ABC Securities Private Limited,Secured Securities Ltd.,393,229.1,90036.3,2025-08-06 13:56:54.600748
2025-08-06,28906,2025080601018176,HBL,Machhapuchchhre Securities Limited,J.F. Securites (PVT) Ltd.,10,230.0,2300.0,2025-08-06 13:57:58.406032
2025-08-06,28880,2025080601018191,HBL,Sharepro Securities Private Limited,Miyo Securities Pvt Ltd,50,230.0,11500.0,2025-08-06 13:58:04.697207
2025-08-06,28866,2025080601018195,HBL,ABC Securities Private Limited,Thrive Brokerage House Pvt. Ltd,467,229.1,106989.7,2025-08-06 13:58:06.940754
2025-08-06,28865,2025080601018196,HBL,Sweta Securities Private Limited,Thrive Brokerage House Pvt. Ltd,140,229.0,32060.0,2025-08-06 13:58:06.940902
2025-08-06,28864,2025080601018197,HBL,Bhrikuti Stock Broking Co. Pvt. Ltd.,Thrive Brokerage House Pvt. Ltd,50,229.0,11450.0,2025-08-06 13:58:06.940969
2025-08-06,28863,2025080601018198,HBL,Sani Securities Company Ltd.,Thrive Brokerage House Pvt. Ltd,100,229.0,22900.0,2025-08-06 13:58:06.941041
2025-08-06,28862,2025080601018199,HBL,Sumeru Securities Pvt. Ltd.,Thrive Brokerage House Pvt. Ltd,50,229.0,11450.0,2025-08-06 13:58:06.941105
2025-08-06,28861,2025080601018200,HBL,Midas Stock Broking Company Private Limited,Thrive Brokerage House Pvt. Ltd,100,229.0,22900.0,2025-08-06 13:58:06.941165
2025-08-06,28766,2025080601018216,HBL,Secured Securities Ltd.,Thrive Brokerage House Pvt. Ltd,10,228.5,2285.0,2025-08-06 13:58:26.034903
2025-08-06,28765,2025080601018217,HBL,Kohinoor Investment & Securities Pvt. Ltd.,Thrive Brokerage House Pvt. Ltd,10,228.5,2285.0,2025-08-06 13:58:26.035078
2025-08-06,28764,2025080601018218,HBL,Sani Securities Company Ltd.,Thrive Brokerage House Pvt. Ltd,30,228.5,6855.0,2025-08-06 13:58:26.035149
2025-08-06,28763,2025080601018219,HBL,Hatemalo Financial Services Private Limited,Thrive Brokerage House Pvt. Ltd,10,228.4,2284.0,2025-08-06 13:58:26.035217
2025-08-06,28762,2025080601018220,HBL,South Asian Bulls Pvt. Ltd.,Thrive Brokerage House Pvt. Ltd,33,228.4,7537.2,2025-08-06 13:58:26.035287
2025-08-06,28200,2025080601018351,HBL,Opal Securities Investment (PVT) Ltd.,Cristal Kanchanjanga Securites Pvt. Ltd.,1000,228.5,228500.0,2025-08-06 14:00:15.548480
2025-08-06,27473,2025080601018512,HBL,Machhapuchchhre Securities Limited,Miyo Securities Pvt Ltd,10,230.0,2300.0,2025-08-06 14:02:44.122769
2025-08-06,26178,2025080601018833,HBL,Opal Securities Investment (PVT) Ltd.,Sundhara Securities Limited,41,228.5,9368.5,2025-08-06 14:07:15.069224
2025-08-06,26163,2025080601018836,HBL,Midas Stock Broking Company Private Limited,Sundhara Securities Limited,20,230.0,4600.0,2025-08-06 14:07:20.808334
2025-08-06,26162,2025080601018837,HBL,Midas Stock Broking Company Private Limited,Online Securities Pvt. Ltd.,80,230.0,18400.0,2025-08-06 14:07:20.808648
2025-08-06,23070,2025080601019518,HBL,Blue Chip Securities Ltd,South Asian Bulls Pvt. Ltd.,28,228.8,6406.4,2025-08-06 14:18:07.966582
2025-08-06,22941,2025080601019546,HBL,Sharepro Securities Private Limited,Capital Max Securities Ltd,10,229.5,2295.0,2025-08-06 14:18:36.037608
2025-08-06,22879,2025080601019563,HBL,Sri Hari Securities Pvt. Ltd.,Sweta Securities Private Limited,178,229.4,40833.2,2025-08-06 14:18:55.069001
2025-08-06,22878,2025080601019564,HBL,Sri Hari Securities Pvt. Ltd.,Capital Max Securities Ltd,30,229.5,6885.0,2025-08-06 14:18:55.069125
2025-08-06,22877,2025080601019565,HBL,Sri Hari Securities Pvt. Ltd.,Online Securities Pvt. Ltd.,12,230.0,2760.0,2025-08-06 14:18:55.069235
2025-08-06,22485,2025080601019645,HBL,Blue Chip Securities Ltd,Sani Securities Company Ltd.,29,228.8,6635.2,2025-08-06 14:20:22.714125
2025-08-06,22306,2025080601019684,HBL,Blue Chip Securities Ltd,Thrive Brokerage House Pvt. Ltd,135,228.8,30888.0,2025-08-06 14:20:53.257336
2025-08-06,21824,2025080601019813,HBL,Machhapuchchhre Securities Limited,Online Securities Pvt. Ltd.,10,230.0,2300.0,2025-08-06 14:22:15.023301
2025-08-06,20599,2025080601020075,HBL,Opal Securities Investment (PVT) Ltd.,Aryatara Investment & Securities,521,229.9,119777.9,2025-08-06 14:25:32.065278
2025-08-06,20598,2025080601020076,HBL,Opal Securities Investment (PVT) Ltd.,Online Securities Pvt. Ltd.,69,230.0,15870.0,2025-08-06 14:25:32.065474
2025-08-06,19559,2025080601020289,HBL,Online Securities Pvt. Ltd.,Online Securities Pvt. Ltd.,40,230.0,9200.0,2025-08-06 14:28:32.687033
2025-08-06,19125,2025080601020379,HBL,Online Securities Pvt. Ltd.,Thrive Brokerage House Pvt. Ltd,500,229.0,114500.0,2025-08-06 14:29:35.716976
2025-08-06,18616,2025080601020472,HBL,Online Securities Pvt. Ltd.,Thrive Brokerage House Pvt. Ltd,500,229.0,114500.0,2025-08-06 14:31:12.155676
2025-08-06,17898,2025080601020614,HBL,Machhapuchchhre Securities Limited,Online Securities Pvt. Ltd.,10,230.0,2300.0,2025-08-06 14:33:24.865733
2025-08-06,16579,2025080601020872,HBL,Online Securities Pvt. Ltd.,Sundhara Securities Limited,10,229.0,2290.0,2025-08-06 14:36:48.486145
2025-08-06,15970,2025080601020987,HBL,Machhapuchchhre Securities Limited,Sri Hari Securities Pvt. Ltd.,10,229.8,2298.0,2025-08-06 14:38:22.695605
2025-08-06,14750,2025080601021201,HBL,Online Securities Pvt. Ltd.,Sri Hari Securities Pvt. Ltd.,80,229.8,18384.0,2025-08-06 14:40:35.155690
2025-08-06,13411,2025080601021439,HBL,Naasa Securities Co. Ltd.,Trisul Securities & Invt. Ltd.,8,226.0,1808.0,2025-08-06 14:42:59.026426
2025-08-06,13145,2025080601021486,HBL,Online Securities Pvt. Ltd.,Trisul Securities & Invt. Ltd.,3,226.0,678.0,2025-08-06 14:43:38.482698
2025-08-06,12877,2025080601021525,HBL,Deevyaa Securities & Stock House Pvt. Ltd,Sri Hari Securities Pvt. Ltd.,15,229.8,3447.0,2025-08-06 14:44:17.489877
2025-08-06,12832,2025080601021532,HBL,Opal Securities Investment (PVT) Ltd.,Asian Securities Private Ltd.,2000,229.0,458000.0,2025-08-06 14:44:21.145121
2025-08-06,11500,2025080601021757,HBL,Kohinoor Investment & Securities Pvt. Ltd.,Online Securities Pvt. Ltd.,49,229.0,11221.0,2025-08-06 14:46:32.383847
2025-08-06,11036,2025080601021823,HBL,Kohinoor Investment & Securities Pvt. Ltd.,J.F. Securites (PVT) Ltd.,10,229.0,2290.0,2025-08-06 14:47:22.880571
2025-08-06,10553,2025080601021907,HBL,Kohinoor Investment & Securities Pvt. Ltd.,Vision Securities Pvt. Ltd,41,229.0,9389.0,2025-08-06 14:48:12.584459
2025-08-06,10552,2025080601021908,HBL,Blue Chip Securities Ltd,Vision Securities Pvt. Ltd,459,228.8,105019.2,2025-08-06 14:48:12.584628
2025-08-06,9086,2025080601022217,HBL,Blue Chip Securities Ltd,Sumeru Securities Pvt. Ltd.,42,228.8,9609.6,2025-08-06 14:50:07.857239
2025-08-06,8682,2025080601022290,HBL,Online Securities Pvt. Ltd.,Kohinoor Investment & Securities Pvt. Ltd.,2,228.0,456.0,2025-08-06 14:50:43.037071
2025-08-06,8661,2025080601022295,HBL,Blue Chip Securities Ltd,Midas Stock Broking Company Private Limited,10,228.8,2288.0,2025-08-06 14:50:45.849196
2025-08-06,8553,2025080601022331,HBL,Blue Chip Securities Ltd,Midas Stock Broking Company Private Limited,10,228.8,2288.0,2025-08-06 14:50:53.932615
2025-08-06,7537,2025080601022487,HBL,Investment Management Nepal Pvt. Ltd.,Sani Securities Company Ltd.,10,229.0,2290.0,2025-08-06 14:52:24.636647
2025-08-06,5243,2025080601022841,HBL,Sundhara Securities Limited,Sani Securities Company Ltd.,10,229.0,2290.0,2025-08-06 14:55:44.459989
2025-08-06,4829,2025080601022941,HBL,Aryatara Investment & Securities,Sani Securities Company Ltd.,50,229.0,11450.0,2025-08-06 14:56:05.255494
2025-08-06,2445,2025080601023404,HBL,South Asian Bulls Pvt. Ltd.,Sani Securities Company Ltd.,210,229.0,48090.0,2025-08-06 14:58:34.710044
2025-08-06,2444,2025080601023405,HBL,South Asian Bulls Pvt. Ltd.,Vision Securities Pvt. Ltd,199,229.0,45571.0,2025-08-06 14:58:34.710212
2025-08-06,2443,2025080601023406,HBL,South Asian Bulls Pvt. Ltd.,Dipshikha Dhitopatra Karobar Co. Pvt Ltd.,91,229.0,20839.0,2025-08-06 14:58:34.710278
2025-08-06,2425,2025080601023407,HBL,Vision Securities Pvt. Ltd,Dipshikha Dhitopatra Karobar Co. Pvt Ltd.,100,229.0,22900.0,2025-08-06 14:58:36.759400
2025-08-06,201,2025080601023793,HBL,Imperial Securities Company Pvt. Ltd.,Dipshikha Dhitopatra Karobar Co. Pvt Ltd.,30,229.0,6870.0,2025-08-06 14:59:56.568774
