Date,S.N.,Contract ID,Symbol,Buyer Broker,Seller Broker,volume,rate,amount,transaction_time
2025-08-06,91771,2025080603000195,KSBBL,Naasa Securities Co. Ltd.,SHUBHAKAMANA SECURITIES PVT. LTD,50,529.2,26460.0,2025-08-06 11:04:38.385679
2025-08-06,91770,2025080603000196,KSBBL,J.F. Securites (PVT) Ltd.,SHUBHAKAMANA SECURITIES PVT. LTD,50,529.1,26455.0,2025-08-06 11:04:38.385758
2025-08-06,91769,2025080603000197,KSBBL,Cristal Kanchanjanga Securites Pvt. Ltd.,SHUBHAKAMANA SECURITIES PVT. LTD,2000,529.1,1058200.0,2025-08-06 11:04:38.385793
2025-08-06,91768,2025080603000198,KSBBL,Asian Securities Private Ltd.,SHUBHAKAMANA SECURITIES PVT. LTD,400,529.0,211600.0,2025-08-06 11:04:38.385827
2025-08-06,91556,2025080603000227,KSBBL,Asian Securities Private Ltd.,Opal Securities Investment (PVT) Ltd.,400,529.0,211600.0,2025-08-06 11:05:12.084930
2025-08-06,91555,2025080603000228,KSBBL,Capital Max Securities Ltd,Opal Securities Investment (PVT) Ltd.,1000,528.2,528200.0,2025-08-06 11:05:12.085001
2025-08-06,91554,2025080603000229,KSBBL,Naasa Securities Co. Ltd.,Opal Securities Investment (PVT) Ltd.,50,528.1,26405.0,2025-08-06 11:05:12.085067
2025-08-06,91553,2025080603000230,KSBBL,Sharepro Securities Private Limited,Opal Securities Investment (PVT) Ltd.,450,528.1,237645.0,2025-08-06 11:05:12.085100
2025-08-06,91372,2025080603000268,KSBBL,Sharepro Securities Private Limited,Opal Securities Investment (PVT) Ltd.,95,528.1,50169.5,2025-08-06 11:05:41.297003
2025-08-06,91312,2025080603000279,KSBBL,Sharepro Securities Private Limited,Opal Securities Investment (PVT) Ltd.,500,528.1,264050.0,2025-08-06 11:05:51.562250
2025-08-06,91224,2025080603000287,KSBBL,Sharepro Securities Private Limited,Opal Securities Investment (PVT) Ltd.,400,528.1,211240.0,2025-08-06 11:06:00.679452
2025-08-06,89568,2025080603000481,KSBBL,Midas Stock Broking Company Private Limited,Linch Stock Market Ltd.,50,528.3,26415.0,2025-08-06 11:10:05.287624
2025-08-06,89383,2025080603000495,KSBBL,Dakshinkali Investment & Securities Pvt. Ltd.,Primo Securities (PVT) Ltd.,50,530.0,26500.0,2025-08-06 11:10:34.932953
2025-08-06,89087,2025080603000532,KSBBL,Dakshinkali Investment & Securities Pvt. Ltd.,Imperial Securities Company Pvt. Ltd.,20,529.0,10580.0,2025-08-06 11:11:14.585111
2025-08-06,89045,2025080603000536,KSBBL,Midas Stock Broking Company Private Limited,Bhrikuti Stock Broking Co. Pvt. Ltd.,50,528.3,26415.0,2025-08-06 11:11:18.917568
2025-08-06,88735,2025080603000567,KSBBL,Midas Stock Broking Company Private Limited,Aryatara Investment & Securities,30,528.4,15852.0,2025-08-06 11:11:51.923088
2025-08-06,88404,2025080603000623,KSBBL,Premier Securities Company Ltd.,Naasa Securities Co. Ltd.,10,530.0,5300.0,2025-08-06 11:12:39.113377
2025-08-06,88348,2025080603000636,KSBBL,Premier Securities Company Ltd.,Imperial Securities Company Pvt. Ltd.,11,530.0,5830.0,2025-08-06 11:12:47.824541
2025-08-06,88255,2025080603000659,KSBBL,Premier Securities Company Ltd.,Oxford Securities Pvt. Ltd.,29,530.0,15370.0,2025-08-06 11:12:58.319450
2025-08-06,88254,2025080603000660,KSBBL,Midas Stock Broking Company Private Limited,Oxford Securities Pvt. Ltd.,103,528.4,54425.2,2025-08-06 11:12:58.319657
2025-08-06,87163,2025080603000791,KSBBL,Swarna Laxmi Securities Pvt. Ltd.,Naasa Securities Co. Ltd.,200,530.0,106000.0,2025-08-06 11:15:35.869539
2025-08-06,87099,2025080603000801,KSBBL,Dakshinkali Investment & Securities Pvt. Ltd.,Imperial Securities Company Pvt. Ltd.,30,530.0,15900.0,2025-08-06 11:15:51.480458
2025-08-06,86225,2025080603000957,KSBBL,Naasa Securities Co. Ltd.,Imperial Securities Company Pvt. Ltd.,115,530.0,60950.0,2025-08-06 11:17:57.720588
2025-08-06,85744,2025080603001021,KSBBL,Asian Securities Private Ltd.,Imperial Securities Company Pvt. Ltd.,55,530.0,29150.0,2025-08-06 11:19:18.202459
2025-08-06,85576,2025080603001052,KSBBL,Kohinoor Investment & Securities Pvt. Ltd.,Primo Securities (PVT) Ltd.,57,532.0,30324.0,2025-08-06 11:19:42.181621
2025-08-06,85575,2025080603001053,KSBBL,Kohinoor Investment & Securities Pvt. Ltd.,Cristal Kanchanjanga Securites Pvt. Ltd.,243,532.0,129276.0,2025-08-06 11:19:42.181807
2025-08-06,85420,2025080603001084,KSBBL,Online Securities Pvt. Ltd.,Cristal Kanchanjanga Securites Pvt. Ltd.,250,532.0,133000.0,2025-08-06 11:20:09.475464
2025-08-06,85016,2025080603001143,KSBBL,Asian Securities Private Ltd.,Nepal Stock House (PVT) Ltd.,95,530.0,50350.0,2025-08-06 11:21:27.712593
2025-08-06,84834,2025080603001187,KSBBL,Aakashbhairab Securities Ltd.,Nepal Stock House (PVT) Ltd.,105,530.0,55650.0,2025-08-06 11:21:55.462508
2025-08-06,84196,2025080603001294,KSBBL,Midas Stock Broking Company Private Limited,Imperial Securities Company Pvt. Ltd.,100,530.0,53000.0,2025-08-06 11:23:47.486773
2025-08-06,83079,2025080603001452,KSBBL,Trisul Securities & Invt. Ltd.,K.B.L. Securities Limited ,60,530.1,31806.0,2025-08-06 11:26:55.446345
2025-08-06,83078,2025080603001453,KSBBL,Primo Securities (PVT) Ltd.,K.B.L. Securities Limited ,300,530.0,159000.0,2025-08-06 11:26:55.446543
2025-08-06,83077,2025080603001454,KSBBL,Shree Krishna Securities Ltd.,K.B.L. Securities Limited ,640,530.0,339200.0,2025-08-06 11:26:55.446671
2025-08-06,82856,2025080603001491,KSBBL,Shree Krishna Securities Ltd.,K.B.L. Securities Limited ,60,530.0,31800.0,2025-08-06 11:27:19.508289
2025-08-06,82265,2025080603001598,KSBBL,South Asian Bulls Pvt. Ltd.,Capital Max Securities Ltd,50,529.0,26450.0,2025-08-06 11:28:46.405081
2025-08-06,82264,2025080603001599,KSBBL,Sri Hari Securities Pvt. Ltd.,Capital Max Securities Ltd,60,529.0,31740.0,2025-08-06 11:28:46.405188
2025-08-06,82263,2025080603001600,KSBBL,Deevyaa Securities & Stock House Pvt. Ltd,Capital Max Securities Ltd,290,529.0,153410.0,2025-08-06 11:28:46.405234
2025-08-06,82232,2025080603001608,KSBBL,Deevyaa Securities & Stock House Pvt. Ltd,Neev Securities Pvt. Ltd.,210,529.0,111090.0,2025-08-06 11:28:51.069735
2025-08-06,82077,2025080603001632,KSBBL,Naasa Securities Co. Ltd.,Neev Securities Pvt. Ltd.,50,528.8,26440.0,2025-08-06 11:29:10.227399
2025-08-06,82076,2025080603001633,KSBBL,Cristal Kanchanjanga Securites Pvt. Ltd.,Neev Securities Pvt. Ltd.,240,528.8,126912.0,2025-08-06 11:29:10.227621
2025-08-06,80754,2025080603001873,KSBBL,Aakashbhairab Securities Ltd.,Kalika Securities Pvt. Ltd.,900,528.7,475830.0,2025-08-06 11:32:25.086069
2025-08-06,80753,2025080603001874,KSBBL,Vision Securities Pvt. Ltd,Kalika Securities Pvt. Ltd.,1000,528.6,528600.0,2025-08-06 11:32:25.086178
2025-08-06,80583,2025080603001911,KSBBL,Cristal Kanchanjanga Securites Pvt. Ltd.,Sundhara Securities Limited,500,528.5,264250.0,2025-08-06 11:32:54.045656
2025-08-06,80513,2025080603001920,KSBBL,Midas Stock Broking Company Private Limited,Deevyaa Securities & Stock House Pvt. Ltd,167,528.4,88242.8,2025-08-06 11:33:07.315308
2025-08-06,80512,2025080603001921,KSBBL,Midas Stock Broking Company Private Limited,Deevyaa Securities & Stock House Pvt. Ltd,100,528.3,52830.0,2025-08-06 11:33:07.315413
2025-08-06,80511,2025080603001922,KSBBL,Midas Stock Broking Company Private Limited,Deevyaa Securities & Stock House Pvt. Ltd,200,528.2,105640.0,2025-08-06 11:33:07.315466
2025-08-06,80510,2025080603001923,KSBBL,Vision Securities Pvt. Ltd,Deevyaa Securities & Stock House Pvt. Ltd,1000,528.2,528200.0,2025-08-06 11:33:07.315510
2025-08-06,80509,2025080603001924,KSBBL,Sharepro Securities Private Limited,Deevyaa Securities & Stock House Pvt. Ltd,1555,528.1,821195.5,2025-08-06 11:33:07.315554
2025-08-06,80508,2025080603001925,KSBBL,Cristal Kanchanjanga Securites Pvt. Ltd.,Deevyaa Securities & Stock House Pvt. Ltd,260,528.0,137280.0,2025-08-06 11:33:07.315597
2025-08-06,80507,2025080603001926,KSBBL,Deevyaa Securities & Stock House Pvt. Ltd,Deevyaa Securities & Stock House Pvt. Ltd,500,527.0,263500.0,2025-08-06 11:33:07.315638
2025-08-06,80175,2025080603001994,KSBBL,Arun Securities (PVT) Ltd.,Asian Securities Private Ltd.,1500,526.0,789000.0,2025-08-06 11:34:08.344164
2025-08-06,79057,2025080603002182,KSBBL,Asian Securities Private Ltd.,Secured Securities Ltd.,50,526.0,26300.0,2025-08-06 11:37:29.735804
2025-08-06,78736,2025080603002226,KSBBL,South Asian Bulls Pvt. Ltd.,Secured Securities Ltd.,75,525.3,39397.5,2025-08-06 11:38:28.173092
2025-08-06,78707,2025080603002228,KSBBL,Arun Securities (PVT) Ltd.,Sweta Securities Private Limited,100,525.5,52550.0,2025-08-06 11:38:33.878537
2025-08-06,78075,2025080603002330,KSBBL,Naasa Securities Co. Ltd.,Indira securities pvt. ltd,8,517.9,4143.2,2025-08-06 11:40:18.123774
2025-08-06,77302,2025080603002435,KSBBL,South Asian Bulls Pvt. Ltd.,Sani Securities Company Ltd.,45,525.7,23656.5,2025-08-06 11:42:29.028317
2025-08-06,77301,2025080603002436,KSBBL,Cristal Kanchanjanga Securites Pvt. Ltd.,Sani Securities Company Ltd.,200,525.7,105140.0,2025-08-06 11:42:29.028537
2025-08-06,77300,2025080603002437,KSBBL,Midas Stock Broking Company Private Limited,Sani Securities Company Ltd.,100,525.6,52560.0,2025-08-06 11:42:29.028614
2025-08-06,77299,2025080603002438,KSBBL,Online Securities Pvt. Ltd.,Sani Securities Company Ltd.,200,525.3,105060.0,2025-08-06 11:42:29.028661
2025-08-06,77298,2025080603002439,KSBBL,Trishakti Securities Public Limited,Sani Securities Company Ltd.,20,525.3,10506.0,2025-08-06 11:42:29.028707
2025-08-06,77297,2025080603002440,KSBBL,Trisul Securities & Invt. Ltd.,Sani Securities Company Ltd.,235,525.3,123445.5,2025-08-06 11:42:29.028753
2025-08-06,77190,2025080603002455,KSBBL,Trisul Securities & Invt. Ltd.,Imperial Securities Company Pvt. Ltd.,265,525.3,139204.5,2025-08-06 11:42:50.842801
2025-08-06,77189,2025080603002456,KSBBL,Trishakti Securities Public Limited,Imperial Securities Company Pvt. Ltd.,50,525.3,26265.0,2025-08-06 11:42:50.843007
2025-08-06,77188,2025080603002457,KSBBL,Kumari Securities Private Limited,Imperial Securities Company Pvt. Ltd.,50,525.3,26265.0,2025-08-06 11:42:50.843192
2025-08-06,77187,2025080603002458,KSBBL,Sharepro Securities Private Limited,Imperial Securities Company Pvt. Ltd.,135,525.2,70902.0,2025-08-06 11:42:50.843370
2025-08-06,76622,2025080603002523,KSBBL,Secured Securities Ltd.,Creative Securities Pvt Ltd,20,525.7,10514.0,2025-08-06 11:44:51.760990
2025-08-06,75687,2025080603002651,KSBBL,Pragyan Securities (PVT) Ltd.,Imperial Securities Company Pvt. Ltd.,100,526.0,52600.0,2025-08-06 11:47:23.933177
2025-08-06,75686,2025080603002652,KSBBL,Sri Hari Securities Pvt. Ltd.,Imperial Securities Company Pvt. Ltd.,496,525.9,260846.4,2025-08-06 11:47:23.933298
2025-08-06,75537,2025080603002664,KSBBL,Arun Securities (PVT) Ltd.,Secured Securities Ltd.,225,525.8,118305.0,2025-08-06 11:47:54.354356
2025-08-06,75148,2025080603002763,KSBBL,Kalika Securities Pvt. Ltd.,Sumeru Securities Pvt. Ltd.,100,528.5,52850.0,2025-08-06 11:49:10.080424
2025-08-06,75034,2025080603002804,KSBBL,Midas Stock Broking Company Private Limited,Secured Securities Ltd.,125,525.8,65725.0,2025-08-06 11:49:28.290952
2025-08-06,74771,2025080603002865,KSBBL,Sharepro Securities Private Limited,Sumeru Securities Pvt. Ltd.,11,528.5,5813.5,2025-08-06 11:50:16.600393
2025-08-06,74770,2025080603002866,KSBBL,Sharepro Securities Private Limited,Trishakti Securities Public Limited,200,529.0,105800.0,2025-08-06 11:50:16.600493
2025-08-06,74769,2025080603002867,KSBBL,Sharepro Securities Private Limited,Bhrikuti Stock Broking Co. Pvt. Ltd.,5000,529.0,2645000.0,2025-08-06 11:50:16.600566
2025-08-06,74768,2025080603002868,KSBBL,Sharepro Securities Private Limited,Sumeru Securities Pvt. Ltd.,132,529.0,69828.0,2025-08-06 11:50:16.600636
2025-08-06,74767,2025080603002869,KSBBL,Sharepro Securities Private Limited,Sumeru Securities Pvt. Ltd.,489,529.0,258681.0,2025-08-06 11:50:16.600701
2025-08-06,74766,2025080603002870,KSBBL,Sharepro Securities Private Limited,KALASH STOCK MARKET PVT. LTD.,168,529.9,89023.2,2025-08-06 11:50:16.600775
2025-08-06,74551,2025080603002919,KSBBL,Primo Securities (PVT) Ltd.,KALASH STOCK MARKET PVT. LTD.,332,529.9,175926.8,2025-08-06 11:51:00.477019
2025-08-06,74550,2025080603002920,KSBBL,Primo Securities (PVT) Ltd.,Vision Securities Pvt. Ltd,568,530.0,301040.0,2025-08-06 11:51:00.477303
2025-08-06,74408,2025080603002951,KSBBL,Primo Securities (PVT) Ltd.,Vision Securities Pvt. Ltd,432,530.0,228960.0,2025-08-06 11:51:25.560777
2025-08-06,74407,2025080603002952,KSBBL,Primo Securities (PVT) Ltd.,Imperial Securities Company Pvt. Ltd.,200,530.0,106000.0,2025-08-06 11:51:25.560976
2025-08-06,74406,2025080603002953,KSBBL,Primo Securities (PVT) Ltd.,Imperial Securities Company Pvt. Ltd.,200,530.0,106000.0,2025-08-06 11:51:25.561040
2025-08-06,74405,2025080603002954,KSBBL,Primo Securities (PVT) Ltd.,ABC Securities Private Limited,68,530.0,36040.0,2025-08-06 11:51:25.561091
2025-08-06,73945,2025080603002994,KSBBL,Dynamic Money Managers Securities Pvt. Ltd.,ABC Securities Private Limited,32,530.0,16960.0,2025-08-06 11:52:15.692463
2025-08-06,73944,2025080603002995,KSBBL,Dynamic Money Managers Securities Pvt. Ltd.,Deevyaa Securities & Stock House Pvt. Ltd,1218,530.0,645540.0,2025-08-06 11:52:15.692606
2025-08-06,73943,2025080603002996,KSBBL,Dynamic Money Managers Securities Pvt. Ltd.,Aryatara Investment & Securities,132,530.0,69960.0,2025-08-06 11:52:15.692660
2025-08-06,73092,2025080603003145,KSBBL,Cristal Kanchanjanga Securites Pvt. Ltd.,K.B.L. Securities Limited ,16,530.9,8494.4,2025-08-06 11:54:31.243154
2025-08-06,73091,2025080603003146,KSBBL,Cristal Kanchanjanga Securites Pvt. Ltd.,Imperial Securities Company Pvt. Ltd.,50,531.0,26550.0,2025-08-06 11:54:31.243406
2025-08-06,73090,2025080603003147,KSBBL,Cristal Kanchanjanga Securites Pvt. Ltd.,Kumari Securities Private Limited,934,531.0,495954.0,2025-08-06 11:54:31.243560
2025-08-06,72900,2025080603003191,KSBBL,Thrive Brokerage House Pvt. Ltd,Kumari Securities Private Limited,50,531.0,26550.0,2025-08-06 11:55:03.803989
2025-08-06,72536,2025080603003229,KSBBL,Imperial Securities Company Pvt. Ltd.,Kumari Securities Private Limited,16,531.0,8496.0,2025-08-06 11:55:38.826120
2025-08-06,72535,2025080603003230,KSBBL,Imperial Securities Company Pvt. Ltd.,K.B.L. Securities Limited ,500,531.9,265950.0,2025-08-06 11:55:38.826237
2025-08-06,72303,2025080603003249,KSBBL,Cristal Kanchanjanga Securites Pvt. Ltd.,Cristal Kanchanjanga Securites Pvt. Ltd.,500,532.0,266000.0,2025-08-06 11:56:00.666980
2025-08-06,72221,2025080603003273,KSBBL,Agrawal Securities (PVT) Ltd.,Dipshikha Dhitopatra Karobar Co. Pvt Ltd.,12,532.0,6384.0,2025-08-06 11:56:14.358625
2025-08-06,70798,2025080603003498,KSBBL,Asian Securities Private Ltd.,Dipshikha Dhitopatra Karobar Co. Pvt Ltd.,13,532.0,6916.0,2025-08-06 11:58:39.331597
2025-08-06,70797,2025080603003499,KSBBL,Asian Securities Private Ltd.,Midas Stock Broking Company Private Limited,90,532.0,47880.0,2025-08-06 11:58:39.331766
2025-08-06,68451,2025080603003936,KSBBL,Asian Securities Private Ltd.,Midas Stock Broking Company Private Limited,100,532.0,53200.0,2025-08-06 12:04:16.340972
2025-08-06,67467,2025080603004154,KSBBL,Asian Securities Private Ltd.,Midas Stock Broking Company Private Limited,100,531.0,53100.0,2025-08-06 12:07:15.943309
2025-08-06,66972,2025080603004215,KSBBL,Kohinoor Investment & Securities Pvt. Ltd.,Oxford Securities Pvt. Ltd.,128,530.2,67865.6,2025-08-06 12:08:50.192148
2025-08-06,66871,2025080603004241,KSBBL,Kohinoor Investment & Securities Pvt. Ltd.,Aryatara Investment & Securities,50,530.0,26500.0,2025-08-06 12:09:17.894314
2025-08-06,66870,2025080603004242,KSBBL,Imperial Securities Company Pvt. Ltd.,Aryatara Investment & Securities,100,530.0,53000.0,2025-08-06 12:09:17.894460
2025-08-06,66869,2025080603004243,KSBBL,Asian Securities Private Ltd.,Aryatara Investment & Securities,90,530.0,47700.0,2025-08-06 12:09:17.894529
2025-08-06,66547,2025080603004276,KSBBL,Asian Securities Private Ltd.,Sani Securities Company Ltd.,10,530.0,5300.0,2025-08-06 12:10:09.698112
2025-08-06,66546,2025080603004277,KSBBL,Nabil Stock Dealer Ltd.,Sani Securities Company Ltd.,990,530.0,524700.0,2025-08-06 12:10:09.698250
2025-08-06,66315,2025080603004311,KSBBL,Nabil Stock Dealer Ltd.,Sumeru Securities Pvt. Ltd.,10,530.0,5300.0,2025-08-06 12:10:57.684202
2025-08-06,66086,2025080603004350,KSBBL,Nabil Stock Dealer Ltd.,Sumeru Securities Pvt. Ltd.,190,530.0,100700.0,2025-08-06 12:11:46.760606
2025-08-06,65887,2025080603004392,KSBBL,Nabil Stock Dealer Ltd.,Dakshinkali Investment & Securities Pvt. Ltd.,450,530.0,238500.0,2025-08-06 12:12:33.828490
2025-08-06,65351,2025080603004495,KSBBL,Capital Max Securities Ltd,Oxford Securities Pvt. Ltd.,21,530.2,11134.2,2025-08-06 12:14:36.343600
2025-08-06,64681,2025080603004623,KSBBL,Nabil Stock Dealer Ltd.,Shree Krishna Securities Ltd.,14,530.0,7420.0,2025-08-06 12:16:45.982090
2025-08-06,64447,2025080603004638,KSBBL,Nabil Stock Dealer Ltd.,Imperial Securities Company Pvt. Ltd.,94,530.0,49820.0,2025-08-06 12:17:09.675115
2025-08-06,64321,2025080603004658,KSBBL,Nabil Stock Dealer Ltd.,Sri Hari Securities Pvt. Ltd.,147,530.0,77910.0,2025-08-06 12:17:29.652276
2025-08-06,64312,2025080603004661,KSBBL,Nabil Stock Dealer Ltd.,J.F. Securites (PVT) Ltd.,105,530.0,55650.0,2025-08-06 12:17:31.021836
2025-08-06,64311,2025080603004662,KSBBL,Vision Securities Pvt. Ltd,J.F. Securites (PVT) Ltd.,60,530.0,31800.0,2025-08-06 12:17:31.021980
2025-08-06,64310,2025080603004663,KSBBL,Vision Securities Pvt. Ltd,J.F. Securites (PVT) Ltd.,80,530.0,42400.0,2025-08-06 12:17:31.022057
2025-08-06,64309,2025080603004664,KSBBL,Nepal Investment And Securities Trading Private Limited,J.F. Securites (PVT) Ltd.,20,529.2,10584.0,2025-08-06 12:17:31.022120
2025-08-06,64308,2025080603004665,KSBBL,South Asian Bulls Pvt. Ltd.,J.F. Securites (PVT) Ltd.,50,529.1,26455.0,2025-08-06 12:17:31.022180
2025-08-06,64307,2025080603004666,KSBBL,K.B.L. Securities Limited ,J.F. Securites (PVT) Ltd.,935,529.0,494615.0,2025-08-06 12:17:31.022237
2025-08-06,63978,2025080603004719,KSBBL,K.B.L. Securities Limited ,Vision Securities Pvt. Ltd,65,529.0,34385.0,2025-08-06 12:18:31.046017
2025-08-06,63977,2025080603004720,KSBBL,Bhrikuti Stock Broking Co. Pvt. Ltd.,Vision Securities Pvt. Ltd,18,529.0,9522.0,2025-08-06 12:18:31.046177
2025-08-06,63639,2025080603004781,KSBBL,Dynamic Money Managers Securities Pvt. Ltd.,ABC Securities Private Limited,65,530.0,34450.0,2025-08-06 12:19:40.990097
2025-08-06,63272,2025080603004833,KSBBL,Bhrikuti Stock Broking Co. Pvt. Ltd.,J.F. Securites (PVT) Ltd.,82,529.0,43378.0,2025-08-06 12:21:03.970957
2025-08-06,63271,2025080603004834,KSBBL,Imperial Securities Company Pvt. Ltd.,J.F. Securites (PVT) Ltd.,100,528.2,52820.0,2025-08-06 12:21:03.971142
2025-08-06,63270,2025080603004835,KSBBL,Cristal Kanchanjanga Securites Pvt. Ltd.,J.F. Securites (PVT) Ltd.,20,528.1,10562.0,2025-08-06 12:21:03.971210
2025-08-06,63269,2025080603004836,KSBBL,South Asian Bulls Pvt. Ltd.,J.F. Securites (PVT) Ltd.,60,528.1,31686.0,2025-08-06 12:21:03.971269
2025-08-06,63268,2025080603004837,KSBBL,Aryatara Investment & Securities,J.F. Securites (PVT) Ltd.,238,528.0,125664.0,2025-08-06 12:21:03.971331
2025-08-06,62647,2025080603004969,KSBBL,Sani Securities Company Ltd.,ABC Securities Private Limited,145,530.0,76850.0,2025-08-06 12:23:13.167106
2025-08-06,62646,2025080603004970,KSBBL,Sani Securities Company Ltd.,Himalayan Securities Limited,155,530.0,82150.0,2025-08-06 12:23:13.167381
2025-08-06,62358,2025080603005033,KSBBL,Aryatara Investment & Securities,J.F. Securites (PVT) Ltd.,512,528.0,270336.0,2025-08-06 12:24:08.786006
2025-08-06,62357,2025080603005034,KSBBL,Cristal Kanchanjanga Securites Pvt. Ltd.,J.F. Securites (PVT) Ltd.,188,528.0,99264.0,2025-08-06 12:24:08.786187
2025-08-06,62299,2025080603005043,KSBBL,Cristal Kanchanjanga Securites Pvt. Ltd.,ABC Securities Private Limited,50,528.0,26400.0,2025-08-06 12:24:24.810785
2025-08-06,61231,2025080603005262,KSBBL,Midas Stock Broking Company Private Limited,Midas Stock Broking Company Private Limited,1,520.0,520.0,2025-08-06 12:27:50.089006
2025-08-06,60822,2025080603005344,KSBBL,Naasa Securities Co. Ltd.,Aryatara Investment & Securities,50,528.1,26405.0,2025-08-06 12:29:13.356125
2025-08-06,60821,2025080603005345,KSBBL,Cristal Kanchanjanga Securites Pvt. Ltd.,Aryatara Investment & Securities,12,528.0,6336.0,2025-08-06 12:29:13.356300
2025-08-06,60820,2025080603005346,KSBBL,Naasa Securities Co. Ltd.,Aryatara Investment & Securities,50,528.0,26400.0,2025-08-06 12:29:13.356365
2025-08-06,60819,2025080603005347,KSBBL,Dynamic Money Managers Securities Pvt. Ltd.,Aryatara Investment & Securities,29,528.0,15312.0,2025-08-06 12:29:13.356440
2025-08-06,60818,2025080603005348,KSBBL,Sani Securities Company Ltd.,Aryatara Investment & Securities,50,528.0,26400.0,2025-08-06 12:29:13.356496
2025-08-06,60817,2025080603005349,KSBBL,Capital Hub P. Ltd,Aryatara Investment & Securities,809,527.6,426828.4,2025-08-06 12:29:13.356557
2025-08-06,60260,2025080603005419,KSBBL,Dakshinkali Investment & Securities Pvt. Ltd.,Cristal Kanchanjanga Securites Pvt. Ltd.,10,529.0,5290.0,2025-08-06 12:31:07.122994
2025-08-06,57159,2025080603005973,KSBBL,Vision Securities Pvt. Ltd,Neev Securities Pvt. Ltd.,40,528.0,21120.0,2025-08-06 12:42:44.130352
2025-08-06,57158,2025080603005974,KSBBL,South Asian Bulls Pvt. Ltd.,Neev Securities Pvt. Ltd.,60,527.7,31662.0,2025-08-06 12:42:44.130410
2025-08-06,57157,2025080603005975,KSBBL,Capital Hub P. Ltd,Neev Securities Pvt. Ltd.,191,527.6,100771.6,2025-08-06 12:42:44.130442
2025-08-06,57156,2025080603005976,KSBBL,Sharepro Securities Private Limited,Neev Securities Pvt. Ltd.,2709,527.4,1428726.6,2025-08-06 12:42:44.130471
2025-08-06,56922,2025080603006013,KSBBL,Opal Securities Investment (PVT) Ltd.,Cristal Kanchanjanga Securites Pvt. Ltd.,150,528.0,79200.0,2025-08-06 12:43:29.354801
2025-08-06,56317,2025080603006101,KSBBL,Sharepro Securities Private Limited,Cristal Kanchanjanga Securites Pvt. Ltd.,565,527.4,297981.0,2025-08-06 12:45:01.788055
2025-08-06,56157,2025080603006143,KSBBL,Sharepro Securities Private Limited,Thrive Brokerage House Pvt. Ltd,299,527.4,157692.6,2025-08-06 12:45:38.994552
2025-08-06,55050,2025080603006304,KSBBL,Sharepro Securities Private Limited,Sri Hari Securities Pvt. Ltd.,11,527.4,5801.4,2025-08-06 12:48:59.526194
2025-08-06,55002,2025080603006318,KSBBL,Sharepro Securities Private Limited,Sri Hari Securities Pvt. Ltd.,10,527.4,5274.0,2025-08-06 12:49:09.637166
2025-08-06,54825,2025080603006356,KSBBL,Dipshikha Dhitopatra Karobar Co. Pvt Ltd.,Oxford Securities Pvt. Ltd.,24,528.5,12684.0,2025-08-06 12:49:46.888227
2025-08-06,54170,2025080603006467,KSBBL,South Asian Bulls Pvt. Ltd.,Primo Securities (PVT) Ltd.,50,527.5,26375.0,2025-08-06 12:51:35.642114
2025-08-06,54169,2025080603006468,KSBBL,Sharepro Securities Private Limited,Primo Securities (PVT) Ltd.,950,527.4,501030.0,2025-08-06 12:51:35.642329
2025-08-06,53044,2025080603006675,KSBBL,Sharepro Securities Private Limited,Opal Securities Investment (PVT) Ltd.,456,527.4,240494.4,2025-08-06 12:54:50.224546
2025-08-06,52354,2025080603006809,KSBBL,Midas Stock Broking Company Private Limited,Opal Securities Investment (PVT) Ltd.,144,527.3,75931.2,2025-08-06 12:56:40.858705
2025-08-06,51428,2025080603006923,KSBBL,Midas Stock Broking Company Private Limited,Vision Securities Pvt. Ltd,56,527.3,29528.8,2025-08-06 12:58:37.514212
2025-08-06,51427,2025080603006924,KSBBL,Naasa Securities Co. Ltd.,Vision Securities Pvt. Ltd,50,527.2,26360.0,2025-08-06 12:58:37.514398
2025-08-06,51426,2025080603006925,KSBBL,Sharepro Securities Private Limited,Vision Securities Pvt. Ltd,1894,527.1,998327.4,2025-08-06 12:58:37.514468
2025-08-06,51247,2025080603006955,KSBBL,J.F. Securites (PVT) Ltd.,Online Securities Pvt. Ltd.,50,528.0,26400.0,2025-08-06 12:59:07.158749
2025-08-06,50991,2025080603006989,KSBBL,Sharepro Securities Private Limited,Oxford Securities Pvt. Ltd.,41,527.1,21611.1,2025-08-06 12:59:45.603054
2025-08-06,49611,2025080603007158,KSBBL,Kumari Securities Private Limited,Aryatara Investment & Securities,39,528.5,20611.5,2025-08-06 13:03:04.239452
2025-08-06,47927,2025080603007452,KSBBL,Kumari Securities Private Limited,Sundhara Securities Limited,87,527.9,45927.3,2025-08-06 13:07:19.993847
2025-08-06,47859,2025080603007463,KSBBL,Kumari Securities Private Limited,Sundhara Securities Limited,50,527.9,26395.0,2025-08-06 13:07:32.191682
2025-08-06,47808,2025080603007484,KSBBL,Sipla Securities Private Limited,Sundhara Securities Limited,119,527.9,62820.1,2025-08-06 13:07:38.510571
2025-08-06,47807,2025080603007485,KSBBL,Sipla Securities Private Limited,Naasa Securities Co. Ltd.,20,527.9,10558.0,2025-08-06 13:07:38.510919
2025-08-06,47806,2025080603007486,KSBBL,Sipla Securities Private Limited,Naasa Securities Co. Ltd.,239,528.0,126192.0,2025-08-06 13:07:38.511145
2025-08-06,46873,2025080603007757,KSBBL,Sipla Securities Private Limited,Trademow Securities Private Limited,272,529.0,143888.0,2025-08-06 13:10:14.021364
2025-08-06,46794,2025080603007778,KSBBL,South Asian Bulls Pvt. Ltd.,Himalayan Securities Limited,245,530.0,129850.0,2025-08-06 13:10:25.339887
2025-08-06,46793,2025080603007779,KSBBL,South Asian Bulls Pvt. Ltd.,Online Securities Pvt. Ltd.,100,530.0,53000.0,2025-08-06 13:10:25.340099
2025-08-06,46792,2025080603007780,KSBBL,South Asian Bulls Pvt. Ltd.,Neev Securities Pvt. Ltd.,66,530.0,34980.0,2025-08-06 13:10:25.340235
2025-08-06,46791,2025080603007781,KSBBL,South Asian Bulls Pvt. Ltd.,ABC Securities Private Limited,200,530.0,106000.0,2025-08-06 13:10:25.340371
2025-08-06,46742,2025080603007794,KSBBL,Sweta Securities Private Limited,Online Securities Pvt. Ltd.,10,530.5,5305.0,2025-08-06 13:10:33.328757
2025-08-06,46545,2025080603007836,KSBBL,Citizens Share Broker Limited,Online Securities Pvt. Ltd.,490,530.5,259945.0,2025-08-06 13:11:04.674208
2025-08-06,46544,2025080603007837,KSBBL,Citizens Share Broker Limited,Roadshow securities limited,10,530.9,5309.0,2025-08-06 13:11:04.674609
2025-08-06,46235,2025080603007893,KSBBL,Creative Securities Pvt Ltd,Roadshow securities limited,107,530.9,56806.3,2025-08-06 13:11:58.958344
2025-08-06,45472,2025080603008057,KSBBL,South Asian Bulls Pvt. Ltd.,Roadshow securities limited,183,530.9,97154.7,2025-08-06 13:13:44.872983
2025-08-06,45471,2025080603008058,KSBBL,South Asian Bulls Pvt. Ltd.,Sundhara Securities Limited,190,531.0,100890.0,2025-08-06 13:13:44.873241
2025-08-06,45093,2025080603008139,KSBBL,South Asian Bulls Pvt. Ltd.,Midas Stock Broking Company Private Limited,310,531.8,164858.0,2025-08-06 13:14:38.122861
2025-08-06,45092,2025080603008140,KSBBL,South Asian Bulls Pvt. Ltd.,Imperial Securities Company Pvt. Ltd.,50,531.9,26595.0,2025-08-06 13:14:38.123231
2025-08-06,45091,2025080603008141,KSBBL,South Asian Bulls Pvt. Ltd.,Siprabi Securities Pvt. Ltd.,13,532.0,6916.0,2025-08-06 13:14:38.123563
2025-08-06,45090,2025080603008142,KSBBL,South Asian Bulls Pvt. Ltd.,Kumari Securities Private Limited,20,532.0,10640.0,2025-08-06 13:14:38.123859
2025-08-06,45089,2025080603008143,KSBBL,South Asian Bulls Pvt. Ltd.,Trademow Securities Private Limited,50,532.0,26600.0,2025-08-06 13:14:38.124179
2025-08-06,45088,2025080603008144,KSBBL,South Asian Bulls Pvt. Ltd.,Capital Max Securities Ltd,535,532.0,284620.0,2025-08-06 13:14:38.124473
2025-08-06,45033,2025080603008153,KSBBL,Sweta Securities Private Limited,Premier Securities Company Ltd.,10,534.0,5340.0,2025-08-06 13:14:48.024819
2025-08-06,43159,2025080603008547,KSBBL,Imperial Securities Company Pvt. Ltd.,Premier Securities Company Ltd.,20,534.0,10680.0,2025-08-06 13:19:57.865949
2025-08-06,43158,2025080603008548,KSBBL,Imperial Securities Company Pvt. Ltd.,ABC Securities Private Limited,10,534.0,5340.0,2025-08-06 13:19:57.866177
2025-08-06,41873,2025080603008790,KSBBL,Midas Stock Broking Company Private Limited,Sri Hari Securities Pvt. Ltd.,40,534.7,21388.0,2025-08-06 13:24:01.290291
2025-08-06,40848,2025080603008990,KSBBL,Midas Stock Broking Company Private Limited,Sri Hari Securities Pvt. Ltd.,20,534.7,10694.0,2025-08-06 13:27:02.319112
2025-08-06,40629,2025080603009013,KSBBL,Kohinoor Investment & Securities Pvt. Ltd.,Sri Hari Securities Pvt. Ltd.,100,534.7,53470.0,2025-08-06 13:27:42.721137
2025-08-06,40292,2025080603009060,KSBBL,Linch Stock Market Ltd.,Sri Hari Securities Pvt. Ltd.,50,534.3,26715.0,2025-08-06 13:28:40.854549
2025-08-06,40291,2025080603009061,KSBBL,Online Securities Pvt. Ltd.,Sri Hari Securities Pvt. Ltd.,50,534.3,26715.0,2025-08-06 13:28:40.854885
2025-08-06,40290,2025080603009062,KSBBL,Linch Stock Market Ltd.,Sri Hari Securities Pvt. Ltd.,100,534.0,53400.0,2025-08-06 13:28:40.855136
2025-08-06,40289,2025080603009063,KSBBL,J.F. Securites (PVT) Ltd.,Sri Hari Securities Pvt. Ltd.,100,534.0,53400.0,2025-08-06 13:28:40.855352
2025-08-06,39737,2025080603009188,KSBBL,Vision Securities Pvt. Ltd,Sri Hari Securities Pvt. Ltd.,40,534.7,21388.0,2025-08-06 13:30:23.686631
2025-08-06,39736,2025080603009189,KSBBL,Vision Securities Pvt. Ltd,Agrawal Securities (PVT) Ltd.,300,534.9,160470.0,2025-08-06 13:30:23.686925
2025-08-06,39735,2025080603009190,KSBBL,Vision Securities Pvt. Ltd,Naasa Securities Co. Ltd.,75,535.0,40125.0,2025-08-06 13:30:23.687051
2025-08-06,39734,2025080603009191,KSBBL,Vision Securities Pvt. Ltd,Bhrikuti Stock Broking Co. Pvt. Ltd.,500,535.0,267500.0,2025-08-06 13:30:23.687134
2025-08-06,39733,2025080603009192,KSBBL,Vision Securities Pvt. Ltd,Premier Securities Company Ltd.,100,535.0,53500.0,2025-08-06 13:30:23.687213
2025-08-06,39732,2025080603009193,KSBBL,Vision Securities Pvt. Ltd,Linch Stock Market Ltd.,100,535.0,53500.0,2025-08-06 13:30:23.687289
2025-08-06,39731,2025080603009194,KSBBL,Vision Securities Pvt. Ltd,Swarna Laxmi Securities Pvt. Ltd.,50,535.0,26750.0,2025-08-06 13:30:23.687379
2025-08-06,39528,2025080603009242,KSBBL,Pragyan Securities (PVT) Ltd.,Sundhara Securities Limited,300,536.5,160950.0,2025-08-06 13:31:01.972762
2025-08-06,38722,2025080603009437,KSBBL,Linch Stock Market Ltd.,Market Securities & Exchange (PVT) Ltd.,3,526.0,1578.0,2025-08-06 13:33:21.947180
2025-08-06,38705,2025080603009442,KSBBL,Nepal Stock House (PVT) Ltd.,Aryatara Investment & Securities,22,537.0,11814.0,2025-08-06 13:33:25.852583
2025-08-06,38704,2025080603009443,KSBBL,Nepal Stock House (PVT) Ltd.,Vision Securities Pvt. Ltd,400,537.0,214800.0,2025-08-06 13:33:25.852752
2025-08-06,38703,2025080603009444,KSBBL,Nepal Stock House (PVT) Ltd.,Nepal Stock House (PVT) Ltd.,25,537.0,13425.0,2025-08-06 13:33:25.852827
2025-08-06,38702,2025080603009445,KSBBL,Nepal Stock House (PVT) Ltd.,K.B.L. Securities Limited ,200,537.0,107400.0,2025-08-06 13:33:25.852894
2025-08-06,38429,2025080603009509,KSBBL,Nepal Stock House (PVT) Ltd.,Arun Securities (PVT) Ltd.,453,537.0,243261.0,2025-08-06 13:34:13.259418
2025-08-06,38428,2025080603009510,KSBBL,Oxford Securities Pvt. Ltd.,Arun Securities (PVT) Ltd.,500,537.0,268500.0,2025-08-06 13:34:13.259594
2025-08-06,37317,2025080603009770,KSBBL,Linch Stock Market Ltd.,Aryatara Investment & Securities,1,528.5,528.5,2025-08-06 13:37:17.963664
2025-08-06,36857,2025080603009864,KSBBL,Kohinoor Investment & Securities Pvt. Ltd.,Nepal Stock House (PVT) Ltd.,68,536.0,36448.0,2025-08-06 13:38:39.714508
2025-08-06,35863,2025080603010110,KSBBL,Kohinoor Investment & Securities Pvt. Ltd.,Dipshikha Dhitopatra Karobar Co. Pvt Ltd.,22,536.0,11792.0,2025-08-06 13:41:08.529606
2025-08-06,34743,2025080603010352,KSBBL,Naasa Securities Co. Ltd.,Dipshikha Dhitopatra Karobar Co. Pvt Ltd.,32,535.1,17123.2,2025-08-06 13:44:22.768816
2025-08-06,34742,2025080603010353,KSBBL,Vision Securities Pvt. Ltd,Dipshikha Dhitopatra Karobar Co. Pvt Ltd.,28,535.0,14980.0,2025-08-06 13:44:22.769196
2025-08-06,34183,2025080603010481,KSBBL,J.F. Securites (PVT) Ltd.,Dipshikha Dhitopatra Karobar Co. Pvt Ltd.,100,534.0,53400.0,2025-08-06 13:45:50.190526
2025-08-06,34182,2025080603010482,KSBBL,Imperial Securities Company Pvt. Ltd.,Dipshikha Dhitopatra Karobar Co. Pvt Ltd.,100,534.0,53400.0,2025-08-06 13:45:50.190755
2025-08-06,32715,2025080603010742,KSBBL,Linch Stock Market Ltd.,Aryatara Investment & Securities,6,525.0,3150.0,2025-08-06 13:49:46.738159
2025-08-06,32419,2025080603010805,KSBBL,Sani Securities Company Ltd.,Himalayan Brokerage Company Limited,50,534.0,26700.0,2025-08-06 13:50:39.102365
2025-08-06,32314,2025080603010825,KSBBL,South Asian Bulls Pvt. Ltd.,Sani Securities Company Ltd.,3,525.0,1575.0,2025-08-06 13:50:54.775380
2025-08-06,32257,2025080603010846,KSBBL,Nepal Stock House (PVT) Ltd.,K.B.L. Securities Limited ,15,533.5,8002.5,2025-08-06 13:51:02.717041
2025-08-06,32256,2025080603010847,KSBBL,Imperial Securities Company Pvt. Ltd.,K.B.L. Securities Limited ,15,533.5,8002.5,2025-08-06 13:51:02.717414
2025-08-06,32255,2025080603010848,KSBBL,Sipla Securities Private Limited,K.B.L. Securities Limited ,350,532.0,186200.0,2025-08-06 13:51:02.717630
2025-08-06,32254,2025080603010849,KSBBL,Kohinoor Investment & Securities Pvt. Ltd.,K.B.L. Securities Limited ,161,532.0,85652.0,2025-08-06 13:51:02.717841
2025-08-06,32253,2025080603010850,KSBBL,Cristal Kanchanjanga Securites Pvt. Ltd.,K.B.L. Securities Limited ,200,532.0,106400.0,2025-08-06 13:51:02.718057
2025-08-06,32036,2025080603010899,KSBBL,K.B.L. Securities Limited ,Shree Krishna Securities Ltd.,17,531.2,9030.4,2025-08-06 13:51:28.383283
2025-08-06,31998,2025080603010907,KSBBL,K.B.L. Securities Limited ,Himalayan Brokerage Company Limited,150,531.2,79680.0,2025-08-06 13:51:34.140338
2025-08-06,31701,2025080603010969,KSBBL,K.B.L. Securities Limited ,Asian Securities Private Ltd.,267,531.2,141830.4,2025-08-06 13:52:04.506273
2025-08-06,31664,2025080603010993,KSBBL,K.B.L. Securities Limited ,Vision Securities Pvt. Ltd,566,531.2,300659.2,2025-08-06 13:52:07.708478
2025-08-06,31663,2025080603010994,KSBBL,Nagarik Stock Dealer ,Vision Securities Pvt. Ltd,1000,530.2,530200.0,2025-08-06 13:52:07.708671
2025-08-06,31662,2025080603010995,KSBBL,ABC Securities Private Limited,Vision Securities Pvt. Ltd,1500,530.0,795000.0,2025-08-06 13:52:07.708772
2025-08-06,31661,2025080603010996,KSBBL,Himalayan Securities Limited,Vision Securities Pvt. Ltd,30,530.0,15900.0,2025-08-06 13:52:07.708868
2025-08-06,31660,2025080603010997,KSBBL,Himalayan Securities Limited,Vision Securities Pvt. Ltd,50,530.0,26500.0,2025-08-06 13:52:07.708942
2025-08-06,31659,2025080603010998,KSBBL,Himalayan Securities Limited,Vision Securities Pvt. Ltd,130,530.0,68900.0,2025-08-06 13:52:07.709014
2025-08-06,31658,2025080603010999,KSBBL,Siprabi Securities Pvt. Ltd.,Vision Securities Pvt. Ltd,10,530.0,5300.0,2025-08-06 13:52:07.709117
2025-08-06,31657,2025080603011000,KSBBL,Sri Hari Securities Pvt. Ltd.,Vision Securities Pvt. Ltd,50,530.0,26500.0,2025-08-06 13:52:07.709214
2025-08-06,31656,2025080603011001,KSBBL,Imperial Securities Company Pvt. Ltd.,Vision Securities Pvt. Ltd,200,530.0,106000.0,2025-08-06 13:52:07.709323
2025-08-06,31655,2025080603011002,KSBBL,Capital Hub P. Ltd,Vision Securities Pvt. Ltd,1000,530.0,530000.0,2025-08-06 13:52:07.709416
2025-08-06,31654,2025080603011003,KSBBL,Thrive Brokerage House Pvt. Ltd,Vision Securities Pvt. Ltd,200,530.0,106000.0,2025-08-06 13:52:07.709527
2025-08-06,30462,2025080603011247,KSBBL,Malla & Malla Stock Broking Company Pvt. Limited,Sri Hari Securities Pvt. Ltd.,21,528.0,11088.0,2025-08-06 13:54:26.533121
2025-08-06,29590,2025080603011432,KSBBL,Malla & Malla Stock Broking Company Pvt. Limited,Cristal Kanchanjanga Securites Pvt. Ltd.,19,528.0,10032.0,2025-08-06 13:56:25.747461
2025-08-06,29589,2025080603011433,KSBBL,Naasa Securities Co. Ltd.,Cristal Kanchanjanga Securites Pvt. Ltd.,20,528.0,10560.0,2025-08-06 13:56:25.747987
2025-08-06,29588,2025080603011434,KSBBL,Himalayan Securities Limited,Cristal Kanchanjanga Securites Pvt. Ltd.,30,528.0,15840.0,2025-08-06 13:56:25.748305
2025-08-06,29587,2025080603011435,KSBBL,Aryatara Investment & Securities,Cristal Kanchanjanga Securites Pvt. Ltd.,1000,528.0,528000.0,2025-08-06 13:56:25.748587
2025-08-06,29337,2025080603011481,KSBBL,Aryatara Investment & Securities,Cristal Kanchanjanga Securites Pvt. Ltd.,931,528.0,491568.0,2025-08-06 13:56:58.248414
2025-08-06,29336,2025080603011482,KSBBL,Aryatara Investment & Securities,Sundhara Securities Limited,200,528.0,105600.0,2025-08-06 13:56:58.248751
2025-08-06,29176,2025080603011518,KSBBL,Aryatara Investment & Securities,Naasa Securities Co. Ltd.,56,528.0,29568.0,2025-08-06 13:57:15.254996
2025-08-06,27097,2025080603011970,KSBBL,Himalayan Brokerage Company Limited,Vision Securities Pvt. Ltd,200,530.0,106000.0,2025-08-06 14:03:50.058803
2025-08-06,26956,2025080603011992,KSBBL,Pragyan Securities (PVT) Ltd.,Vision Securities Pvt. Ltd,64,530.0,33920.0,2025-08-06 14:04:19.656991
2025-08-06,25966,2025080603012188,KSBBL,Citizens Share Broker Limited,Premier Securities Company Ltd.,1000,531.9,531900.0,2025-08-06 14:08:05.765082
2025-08-06,25820,2025080603012228,KSBBL,Sani Securities Company Ltd.,Deevyaa Securities & Stock House Pvt. Ltd,15,532.0,7980.0,2025-08-06 14:08:40.833576
2025-08-06,25327,2025080603012297,KSBBL,Naasa Securities Co. Ltd.,Bhrikuti Stock Broking Co. Pvt. Ltd.,2,529.0,1058.0,2025-08-06 14:10:15.686463
2025-08-06,24878,2025080603012388,KSBBL,Oxford Securities Pvt. Ltd.,Nepal Investment And Securities Trading Private Limited,90,530.0,47700.0,2025-08-06 14:12:00.131101
2025-08-06,24877,2025080603012389,KSBBL,Capital Max Securities Ltd,Nepal Investment And Securities Trading Private Limited,100,530.0,53000.0,2025-08-06 14:12:00.131146
2025-08-06,24876,2025080603012390,KSBBL,Trisul Securities & Invt. Ltd.,Nepal Investment And Securities Trading Private Limited,500,529.2,264600.0,2025-08-06 14:12:00.131189
2025-08-06,24875,2025080603012391,KSBBL,Shree Krishna Securities Ltd.,Nepal Investment And Securities Trading Private Limited,100,529.1,52910.0,2025-08-06 14:12:00.131225
2025-08-06,24874,2025080603012392,KSBBL,Imperial Securities Company Pvt. Ltd.,Nepal Investment And Securities Trading Private Limited,210,529.0,111090.0,2025-08-06 14:12:00.131251
2025-08-06,21194,2025080603013065,KSBBL,Shree Krishna Securities Ltd.,Nepal Stock House (PVT) Ltd.,100,530.0,53000.0,2025-08-06 14:24:07.877275
2025-08-06,20874,2025080603013142,KSBBL,Oxford Securities Pvt. Ltd.,Linch Stock Market Ltd.,100,529.5,52950.0,2025-08-06 14:24:47.323921
2025-08-06,20596,2025080603013214,KSBBL,Nepal Investment And Securities Trading Private Limited,Opal Securities Investment (PVT) Ltd.,20,529.4,10588.0,2025-08-06 14:25:33.076790
2025-08-06,20595,2025080603013215,KSBBL,Linch Stock Market Ltd.,Opal Securities Investment (PVT) Ltd.,16,529.4,8470.4,2025-08-06 14:25:33.077219
2025-08-06,20594,2025080603013216,KSBBL,South Asian Bulls Pvt. Ltd.,Opal Securities Investment (PVT) Ltd.,50,529.2,26460.0,2025-08-06 14:25:33.077678
2025-08-06,20593,2025080603013217,KSBBL,Dakshinkali Investment & Securities Pvt. Ltd.,Opal Securities Investment (PVT) Ltd.,30,529.2,15876.0,2025-08-06 14:25:33.078076
2025-08-06,20592,2025080603013218,KSBBL,Citizens Share Broker Limited,Opal Securities Investment (PVT) Ltd.,84,529.2,44452.8,2025-08-06 14:25:33.078446
2025-08-06,20010,2025080603013335,KSBBL,Citizens Share Broker Limited,Trishakti Securities Public Limited,416,529.2,220147.2,2025-08-06 14:27:04.507750
2025-08-06,20009,2025080603013336,KSBBL,Sweta Securities Private Limited,Trishakti Securities Public Limited,200,529.1,105820.0,2025-08-06 14:27:04.508050
2025-08-06,20008,2025080603013337,KSBBL,Imperial Securities Company Pvt. Ltd.,Trishakti Securities Public Limited,290,529.0,153410.0,2025-08-06 14:27:04.508125
2025-08-06,20007,2025080603013338,KSBBL,Aryatara Investment & Securities,Trishakti Securities Public Limited,500,529.0,264500.0,2025-08-06 14:27:04.508199
2025-08-06,20006,2025080603013339,KSBBL,Midas Stock Broking Company Private Limited,Trishakti Securities Public Limited,200,528.6,105720.0,2025-08-06 14:27:04.508271
2025-08-06,20005,2025080603013340,KSBBL,Vision Securities Pvt. Ltd,Trishakti Securities Public Limited,80,528.5,42280.0,2025-08-06 14:27:04.508338
2025-08-06,20004,2025080603013341,KSBBL,K.B.L. Securities Limited ,Trishakti Securities Public Limited,1414,528.5,747299.0,2025-08-06 14:27:04.508407
2025-08-06,19053,2025080603013496,KSBBL,K.B.L. Securities Limited ,Aryatara Investment & Securities,500,528.5,264250.0,2025-08-06 14:29:50.713046
2025-08-06,18929,2025080603013526,KSBBL,K.B.L. Securities Limited ,Siprabi Securities Pvt. Ltd.,86,528.5,45451.0,2025-08-06 14:30:12.521318
2025-08-06,18703,2025080603013599,KSBBL,Vision Securities Pvt. Ltd,Aryatara Investment & Securities,100,528.1,52810.0,2025-08-06 14:30:57.408630
2025-08-06,18702,2025080603013600,KSBBL,Primo Securities (PVT) Ltd.,Aryatara Investment & Securities,100,528.0,52800.0,2025-08-06 14:30:57.408985
2025-08-06,18559,2025080603013643,KSBBL,Sani Securities Company Ltd.,Siprabi Securities Pvt. Ltd.,14,528.5,7399.0,2025-08-06 14:31:26.087514
2025-08-06,17369,2025080603013988,KSBBL,Sani Securities Company Ltd.,Premier Securities Company Ltd.,16,528.5,8456.0,2025-08-06 14:34:50.974237
2025-08-06,17368,2025080603013989,KSBBL,South Asian Bulls Pvt. Ltd.,Premier Securities Company Ltd.,60,528.1,31686.0,2025-08-06 14:34:50.974594
2025-08-06,17367,2025080603013990,KSBBL,Primo Securities (PVT) Ltd.,Premier Securities Company Ltd.,100,528.0,52800.0,2025-08-06 14:34:50.974812
2025-08-06,17366,2025080603013991,KSBBL,Himalayan Securities Limited,Premier Securities Company Ltd.,20,528.0,10560.0,2025-08-06 14:34:50.975046
2025-08-06,17365,2025080603013992,KSBBL,Sumeru Securities Pvt. Ltd.,Premier Securities Company Ltd.,100,528.0,52800.0,2025-08-06 14:34:50.975260
2025-08-06,17364,2025080603013993,KSBBL,Online Securities Pvt. Ltd.,Premier Securities Company Ltd.,200,528.0,105600.0,2025-08-06 14:34:50.975463
2025-08-06,16602,2025080603014146,KSBBL,Sewa Securities Pvt. Ltd.,Midas Stock Broking Company Private Limited,20,528.5,10570.0,2025-08-06 14:36:46.168800
2025-08-06,16601,2025080603014147,KSBBL,Cristal Kanchanjanga Securites Pvt. Ltd.,Midas Stock Broking Company Private Limited,50,528.0,26400.0,2025-08-06 14:36:46.169153
2025-08-06,16396,2025080603014199,KSBBL,Cristal Kanchanjanga Securites Pvt. Ltd.,Sri Hari Securities Pvt. Ltd.,50,528.0,26400.0,2025-08-06 14:37:15.767655
2025-08-06,16395,2025080603014200,KSBBL,ABC Securities Private Limited,Sri Hari Securities Pvt. Ltd.,450,527.9,237555.0,2025-08-06 14:37:15.767738
2025-08-06,15762,2025080603014334,KSBBL,Linch Stock Market Ltd.,Imperial Securities Company Pvt. Ltd.,3,518.0,1554.0,2025-08-06 14:38:46.854935
2025-08-06,15295,2025080603014421,KSBBL,ABC Securities Private Limited,Premier Securities Company Ltd.,50,527.9,26395.0,2025-08-06 14:39:42.195406
2025-08-06,15294,2025080603014422,KSBBL,Property Wiard Limited,Premier Securities Company Ltd.,300,527.9,158370.0,2025-08-06 14:39:42.195497
2025-08-06,15293,2025080603014423,KSBBL,Oxford Securities Pvt. Ltd.,Premier Securities Company Ltd.,554,527.8,292401.2,2025-08-06 14:39:42.195617
2025-08-06,15246,2025080603014434,KSBBL,Oxford Securities Pvt. Ltd.,Imperial Securities Company Pvt. Ltd.,446,527.8,235398.8,2025-08-06 14:39:45.022348
2025-08-06,15123,2025080603014454,KSBBL,Neev Securities Pvt. Ltd.,Bhrikuti Stock Broking Co. Pvt. Ltd.,15,527.7,7915.5,2025-08-06 14:40:01.202972
2025-08-06,15092,2025080603014460,KSBBL,Neev Securities Pvt. Ltd.,Imperial Securities Company Pvt. Ltd.,44,527.7,23218.8,2025-08-06 14:40:04.380961
2025-08-06,14959,2025080603014484,KSBBL,Linch Stock Market Ltd.,Trisul Securities & Invt. Ltd.,1,518.0,518.0,2025-08-06 14:40:16.611325
2025-08-06,14790,2025080603014523,KSBBL,Neev Securities Pvt. Ltd.,Nepal Stock House (PVT) Ltd.,100,527.7,52770.0,2025-08-06 14:40:31.885551
2025-08-06,14161,2025080603014662,KSBBL,Vision Securities Pvt. Ltd,Himalayan Brokerage Company Limited,500,528.0,264000.0,2025-08-06 14:41:34.927949
2025-08-06,12932,2025080603014910,KSBBL,Vision Securities Pvt. Ltd,K.B.L. Securities Limited ,500,528.0,264000.0,2025-08-06 14:44:09.949015
2025-08-06,12931,2025080603014911,KSBBL,Naasa Securities Co. Ltd.,K.B.L. Securities Limited ,100,528.0,52800.0,2025-08-06 14:44:09.949388
2025-08-06,12930,2025080603014912,KSBBL,Cristal Kanchanjanga Securites Pvt. Ltd.,K.B.L. Securities Limited ,200,528.0,105600.0,2025-08-06 14:44:09.949610
2025-08-06,12929,2025080603014913,KSBBL,Neev Securities Pvt. Ltd.,K.B.L. Securities Limited ,200,527.7,105540.0,2025-08-06 14:44:09.949832
2025-08-06,12005,2025080603015178,KSBBL,Neev Securities Pvt. Ltd.,Online Securities Pvt. Ltd.,500,527.7,263850.0,2025-08-06 14:45:38.261107
2025-08-06,11832,2025080603015204,KSBBL,Neev Securities Pvt. Ltd.,Malla & Malla Stock Broking Company Pvt. Limited,141,527.7,74405.7,2025-08-06 14:45:57.926349
2025-08-06,11831,2025080603015205,KSBBL,Sharepro Securities Private Limited,Malla & Malla Stock Broking Company Pvt. Limited,353,527.2,186101.6,2025-08-06 14:45:57.926689
2025-08-06,11661,2025080603015261,KSBBL,Sharepro Securities Private Limited,Naasa Securities Co. Ltd.,700,527.2,369040.0,2025-08-06 14:46:18.040638
2025-08-06,10918,2025080603015410,KSBBL,Cristal Kanchanjanga Securites Pvt. Ltd.,Secured Securities Ltd.,20,527.3,10546.0,2025-08-06 14:47:38.520323
2025-08-06,10917,2025080603015411,KSBBL,Sharepro Securities Private Limited,Secured Securities Ltd.,480,527.2,253056.0,2025-08-06 14:47:38.520513
2025-08-06,10765,2025080603015448,KSBBL,Sharepro Securities Private Limited,Naasa Securities Co. Ltd.,82,527.2,43230.4,2025-08-06 14:47:52.341329
2025-08-06,10362,2025080603015542,KSBBL,Sharepro Securities Private Limited,Nepal Investment And Securities Trading Private Limited,385,527.2,202972.0,2025-08-06 14:48:29.287667
2025-08-06,10361,2025080603015543,KSBBL,Sharepro Securities Private Limited,Nepal Investment And Securities Trading Private Limited,65,527.1,34261.5,2025-08-06 14:48:29.287765
2025-08-06,10360,2025080603015544,KSBBL,Malla & Malla Stock Broking Company Pvt. Limited,Nepal Investment And Securities Trading Private Limited,25,527.0,13175.0,2025-08-06 14:48:29.287847
2025-08-06,10359,2025080603015545,KSBBL,Aryatara Investment & Securities,Nepal Investment And Securities Trading Private Limited,500,527.0,263500.0,2025-08-06 14:48:29.287914
2025-08-06,10358,2025080603015546,KSBBL,Agrawal Securities (PVT) Ltd.,Nepal Investment And Securities Trading Private Limited,10,526.1,5261.0,2025-08-06 14:48:29.287988
2025-08-06,10357,2025080603015547,KSBBL,Midas Stock Broking Company Private Limited,Nepal Investment And Securities Trading Private Limited,15,526.1,7891.5,2025-08-06 14:48:29.288090
2025-08-06,10029,2025080603015586,KSBBL,Midas Stock Broking Company Private Limited,Neev Securities Pvt. Ltd.,185,526.1,97328.5,2025-08-06 14:48:56.785954
2025-08-06,10028,2025080603015587,KSBBL,Dynamic Money Managers Securities Pvt. Ltd.,Neev Securities Pvt. Ltd.,16,526.1,8417.6,2025-08-06 14:48:56.786133
2025-08-06,9191,2025080603015746,KSBBL,Nagarik Stock Dealer ,Aryatara Investment & Securities,500,526.2,263100.0,2025-08-06 14:49:58.992581
2025-08-06,9036,2025080603015777,KSBBL,Shree Krishna Securities Ltd.,Naasa Securities Co. Ltd.,55,528.0,29040.0,2025-08-06 14:50:12.670374
2025-08-06,9035,2025080603015778,KSBBL,Shree Krishna Securities Ltd.,Nepal Stock House (PVT) Ltd.,10,529.2,5292.0,2025-08-06 14:50:12.670418
2025-08-06,8531,2025080603015892,KSBBL,Dynamic Money Managers Securities Pvt. Ltd.,Naasa Securities Co. Ltd.,484,526.1,254632.4,2025-08-06 14:50:56.569989
2025-08-06,8530,2025080603015893,KSBBL,Online Securities Pvt. Ltd.,Naasa Securities Co. Ltd.,16,526.1,8417.6,2025-08-06 14:50:56.570178
2025-08-06,7653,2025080603016066,KSBBL,Shree Krishna Securities Ltd.,Sani Securities Company Ltd.,10,527.9,5279.0,2025-08-06 14:52:12.448320
2025-08-06,6546,2025080603016373,KSBBL,Aryatara Investment & Securities,Sani Securities Company Ltd.,476,527.9,251280.4,2025-08-06 14:53:58.014585
2025-08-06,6545,2025080603016374,KSBBL,Aryatara Investment & Securities,Secured Securities Ltd.,24,528.0,12672.0,2025-08-06 14:53:58.014749
2025-08-06,5977,2025080603016510,KSBBL,Siprabi Securities Pvt. Ltd.,Thrive Brokerage House Pvt. Ltd,50,527.0,26350.0,2025-08-06 14:54:48.592719
2025-08-06,5976,2025080603016511,KSBBL,Trishakti Securities Public Limited,Thrive Brokerage House Pvt. Ltd,100,527.0,52700.0,2025-08-06 14:54:48.592911
2025-08-06,5975,2025080603016512,KSBBL,Kalika Securities Pvt. Ltd.,Thrive Brokerage House Pvt. Ltd,40,526.2,21048.0,2025-08-06 14:54:48.592995
2025-08-06,5974,2025080603016513,KSBBL,Kohinoor Investment & Securities Pvt. Ltd.,Thrive Brokerage House Pvt. Ltd,50,526.2,26310.0,2025-08-06 14:54:48.593077
2025-08-06,5973,2025080603016514,KSBBL,Online Securities Pvt. Ltd.,Thrive Brokerage House Pvt. Ltd,79,526.1,41561.9,2025-08-06 14:54:48.593154
2025-08-06,5972,2025080603016515,KSBBL,Linch Stock Market Ltd.,Thrive Brokerage House Pvt. Ltd,17,526.1,8943.7,2025-08-06 14:54:48.593228
2025-08-06,5971,2025080603016516,KSBBL,Naasa Securities Co. Ltd.,Thrive Brokerage House Pvt. Ltd,64,526.0,33664.0,2025-08-06 14:54:48.593305
2025-08-06,4627,2025080603016803,KSBBL,Himalayan Brokerage Company Limited,Sri Hari Securities Pvt. Ltd.,50,527.0,26350.0,2025-08-06 14:56:23.308337
2025-08-06,4197,2025080603016930,KSBBL,Sewa Securities Pvt. Ltd.,Linch Stock Market Ltd.,25,526.1,13152.5,2025-08-06 14:56:58.990411
2025-08-06,4196,2025080603016931,KSBBL,Naasa Securities Co. Ltd.,Linch Stock Market Ltd.,281,526.0,147806.0,2025-08-06 14:56:58.990772
2025-08-06,4195,2025080603016932,KSBBL,Naasa Securities Co. Ltd.,Linch Stock Market Ltd.,100,526.0,52600.0,2025-08-06 14:56:58.991018
2025-08-06,3390,2025080603017090,KSBBL,Sharepro Securities Private Limited,Naasa Securities Co. Ltd.,10,525.9,5259.0,2025-08-06 14:57:47.450034
2025-08-06,3385,2025080603017092,KSBBL,Naasa Securities Co. Ltd.,Linch Stock Market Ltd.,94,526.0,49444.0,2025-08-06 14:57:47.980842
2025-08-06,3384,2025080603017093,KSBBL,Naasa Securities Co. Ltd.,Linch Stock Market Ltd.,500,526.0,263000.0,2025-08-06 14:57:47.981017
2025-08-06,3334,2025080603017099,KSBBL,Sharepro Securities Private Limited,Dipshikha Dhitopatra Karobar Co. Pvt Ltd.,200,525.9,105180.0,2025-08-06 14:57:51.233482
2025-08-06,2772,2025080603017232,KSBBL,Pragyan Securities (PVT) Ltd.,Sri Hari Securities Pvt. Ltd.,70,527.0,36890.0,2025-08-06 14:58:21.056633
2025-08-06,2677,2025080603017244,KSBBL,Dipshikha Dhitopatra Karobar Co. Pvt Ltd.,Sundhara Securities Limited,20,526.0,10520.0,2025-08-06 14:58:23.834869
2025-08-06,2578,2025080603017257,KSBBL,Sumeru Securities Pvt. Ltd.,Sundhara Securities Limited,50,526.0,26300.0,2025-08-06 14:58:28.889294
2025-08-06,2486,2025080603017279,KSBBL,Linch Stock Market Ltd.,Sundhara Securities Limited,103,526.0,54178.0,2025-08-06 14:58:33.100990
2025-08-06,2485,2025080603017280,KSBBL,Linch Stock Market Ltd.,Linch Stock Market Ltd.,100,526.0,52600.0,2025-08-06 14:58:33.101195
2025-08-06,2049,2025080603017359,KSBBL,Kalika Securities Pvt. Ltd.,Vision Securities Pvt. Ltd,50,526.2,26310.0,2025-08-06 14:58:53.623948
2025-08-06,2018,2025080603017365,KSBBL,Linch Stock Market Ltd.,Sharepro Securities Private Limited,197,526.0,103622.0,2025-08-06 14:58:54.496534
2025-08-06,2017,2025080603017366,KSBBL,Sharepro Securities Private Limited,Sharepro Securities Private Limited,103,525.9,54167.7,2025-08-06 14:58:54.496885
2025-08-06,1490,2025080603017480,KSBBL,Sharepro Securities Private Limited,Aryatara Investment & Securities,187,525.9,98343.3,2025-08-06 14:59:16.882163
2025-08-06,1489,2025080603017481,KSBBL,Creative Securities Pvt Ltd,Aryatara Investment & Securities,500,525.9,262950.0,2025-08-06 14:59:16.882345
2025-08-06,1488,2025080603017482,KSBBL,Midas Stock Broking Company Private Limited,Aryatara Investment & Securities,500,525.8,262900.0,2025-08-06 14:59:16.882423
2025-08-06,1487,2025080603017483,KSBBL,Pragyan Securities (PVT) Ltd.,Aryatara Investment & Securities,250,525.8,131450.0,2025-08-06 14:59:16.882501
2025-08-06,1486,2025080603017484,KSBBL,Secured Securities Ltd.,Aryatara Investment & Securities,63,525.7,33119.1,2025-08-06 14:59:16.882571
2025-08-06,1041,2025080603017553,KSBBL,Agrawal Securities (PVT) Ltd.,Vision Securities Pvt. Ltd,50,526.2,26310.0,2025-08-06 14:59:30.538073
2025-08-06,1040,2025080603017554,KSBBL,Agrawal Securities (PVT) Ltd.,Sri Hari Securities Pvt. Ltd.,43,527.0,22661.0,2025-08-06 14:59:30.538231
2025-08-06,1039,2025080603017555,KSBBL,Agrawal Securities (PVT) Ltd.,Midas Stock Broking Company Private Limited,53,527.8,27973.4,2025-08-06 14:59:30.538309
2025-08-06,1038,2025080603017556,KSBBL,Agrawal Securities (PVT) Ltd.,K.B.L. Securities Limited ,200,527.9,105580.0,2025-08-06 14:59:30.538381
2025-08-06,1037,2025080603017557,KSBBL,Agrawal Securities (PVT) Ltd.,Secured Securities Ltd.,476,528.0,251328.0,2025-08-06 14:59:30.538451
2025-08-06,764,2025080603017614,KSBBL,Agrawal Securities (PVT) Ltd.,Nepal Stock House (PVT) Ltd.,140,529.0,74060.0,2025-08-06 14:59:39.967101
2025-08-06,584,2025080603017646,KSBBL,Agrawal Securities (PVT) Ltd.,Premier Securities Company Ltd.,342,529.0,180918.0,2025-08-06 14:59:46.255387
2025-08-06,529,2025080603017660,KSBBL,Property Wiard Limited,Oxford Securities Pvt. Ltd.,300,529.9,158970.0,2025-08-06 14:59:48.076125
