Date,S.N.,Contract ID,Symbol,Buyer Broker,Seller Broker,volume,rate,amount,transaction_time
2025-08-06,90774,2025080605000932,NYADI,Aryatara Investment & Securities,Linch Stock Market Ltd.,10,435.0,4350.0,2025-08-06 11:07:05.919373
2025-08-06,90450,2025080605001065,NYADI,Naasa Securities Co. Ltd.,Thrive Brokerage House Pvt. Ltd,10,434.5,4345.0,2025-08-06 11:08:01.324771
2025-08-06,90437,2025080605001073,NYADI,Naasa Securities Co. Ltd.,Aryatara Investment & Securities,10,434.5,4345.0,2025-08-06 11:08:02.207904
2025-08-06,90076,2025080605001217,NYADI,Kohinoor Investment & Securities Pvt. Ltd.,Aryatara Investment & Securities,10,443.0,4430.0,2025-08-06 11:09:04.857497
2025-08-06,90075,2025080605001218,NYADI,Kohinoor Investment & Securities Pvt. Ltd.,Dipshikha Dhitopatra Karobar Co. Pvt Ltd.,10,445.0,4450.0,2025-08-06 11:09:04.857608
2025-08-06,87891,2025080605002048,NYADI,Sani Securities Company Ltd.,Opal Securities Investment (PVT) Ltd.,10,445.0,4450.0,2025-08-06 11:13:44.580849
2025-08-06,85728,2025080605002854,NYADI,Naasa Securities Co. Ltd.,Asian Securities Private Ltd.,10,442.0,4420.0,2025-08-06 11:19:21.445021
2025-08-06,84412,2025080605003319,NYADI,Naasa Securities Co. Ltd.,Sundhara Securities Limited,31,437.5,13562.5,2025-08-06 11:23:11.961153
2025-08-06,84181,2025080605003428,NYADI,INDEX SECURITIES LIMITED,Sundhara Securities Limited,109,437.5,47687.5,2025-08-06 11:23:50.588003
2025-08-06,84058,2025080605003486,NYADI,Imperial Securities Company Pvt. Ltd.,Arun Securities (PVT) Ltd.,10,437.0,4370.0,2025-08-06 11:24:05.947418
2025-08-06,80591,2025080605004784,NYADI,Imperial Securities Company Pvt. Ltd.,Swarna Laxmi Securities Pvt. Ltd.,90,437.0,39330.0,2025-08-06 11:32:54.001741
2025-08-06,80590,2025080605004785,NYADI,Naasa Securities Co. Ltd.,Swarna Laxmi Securities Pvt. Ltd.,20,437.0,8740.0,2025-08-06 11:32:54.001835
2025-08-06,80589,2025080605004786,NYADI,Sani Securities Company Ltd.,Swarna Laxmi Securities Pvt. Ltd.,10,435.0,4350.0,2025-08-06 11:32:54.001878
2025-08-06,80588,2025080605004787,NYADI,Sani Securities Company Ltd.,Swarna Laxmi Securities Pvt. Ltd.,400,435.0,174000.0,2025-08-06 11:32:54.001913
2025-08-06,80587,2025080605004788,NYADI,Dakshinkali Investment & Securities Pvt. Ltd.,Swarna Laxmi Securities Pvt. Ltd.,90,434.0,39060.0,2025-08-06 11:32:54.001949
2025-08-06,80586,2025080605004789,NYADI,Imperial Securities Company Pvt. Ltd.,Swarna Laxmi Securities Pvt. Ltd.,300,432.5,129750.0,2025-08-06 11:32:54.001983
2025-08-06,80585,2025080605004790,NYADI,Sani Securities Company Ltd.,Swarna Laxmi Securities Pvt. Ltd.,200,432.2,86440.0,2025-08-06 11:32:54.002026
2025-08-06,80584,2025080605004791,NYADI,Imperial Securities Company Pvt. Ltd.,Swarna Laxmi Securities Pvt. Ltd.,290,432.1,125309.0,2025-08-06 11:32:54.002062
2025-08-06,78657,2025080605005478,NYADI,Sani Securities Company Ltd.,Sani Securities Company Ltd.,10,435.0,4350.0,2025-08-06 11:38:46.098523
2025-08-06,78430,2025080605005545,NYADI,Arun Securities (PVT) Ltd.,Sani Securities Company Ltd.,140,435.0,60900.0,2025-08-06 11:39:24.719473
2025-08-06,75886,2025080605006522,NYADI,Sani Securities Company Ltd.,Dipshikha Dhitopatra Karobar Co. Pvt Ltd.,10,435.0,4350.0,2025-08-06 11:46:48.053180
2025-08-06,74523,2025080605007040,NYADI,Himalayan Securities Limited,Nepal Investment And Securities Trading Private Limited,10,439.9,4399.0,2025-08-06 11:51:09.264965
2025-08-06,73651,2025080605007340,NYADI,Sundhara Securities Limited,Sumeru Securities Pvt. Ltd.,22,437.3,9620.6,2025-08-06 11:53:06.983120
2025-08-06,70271,2025080605008315,NYADI,Imperial Securities Company Pvt. Ltd.,Naasa Securities Co. Ltd.,10,435.1,4351.0,2025-08-06 11:59:39.855244
2025-08-06,70270,2025080605008316,NYADI,Sani Securities Company Ltd.,Naasa Securities Co. Ltd.,100,435.0,43500.0,2025-08-06 11:59:39.855473
2025-08-06,70269,2025080605008317,NYADI,Premier Securities Company Ltd.,Naasa Securities Co. Ltd.,30,435.0,13050.0,2025-08-06 11:59:39.855588
2025-08-06,70268,2025080605008318,NYADI,Global IME Securities Limited,Naasa Securities Co. Ltd.,345,432.5,149212.5,2025-08-06 11:59:39.855707
2025-08-06,69945,2025080605008460,NYADI,Naasa Securities Co. Ltd.,Naasa Securities Co. Ltd.,110,432.3,47553.0,2025-08-06 12:00:16.320912
2025-08-06,69885,2025080605008476,NYADI,Sundhara Securities Limited,Naasa Securities Co. Ltd.,33,432.3,14265.9,2025-08-06 12:00:30.271059
2025-08-06,69678,2025080605008544,NYADI,Trademow Securities Private Limited,Naasa Securities Co. Ltd.,372,432.3,160815.6,2025-08-06 12:01:02.474373
2025-08-06,68590,2025080605008931,NYADI,Blue Chip Securities Ltd,Kohinoor Investment & Securities Pvt. Ltd.,10,433.0,4330.0,2025-08-06 12:03:50.624374
2025-08-06,67284,2025080605009384,NYADI,Shree Krishna Securities Ltd.,Naasa Securities Co. Ltd.,100,433.1,43310.0,2025-08-06 12:07:46.584645
2025-08-06,67283,2025080605009385,NYADI,Premier Securities Company Ltd.,Naasa Securities Co. Ltd.,50,433.0,21650.0,2025-08-06 12:07:46.584866
2025-08-06,67282,2025080605009386,NYADI,Aryatara Investment & Securities,Naasa Securities Co. Ltd.,50,433.0,21650.0,2025-08-06 12:07:46.584995
2025-08-06,67281,2025080605009387,NYADI,Dipshikha Dhitopatra Karobar Co. Pvt Ltd.,Naasa Securities Co. Ltd.,100,433.0,43300.0,2025-08-06 12:07:46.585116
2025-08-06,66809,2025080605009569,NYADI,Himalayan Securities Limited,Bhrikuti Stock Broking Co. Pvt. Ltd.,10,437.0,4370.0,2025-08-06 12:09:21.709323
2025-08-06,65667,2025080605010018,NYADI,Naasa Securities Co. Ltd.,Shree Krishna Securities Ltd.,10,435.0,4350.0,2025-08-06 12:13:18.109596
2025-08-06,65294,2025080605010168,NYADI,Dipshikha Dhitopatra Karobar Co. Pvt Ltd.,Kumari Securities Private Limited,10,433.0,4330.0,2025-08-06 12:14:47.464481
2025-08-06,63815,2025080605010782,NYADI,Dipshikha Dhitopatra Karobar Co. Pvt Ltd.,Sani Securities Company Ltd.,140,433.0,60620.0,2025-08-06 12:18:59.239339
2025-08-06,63814,2025080605010783,NYADI,Oxford Securities Pvt. Ltd.,Sani Securities Company Ltd.,75,433.0,32475.0,2025-08-06 12:18:59.239519
2025-08-06,63813,2025080605010784,NYADI,Midas Stock Broking Company Private Limited,Sani Securities Company Ltd.,13,433.0,5629.0,2025-08-06 12:18:59.239581
2025-08-06,63620,2025080605010858,NYADI,Trademow Securities Private Limited,Oxford Securities Pvt. Ltd.,10,433.0,4330.0,2025-08-06 12:19:46.086044
2025-08-06,62839,2025080605011114,NYADI,Blue Chip Securities Ltd,Creative Securities Pvt Ltd,10,432.5,4325.0,2025-08-06 12:22:35.943291
2025-08-06,62632,2025080605011196,NYADI,Sumeru Securities Pvt. Ltd.,Naasa Securities Co. Ltd.,10,432.2,4322.0,2025-08-06 12:23:15.735024
2025-08-06,62435,2025080605011267,NYADI,Linch Stock Market Ltd.,Imperial Securities Company Pvt. Ltd.,10,432.5,4325.0,2025-08-06 12:23:53.684672
2025-08-06,62053,2025080605011381,NYADI,Sumeru Securities Pvt. Ltd.,J.F. Securites (PVT) Ltd.,40,432.2,17288.0,2025-08-06 12:25:18.162072
2025-08-06,62052,2025080605011382,NYADI,Neev Securities Pvt. Ltd.,J.F. Securites (PVT) Ltd.,100,432.1,43210.0,2025-08-06 12:25:18.162120
2025-08-06,62051,2025080605011383,NYADI,Linch Stock Market Ltd.,J.F. Securites (PVT) Ltd.,40,432.1,17284.0,2025-08-06 12:25:18.162149
2025-08-06,62050,2025080605011384,NYADI,Linch Stock Market Ltd.,J.F. Securites (PVT) Ltd.,50,432.0,21600.0,2025-08-06 12:25:18.162197
2025-08-06,62049,2025080605011385,NYADI,Imperial Securities Company Pvt. Ltd.,J.F. Securites (PVT) Ltd.,730,432.0,315360.0,2025-08-06 12:25:18.162230
2025-08-06,62048,2025080605011386,NYADI,Hatemalo Financial Services Private Limited,J.F. Securites (PVT) Ltd.,20,432.0,8640.0,2025-08-06 12:25:18.162257
2025-08-06,62047,2025080605011387,NYADI,Nepal Stock House (PVT) Ltd.,J.F. Securites (PVT) Ltd.,100,432.0,43200.0,2025-08-06 12:25:18.162284
2025-08-06,62046,2025080605011388,NYADI,Naasa Securities Co. Ltd.,J.F. Securites (PVT) Ltd.,10,432.0,4320.0,2025-08-06 12:25:18.162310
2025-08-06,62045,2025080605011389,NYADI,Online Securities Pvt. Ltd.,J.F. Securites (PVT) Ltd.,10,432.0,4320.0,2025-08-06 12:25:18.162341
2025-08-06,62044,2025080605011390,NYADI,ABC Securities Private Limited,J.F. Securites (PVT) Ltd.,10,432.0,4320.0,2025-08-06 12:25:18.162367
2025-08-06,62043,2025080605011391,NYADI,Kohinoor Investment & Securities Pvt. Ltd.,J.F. Securites (PVT) Ltd.,490,432.0,211680.0,2025-08-06 12:25:18.162394
2025-08-06,61297,2025080605011617,NYADI,Trademow Securities Private Limited,Online Securities Pvt. Ltd.,10,433.0,4330.0,2025-08-06 12:27:36.624787
2025-08-06,60904,2025080605011779,NYADI,Trademow Securities Private Limited,Dipshikha Dhitopatra Karobar Co. Pvt Ltd.,100,433.0,43300.0,2025-08-06 12:28:57.886996
2025-08-06,58726,2025080605012613,NYADI,Secured Securities Ltd.,J.F. Securites (PVT) Ltd.,200,433.0,86600.0,2025-08-06 12:36:50.629206
2025-08-06,58380,2025080605012776,NYADI,Trademow Securities Private Limited,Online Securities Pvt. Ltd.,10,433.0,4330.0,2025-08-06 12:38:22.697401
2025-08-06,57686,2025080605013113,NYADI,Neev Securities Pvt. Ltd.,Dipshikha Dhitopatra Karobar Co. Pvt Ltd.,10,432.1,4321.0,2025-08-06 12:40:52.006850
2025-08-06,57223,2025080605013280,NYADI,Cristal Kanchanjanga Securites Pvt. Ltd.,Dynamic Money Managers Securities Pvt. Ltd.,200,432.2,86440.0,2025-08-06 12:42:30.625497
2025-08-06,56891,2025080605013397,NYADI,Cristal Kanchanjanga Securites Pvt. Ltd.,Naasa Securities Co. Ltd.,10,432.2,4322.0,2025-08-06 12:43:35.594003
2025-08-06,56148,2025080605013646,NYADI,Kohinoor Investment & Securities Pvt. Ltd.,Nepal Stock House (PVT) Ltd.,10,435.8,4358.0,2025-08-06 12:45:41.380216
2025-08-06,56047,2025080605013685,NYADI,Cristal Kanchanjanga Securites Pvt. Ltd.,Aryatara Investment & Securities,51,432.2,22042.2,2025-08-06 12:46:05.253853
2025-08-06,55850,2025080605013763,NYADI,Cristal Kanchanjanga Securites Pvt. Ltd.,Dynamic Money Managers Securities Pvt. Ltd.,30,432.2,12966.0,2025-08-06 12:46:50.678506
2025-08-06,53078,2025080605014623,NYADI,Himalayan Securities Limited,ABC Securities Private Limited,10,435.0,4350.0,2025-08-06 12:54:48.837013
2025-08-06,52978,2025080605014649,NYADI,Cristal Kanchanjanga Securites Pvt. Ltd.,Malla & Malla Stock Broking Company Pvt. Limited,10,432.2,4322.0,2025-08-06 12:55:00.330165
2025-08-06,52641,2025080605014772,NYADI,Imperial Securities Company Pvt. Ltd.,Dynamic Money Managers Securities Pvt. Ltd.,30,433.0,12990.0,2025-08-06 12:55:51.336758
2025-08-06,51933,2025080605015041,NYADI,Arun Securities (PVT) Ltd.,J.F. Securites (PVT) Ltd.,100,435.9,43590.0,2025-08-06 12:57:49.686148
2025-08-06,50870,2025080605015346,NYADI,Vision Securities Pvt. Ltd,Citizens Share Broker Limited,10,433.4,4334.0,2025-08-06 13:00:02.510321
2025-08-06,49191,2025080605015851,NYADI,Agrawal Securities (PVT) Ltd.,NIMB Stock Markets Limited,50,433.5,21675.0,2025-08-06 13:04:05.078839
2025-08-06,49190,2025080605015852,NYADI,Vision Securities Pvt. Ltd,NIMB Stock Markets Limited,70,433.4,30338.0,2025-08-06 13:04:05.078933
2025-08-06,48053,2025080605016195,NYADI,Vision Securities Pvt. Ltd,Dynamic Money Managers Securities Pvt. Ltd.,30,433.4,13002.0,2025-08-06 13:06:59.036511
2025-08-06,47227,2025080605016421,NYADI,Arun Securities (PVT) Ltd.,Premier Securities Company Ltd.,10,436.0,4360.0,2025-08-06 13:09:11.056729
2025-08-06,46381,2025080605016717,NYADI,Naasa Securities Co. Ltd.,Sani Securities Company Ltd.,10,436.0,4360.0,2025-08-06 13:11:37.304229
2025-08-06,45800,2025080605016959,NYADI,Naasa Securities Co. Ltd.,Online Securities Pvt. Ltd.,10,436.0,4360.0,2025-08-06 13:13:02.768830
2025-08-06,45271,2025080605017177,NYADI,Arun Securities (PVT) Ltd.,Bhrikuti Stock Broking Co. Pvt. Ltd.,20,437.0,8740.0,2025-08-06 13:14:12.877535
2025-08-06,45270,2025080605017178,NYADI,Arun Securities (PVT) Ltd.,Kohinoor Investment & Securities Pvt. Ltd.,20,437.0,8740.0,2025-08-06 13:14:12.877668
2025-08-06,45269,2025080605017179,NYADI,Arun Securities (PVT) Ltd.,South Asian Bulls Pvt. Ltd.,20,437.0,8740.0,2025-08-06 13:14:12.877721
2025-08-06,45268,2025080605017180,NYADI,Arun Securities (PVT) Ltd.,Naasa Securities Co. Ltd.,10,437.0,4370.0,2025-08-06 13:14:12.877772
2025-08-06,45178,2025080605017220,NYADI,Thrive Brokerage House Pvt. Ltd,J.F. Securites (PVT) Ltd.,20,437.2,8744.0,2025-08-06 13:14:24.660359
2025-08-06,45177,2025080605017221,NYADI,Thrive Brokerage House Pvt. Ltd,Dipshikha Dhitopatra Karobar Co. Pvt Ltd.,10,437.3,4373.0,2025-08-06 13:14:24.660547
2025-08-06,45176,2025080605017222,NYADI,Thrive Brokerage House Pvt. Ltd,Oxford Securities Pvt. Ltd.,10,437.9,4379.0,2025-08-06 13:14:24.660618
2025-08-06,45139,2025080605017240,NYADI,Thrive Brokerage House Pvt. Ltd,Malla & Malla Stock Broking Company Pvt. Limited,370,438.0,162060.0,2025-08-06 13:14:28.458485
2025-08-06,44023,2025080605017626,NYADI,Blue Chip Securities Ltd,Asian Securities Private Ltd.,2,432.5,865.0,2025-08-06 13:17:26.509238
2025-08-06,43987,2025080605017636,NYADI,Sundhara Securities Limited,Malla & Malla Stock Broking Company Pvt. Limited,10,437.0,4370.0,2025-08-06 13:17:31.122156
2025-08-06,43889,2025080605017661,NYADI,Sundhara Securities Limited,Malla & Malla Stock Broking Company Pvt. Limited,10,437.0,4370.0,2025-08-06 13:17:46.091496
2025-08-06,43774,2025080605017684,NYADI,Sundhara Securities Limited,Malla & Malla Stock Broking Company Pvt. Limited,10,437.0,4370.0,2025-08-06 13:18:02.220239
2025-08-06,42778,2025080605017976,NYADI,Himalayan Brokerage Company Limited,Himalayan Brokerage Company Limited,1000,436.2,436200.0,2025-08-06 13:21:04.428107
2025-08-06,42671,2025080605017996,NYADI,Himalayan Brokerage Company Limited,Himalayan Brokerage Company Limited,1000,436.2,436200.0,2025-08-06 13:21:20.492498
2025-08-06,42551,2025080605018030,NYADI,Sundhara Securities Limited,Trisul Securities & Invt. Ltd.,10,436.1,4361.0,2025-08-06 13:21:46.289134
2025-08-06,41799,2025080605018280,NYADI,Imperial Securities Company Pvt. Ltd.,Malla & Malla Stock Broking Company Pvt. Limited,290,437.0,126730.0,2025-08-06 13:24:14.190985
2025-08-06,41798,2025080605018281,NYADI,Imperial Securities Company Pvt. Ltd.,Dipshikha Dhitopatra Karobar Co. Pvt Ltd.,300,437.0,131100.0,2025-08-06 13:24:14.191287
2025-08-06,37310,2025080605020052,NYADI,Sani Securities Company Ltd.,Deevyaa Securities & Stock House Pvt. Ltd,10,439.6,4396.0,2025-08-06 13:37:19.807521
2025-08-06,37309,2025080605020053,NYADI,Sani Securities Company Ltd.,Online Securities Pvt. Ltd.,10,439.6,4396.0,2025-08-06 13:37:19.807671
2025-08-06,34002,2025080605021174,NYADI,Sumeru Securities Pvt. Ltd.,Nepal Investment And Securities Trading Private Limited,90,439.9,39591.0,2025-08-06 13:46:17.208183
2025-08-06,34001,2025080605021175,NYADI,Sumeru Securities Pvt. Ltd.,J.F. Securites (PVT) Ltd.,100,439.9,43990.0,2025-08-06 13:46:17.208328
2025-08-06,34000,2025080605021176,NYADI,Sumeru Securities Pvt. Ltd.,Citizens Share Broker Limited,10,440.0,4400.0,2025-08-06 13:46:17.208382
2025-08-06,33999,2025080605021177,NYADI,Sumeru Securities Pvt. Ltd.,Nepal Stock House (PVT) Ltd.,40,440.0,17600.0,2025-08-06 13:46:17.208436
2025-08-06,33998,2025080605021178,NYADI,Sumeru Securities Pvt. Ltd.,Sundhara Securities Limited,30,440.0,13200.0,2025-08-06 13:46:17.208485
2025-08-06,33997,2025080605021179,NYADI,Sumeru Securities Pvt. Ltd.,Asian Securities Private Ltd.,10,440.0,4400.0,2025-08-06 13:46:17.208534
2025-08-06,33996,2025080605021180,NYADI,Sumeru Securities Pvt. Ltd.,Sundhara Securities Limited,10,440.0,4400.0,2025-08-06 13:46:17.208584
2025-08-06,33995,2025080605021181,NYADI,Sumeru Securities Pvt. Ltd.,Shree Krishna Securities Ltd.,50,440.0,22000.0,2025-08-06 13:46:17.208634
2025-08-06,33994,2025080605021182,NYADI,Sumeru Securities Pvt. Ltd.,Dipshikha Dhitopatra Karobar Co. Pvt Ltd.,10,440.0,4400.0,2025-08-06 13:46:17.208683
2025-08-06,33993,2025080605021183,NYADI,Sumeru Securities Pvt. Ltd.,Deevyaa Securities & Stock House Pvt. Ltd,10,440.0,4400.0,2025-08-06 13:46:17.208732
2025-08-06,33992,2025080605021184,NYADI,Sumeru Securities Pvt. Ltd.,Sundhara Securities Limited,33,440.0,14520.0,2025-08-06 13:46:17.208779
2025-08-06,33991,2025080605021185,NYADI,Sumeru Securities Pvt. Ltd.,INDEX SECURITIES LIMITED,107,440.0,47080.0,2025-08-06 13:46:17.208839
2025-08-06,32031,2025080605021867,NYADI,Sani Securities Company Ltd.,J.F. Securites (PVT) Ltd.,80,439.6,35168.0,2025-08-06 13:51:29.210444
2025-08-06,29605,2025080605022724,NYADI,Hatemalo Financial Services Private Limited,Dipshikha Dhitopatra Karobar Co. Pvt Ltd.,28,437.0,12236.0,2025-08-06 13:56:22.374387
2025-08-06,29604,2025080605022725,NYADI,Sani Securities Company Ltd.,Dipshikha Dhitopatra Karobar Co. Pvt Ltd.,72,437.0,31464.0,2025-08-06 13:56:22.374631
2025-08-06,29602,2025080605022726,NYADI,Sani Securities Company Ltd.,Sundhara Securities Limited,30,437.0,13110.0,2025-08-06 13:56:22.537998
2025-08-06,29367,2025080605022819,NYADI,Sani Securities Company Ltd.,J.F. Securites (PVT) Ltd.,120,437.0,52440.0,2025-08-06 13:56:55.281753
2025-08-06,29067,2025080605022942,NYADI,Sumeru Securities Pvt. Ltd.,Sri Hari Securities Pvt. Ltd.,12,439.0,5268.0,2025-08-06 13:57:34.449088
2025-08-06,29024,2025080605022955,NYADI,Sani Securities Company Ltd.,J.F. Securites (PVT) Ltd.,178,437.0,77786.0,2025-08-06 13:57:41.620684
2025-08-06,29023,2025080605022956,NYADI,Kohinoor Investment & Securities Pvt. Ltd.,J.F. Securites (PVT) Ltd.,10,437.0,4370.0,2025-08-06 13:57:41.620825
2025-08-06,28892,2025080605022990,NYADI,Oxford Securities Pvt. Ltd.,J.F. Securites (PVT) Ltd.,22,437.0,9614.0,2025-08-06 13:58:01.778648
2025-08-06,27195,2025080605023563,NYADI,Oxford Securities Pvt. Ltd.,Dipshikha Dhitopatra Karobar Co. Pvt Ltd.,10,437.0,4370.0,2025-08-06 14:03:35.160627
2025-08-06,26779,2025080605023701,NYADI,Oxford Securities Pvt. Ltd.,Sani Securities Company Ltd.,10,437.0,4370.0,2025-08-06 14:04:55.769892
2025-08-06,26402,2025080605023854,NYADI,Oxford Securities Pvt. Ltd.,Online Securities Pvt. Ltd.,58,437.0,25346.0,2025-08-06 14:06:22.563524
2025-08-06,26401,2025080605023855,NYADI,Naasa Securities Co. Ltd.,Online Securities Pvt. Ltd.,42,437.0,18354.0,2025-08-06 14:06:22.563648
2025-08-06,24504,2025080605024577,NYADI,Naasa Securities Co. Ltd.,Capital Max Securities Ltd,38,437.0,16606.0,2025-08-06 14:13:04.051585
2025-08-06,24503,2025080605024578,NYADI,Investment Management Nepal Pvt. Ltd.,Capital Max Securities Ltd,30,437.0,13110.0,2025-08-06 14:13:04.051815
2025-08-06,24502,2025080605024579,NYADI,Sajilo Broker Limited,Capital Max Securities Ltd,32,437.0,13984.0,2025-08-06 14:13:04.051967
2025-08-06,24336,2025080605024633,NYADI,Imperial Securities Company Pvt. Ltd.,MILKY WAY SHARE BROKER COMPANY LTD ,380,438.0,166440.0,2025-08-06 14:13:31.383827
2025-08-06,23770,2025080605024848,NYADI,Vision Securities Pvt. Ltd,MILKY WAY SHARE BROKER COMPANY LTD ,10,438.0,4380.0,2025-08-06 14:15:37.248971
2025-08-06,23016,2025080605025096,NYADI,Sajilo Broker Limited,Naasa Securities Co. Ltd.,10,437.0,4370.0,2025-08-06 14:18:17.136469
2025-08-06,22675,2025080605025196,NYADI,Kohinoor Investment & Securities Pvt. Ltd.,MILKY WAY SHARE BROKER COMPANY LTD ,100,438.0,43800.0,2025-08-06 14:19:43.681202
2025-08-06,22213,2025080605025382,NYADI,Sajilo Broker Limited,Trisul Securities & Invt. Ltd.,10,437.0,4370.0,2025-08-06 14:21:12.868489
2025-08-06,22053,2025080605025438,NYADI,Sajilo Broker Limited,Naasa Securities Co. Ltd.,448,437.0,195776.0,2025-08-06 14:21:36.890527
2025-08-06,22052,2025080605025439,NYADI,Hatemalo Financial Services Private Limited,Naasa Securities Co. Ltd.,200,437.0,87400.0,2025-08-06 14:21:36.890760
2025-08-06,22051,2025080605025440,NYADI,Sani Securities Company Ltd.,Naasa Securities Co. Ltd.,688,436.2,300105.6,2025-08-06 14:21:36.890924
2025-08-06,22050,2025080605025441,NYADI,Naasa Securities Co. Ltd.,Naasa Securities Co. Ltd.,80,436.0,34880.0,2025-08-06 14:21:36.891070
2025-08-06,22049,2025080605025442,NYADI,Sani Securities Company Ltd.,Naasa Securities Co. Ltd.,200,436.0,87200.0,2025-08-06 14:21:36.891205
2025-08-06,22048,2025080605025443,NYADI,Online Securities Pvt. Ltd.,Naasa Securities Co. Ltd.,144,435.0,62640.0,2025-08-06 14:21:36.891371
2025-08-06,21632,2025080605025582,NYADI,Online Securities Pvt. Ltd.,INDEX SECURITIES LIMITED,156,435.0,67860.0,2025-08-06 14:22:52.929075
2025-08-06,21631,2025080605025583,NYADI,Premier Securities Company Ltd.,INDEX SECURITIES LIMITED,844,435.0,367140.0,2025-08-06 14:22:52.929206
2025-08-06,21298,2025080605025706,NYADI,Premier Securities Company Ltd.,Sajilo Broker Limited,156,435.0,67860.0,2025-08-06 14:23:50.699490
2025-08-06,21297,2025080605025707,NYADI,Imperial Securities Company Pvt. Ltd.,Sajilo Broker Limited,10,435.0,4350.0,2025-08-06 14:23:50.699554
2025-08-06,19585,2025080605026235,NYADI,Arun Securities (PVT) Ltd.,INDEX SECURITIES LIMITED,133,435.0,57855.0,2025-08-06 14:28:27.860909
2025-08-06,18537,2025080605026573,NYADI,Online Securities Pvt. Ltd.,Miyo Securities Pvt Ltd,10,434.0,4340.0,2025-08-06 14:31:31.461370
2025-08-06,18536,2025080605026574,NYADI,Kumari Securities Private Limited,Miyo Securities Pvt Ltd,100,434.0,43400.0,2025-08-06 14:31:31.461606
2025-08-06,18535,2025080605026575,NYADI,Aryatara Investment & Securities,Miyo Securities Pvt Ltd,40,433.5,17340.0,2025-08-06 14:31:31.461750
2025-08-06,18136,2025080605026702,NYADI,Citizens Share Broker Limited,Dipshikha Dhitopatra Karobar Co. Pvt Ltd.,10,434.9,4349.0,2025-08-06 14:32:43.208037
2025-08-06,18135,2025080605026703,NYADI,Citizens Share Broker Limited,Dynamic Money Managers Securities Pvt. Ltd.,10,435.0,4350.0,2025-08-06 14:32:43.208212
2025-08-06,18134,2025080605026704,NYADI,Citizens Share Broker Limited,INDEX SECURITIES LIMITED,111,435.0,48285.0,2025-08-06 14:32:43.208263
2025-08-06,16096,2025080605027384,NYADI,Aryatara Investment & Securities,Imperial Securities Company Pvt. Ltd.,298,433.5,129183.0,2025-08-06 14:38:01.475456
2025-08-06,13442,2025080605028348,NYADI,Aryatara Investment & Securities,Infinity Securities Limited,15,433.5,6502.5,2025-08-06 14:42:54.716054
2025-08-06,12830,2025080605028589,NYADI,Aryatara Investment & Securities,Trishakti Securities Public Limited,147,433.5,63724.5,2025-08-06 14:44:21.231641
2025-08-06,12829,2025080605028590,NYADI,Linch Stock Market Ltd.,Trishakti Securities Public Limited,150,433.5,65025.0,2025-08-06 14:44:21.231795
2025-08-06,12828,2025080605028591,NYADI,Naasa Securities Co. Ltd.,Trishakti Securities Public Limited,50,433.5,21675.0,2025-08-06 14:44:21.231859
2025-08-06,12827,2025080605028592,NYADI,Vision Securities Pvt. Ltd,Trishakti Securities Public Limited,90,433.4,39006.0,2025-08-06 14:44:21.231914
2025-08-06,12826,2025080605028593,NYADI,Investment Management Nepal Pvt. Ltd.,Trishakti Securities Public Limited,40,433.0,17320.0,2025-08-06 14:44:21.231965
2025-08-06,12825,2025080605028594,NYADI,Aryatara Investment & Securities,Trishakti Securities Public Limited,200,433.0,86600.0,2025-08-06 14:44:21.232013
2025-08-06,12824,2025080605028595,NYADI,Online Securities Pvt. Ltd.,Trishakti Securities Public Limited,100,433.0,43300.0,2025-08-06 14:44:21.232058
2025-08-06,12823,2025080605028596,NYADI,Imperial Securities Company Pvt. Ltd.,Trishakti Securities Public Limited,15,433.0,6495.0,2025-08-06 14:44:21.232103
2025-08-06,12822,2025080605028597,NYADI,Cristal Kanchanjanga Securites Pvt. Ltd.,Trishakti Securities Public Limited,99,432.2,42787.8,2025-08-06 14:44:21.232163
2025-08-06,12821,2025080605028598,NYADI,Aryatara Investment & Securities,Trishakti Securities Public Limited,109,432.2,47109.8,2025-08-06 14:44:21.232206
2025-08-06,12324,2025080605028743,NYADI,Agrawal Securities (PVT) Ltd.,Trishakti Securities Public Limited,50,434.0,21700.0,2025-08-06 14:45:07.564025
2025-08-06,12323,2025080605028744,NYADI,Aryatara Investment & Securities,Trishakti Securities Public Limited,191,432.2,82550.2,2025-08-06 14:45:07.564193
2025-08-06,12322,2025080605028745,NYADI,Neev Securities Pvt. Ltd.,Trishakti Securities Public Limited,10,432.1,4321.0,2025-08-06 14:45:07.564303
2025-08-06,12321,2025080605028746,NYADI,Kohinoor Investment & Securities Pvt. Ltd.,Trishakti Securities Public Limited,10,432.0,4320.0,2025-08-06 14:45:07.564404
2025-08-06,12320,2025080605028747,NYADI,Nepal Investment And Securities Trading Private Limited,Trishakti Securities Public Limited,239,432.0,103248.0,2025-08-06 14:45:07.564477
2025-08-06,12195,2025080605028783,NYADI,Citizens Share Broker Limited,Online Securities Pvt. Ltd.,10,435.0,4350.0,2025-08-06 14:45:19.526114
2025-08-06,12194,2025080605028784,NYADI,Citizens Share Broker Limited,INDEX SECURITIES LIMITED,20,435.0,8700.0,2025-08-06 14:45:19.526251
2025-08-06,11580,2025080605028964,NYADI,Arun Securities (PVT) Ltd.,Hatemalo Financial Services Private Limited,10,435.0,4350.0,2025-08-06 14:46:26.032270
2025-08-06,10729,2025080605029224,NYADI,Arun Securities (PVT) Ltd.,Siprabi Securities Pvt. Ltd.,96,435.0,41760.0,2025-08-06 14:47:55.550608
2025-08-06,9299,2025080605029759,NYADI,Nepal Investment And Securities Trading Private Limited,Dipshikha Dhitopatra Karobar Co. Pvt Ltd.,10,432.0,4320.0,2025-08-06 14:49:51.712757
2025-08-06,9028,2025080605029831,NYADI,Naasa Securities Co. Ltd.,Sani Securities Company Ltd.,10,432.0,4320.0,2025-08-06 14:50:13.568437
2025-08-06,9027,2025080605029832,NYADI,Sumeru Securities Pvt. Ltd.,Sani Securities Company Ltd.,20,431.0,8620.0,2025-08-06 14:50:13.568573
2025-08-06,9026,2025080605029833,NYADI,NIMB Stock Markets Limited,Sani Securities Company Ltd.,10,431.0,4310.0,2025-08-06 14:50:13.568620
2025-08-06,8298,2025080605030067,NYADI,NIMB Stock Markets Limited,Himalayan Brokerage Company Limited,110,431.0,47410.0,2025-08-06 14:51:12.873223
2025-08-06,8036,2025080605030178,NYADI,NIMB Stock Markets Limited,Naasa Securities Co. Ltd.,40,431.0,17240.0,2025-08-06 14:51:37.878254
2025-08-06,7699,2025080605030290,NYADI,Linch Stock Market Ltd.,Aryatara Investment & Securities,25,432.0,10800.0,2025-08-06 14:52:07.216397
2025-08-06,7470,2025080605030355,NYADI,NIMB Stock Markets Limited,Vision Securities Pvt. Ltd,40,431.0,17240.0,2025-08-06 14:52:32.134919
2025-08-06,7469,2025080605030356,NYADI,Secured Securities Ltd.,Vision Securities Pvt. Ltd,10,431.0,4310.0,2025-08-06 14:52:32.135075
2025-08-06,7468,2025080605030357,NYADI,Dakshinkali Investment & Securities Pvt. Ltd.,Vision Securities Pvt. Ltd,100,431.0,43100.0,2025-08-06 14:52:32.135142
2025-08-06,7467,2025080605030358,NYADI,Miyo Securities Pvt Ltd,Vision Securities Pvt. Ltd,100,430.0,43000.0,2025-08-06 14:52:32.135187
2025-08-06,7466,2025080605030359,NYADI,ABC Securities Private Limited,Vision Securities Pvt. Ltd,10,430.0,4300.0,2025-08-06 14:52:32.135232
2025-08-06,7465,2025080605030360,NYADI,Sweta Securities Private Limited,Vision Securities Pvt. Ltd,200,430.0,86000.0,2025-08-06 14:52:32.135276
2025-08-06,7464,2025080605030361,NYADI,Imperial Securities Company Pvt. Ltd.,Vision Securities Pvt. Ltd,10,430.0,4300.0,2025-08-06 14:52:32.135336
2025-08-06,7463,2025080605030362,NYADI,Aryatara Investment & Securities,Vision Securities Pvt. Ltd,30,430.0,12900.0,2025-08-06 14:52:32.135384
2025-08-06,7216,2025080605030439,NYADI,Aryatara Investment & Securities,Naasa Securities Co. Ltd.,20,430.0,8600.0,2025-08-06 14:52:55.016260
2025-08-06,7215,2025080605030440,NYADI,Aryatara Investment & Securities,Naasa Securities Co. Ltd.,20,430.0,8600.0,2025-08-06 14:52:55.016405
2025-08-06,6378,2025080605030692,NYADI,Swarna Laxmi Securities Pvt. Ltd.,Naasa Securities Co. Ltd.,30,430.1,12903.0,2025-08-06 14:54:11.034883
2025-08-06,6195,2025080605030763,NYADI,Sani Securities Company Ltd.,Himalayan Brokerage Company Limited,100,430.2,43020.0,2025-08-06 14:54:28.880216
2025-08-06,6194,2025080605030764,NYADI,Swarna Laxmi Securities Pvt. Ltd.,Himalayan Brokerage Company Limited,95,430.1,40859.5,2025-08-06 14:54:28.880475
2025-08-06,6193,2025080605030765,NYADI,Aryatara Investment & Securities,Himalayan Brokerage Company Limited,80,430.0,34400.0,2025-08-06 14:54:28.880617
2025-08-06,6192,2025080605030766,NYADI,Naasa Securities Co. Ltd.,Himalayan Brokerage Company Limited,10,430.0,4300.0,2025-08-06 14:54:28.880753
2025-08-06,6191,2025080605030767,NYADI,Sundhara Securities Limited,Himalayan Brokerage Company Limited,20,430.0,8600.0,2025-08-06 14:54:28.880894
2025-08-06,6190,2025080605030768,NYADI,Vision Securities Pvt. Ltd,Himalayan Brokerage Company Limited,300,430.0,129000.0,2025-08-06 14:54:28.881130
2025-08-06,6189,2025080605030769,NYADI,Vision Securities Pvt. Ltd,Himalayan Brokerage Company Limited,10,430.0,4300.0,2025-08-06 14:54:28.881305
2025-08-06,6130,2025080605030788,NYADI,Online Securities Pvt. Ltd.,Himalayan Brokerage Company Limited,50,430.0,21500.0,2025-08-06 14:54:34.440801
2025-08-06,5017,2025080605031155,NYADI,Opal Securities Investment (PVT) Ltd.,Sani Securities Company Ltd.,10,429.0,4290.0,2025-08-06 14:55:52.190955
2025-08-06,4814,2025080605031268,NYADI,South Asian Bulls Pvt. Ltd.,Stoxkarts Securities Limited,50,429.0,21450.0,2025-08-06 14:56:06.351493
2025-08-06,4813,2025080605031269,NYADI,Linch Stock Market Ltd.,Stoxkarts Securities Limited,50,429.0,21450.0,2025-08-06 14:56:06.351615
2025-08-06,4812,2025080605031270,NYADI,Dipshikha Dhitopatra Karobar Co. Pvt Ltd.,Stoxkarts Securities Limited,100,429.0,42900.0,2025-08-06 14:56:06.351675
2025-08-06,4606,2025080605031333,NYADI,Swarna Laxmi Securities Pvt. Ltd.,Stoxkarts Securities Limited,10,429.0,4290.0,2025-08-06 14:56:24.600618
2025-08-06,4605,2025080605031334,NYADI,Swarna Laxmi Securities Pvt. Ltd.,ABC Securities Private Limited,10,429.0,4290.0,2025-08-06 14:56:24.600738
2025-08-06,4345,2025080605031398,NYADI,Swarna Laxmi Securities Pvt. Ltd.,Stoxkarts Securities Limited,15,429.1,6436.5,2025-08-06 14:56:47.447107
2025-08-06,4344,2025080605031399,NYADI,Trishakti Securities Public Limited,Stoxkarts Securities Limited,200,429.0,85800.0,2025-08-06 14:56:47.447223
2025-08-06,3816,2025080605031553,NYADI,Thrive Brokerage House Pvt. Ltd,Stoxkarts Securities Limited,125,428.7,53587.5,2025-08-06 14:57:18.575298
2025-08-06,3815,2025080605031554,NYADI,Thrive Brokerage House Pvt. Ltd,Dipshikha Dhitopatra Karobar Co. Pvt Ltd.,20,429.5,8590.0,2025-08-06 14:57:18.575410
2025-08-06,3814,2025080605031555,NYADI,Thrive Brokerage House Pvt. Ltd,Himalayan Brokerage Company Limited,35,430.0,15050.0,2025-08-06 14:57:18.575460
2025-08-06,3593,2025080605031611,NYADI,Sani Securities Company Ltd.,INDEX SECURITIES LIMITED,10,428.6,4286.0,2025-08-06 14:57:37.269933
2025-08-06,2108,2025080605032135,NYADI,Dipshikha Dhitopatra Karobar Co. Pvt Ltd.,Aryatara Investment & Securities,1000,430.0,430000.0,2025-08-06 14:58:50.190191
2025-08-06,1479,2025080605032326,NYADI,Citizens Share Broker Limited,Aryatara Investment & Securities,404,430.0,173720.0,2025-08-06 14:59:17.290221
2025-08-06,1095,2025080605032484,NYADI,Trademow Securities Private Limited,Online Securities Pvt. Ltd.,20,430.0,8600.0,2025-08-06 14:59:29.498912
2025-08-06,871,2025080605032542,NYADI,Sundhara Securities Limited,Nepal Investment And Securities Trading Private Limited,20,431.0,8620.0,2025-08-06 14:59:36.464938
2025-08-06,561,2025080605032651,NYADI,Trademow Securities Private Limited,Nepal Investment And Securities Trading Private Limited,78,431.0,33618.0,2025-08-06 14:59:46.856836
2025-08-06,292,2025080605032757,NYADI,Dipshikha Dhitopatra Karobar Co. Pvt Ltd.,INDEX SECURITIES LIMITED,10,430.0,4300.0,2025-08-06 14:59:54.700053
