Date,S.N.,Contract ID,Symbol,Buyer Broker,Seller Broker,volume,rate,amount,transaction_time
2025-08-06,91332,2025080603000274,SAPDBL,Dipshikha Dhitopatra Karobar Co. Pvt Ltd.,Dakshinkali Investment & Securities Pvt. Ltd.,25,927.2,23180.0,2025-08-06 11:05:48.287978
2025-08-06,89685,2025080603000462,SAPDBL,Dipshikha Dhitopatra Karobar Co. Pvt Ltd.,Hatemalo Financial Services Private Limited,10,922.0,9220.0,2025-08-06 11:09:47.393966
2025-08-06,89156,2025080603000527,SAPDBL,Oxford Securities Pvt. Ltd.,Kalika Securities Pvt. Ltd.,60,923.0,55380.0,2025-08-06 11:11:03.071319
2025-08-06,89058,2025080603000534,SAPDBL,Dipshikha Dhitopatra Karobar Co. Pvt Ltd.,J.F. Securites (PVT) Ltd.,50,922.0,46100.0,2025-08-06 11:11:17.452368
2025-08-06,88545,2025080603000595,SAPDBL,Sani Securities Company Ltd.,Naasa Securities Co. Ltd.,10,923.0,9230.0,2025-08-06 11:12:17.697269
2025-08-06,86635,2025080603000868,SAPDBL,Dipshikha Dhitopatra Karobar Co. Pvt Ltd.,Nepal Stock House (PVT) Ltd.,200,923.9,184780.0,2025-08-06 11:16:52.997265
2025-08-06,86634,2025080603000869,SAPDBL,Online Securities Pvt. Ltd.,Nepal Stock House (PVT) Ltd.,10,923.8,9238.0,2025-08-06 11:16:52.997371
2025-08-06,86633,2025080603000870,SAPDBL,Vision Securities Pvt. Ltd,Nepal Stock House (PVT) Ltd.,10,923.7,9237.0,2025-08-06 11:16:52.997422
2025-08-06,86632,2025080603000871,SAPDBL,Vision Securities Pvt. Ltd,Nepal Stock House (PVT) Ltd.,10,923.6,9236.0,2025-08-06 11:16:52.997466
2025-08-06,85732,2025080603001027,SAPDBL,Linch Stock Market Ltd.,Kalika Securities Pvt. Ltd.,40,925.0,37000.0,2025-08-06 11:19:20.158968
2025-08-06,83695,2025080603001355,SAPDBL,Linch Stock Market Ltd.,Trisul Securities & Invt. Ltd.,10,930.0,9300.0,2025-08-06 11:24:59.785179
2025-08-06,83605,2025080603001366,SAPDBL,Trisul Securities & Invt. Ltd.,South Asian Bulls Pvt. Ltd.,100,927.0,92700.0,2025-08-06 11:25:18.651731
2025-08-06,82561,2025080603001550,SAPDBL,Trisul Securities & Invt. Ltd.,Nepal Investment And Securities Trading Private Limited,10,927.0,9270.0,2025-08-06 11:27:59.170338
2025-08-06,81899,2025080603001647,SAPDBL,Trisul Securities & Invt. Ltd.,Kohinoor Investment & Securities Pvt. Ltd.,150,927.0,139050.0,2025-08-06 11:29:34.723396
2025-08-06,81561,2025080603001718,SAPDBL,Sani Securities Company Ltd.,Sundhara Securities Limited,200,929.0,185800.0,2025-08-06 11:30:31.442771
2025-08-06,81389,2025080603001769,SAPDBL,Dipshikha Dhitopatra Karobar Co. Pvt Ltd.,Trisul Securities & Invt. Ltd.,65,930.0,60450.0,2025-08-06 11:30:56.879489
2025-08-06,81150,2025080603001807,SAPDBL,Sani Securities Company Ltd.,Online Securities Pvt. Ltd.,10,929.0,9290.0,2025-08-06 11:31:32.556967
2025-08-06,81149,2025080603001808,SAPDBL,Naasa Securities Co. Ltd.,Online Securities Pvt. Ltd.,35,929.0,32515.0,2025-08-06 11:31:32.557086
2025-08-06,81148,2025080603001809,SAPDBL,Dipshikha Dhitopatra Karobar Co. Pvt Ltd.,Online Securities Pvt. Ltd.,200,927.2,185440.0,2025-08-06 11:31:32.557134
2025-08-06,81017,2025080603001831,SAPDBL,Dipshikha Dhitopatra Karobar Co. Pvt Ltd.,Online Securities Pvt. Ltd.,55,927.2,50996.0,2025-08-06 11:31:53.474692
2025-08-06,80592,2025080603001910,SAPDBL,Trishakti Securities Public Limited,Sundhara Securities Limited,160,935.0,149600.0,2025-08-06 11:32:53.693433
2025-08-06,79242,2025080603002166,SAPDBL,Nepal Investment And Securities Trading Private Limited,J.F. Securites (PVT) Ltd.,70,934.0,65380.0,2025-08-06 11:36:56.182191
2025-08-06,79163,2025080603002172,SAPDBL,Midas Stock Broking Company Private Limited,Hatemalo Financial Services Private Limited,10,928.0,9280.0,2025-08-06 11:37:09.104677
2025-08-06,78969,2025080603002198,SAPDBL,Midas Stock Broking Company Private Limited,Asian Securities Private Ltd.,40,928.0,37120.0,2025-08-06 11:37:50.850555
2025-08-06,78810,2025080603002213,SAPDBL,Dipshikha Dhitopatra Karobar Co. Pvt Ltd.,Oxford Securities Pvt. Ltd.,200,927.5,185500.0,2025-08-06 11:38:19.858180
2025-08-06,78116,2025080603002325,SAPDBL,Deevyaa Securities & Stock House Pvt. Ltd,Bhrikuti Stock Broking Co. Pvt. Ltd.,10,927.4,9274.0,2025-08-06 11:40:12.197088
2025-08-06,78115,2025080603002326,SAPDBL,Trisul Securities & Invt. Ltd.,Bhrikuti Stock Broking Co. Pvt. Ltd.,40,927.0,37080.0,2025-08-06 11:40:12.197208
2025-08-06,77755,2025080603002358,SAPDBL,Trisul Securities & Invt. Ltd.,Oxford Securities Pvt. Ltd.,200,927.0,185400.0,2025-08-06 11:40:58.809321
2025-08-06,77482,2025080603002404,SAPDBL,Bhrikuti Stock Broking Co. Pvt. Ltd.,Asian Securities Private Ltd.,50,927.0,46350.0,2025-08-06 11:41:52.059739
2025-08-06,77306,2025080603002433,SAPDBL,Midas Stock Broking Company Private Limited,J.F. Securites (PVT) Ltd.,21,934.0,19614.0,2025-08-06 11:42:28.476839
2025-08-06,76595,2025080603002527,SAPDBL,Secured Securities Ltd.,Hatemalo Financial Services Private Limited,10,928.0,9280.0,2025-08-06 11:44:58.358098
2025-08-06,74838,2025080603002843,SAPDBL,Naasa Securities Co. Ltd.,Online Securities Pvt. Ltd.,30,928.4,27852.0,2025-08-06 11:50:02.061639
2025-08-06,74837,2025080603002844,SAPDBL,Aryatara Investment & Securities,Online Securities Pvt. Ltd.,50,928.3,46415.0,2025-08-06 11:50:02.061799
2025-08-06,74836,2025080603002845,SAPDBL,Asian Securities Private Ltd.,Online Securities Pvt. Ltd.,20,928.3,18566.0,2025-08-06 11:50:02.061851
2025-08-06,74415,2025080603002950,SAPDBL,Dipshikha Dhitopatra Karobar Co. Pvt Ltd.,Online Securities Pvt. Ltd.,25,928.4,23210.0,2025-08-06 11:51:24.068798
2025-08-06,73798,2025080603003018,SAPDBL,Capital Max Securities Ltd,Nepal Investment And Securities Trading Private Limited,20,934.0,18680.0,2025-08-06 11:52:44.343515
2025-08-06,73736,2025080603003033,SAPDBL,Capital Max Securities Ltd,Asian Securities Private Ltd.,30,934.0,28020.0,2025-08-06 11:52:52.178338
2025-08-06,73730,2025080603003035,SAPDBL,Bhrikuti Stock Broking Co. Pvt. Ltd.,Nepal Stock House (PVT) Ltd.,8,923.1,7384.8,2025-08-06 11:52:54.839218
2025-08-06,72749,2025080603003197,SAPDBL,Sweta Securities Private Limited,Sundhara Securities Limited,40,935.0,37400.0,2025-08-06 11:55:16.466620
2025-08-06,72748,2025080603003198,SAPDBL,Sweta Securities Private Limited,Bhrikuti Stock Broking Co. Pvt. Ltd.,10,935.0,9350.0,2025-08-06 11:55:16.466744
2025-08-06,72408,2025080603003240,SAPDBL,Miyo Securities Pvt Ltd,Asian Securities Private Ltd.,50,935.0,46750.0,2025-08-06 11:55:48.700558
2025-08-06,69590,2025080603003720,SAPDBL,Midas Stock Broking Company Private Limited,Agrawal Securities (PVT) Ltd.,10,936.0,9360.0,2025-08-06 12:01:21.501767
2025-08-06,69589,2025080603003721,SAPDBL,Midas Stock Broking Company Private Limited,Neev Securities Pvt. Ltd.,300,936.1,280830.0,2025-08-06 12:01:21.501911
2025-08-06,69030,2025080603003806,SAPDBL,Kohinoor Investment & Securities Pvt. Ltd.,J.F. Securites (PVT) Ltd.,9,934.0,8406.0,2025-08-06 12:02:33.181344
2025-08-06,68898,2025080603003841,SAPDBL,Online Securities Pvt. Ltd.,Nepal Investment And Securities Trading Private Limited,10,939.8,9398.0,2025-08-06 12:03:02.598154
2025-08-06,68619,2025080603003902,SAPDBL,Kohinoor Investment & Securities Pvt. Ltd.,Vision Securities Pvt. Ltd,3,930.0,2790.0,2025-08-06 12:03:44.596335
2025-08-06,68204,2025080603003985,SAPDBL,Creative Securities Pvt Ltd,Nepal Investment And Securities Trading Private Limited,10,939.8,9398.0,2025-08-06 12:04:50.799298
2025-08-06,68203,2025080603003986,SAPDBL,Creative Securities Pvt Ltd,Vision Securities Pvt. Ltd,10,939.8,9398.0,2025-08-06 12:04:50.799432
2025-08-06,67440,2025080603004156,SAPDBL,Kohinoor Investment & Securities Pvt. Ltd.,Asian Securities Private Ltd.,40,934.0,37360.0,2025-08-06 12:07:20.020144
2025-08-06,67236,2025080603004182,SAPDBL,Online Securities Pvt. Ltd.,Investment Management Nepal Pvt. Ltd.,100,934.0,93400.0,2025-08-06 12:07:54.673270
2025-08-06,67053,2025080603004203,SAPDBL,Naasa Securities Co. Ltd.,Blue Chip Securities Ltd,10,939.7,9397.0,2025-08-06 12:08:31.259102
2025-08-06,67052,2025080603004204,SAPDBL,Naasa Securities Co. Ltd.,Vision Securities Pvt. Ltd,10,939.8,9398.0,2025-08-06 12:08:31.259380
2025-08-06,66169,2025080603004331,SAPDBL,Aryatara Investment & Securities,Hatemalo Financial Services Private Limited,10,934.1,9341.0,2025-08-06 12:11:31.614018
2025-08-06,65916,2025080603004386,SAPDBL,Aryatara Investment & Securities,Asian Securities Private Ltd.,50,934.3,46715.0,2025-08-06 12:12:27.340438
2025-08-06,65111,2025080603004540,SAPDBL,Kohinoor Investment & Securities Pvt. Ltd.,Asian Securities Private Ltd.,40,934.5,37380.0,2025-08-06 12:15:30.223402
2025-08-06,64803,2025080603004603,SAPDBL,Kohinoor Investment & Securities Pvt. Ltd.,Imperial Securities Company Pvt. Ltd.,10,934.5,9345.0,2025-08-06 12:16:21.058040
2025-08-06,64317,2025080603004659,SAPDBL,Aryatara Investment & Securities,Dipshikha Dhitopatra Karobar Co. Pvt Ltd.,22,934.3,20554.6,2025-08-06 12:17:30.415437
2025-08-06,64316,2025080603004660,SAPDBL,Aryatara Investment & Securities,Dipshikha Dhitopatra Karobar Co. Pvt Ltd.,28,934.0,26152.0,2025-08-06 12:17:30.415606
2025-08-06,63642,2025080603004779,SAPDBL,Aryatara Investment & Securities,Dakshinkali Investment & Securities Pvt. Ltd.,22,934.0,20548.0,2025-08-06 12:19:40.651858
2025-08-06,63641,2025080603004780,SAPDBL,Aryatara Investment & Securities,Dakshinkali Investment & Securities Pvt. Ltd.,26,934.0,24284.0,2025-08-06 12:19:40.652116
2025-08-06,63447,2025080603004808,SAPDBL,Oxford Securities Pvt. Ltd.,Hatemalo Financial Services Private Limited,10,931.0,9310.0,2025-08-06 12:20:28.248690
2025-08-06,63364,2025080603004822,SAPDBL,Oxford Securities Pvt. Ltd.,Imperial Securities Company Pvt. Ltd.,90,931.0,83790.0,2025-08-06 12:20:53.210814
2025-08-06,63363,2025080603004823,SAPDBL,Bhrikuti Stock Broking Co. Pvt. Ltd.,Imperial Securities Company Pvt. Ltd.,31,931.0,28861.0,2025-08-06 12:20:53.210978
2025-08-06,62166,2025080603005074,SAPDBL,Midas Stock Broking Company Private Limited,Premier Securities Company Ltd.,500,931.0,465500.0,2025-08-06 12:24:54.405140
2025-08-06,62150,2025080603005080,SAPDBL,Siprabi Securities Pvt. Ltd.,Blue Chip Securities Ltd,120,930.0,111600.0,2025-08-06 12:24:57.584514
2025-08-06,62149,2025080603005081,SAPDBL,Oxford Securities Pvt. Ltd.,Blue Chip Securities Ltd,100,930.0,93000.0,2025-08-06 12:24:57.584698
2025-08-06,61928,2025080603005103,SAPDBL,Investment Management Nepal Pvt. Ltd.,Naasa Securities Co. Ltd.,100,928.6,92860.0,2025-08-06 12:25:35.376407
2025-08-06,61927,2025080603005104,SAPDBL,Asian Securities Private Ltd.,Naasa Securities Co. Ltd.,25,928.3,23207.5,2025-08-06 12:25:35.376562
2025-08-06,61926,2025080603005105,SAPDBL,Secured Securities Ltd.,Naasa Securities Co. Ltd.,330,928.0,306240.0,2025-08-06 12:25:35.376626
2025-08-06,61795,2025080603005126,SAPDBL,Secured Securities Ltd.,Oxford Securities Pvt. Ltd.,30,928.0,27840.0,2025-08-06 12:26:06.327914
2025-08-06,61789,2025080603005128,SAPDBL,Trishakti Securities Public Limited,Blue Chip Securities Ltd,40,930.0,37200.0,2025-08-06 12:26:07.531493
2025-08-06,61694,2025080603005147,SAPDBL,Secured Securities Ltd.,J.F. Securites (PVT) Ltd.,100,928.0,92800.0,2025-08-06 12:26:25.480194
2025-08-06,61489,2025080603005213,SAPDBL,Midas Stock Broking Company Private Limited,Blue Chip Securities Ltd,40,930.0,37200.0,2025-08-06 12:26:57.867534
2025-08-06,61488,2025080603005214,SAPDBL,Midas Stock Broking Company Private Limited,Premier Securities Company Ltd.,260,930.0,241800.0,2025-08-06 12:26:57.867728
2025-08-06,61423,2025080603005226,SAPDBL,Secured Securities Ltd.,Deevyaa Securities & Stock House Pvt. Ltd,30,928.0,27840.0,2025-08-06 12:27:07.218575
2025-08-06,61422,2025080603005227,SAPDBL,SUN SECURITIES PVT LTD,Deevyaa Securities & Stock House Pvt. Ltd,50,927.0,46350.0,2025-08-06 12:27:07.218784
2025-08-06,61421,2025080603005228,SAPDBL,Vision Securities Pvt. Ltd,Deevyaa Securities & Stock House Pvt. Ltd,20,927.0,18540.0,2025-08-06 12:27:07.218847
2025-08-06,60923,2025080603005331,SAPDBL,Trishakti Securities Public Limited,Sweta Securities Private Limited,20,925.2,18504.0,2025-08-06 12:28:54.735234
2025-08-06,60108,2025080603005451,SAPDBL,Midas Stock Broking Company Private Limited,Imperial Securities Company Pvt. Ltd.,20,929.0,18580.0,2025-08-06 12:31:51.077160
2025-08-06,60107,2025080603005452,SAPDBL,Midas Stock Broking Company Private Limited,Imperial Securities Company Pvt. Ltd.,150,929.9,139485.0,2025-08-06 12:31:51.077370
2025-08-06,60106,2025080603005453,SAPDBL,Midas Stock Broking Company Private Limited,Premier Securities Company Ltd.,240,930.0,223200.0,2025-08-06 12:31:51.077452
2025-08-06,60105,2025080603005454,SAPDBL,Midas Stock Broking Company Private Limited,Naasa Securities Co. Ltd.,50,930.0,46500.0,2025-08-06 12:31:51.077512
2025-08-06,60104,2025080603005455,SAPDBL,Midas Stock Broking Company Private Limited,Asian Securities Private Ltd.,40,930.0,37200.0,2025-08-06 12:31:51.077582
2025-08-06,59686,2025080603005503,SAPDBL,Vision Securities Pvt. Ltd,Asian Securities Private Ltd.,60,930.0,55800.0,2025-08-06 12:33:18.135560
2025-08-06,59685,2025080603005504,SAPDBL,Vision Securities Pvt. Ltd,ABC Securities Private Limited,100,931.5,93150.0,2025-08-06 12:33:18.135747
2025-08-06,59388,2025080603005537,SAPDBL,Vision Securities Pvt. Ltd,Asian Securities Private Ltd.,50,934.1,46705.0,2025-08-06 12:34:30.128228
2025-08-06,59374,2025080603005546,SAPDBL,Vision Securities Pvt. Ltd,Imperial Securities Company Pvt. Ltd.,60,934.1,56046.0,2025-08-06 12:34:34.230300
2025-08-06,59253,2025080603005579,SAPDBL,Siprabi Securities Pvt. Ltd.,Hatemalo Financial Services Private Limited,10,926.1,9261.0,2025-08-06 12:35:04.559686
2025-08-06,59101,2025080603005653,SAPDBL,Midas Stock Broking Company Private Limited,Imperial Securities Company Pvt. Ltd.,50,934.1,46705.0,2025-08-06 12:35:19.024794
2025-08-06,59100,2025080603005654,SAPDBL,Midas Stock Broking Company Private Limited,Himalayan Brokerage Company Limited,190,935.0,177650.0,2025-08-06 12:35:19.024967
2025-08-06,59099,2025080603005655,SAPDBL,Midas Stock Broking Company Private Limited,Vision Securities Pvt. Ltd,40,935.0,37400.0,2025-08-06 12:35:19.025035
2025-08-06,59098,2025080603005656,SAPDBL,Midas Stock Broking Company Private Limited,Dynamic Money Managers Securities Pvt. Ltd.,50,936.8,46840.0,2025-08-06 12:35:19.025099
2025-08-06,59097,2025080603005657,SAPDBL,Midas Stock Broking Company Private Limited,Sundhara Securities Limited,50,936.9,46845.0,2025-08-06 12:35:19.025159
2025-08-06,59096,2025080603005658,SAPDBL,Midas Stock Broking Company Private Limited,Oxford Securities Pvt. Ltd.,100,937.0,93700.0,2025-08-06 12:35:19.025219
2025-08-06,59095,2025080603005659,SAPDBL,Midas Stock Broking Company Private Limited,Neev Securities Pvt. Ltd.,20,937.0,18740.0,2025-08-06 12:35:19.025277
2025-08-06,59011,2025080603005673,SAPDBL,Secured Securities Ltd.,Hatemalo Financial Services Private Limited,10,927.0,9270.0,2025-08-06 12:35:38.655567
2025-08-06,58677,2025080603005742,SAPDBL,ABC Securities Private Limited,Imperial Securities Company Pvt. Ltd.,100,936.0,93600.0,2025-08-06 12:37:02.322040
2025-08-06,58355,2025080603005786,SAPDBL,Deevyaa Securities & Stock House Pvt. Ltd,Neev Securities Pvt. Ltd.,80,937.0,74960.0,2025-08-06 12:38:26.302400
2025-08-06,58354,2025080603005787,SAPDBL,Deevyaa Securities & Stock House Pvt. Ltd,Neev Securities Pvt. Ltd.,20,938.0,18760.0,2025-08-06 12:38:26.302561
2025-08-06,56327,2025080603006098,SAPDBL,Deevyaa Securities & Stock House Pvt. Ltd,Asian Securities Private Ltd.,20,931.0,18620.0,2025-08-06 12:45:00.060949
2025-08-06,53240,2025080603006637,SAPDBL,Sewa Securities Pvt. Ltd.,Blue Chip Securities Ltd,100,935.4,93540.0,2025-08-06 12:54:23.531168
2025-08-06,53239,2025080603006638,SAPDBL,Sewa Securities Pvt. Ltd.,Imperial Securities Company Pvt. Ltd.,50,935.5,46775.0,2025-08-06 12:54:23.531338
2025-08-06,51911,2025080603006890,SAPDBL,Deevyaa Securities & Stock House Pvt. Ltd,Blue Chip Securities Ltd,10,935.4,9354.0,2025-08-06 12:57:53.489904
2025-08-06,51409,2025080603006928,SAPDBL,Midas Stock Broking Company Private Limited,Online Securities Pvt. Ltd.,135,931.0,125685.0,2025-08-06 12:58:41.374275
2025-08-06,50938,2025080603006996,SAPDBL,Midas Stock Broking Company Private Limited,Blue Chip Securities Ltd,115,935.4,107571.0,2025-08-06 12:59:53.493953
2025-08-06,50937,2025080603006997,SAPDBL,Midas Stock Broking Company Private Limited,Imperial Securities Company Pvt. Ltd.,85,935.5,79517.5,2025-08-06 12:59:53.494283
2025-08-06,49984,2025080603007115,SAPDBL,Online Securities Pvt. Ltd.,Imperial Securities Company Pvt. Ltd.,50,935.5,46775.0,2025-08-06 13:02:07.442094
2025-08-06,48159,2025080603007413,SAPDBL,Deevyaa Securities & Stock House Pvt. Ltd,Imperial Securities Company Pvt. Ltd.,35,935.5,32742.5,2025-08-06 13:06:37.160206
2025-08-06,46216,2025080603007899,SAPDBL,Midas Stock Broking Company Private Limited,Blue Chip Securities Ltd,100,935.9,93590.0,2025-08-06 13:12:03.207242
2025-08-06,46215,2025080603007900,SAPDBL,Midas Stock Broking Company Private Limited,Creative Securities Pvt Ltd,100,936.0,93600.0,2025-08-06 13:12:03.207611
2025-08-06,46214,2025080603007901,SAPDBL,Midas Stock Broking Company Private Limited,Nepal Investment And Securities Trading Private Limited,100,936.0,93600.0,2025-08-06 13:12:03.207815
2025-08-06,45863,2025080603007980,SAPDBL,Deevyaa Securities & Stock House Pvt. Ltd,Blue Chip Securities Ltd,32,936.9,29980.8,2025-08-06 13:12:53.118952
2025-08-06,45724,2025080603008008,SAPDBL,Imperial Securities Company Pvt. Ltd.,Blue Chip Securities Ltd,10,935.3,9353.0,2025-08-06 13:13:15.626181
2025-08-06,45723,2025080603008009,SAPDBL,Dynamic Money Managers Securities Pvt. Ltd.,Blue Chip Securities Ltd,100,935.0,93500.0,2025-08-06 13:13:15.626289
2025-08-06,45722,2025080603008010,SAPDBL,Deevyaa Securities & Stock House Pvt. Ltd,Blue Chip Securities Ltd,40,932.2,37288.0,2025-08-06 13:13:15.626372
2025-08-06,45721,2025080603008011,SAPDBL,Neev Securities Pvt. Ltd.,Blue Chip Securities Ltd,150,932.2,139830.0,2025-08-06 13:13:15.626442
2025-08-06,45585,2025080603008029,SAPDBL,Midas Stock Broking Company Private Limited,Blue Chip Securities Ltd,246,932.0,229272.0,2025-08-06 13:13:30.666411
2025-08-06,45530,2025080603008039,SAPDBL,Midas Stock Broking Company Private Limited,Oxford Securities Pvt. Ltd.,60,932.0,55920.0,2025-08-06 13:13:36.614981
2025-08-06,45151,2025080603008131,SAPDBL,Midas Stock Broking Company Private Limited,Bhrikuti Stock Broking Co. Pvt. Ltd.,30,932.0,27960.0,2025-08-06 13:14:27.353380
2025-08-06,45136,2025080603008132,SAPDBL,Midas Stock Broking Company Private Limited,Blue Chip Securities Ltd,529,932.0,493028.0,2025-08-06 13:14:29.835072
2025-08-06,45135,2025080603008133,SAPDBL,Premier Securities Company Ltd.,Blue Chip Securities Ltd,411,930.0,382230.0,2025-08-06 13:14:29.835195
2025-08-06,44792,2025080603008208,SAPDBL,Premier Securities Company Ltd.,Blue Chip Securities Ltd,89,930.0,82770.0,2025-08-06 13:15:25.829351
2025-08-06,44791,2025080603008209,SAPDBL,Nabil Stock Dealer Ltd.,Blue Chip Securities Ltd,11,930.0,10230.0,2025-08-06 13:15:25.829410
2025-08-06,44790,2025080603008210,SAPDBL,Neev Securities Pvt. Ltd.,Blue Chip Securities Ltd,100,928.1,92810.0,2025-08-06 13:15:25.829439
2025-08-06,44789,2025080603008211,SAPDBL,Sweta Securities Private Limited,Blue Chip Securities Ltd,100,928.0,92800.0,2025-08-06 13:15:25.829464
2025-08-06,44573,2025080603008237,SAPDBL,Cristal Kanchanjanga Securites Pvt. Ltd.,Blue Chip Securities Ltd,10,929.1,9291.0,2025-08-06 13:16:02.928429
2025-08-06,44572,2025080603008238,SAPDBL,Investment Management Nepal Pvt. Ltd.,Blue Chip Securities Ltd,500,929.0,464500.0,2025-08-06 13:16:02.928476
2025-08-06,44571,2025080603008239,SAPDBL,Deevyaa Securities & Stock House Pvt. Ltd,Blue Chip Securities Ltd,20,928.1,18562.0,2025-08-06 13:16:02.928501
2025-08-06,44570,2025080603008240,SAPDBL,Sweta Securities Private Limited,Blue Chip Securities Ltd,15,928.0,13920.0,2025-08-06 13:16:02.928526
2025-08-06,44569,2025080603008241,SAPDBL,Cristal Kanchanjanga Securites Pvt. Ltd.,Blue Chip Securities Ltd,10,927.2,9272.0,2025-08-06 13:16:02.928557
2025-08-06,44568,2025080603008242,SAPDBL,Secured Securities Ltd.,Blue Chip Securities Ltd,45,927.0,41715.0,2025-08-06 13:16:02.928583
2025-08-06,44240,2025080603008327,SAPDBL,Secured Securities Ltd.,Blue Chip Securities Ltd,445,927.0,412515.0,2025-08-06 13:16:56.068969
2025-08-06,44239,2025080603008328,SAPDBL,Online Securities Pvt. Ltd.,Blue Chip Securities Ltd,40,927.0,37080.0,2025-08-06 13:16:56.069038
2025-08-06,44238,2025080603008329,SAPDBL,Trishakti Securities Public Limited,Blue Chip Securities Ltd,415,925.2,383958.0,2025-08-06 13:16:56.069092
2025-08-06,43953,2025080603008371,SAPDBL,Blue Chip Securities Ltd,Neev Securities Pvt. Ltd.,10,936.0,9360.0,2025-08-06 13:17:36.827977
2025-08-06,42481,2025080603008688,SAPDBL,Midas Stock Broking Company Private Limited,Blue Chip Securities Ltd,100,933.9,93390.0,2025-08-06 13:21:54.682660
2025-08-06,42480,2025080603008689,SAPDBL,Midas Stock Broking Company Private Limited,Siprabi Securities Pvt. Ltd.,50,934.0,46700.0,2025-08-06 13:21:54.682996
2025-08-06,42479,2025080603008690,SAPDBL,Midas Stock Broking Company Private Limited,Online Securities Pvt. Ltd.,450,935.0,420750.0,2025-08-06 13:21:54.683236
2025-08-06,42185,2025080603008731,SAPDBL,Midas Stock Broking Company Private Limited,Online Securities Pvt. Ltd.,50,935.0,46750.0,2025-08-06 13:22:51.969619
2025-08-06,42184,2025080603008732,SAPDBL,Midas Stock Broking Company Private Limited,Blue Chip Securities Ltd,50,935.0,46750.0,2025-08-06 13:22:51.969958
2025-08-06,41692,2025080603008829,SAPDBL,Midas Stock Broking Company Private Limited,Blue Chip Securities Ltd,100,935.0,93500.0,2025-08-06 13:24:30.429289
2025-08-06,40264,2025080603009073,SAPDBL,Naasa Securities Co. Ltd.,Blue Chip Securities Ltd,35,930.0,32550.0,2025-08-06 13:28:44.673379
2025-08-06,39293,2025080603009302,SAPDBL,Naasa Securities Co. Ltd.,Blue Chip Securities Ltd,25,930.0,23250.0,2025-08-06 13:31:39.188867
2025-08-06,39292,2025080603009303,SAPDBL,Premier Securities Company Ltd.,Blue Chip Securities Ltd,475,930.0,441750.0,2025-08-06 13:31:39.188962
2025-08-06,38821,2025080603009409,SAPDBL,Premier Securities Company Ltd.,Blue Chip Securities Ltd,25,930.0,23250.0,2025-08-06 13:33:03.462948
2025-08-06,38820,2025080603009410,SAPDBL,Naasa Securities Co. Ltd.,Blue Chip Securities Ltd,80,930.0,74400.0,2025-08-06 13:33:03.462985
2025-08-06,38819,2025080603009411,SAPDBL,Naasa Securities Co. Ltd.,Blue Chip Securities Ltd,50,927.0,46350.0,2025-08-06 13:33:03.463012
2025-08-06,37340,2025080603009761,SAPDBL,Shree Krishna Securities Ltd.,Naasa Securities Co. Ltd.,10,934.5,9345.0,2025-08-06 13:37:13.738336
2025-08-06,36468,2025080603009965,SAPDBL,Deevyaa Securities & Stock House Pvt. Ltd,Bhrikuti Stock Broking Co. Pvt. Ltd.,10,934.4,9344.0,2025-08-06 13:39:41.905960
2025-08-06,36467,2025080603009966,SAPDBL,Deevyaa Securities & Stock House Pvt. Ltd,Naasa Securities Co. Ltd.,25,934.5,23362.5,2025-08-06 13:39:41.906156
2025-08-06,34600,2025080603010383,SAPDBL,Naasa Securities Co. Ltd.,Asian Securities Private Ltd.,100,934.0,93400.0,2025-08-06 13:44:43.799757
2025-08-06,33723,2025080603010549,SAPDBL,Naasa Securities Co. Ltd.,Ashutosh Brokerage & Securities (PVT) Ltd.,26,934.0,24284.0,2025-08-06 13:47:05.786071
2025-08-06,33722,2025080603010550,SAPDBL,Imperial Securities Company Pvt. Ltd.,Ashutosh Brokerage & Securities (PVT) Ltd.,39,934.0,36426.0,2025-08-06 13:47:05.786327
2025-08-06,33605,2025080603010565,SAPDBL,Nepal Stock House (PVT) Ltd.,Imperial Securities Company Pvt. Ltd.,100,934.4,93440.0,2025-08-06 13:47:27.517312
2025-08-06,33120,2025080603010642,SAPDBL,Imperial Securities Company Pvt. Ltd.,Siprabi Securities Pvt. Ltd.,10,934.0,9340.0,2025-08-06 13:48:38.485435
2025-08-06,32482,2025080603010783,SAPDBL,Oxford Securities Pvt. Ltd.,Trisul Securities & Invt. Ltd.,200,931.0,186200.0,2025-08-06 13:50:30.535716
2025-08-06,32205,2025080603010854,SAPDBL,Arun Securities (PVT) Ltd.,Trisul Securities & Invt. Ltd.,25,931.0,23275.0,2025-08-06 13:51:09.155175
2025-08-06,31827,2025080603010924,SAPDBL,Arun Securities (PVT) Ltd.,Asian Securities Private Ltd.,195,931.0,181545.0,2025-08-06 13:51:51.424843
2025-08-06,29090,2025080603011534,SAPDBL,Midas Stock Broking Company Private Limited,Nagarik Stock Dealer ,34,930.0,31620.0,2025-08-06 13:57:30.664213
2025-08-06,28538,2025080603011656,SAPDBL,Naasa Securities Co. Ltd.,Bhrikuti Stock Broking Co. Pvt. Ltd.,10,929.1,9291.0,2025-08-06 13:59:06.950298
2025-08-06,26726,2025080603012020,SAPDBL,Naasa Securities Co. Ltd.,Asian Securities Private Ltd.,20,929.1,18582.0,2025-08-06 14:05:04.100431
2025-08-06,26725,2025080603012021,SAPDBL,Sweta Securities Private Limited,Asian Securities Private Ltd.,50,928.1,46405.0,2025-08-06 14:05:04.100634
2025-08-06,26724,2025080603012022,SAPDBL,Aryatara Investment & Securities,Asian Securities Private Ltd.,20,928.0,18560.0,2025-08-06 14:05:04.100711
2025-08-06,26723,2025080603012023,SAPDBL,Primo Securities (PVT) Ltd.,Asian Securities Private Ltd.,200,928.0,185600.0,2025-08-06 14:05:04.100816
2025-08-06,25245,2025080603012311,SAPDBL,Kohinoor Investment & Securities Pvt. Ltd.,Asian Securities Private Ltd.,20,927.2,18544.0,2025-08-06 14:10:42.441139
2025-08-06,25244,2025080603012312,SAPDBL,Dipshikha Dhitopatra Karobar Co. Pvt Ltd.,Asian Securities Private Ltd.,15,927.1,13906.5,2025-08-06 14:10:42.441354
2025-08-06,25243,2025080603012313,SAPDBL,Siprabi Securities Pvt. Ltd.,Asian Securities Private Ltd.,65,927.0,60255.0,2025-08-06 14:10:42.441432
2025-08-06,24989,2025080603012360,SAPDBL,Sani Securities Company Ltd.,Asian Securities Private Ltd.,80,928.0,74240.0,2025-08-06 14:11:36.742173
2025-08-06,24949,2025080603012368,SAPDBL,Kohinoor Investment & Securities Pvt. Ltd.,Blue Chip Securities Ltd,10,926.0,9260.0,2025-08-06 14:11:42.129895
2025-08-06,24948,2025080603012369,SAPDBL,Malla & Malla Stock Broking Company Pvt. Limited,Blue Chip Securities Ltd,71,925.7,65724.7,2025-08-06 14:11:42.129996
2025-08-06,24926,2025080603012370,SAPDBL,Malla & Malla Stock Broking Company Pvt. Limited,South Asian Bulls Pvt. Ltd.,100,925.7,92570.0,2025-08-06 14:11:46.134949
2025-08-06,24812,2025080603012397,SAPDBL,Malla & Malla Stock Broking Company Pvt. Limited,Aryatara Investment & Securities,29,925.7,26845.3,2025-08-06 14:12:13.037949
2025-08-06,24811,2025080603012398,SAPDBL,Oxford Securities Pvt. Ltd.,Aryatara Investment & Securities,71,925.0,65675.0,2025-08-06 14:12:13.038383
2025-08-06,24756,2025080603012405,SAPDBL,Oxford Securities Pvt. Ltd.,Blue Chip Securities Ltd,112,925.0,103600.0,2025-08-06 14:12:21.239346
2025-08-06,24397,2025080603012464,SAPDBL,Sumeru Securities Pvt. Ltd.,Blue Chip Securities Ltd,100,925.1,92510.0,2025-08-06 14:13:21.434139
2025-08-06,24396,2025080603012465,SAPDBL,Oxford Securities Pvt. Ltd.,Blue Chip Securities Ltd,17,925.0,15725.0,2025-08-06 14:13:21.434184
2025-08-06,24395,2025080603012466,SAPDBL,Imperial Securities Company Pvt. Ltd.,Blue Chip Securities Ltd,20,925.0,18500.0,2025-08-06 14:13:21.434211
2025-08-06,24394,2025080603012467,SAPDBL,Malla & Malla Stock Broking Company Pvt. Limited,Blue Chip Securities Ltd,200,925.0,185000.0,2025-08-06 14:13:21.434233
2025-08-06,24393,2025080603012468,SAPDBL,Vision Securities Pvt. Ltd,Blue Chip Securities Ltd,40,925.0,37000.0,2025-08-06 14:13:21.434254
2025-08-06,24392,2025080603012469,SAPDBL,Imperial Securities Company Pvt. Ltd.,Blue Chip Securities Ltd,65,924.0,60060.0,2025-08-06 14:13:21.434291
2025-08-06,24391,2025080603012470,SAPDBL,Neev Securities Pvt. Ltd.,Blue Chip Securities Ltd,58,923.8,53580.4,2025-08-06 14:13:21.434324
2025-08-06,24268,2025080603012504,SAPDBL,Blue Chip Securities Ltd,Aryatara Investment & Securities,10,931.0,9310.0,2025-08-06 14:13:47.513877
2025-08-06,24266,2025080603012505,SAPDBL,Neev Securities Pvt. Ltd.,Trisul Securities & Invt. Ltd.,42,923.8,38799.6,2025-08-06 14:13:48.490061
2025-08-06,24265,2025080603012506,SAPDBL,Sharepro Securities Private Limited,Trisul Securities & Invt. Ltd.,210,923.2,193872.0,2025-08-06 14:13:48.490415
2025-08-06,24264,2025080603012507,SAPDBL,Siprabi Securities Pvt. Ltd.,Trisul Securities & Invt. Ltd.,100,923.0,92300.0,2025-08-06 14:13:48.490636
2025-08-06,24195,2025080603012512,SAPDBL,Online Securities Pvt. Ltd.,Trisul Securities & Invt. Ltd.,40,923.0,36920.0,2025-08-06 14:14:06.822340
2025-08-06,23394,2025080603012649,SAPDBL,Deevyaa Securities & Stock House Pvt. Ltd,Neev Securities Pvt. Ltd.,50,925.0,46250.0,2025-08-06 14:16:53.233354
2025-08-06,23292,2025080603012666,SAPDBL,Deevyaa Securities & Stock House Pvt. Ltd,Blue Chip Securities Ltd,50,925.0,46250.0,2025-08-06 14:17:13.940065
2025-08-06,23291,2025080603012667,SAPDBL,Siprabi Securities Pvt. Ltd.,Blue Chip Securities Ltd,100,923.6,92360.0,2025-08-06 14:17:13.940117
2025-08-06,23290,2025080603012668,SAPDBL,Dipshikha Dhitopatra Karobar Co. Pvt Ltd.,Blue Chip Securities Ltd,300,923.5,277050.0,2025-08-06 14:17:13.940144
2025-08-06,23289,2025080603012669,SAPDBL,Naasa Securities Co. Ltd.,Blue Chip Securities Ltd,20,923.5,18470.0,2025-08-06 14:17:13.940168
2025-08-06,23288,2025080603012670,SAPDBL,Sani Securities Company Ltd.,Blue Chip Securities Ltd,178,923.3,164347.4,2025-08-06 14:17:13.940191
2025-08-06,23059,2025080603012700,SAPDBL,Bhrikuti Stock Broking Co. Pvt. Ltd.,Aryatara Investment & Securities,10,931.0,9310.0,2025-08-06 14:18:09.920907
2025-08-06,22713,2025080603012776,SAPDBL,Aakashbhairab Securities Ltd.,Blue Chip Securities Ltd,300,924.2,277260.0,2025-08-06 14:19:31.365343
2025-08-06,22712,2025080603012777,SAPDBL,Dipshikha Dhitopatra Karobar Co. Pvt Ltd.,Blue Chip Securities Ltd,200,924.1,184820.0,2025-08-06 14:19:31.365530
2025-08-06,22711,2025080603012778,SAPDBL,Online Securities Pvt. Ltd.,Blue Chip Securities Ltd,280,924.0,258720.0,2025-08-06 14:19:31.365610
2025-08-06,22710,2025080603012779,SAPDBL,Sewa Securities Pvt. Ltd.,Blue Chip Securities Ltd,100,924.0,92400.0,2025-08-06 14:19:31.365683
2025-08-06,22709,2025080603012780,SAPDBL,Primo Securities (PVT) Ltd.,Blue Chip Securities Ltd,20,924.0,18480.0,2025-08-06 14:19:31.365807
2025-08-06,22561,2025080603012814,SAPDBL,Siprabi Securities Pvt. Ltd.,Asian Securities Private Ltd.,100,924.0,92400.0,2025-08-06 14:20:04.855163
2025-08-06,22518,2025080603012823,SAPDBL,Deevyaa Securities & Stock House Pvt. Ltd,Asian Securities Private Ltd.,20,924.0,18480.0,2025-08-06 14:20:15.289449
2025-08-06,22507,2025080603012824,SAPDBL,Siprabi Securities Pvt. Ltd.,Asian Securities Private Ltd.,60,924.0,55440.0,2025-08-06 14:20:17.956249
2025-08-06,22129,2025080603012884,SAPDBL,Citizens Share Broker Limited,Asian Securities Private Ltd.,200,925.1,185020.0,2025-08-06 14:21:28.260515
2025-08-06,21781,2025080603012961,SAPDBL,Naasa Securities Co. Ltd.,Trishakti Securities Public Limited,15,925.0,13875.0,2025-08-06 14:22:26.334221
2025-08-06,21628,2025080603012987,SAPDBL,Midas Stock Broking Company Private Limited,Trishakti Securities Public Limited,200,925.0,185000.0,2025-08-06 14:22:53.718266
2025-08-06,21564,2025080603012998,SAPDBL,Dipshikha Dhitopatra Karobar Co. Pvt Ltd.,Trishakti Securities Public Limited,35,925.0,32375.0,2025-08-06 14:23:05.859521
2025-08-06,20534,2025080603013240,SAPDBL,Trisul Securities & Invt. Ltd.,Kalika Securities Pvt. Ltd.,10,928.0,9280.0,2025-08-06 14:25:45.408048
2025-08-06,19276,2025080603013461,SAPDBL,Dipshikha Dhitopatra Karobar Co. Pvt Ltd.,Blue Chip Securities Ltd,100,924.2,92420.0,2025-08-06 14:29:14.962531
2025-08-06,19275,2025080603013462,SAPDBL,Naasa Securities Co. Ltd.,Blue Chip Securities Ltd,320,924.0,295680.0,2025-08-06 14:29:14.962728
2025-08-06,19274,2025080603013463,SAPDBL,Opal Securities Investment (PVT) Ltd.,Blue Chip Securities Ltd,50,924.0,46200.0,2025-08-06 14:29:14.962808
2025-08-06,18927,2025080603013527,SAPDBL,KALASH STOCK MARKET PVT. LTD.,Dipshikha Dhitopatra Karobar Co. Pvt Ltd.,10,923.5,9235.0,2025-08-06 14:30:13.025222
2025-08-06,18911,2025080603013532,SAPDBL,Imperial Securities Company Pvt. Ltd.,Ashutosh Brokerage & Securities (PVT) Ltd.,1,934.0,934.0,2025-08-06 14:30:17.301099
2025-08-06,18846,2025080603013554,SAPDBL,Online Securities Pvt. Ltd.,Primo Securities (PVT) Ltd.,10,923.5,9235.0,2025-08-06 14:30:28.914704
2025-08-06,18845,2025080603013555,SAPDBL,Siprabi Securities Pvt. Ltd.,Primo Securities (PVT) Ltd.,20,923.5,18470.0,2025-08-06 14:30:28.914961
2025-08-06,18678,2025080603013609,SAPDBL,Sani Securities Company Ltd.,Aryatara Investment & Securities,15,923.3,13849.5,2025-08-06 14:31:01.446111
2025-08-06,18466,2025080603013668,SAPDBL,Himalayan Securities Limited,Primo Securities (PVT) Ltd.,10,923.5,9235.0,2025-08-06 14:31:45.306588
2025-08-06,18465,2025080603013669,SAPDBL,Sani Securities Company Ltd.,Primo Securities (PVT) Ltd.,10,923.3,9233.0,2025-08-06 14:31:45.306800
2025-08-06,18355,2025080603013705,SAPDBL,Sani Securities Company Ltd.,Primo Securities (PVT) Ltd.,97,923.3,89560.1,2025-08-06 14:32:08.427707
2025-08-06,18354,2025080603013706,SAPDBL,Imperial Securities Company Pvt. Ltd.,Primo Securities (PVT) Ltd.,100,923.0,92300.0,2025-08-06 14:32:08.428129
2025-08-06,18353,2025080603013707,SAPDBL,ABC Securities Private Limited,Primo Securities (PVT) Ltd.,20,923.0,18460.0,2025-08-06 14:32:08.428353
2025-08-06,18352,2025080603013708,SAPDBL,ABC Securities Private Limited,Primo Securities (PVT) Ltd.,45,923.0,41535.0,2025-08-06 14:32:08.428587
2025-08-06,18351,2025080603013709,SAPDBL,Primo Securities (PVT) Ltd.,Primo Securities (PVT) Ltd.,180,923.0,166140.0,2025-08-06 14:32:08.428806
2025-08-06,18233,2025080603013726,SAPDBL,Vision Securities Pvt. Ltd,Nagarik Stock Dealer ,190,922.0,175180.0,2025-08-06 14:32:26.187933
2025-08-06,18232,2025080603013727,SAPDBL,Aryatara Investment & Securities,Nagarik Stock Dealer ,100,922.0,92200.0,2025-08-06 14:32:26.188121
2025-08-06,18231,2025080603013728,SAPDBL,Oxford Securities Pvt. Ltd.,Nagarik Stock Dealer ,50,922.0,46100.0,2025-08-06 14:32:26.188197
2025-08-06,18230,2025080603013729,SAPDBL,Oxford Securities Pvt. Ltd.,Nagarik Stock Dealer ,25,922.0,23050.0,2025-08-06 14:32:26.188272
2025-08-06,18229,2025080603013730,SAPDBL,Kohinoor Investment & Securities Pvt. Ltd.,Nagarik Stock Dealer ,20,922.0,18440.0,2025-08-06 14:32:26.188342
2025-08-06,18133,2025080603013752,SAPDBL,Siprabi Securities Pvt. Ltd.,Nagarik Stock Dealer ,50,921.0,46050.0,2025-08-06 14:32:43.255822
2025-08-06,18132,2025080603013753,SAPDBL,Sweta Securities Private Limited,Nagarik Stock Dealer ,300,921.0,276300.0,2025-08-06 14:32:43.256200
2025-08-06,17940,2025080603013788,SAPDBL,Siprabi Securities Pvt. Ltd.,Blue Chip Securities Ltd,100,920.2,92020.0,2025-08-06 14:33:16.630832
2025-08-06,17939,2025080603013789,SAPDBL,ABC Securities Private Limited,Blue Chip Securities Ltd,300,920.1,276030.0,2025-08-06 14:33:16.630899
2025-08-06,17938,2025080603013790,SAPDBL,Dynamic Money Managers Securities Pvt. Ltd.,Blue Chip Securities Ltd,300,920.1,276030.0,2025-08-06 14:33:16.630922
2025-08-06,17937,2025080603013791,SAPDBL,Sweta Securities Private Limited,Blue Chip Securities Ltd,300,920.0,276000.0,2025-08-06 14:33:16.630945
2025-08-06,17936,2025080603013792,SAPDBL,Aryatara Investment & Securities,Blue Chip Securities Ltd,55,920.0,50600.0,2025-08-06 14:33:16.630968
2025-08-06,17935,2025080603013793,SAPDBL,Online Securities Pvt. Ltd.,Blue Chip Securities Ltd,10,920.0,9200.0,2025-08-06 14:33:16.630989
2025-08-06,17934,2025080603013794,SAPDBL,Naasa Securities Co. Ltd.,Blue Chip Securities Ltd,265,920.0,243800.0,2025-08-06 14:33:16.631014
2025-08-06,17933,2025080603013795,SAPDBL,Sumeru Securities Pvt. Ltd.,Blue Chip Securities Ltd,100,920.0,92000.0,2025-08-06 14:33:16.631050
2025-08-06,17932,2025080603013796,SAPDBL,Shree Krishna Securities Ltd.,Blue Chip Securities Ltd,70,920.0,64400.0,2025-08-06 14:33:16.631070
2025-08-06,17561,2025080603013939,SAPDBL,Sumeru Securities Pvt. Ltd.,South Asian Bulls Pvt. Ltd.,50,920.1,46005.0,2025-08-06 14:34:11.884302
2025-08-06,16519,2025080603014156,SAPDBL,Siprabi Securities Pvt. Ltd.,Aryatara Investment & Securities,50,922.0,46100.0,2025-08-06 14:36:57.105748
2025-08-06,16518,2025080603014157,SAPDBL,Siprabi Securities Pvt. Ltd.,Kumari Securities Private Limited,10,922.5,9225.0,2025-08-06 14:36:57.106120
2025-08-06,16517,2025080603014158,SAPDBL,Siprabi Securities Pvt. Ltd.,Primo Securities (PVT) Ltd.,58,923.0,53534.0,2025-08-06 14:36:57.106415
2025-08-06,16516,2025080603014159,SAPDBL,Siprabi Securities Pvt. Ltd.,Primo Securities (PVT) Ltd.,200,924.9,184980.0,2025-08-06 14:36:57.106677
2025-08-06,16515,2025080603014160,SAPDBL,Siprabi Securities Pvt. Ltd.,Online Securities Pvt. Ltd.,40,925.0,37000.0,2025-08-06 14:36:57.106900
2025-08-06,16514,2025080603014161,SAPDBL,Siprabi Securities Pvt. Ltd.,Sweta Securities Private Limited,42,925.0,38850.0,2025-08-06 14:36:57.107160
2025-08-06,14328,2025080603014613,SAPDBL,Oxford Securities Pvt. Ltd.,Naasa Securities Co. Ltd.,10,925.0,9250.0,2025-08-06 14:41:18.445977
2025-08-06,13912,2025080603014721,SAPDBL,Oxford Securities Pvt. Ltd.,Bhrikuti Stock Broking Co. Pvt. Ltd.,10,925.0,9250.0,2025-08-06 14:41:56.216581
2025-08-06,13670,2025080603014768,SAPDBL,Online Securities Pvt. Ltd.,Nagarik Stock Dealer ,20,927.9,18558.0,2025-08-06 14:42:28.387020
2025-08-06,13574,2025080603014781,SAPDBL,Deevyaa Securities & Stock House Pvt. Ltd,Nagarik Stock Dealer ,100,927.9,92790.0,2025-08-06 14:42:37.925721
2025-08-06,13105,2025080603014879,SAPDBL,Aryatara Investment & Securities,Blue Chip Securities Ltd,50,925.5,46275.0,2025-08-06 14:43:43.409528
2025-08-06,13104,2025080603014880,SAPDBL,Oxford Securities Pvt. Ltd.,Blue Chip Securities Ltd,80,925.0,74000.0,2025-08-06 14:43:43.409596
2025-08-06,12891,2025080603014920,SAPDBL,Sani Securities Company Ltd.,Nagarik Stock Dealer ,80,927.9,74232.0,2025-08-06 14:44:13.155856
2025-08-06,12593,2025080603015006,SAPDBL,Online Securities Pvt. Ltd.,Asian Securities Private Ltd.,100,927.0,92700.0,2025-08-06 14:44:42.282293
2025-08-06,12592,2025080603015007,SAPDBL,Oxford Securities Pvt. Ltd.,Asian Securities Private Ltd.,60,925.0,55500.0,2025-08-06 14:44:42.282355
2025-08-06,12591,2025080603015008,SAPDBL,Sani Securities Company Ltd.,Asian Securities Private Ltd.,50,925.0,46250.0,2025-08-06 14:44:42.282386
2025-08-06,12590,2025080603015009,SAPDBL,Oxford Securities Pvt. Ltd.,Asian Securities Private Ltd.,40,923.0,36920.0,2025-08-06 14:44:42.282410
2025-08-06,12526,2025080603015024,SAPDBL,Sumeru Securities Pvt. Ltd.,Kalika Securities Pvt. Ltd.,10,928.0,9280.0,2025-08-06 14:44:48.952218
2025-08-06,12525,2025080603015025,SAPDBL,Sumeru Securities Pvt. Ltd.,Imperial Securities Company Pvt. Ltd.,10,928.5,9285.0,2025-08-06 14:44:48.952260
2025-08-06,12524,2025080603015026,SAPDBL,Sumeru Securities Pvt. Ltd.,Sundhara Securities Limited,39,928.7,36219.3,2025-08-06 14:44:48.952286
2025-08-06,12451,2025080603015061,SAPDBL,Sumeru Securities Pvt. Ltd.,Sundhara Securities Limited,10,928.7,9287.0,2025-08-06 14:44:57.008451
2025-08-06,12342,2025080603015085,SAPDBL,Sumeru Securities Pvt. Ltd.,Sundhara Securities Limited,10,928.7,9287.0,2025-08-06 14:45:05.117993
2025-08-06,12202,2025080603015134,SAPDBL,J.F. Securites (PVT) Ltd.,Sundhara Securities Limited,10,928.7,9287.0,2025-08-06 14:45:18.880618
2025-08-06,10766,2025080603015447,SAPDBL,Kumari Securities Private Limited,Nagarik Stock Dealer ,50,926.9,46345.0,2025-08-06 14:47:51.998608
2025-08-06,10630,2025080603015487,SAPDBL,Deevyaa Securities & Stock House Pvt. Ltd,Nagarik Stock Dealer ,50,926.9,46345.0,2025-08-06 14:48:04.054784
2025-08-06,10629,2025080603015488,SAPDBL,Deevyaa Securities & Stock House Pvt. Ltd,Sweta Securities Private Limited,50,927.0,46350.0,2025-08-06 14:48:04.054846
2025-08-06,10628,2025080603015489,SAPDBL,Deevyaa Securities & Stock House Pvt. Ltd,Secured Securities Ltd.,265,927.0,245655.0,2025-08-06 14:48:04.054869
2025-08-06,10423,2025080603015528,SAPDBL,Deevyaa Securities & Stock House Pvt. Ltd,Secured Securities Ltd.,35,927.0,32445.0,2025-08-06 14:48:23.185460
2025-08-06,10288,2025080603015553,SAPDBL,Sumeru Securities Pvt. Ltd.,Secured Securities Ltd.,10,927.0,9270.0,2025-08-06 14:48:36.784855
2025-08-06,10232,2025080603015565,SAPDBL,Sumeru Securities Pvt. Ltd.,Creative Securities Pvt Ltd,10,928.5,9285.0,2025-08-06 14:48:44.244124
2025-08-06,9043,2025080603015771,SAPDBL,Trishakti Securities Public Limited,Creative Securities Pvt Ltd,255,928.0,236640.0,2025-08-06 14:50:12.225684
2025-08-06,8737,2025080603015833,SAPDBL,Trishakti Securities Public Limited,Neev Securities Pvt. Ltd.,100,928.0,92800.0,2025-08-06 14:50:36.463117
2025-08-06,8724,2025080603015839,SAPDBL,Trishakti Securities Public Limited,Aryatara Investment & Securities,30,928.0,27840.0,2025-08-06 14:50:38.682503
2025-08-06,8627,2025080603015876,SAPDBL,Trishakti Securities Public Limited,Deevyaa Securities & Stock House Pvt. Ltd,25,928.0,23200.0,2025-08-06 14:50:49.481122
2025-08-06,8447,2025080603015905,SAPDBL,Trishakti Securities Public Limited,Secured Securities Ltd.,20,928.0,18560.0,2025-08-06 14:51:01.141535
2025-08-06,8372,2025080603015928,SAPDBL,Trishakti Securities Public Limited,J.F. Securites (PVT) Ltd.,100,928.0,92800.0,2025-08-06 14:51:05.797039
2025-08-06,8086,2025080603015987,SAPDBL,Sumeru Securities Pvt. Ltd.,Secured Securities Ltd.,10,926.0,9260.0,2025-08-06 14:51:32.732251
2025-08-06,8085,2025080603015988,SAPDBL,Siprabi Securities Pvt. Ltd.,Secured Securities Ltd.,30,923.7,27711.0,2025-08-06 14:51:32.732447
2025-08-06,8084,2025080603015989,SAPDBL,Sumeru Securities Pvt. Ltd.,Secured Securities Ltd.,160,923.3,147728.0,2025-08-06 14:51:32.732523
2025-08-06,7768,2025080603016047,SAPDBL,Sumeru Securities Pvt. Ltd.,J.F. Securites (PVT) Ltd.,10,928.0,9280.0,2025-08-06 14:52:00.604215
2025-08-06,4912,2025080603016753,SAPDBL,Opal Securities Investment (PVT) Ltd.,Online Securities Pvt. Ltd.,10,924.0,9240.0,2025-08-06 14:56:00.094353
2025-08-06,4828,2025080603016768,SAPDBL,Malla & Malla Stock Broking Company Pvt. Limited,Nagarik Stock Dealer ,200,923.5,184700.0,2025-08-06 14:56:05.374701
2025-08-06,4827,2025080603016769,SAPDBL,Magnet Securities and Investment Company Private Limited,Nagarik Stock Dealer ,120,923.4,110808.0,2025-08-06 14:56:05.374835
2025-08-06,4826,2025080603016770,SAPDBL,Sumeru Securities Pvt. Ltd.,Nagarik Stock Dealer ,199,923.3,183736.7,2025-08-06 14:56:05.374957
2025-08-06,4825,2025080603016771,SAPDBL,Online Securities Pvt. Ltd.,Nagarik Stock Dealer ,10,923.3,9233.0,2025-08-06 14:56:05.375077
2025-08-06,4824,2025080603016772,SAPDBL,Premier Securities Company Ltd.,Nagarik Stock Dealer ,500,923.2,461600.0,2025-08-06 14:56:05.375167
2025-08-06,4823,2025080603016773,SAPDBL,Oxford Securities Pvt. Ltd.,Nagarik Stock Dealer ,12,923.0,11076.0,2025-08-06 14:56:05.375255
2025-08-06,4822,2025080603016774,SAPDBL,Opal Securities Investment (PVT) Ltd.,Nagarik Stock Dealer ,10,923.0,9230.0,2025-08-06 14:56:05.375343
2025-08-06,4821,2025080603016775,SAPDBL,Trishakti Securities Public Limited,Nagarik Stock Dealer ,10,923.0,9230.0,2025-08-06 14:56:05.375425
2025-08-06,4820,2025080603016776,SAPDBL,Oxford Securities Pvt. Ltd.,Nagarik Stock Dealer ,50,922.0,46100.0,2025-08-06 14:56:05.375526
2025-08-06,4819,2025080603016777,SAPDBL,Premier Securities Company Ltd.,Nagarik Stock Dealer ,40,921.5,36860.0,2025-08-06 14:56:05.375635
2025-08-06,4081,2025080603016945,SAPDBL,Aakashbhairab Securities Ltd.,Creative Securities Pvt Ltd,10,921.6,9216.0,2025-08-06 14:57:06.028519
2025-08-06,3823,2025080603016997,SAPDBL,Dipshikha Dhitopatra Karobar Co. Pvt Ltd.,Nagarik Stock Dealer ,100,922.0,92200.0,2025-08-06 14:57:17.632268
2025-08-06,2993,2025080603017186,SAPDBL,Sumeru Securities Pvt. Ltd.,Roadshow securities limited,10,926.0,9260.0,2025-08-06 14:58:09.674165
2025-08-06,2527,2025080603017273,SAPDBL,Dipshikha Dhitopatra Karobar Co. Pvt Ltd.,Swarna Laxmi Securities Pvt. Ltd.,150,922.0,138300.0,2025-08-06 14:58:31.634949
2025-08-06,2200,2025080603017335,SAPDBL,Dipshikha Dhitopatra Karobar Co. Pvt Ltd.,Blue Chip Securities Ltd,100,922.0,92200.0,2025-08-06 14:58:45.948055
2025-08-06,1916,2025080603017381,SAPDBL,Dipshikha Dhitopatra Karobar Co. Pvt Ltd.,Siprabi Securities Pvt. Ltd.,50,922.0,46100.0,2025-08-06 14:59:00.523205
2025-08-06,1620,2025080603017446,SAPDBL,Sani Securities Company Ltd.,Opal Securities Investment (PVT) Ltd.,40,922.4,36896.0,2025-08-06 14:59:12.419992
2025-08-06,1361,2025080603017505,SAPDBL,Dipshikha Dhitopatra Karobar Co. Pvt Ltd.,Creative Securities Pvt Ltd,30,922.6,27678.0,2025-08-06 14:59:21.914289
2025-08-06,1296,2025080603017508,SAPDBL,Dipshikha Dhitopatra Karobar Co. Pvt Ltd.,Roadshow securities limited,140,922.6,129164.0,2025-08-06 14:59:23.360674
2025-08-06,985,2025080603017565,SAPDBL,Dipshikha Dhitopatra Karobar Co. Pvt Ltd.,Indira securities pvt. ltd,200,922.6,184520.0,2025-08-06 14:59:32.499662
2025-08-06,911,2025080603017590,SAPDBL,Dipshikha Dhitopatra Karobar Co. Pvt Ltd.,J.F. Securites (PVT) Ltd.,10,922.6,9226.0,2025-08-06 14:59:35.007542
2025-08-06,865,2025080603017601,SAPDBL,Dipshikha Dhitopatra Karobar Co. Pvt Ltd.,Sewa Securities Pvt. Ltd.,85,922.6,78421.0,2025-08-06 14:59:36.817189
2025-08-06,484,2025080603017683,SAPDBL,Naasa Securities Co. Ltd.,Kalika Securities Pvt. Ltd.,100,922.7,92270.0,2025-08-06 14:59:49.540373
2025-08-06,15,2025080603017776,SAPDBL,Sumeru Securities Pvt. Ltd.,NIMB Stock Markets Limited,10,925.0,9250.0,2025-08-06 14:59:59.713854
