Date,S.N.,Contract ID,Symbol,Buyer Broker,Seller Broker,volume,rate,amount,transaction_time
2025-08-06,93053,2025080604000005,UMHL,Kumari Securities Private Limited,Capital Max Securities Ltd,10,554.0,5540.0,2025-08-06 11:00:12.722866
2025-08-06,92955,2025080604000029,UMHL,Kumari Securities Private Limited,Trisul Securities & Invt. Ltd.,10,562.0,5620.0,2025-08-06 11:00:52.935352
2025-08-06,92896,2025080604000031,UMHL,Kumari Securities Private Limited,Malla & Malla Stock Broking Company Pvt. Limited,80,562.0,44960.0,2025-08-06 11:01:11.890583
2025-08-06,92881,2025080604000032,UMHL,Vision Securities Pvt. Ltd,Capital Max Securities Ltd,80,562.0,44960.0,2025-08-06 11:01:14.269369
2025-08-06,92880,2025080604000033,UMHL,Vision Securities Pvt. Ltd,Kumari Securities Private Limited,20,567.0,11340.0,2025-08-06 11:01:14.269492
2025-08-06,92776,2025080604000044,UMHL,Siprabi Securities Pvt. Ltd.,ABC Securities Private Limited,100,565.0,56500.0,2025-08-06 11:01:35.334934
2025-08-06,92497,2025080604000064,UMHL,Online Securities Pvt. Ltd.,Online Securities Pvt. Ltd.,10,556.0,5560.0,2025-08-06 11:02:24.944915
2025-08-06,92446,2025080604000071,UMHL,Online Securities Pvt. Ltd.,Capital Max Securities Ltd,10,556.0,5560.0,2025-08-06 11:02:35.462542
2025-08-06,92302,2025080604000085,UMHL,Sumeru Securities Pvt. Ltd.,Capital Max Securities Ltd,673,556.1,374255.3,2025-08-06 11:02:55.554137
2025-08-06,92301,2025080604000086,UMHL,Online Securities Pvt. Ltd.,Capital Max Securities Ltd,80,556.0,44480.0,2025-08-06 11:02:55.554200
2025-08-06,92300,2025080604000087,UMHL,Dipshikha Dhitopatra Karobar Co. Pvt Ltd.,Capital Max Securities Ltd,500,555.3,277650.0,2025-08-06 11:02:55.554228
2025-08-06,92299,2025080604000088,UMHL,Indira securities pvt. ltd,Capital Max Securities Ltd,500,555.3,277650.0,2025-08-06 11:02:55.554252
2025-08-06,92298,2025080604000089,UMHL,Asian Securities Private Ltd.,Capital Max Securities Ltd,1000,555.2,555200.0,2025-08-06 11:02:55.554275
2025-08-06,92297,2025080604000090,UMHL,Himalayan Brokerage Company Limited,Capital Max Securities Ltd,247,555.2,137134.4,2025-08-06 11:02:55.554299
2025-08-06,92056,2025080604000106,UMHL,Trishakti Securities Public Limited,Capital Max Securities Ltd,800,556.3,445040.0,2025-08-06 11:03:49.937783
2025-08-06,92055,2025080604000107,UMHL,Imperial Securities Company Pvt. Ltd.,Capital Max Securities Ltd,200,556.2,111240.0,2025-08-06 11:03:49.937854
2025-08-06,91621,2025080604000181,UMHL,Secured Securities Ltd.,Capital Max Securities Ltd,1000,557.5,557500.0,2025-08-06 11:05:02.243651
2025-08-06,91176,2025080604000275,UMHL,Imperial Securities Company Pvt. Ltd.,KALASH STOCK MARKET PVT. LTD.,300,558.1,167430.0,2025-08-06 11:06:11.371144
2025-08-06,91175,2025080604000276,UMHL,Capital Max Securities Ltd,KALASH STOCK MARKET PVT. LTD.,2000,558.0,1116000.0,2025-08-06 11:06:11.371234
2025-08-06,90736,2025080604000368,UMHL,Sumeru Securities Pvt. Ltd.,Imperial Securities Company Pvt. Ltd.,797,557.0,443929.0,2025-08-06 11:07:12.822279
2025-08-06,90735,2025080604000369,UMHL,Neev Securities Pvt. Ltd.,Imperial Securities Company Pvt. Ltd.,10,557.0,5570.0,2025-08-06 11:07:12.822396
2025-08-06,90734,2025080604000370,UMHL,Capital Max Securities Ltd,Imperial Securities Company Pvt. Ltd.,2000,556.5,1113000.0,2025-08-06 11:07:12.822452
2025-08-06,90733,2025080604000371,UMHL,Indira securities pvt. ltd,Imperial Securities Company Pvt. Ltd.,193,556.1,107327.3,2025-08-06 11:07:12.822492
2025-08-06,90441,2025080604000412,UMHL,Vision Securities Pvt. Ltd,KALASH STOCK MARKET PVT. LTD.,50,559.9,27995.0,2025-08-06 11:08:01.854501
2025-08-06,90407,2025080604000417,UMHL,Capital Max Securities Ltd,Dynamic Money Managers Securities Pvt. Ltd.,500,558.0,279000.0,2025-08-06 11:08:08.069223
2025-08-06,90178,2025080604000448,UMHL,Sumeru Securities Pvt. Ltd.,Dakshinkali Investment & Securities Pvt. Ltd.,10,560.0,5600.0,2025-08-06 11:08:46.554198
2025-08-06,90177,2025080604000449,UMHL,Sumeru Securities Pvt. Ltd.,Capital Max Securities Ltd,1250,560.0,700000.0,2025-08-06 11:08:46.554297
2025-08-06,90176,2025080604000450,UMHL,Sumeru Securities Pvt. Ltd.,Midas Stock Broking Company Private Limited,500,560.0,280000.0,2025-08-06 11:08:46.554358
2025-08-06,89573,2025080604000522,UMHL,Trishakti Securities Public Limited,Trisul Securities & Invt. Ltd.,100,560.0,56000.0,2025-08-06 11:10:04.322408
2025-08-06,87601,2025080604000763,UMHL,Trishakti Securities Public Limited,SUN SECURITIES PVT LTD,100,560.0,56000.0,2025-08-06 11:14:35.530434
2025-08-06,87299,2025080604000804,UMHL,Cristal Kanchanjanga Securites Pvt. Ltd.,SUN SECURITIES PVT LTD,400,560.0,224000.0,2025-08-06 11:15:21.724964
2025-08-06,87165,2025080604000823,UMHL,Cristal Kanchanjanga Securites Pvt. Ltd.,Trishakti Securities Public Limited,24,560.8,13459.2,2025-08-06 11:15:35.799883
2025-08-06,87164,2025080604000824,UMHL,Cristal Kanchanjanga Securites Pvt. Ltd.,KALASH STOCK MARKET PVT. LTD.,576,560.9,323078.4,2025-08-06 11:15:35.800135
2025-08-06,86745,2025080604000905,UMHL,Kohinoor Investment & Securities Pvt. Ltd.,KALASH STOCK MARKET PVT. LTD.,74,559.0,41366.0,2025-08-06 11:16:37.353013
2025-08-06,86509,2025080604000953,UMHL,Trisul Securities & Invt. Ltd.,Capital Max Securities Ltd,85,560.0,47600.0,2025-08-06 11:17:15.837720
2025-08-06,86038,2025080604001024,UMHL,Primo Securities (PVT) Ltd.,J.F. Securites (PVT) Ltd.,5,556.1,2780.5,2025-08-06 11:18:24.554866
2025-08-06,85896,2025080604001046,UMHL,Vision Securities Pvt. Ltd,Capital Max Securities Ltd,200,560.0,112000.0,2025-08-06 11:18:51.216076
2025-08-06,85811,2025080604001054,UMHL,Kohinoor Investment & Securities Pvt. Ltd.,Trisul Securities & Invt. Ltd.,26,559.0,14534.0,2025-08-06 11:19:08.239058
2025-08-06,85663,2025080604001084,UMHL,Cristal Kanchanjanga Securites Pvt. Ltd.,Capital Max Securities Ltd,215,560.0,120400.0,2025-08-06 11:19:29.963691
2025-08-06,85662,2025080604001085,UMHL,Cristal Kanchanjanga Securites Pvt. Ltd.,Midas Stock Broking Company Private Limited,285,560.0,159600.0,2025-08-06 11:19:29.963941
2025-08-06,85469,2025080604001122,UMHL,Vision Securities Pvt. Ltd,Midas Stock Broking Company Private Limited,100,560.0,56000.0,2025-08-06 11:20:03.779772
2025-08-06,85328,2025080604001140,UMHL,Opal Securities Investment (PVT) Ltd.,Midas Stock Broking Company Private Limited,90,560.0,50400.0,2025-08-06 11:20:26.032196
2025-08-06,85115,2025080604001166,UMHL,Opal Securities Investment (PVT) Ltd.,Capital Max Securities Ltd,200,559.5,111900.0,2025-08-06 11:21:08.756543
2025-08-06,85114,2025080604001167,UMHL,Property Wiard Limited,Capital Max Securities Ltd,200,559.3,111860.0,2025-08-06 11:21:08.756588
2025-08-06,85113,2025080604001168,UMHL,Aryatara Investment & Securities,Capital Max Securities Ltd,286,559.2,159931.2,2025-08-06 11:21:08.756616
2025-08-06,85112,2025080604001169,UMHL,R.B.B. Securities Company Ltd,Capital Max Securities Ltd,50,559.0,27950.0,2025-08-06 11:21:08.756642
2025-08-06,85111,2025080604001170,UMHL,Vision Securities Pvt. Ltd,Capital Max Securities Ltd,100,558.8,55880.0,2025-08-06 11:21:08.756667
2025-08-06,85110,2025080604001171,UMHL,Sri Hari Securities Pvt. Ltd.,Capital Max Securities Ltd,100,558.8,55880.0,2025-08-06 11:21:08.756690
2025-08-06,85109,2025080604001172,UMHL,Sharepro Securities Private Limited,Capital Max Securities Ltd,400,558.7,223480.0,2025-08-06 11:21:08.756732
2025-08-06,85108,2025080604001173,UMHL,Property Wiard Limited,Capital Max Securities Ltd,100,558.7,55870.0,2025-08-06 11:21:08.756754
2025-08-06,85107,2025080604001174,UMHL,SUN SECURITIES PVT LTD,Capital Max Securities Ltd,400,558.7,223480.0,2025-08-06 11:21:08.756778
2025-08-06,85106,2025080604001175,UMHL,Property Wiard Limited,Capital Max Securities Ltd,200,558.7,111740.0,2025-08-06 11:21:08.756801
2025-08-06,85105,2025080604001176,UMHL,Sumeru Securities Pvt. Ltd.,Capital Max Securities Ltd,500,558.6,279300.0,2025-08-06 11:21:08.756823
2025-08-06,85104,2025080604001177,UMHL,Sumeru Securities Pvt. Ltd.,Capital Max Securities Ltd,700,558.6,391020.0,2025-08-06 11:21:08.756846
2025-08-06,85084,2025080604001180,UMHL,Capital Max Securities Ltd,J.F. Securites (PVT) Ltd.,10,561.0,5610.0,2025-08-06 11:21:11.768383
2025-08-06,84749,2025080604001240,UMHL,Naasa Securities Co. Ltd.,Dipshikha Dhitopatra Karobar Co. Pvt Ltd.,108,560.0,60480.0,2025-08-06 11:22:08.766011
2025-08-06,84483,2025080604001281,UMHL,Sri Hari Securities Pvt. Ltd.,Capital Max Securities Ltd,1000,559.3,559300.0,2025-08-06 11:22:57.218224
2025-08-06,84482,2025080604001282,UMHL,Property Wiard Limited,Capital Max Securities Ltd,30,559.2,16776.0,2025-08-06 11:22:57.218306
2025-08-06,84481,2025080604001283,UMHL,Property Wiard Limited,Capital Max Securities Ltd,100,559.1,55910.0,2025-08-06 11:22:57.218344
2025-08-06,84420,2025080604001293,UMHL,Capital Max Securities Ltd,Dipshikha Dhitopatra Karobar Co. Pvt Ltd.,92,560.0,51520.0,2025-08-06 11:23:09.251009
2025-08-06,84419,2025080604001294,UMHL,Capital Max Securities Ltd,Naasa Securities Co. Ltd.,10,560.0,5600.0,2025-08-06 11:23:09.251172
2025-08-06,84282,2025080604001314,UMHL,Aryatara Investment & Securities,Online Securities Pvt. Ltd.,11,560.1,6161.1,2025-08-06 11:23:31.957123
2025-08-06,83300,2025080604001463,UMHL,SUN SECURITIES PVT LTD,J.F. Securites (PVT) Ltd.,90,561.0,50490.0,2025-08-06 11:26:11.764144
2025-08-06,83299,2025080604001464,UMHL,SUN SECURITIES PVT LTD,Naasa Securities Co. Ltd.,10,561.0,5610.0,2025-08-06 11:26:11.764291
2025-08-06,83298,2025080604001465,UMHL,SUN SECURITIES PVT LTD,Siprabi Securities Pvt. Ltd.,70,561.0,39270.0,2025-08-06 11:26:11.764370
2025-08-06,83297,2025080604001466,UMHL,SUN SECURITIES PVT LTD,Secured Securities Ltd.,490,561.0,274890.0,2025-08-06 11:26:11.764430
2025-08-06,81404,2025080604001786,UMHL,Sumeru Securities Pvt. Ltd.,KALASH STOCK MARKET PVT. LTD.,50,561.5,28075.0,2025-08-06 11:30:53.241867
2025-08-06,81403,2025080604001787,UMHL,Sumeru Securities Pvt. Ltd.,KALASH STOCK MARKET PVT. LTD.,50,562.9,28145.0,2025-08-06 11:30:53.242210
2025-08-06,81129,2025080604001813,UMHL,Cristal Kanchanjanga Securites Pvt. Ltd.,KALASH STOCK MARKET PVT. LTD.,450,562.9,253305.0,2025-08-06 11:31:37.770457
2025-08-06,81128,2025080604001814,UMHL,Cristal Kanchanjanga Securites Pvt. Ltd.,KALASH STOCK MARKET PVT. LTD.,300,562.9,168870.0,2025-08-06 11:31:37.770594
2025-08-06,81127,2025080604001815,UMHL,Cristal Kanchanjanga Securites Pvt. Ltd.,Aryatara Investment & Securities,50,562.9,28145.0,2025-08-06 11:31:37.770675
2025-08-06,81126,2025080604001816,UMHL,Cristal Kanchanjanga Securites Pvt. Ltd.,Vision Securities Pvt. Ltd,357,563.0,200991.0,2025-08-06 11:31:37.770748
2025-08-06,81125,2025080604001817,UMHL,Cristal Kanchanjanga Securites Pvt. Ltd.,Dynamic Money Managers Securities Pvt. Ltd.,500,563.5,281750.0,2025-08-06 11:31:37.770807
2025-08-06,81124,2025080604001818,UMHL,Cristal Kanchanjanga Securites Pvt. Ltd.,Dynamic Money Managers Securities Pvt. Ltd.,500,564.0,282000.0,2025-08-06 11:31:37.770864
2025-08-06,81123,2025080604001819,UMHL,Cristal Kanchanjanga Securites Pvt. Ltd.,Midas Stock Broking Company Private Limited,107,564.0,60348.0,2025-08-06 11:31:37.770916
2025-08-06,81122,2025080604001820,UMHL,Cristal Kanchanjanga Securites Pvt. Ltd.,Sri Hari Securities Pvt. Ltd.,10,565.0,5650.0,2025-08-06 11:31:37.770983
2025-08-06,81121,2025080604001821,UMHL,Cristal Kanchanjanga Securites Pvt. Ltd.,Sani Securities Company Ltd.,214,565.0,120910.0,2025-08-06 11:31:37.771055
2025-08-06,81120,2025080604001822,UMHL,Cristal Kanchanjanga Securites Pvt. Ltd.,Linch Stock Market Ltd.,160,565.0,90400.0,2025-08-06 11:31:37.771108
2025-08-06,81119,2025080604001823,UMHL,Cristal Kanchanjanga Securites Pvt. Ltd.,Dipshikha Dhitopatra Karobar Co. Pvt Ltd.,16,565.0,9040.0,2025-08-06 11:31:37.771234
2025-08-06,81118,2025080604001824,UMHL,Cristal Kanchanjanga Securites Pvt. Ltd.,Nagarik Stock Dealer ,336,565.0,189840.0,2025-08-06 11:31:37.771287
2025-08-06,81049,2025080604001832,UMHL,Aryatara Investment & Securities,ABC Securities Private Limited,100,562.0,56200.0,2025-08-06 11:31:46.942297
2025-08-06,81035,2025080604001835,UMHL,Cristal Kanchanjanga Securites Pvt. Ltd.,KALASH STOCK MARKET PVT. LTD.,50,564.5,28225.0,2025-08-06 11:31:48.829325
2025-08-06,81034,2025080604001836,UMHL,Cristal Kanchanjanga Securites Pvt. Ltd.,Nagarik Stock Dealer ,164,565.0,92660.0,2025-08-06 11:31:48.829368
2025-08-06,81033,2025080604001837,UMHL,Cristal Kanchanjanga Securites Pvt. Ltd.,ABC Securities Private Limited,786,565.0,444090.0,2025-08-06 11:31:48.829397
2025-08-06,80833,2025080604001857,UMHL,Aryatara Investment & Securities,Dynamic Money Managers Securities Pvt. Ltd.,100,560.8,56080.0,2025-08-06 11:32:17.356744
2025-08-06,80773,2025080604001863,UMHL,Imperial Securities Company Pvt. Ltd.,Dynamic Money Managers Securities Pvt. Ltd.,200,560.8,112160.0,2025-08-06 11:32:22.430816
2025-08-06,80772,2025080604001864,UMHL,Imperial Securities Company Pvt. Ltd.,Midas Stock Broking Company Private Limited,5,560.1,2800.5,2025-08-06 11:32:22.433997
2025-08-06,80639,2025080604001884,UMHL,Trisul Securities & Invt. Ltd.,Dynamic Money Managers Securities Pvt. Ltd.,200,560.8,112160.0,2025-08-06 11:32:46.140180
2025-08-06,80288,2025080604001949,UMHL,Trisul Securities & Invt. Ltd.,KALASH STOCK MARKET PVT. LTD.,100,560.9,56090.0,2025-08-06 11:33:43.431739
2025-08-06,80159,2025080604001980,UMHL,Trisul Securities & Invt. Ltd.,Capital Max Securities Ltd,200,560.9,112180.0,2025-08-06 11:34:11.735245
2025-08-06,80158,2025080604001981,UMHL,R.B.B. Securities Company Ltd,Capital Max Securities Ltd,50,560.8,28040.0,2025-08-06 11:34:11.735359
2025-08-06,80157,2025080604001982,UMHL,Opal Securities Investment (PVT) Ltd.,Capital Max Securities Ltd,110,560.7,61677.0,2025-08-06 11:34:11.735434
2025-08-06,80156,2025080604001983,UMHL,Aryatara Investment & Securities,Capital Max Securities Ltd,100,560.6,56060.0,2025-08-06 11:34:11.735503
2025-08-06,80155,2025080604001984,UMHL,Aryatara Investment & Securities,Capital Max Securities Ltd,100,560.5,56050.0,2025-08-06 11:34:11.735572
2025-08-06,80154,2025080604001985,UMHL,KALASH STOCK MARKET PVT. LTD.,Capital Max Securities Ltd,350,560.4,196140.0,2025-08-06 11:34:11.735646
2025-08-06,80153,2025080604001986,UMHL,Aryatara Investment & Securities,Capital Max Securities Ltd,89,560.3,49866.7,2025-08-06 11:34:11.735721
2025-08-06,80093,2025080604001993,UMHL,Sumeru Securities Pvt. Ltd.,Sweta Securities Private Limited,108,562.0,60696.0,2025-08-06 11:34:21.263217
2025-08-06,80092,2025080604001994,UMHL,Sumeru Securities Pvt. Ltd.,KALASH STOCK MARKET PVT. LTD.,42,564.5,23709.0,2025-08-06 11:34:21.263402
2025-08-06,80001,2025080604002017,UMHL,Sri Hari Securities Pvt. Ltd.,Capital Max Securities Ltd,1000,560.1,560100.0,2025-08-06 11:34:39.825130
2025-08-06,79553,2025080604002115,UMHL,Cristal Kanchanjanga Securites Pvt. Ltd.,Trisul Securities & Invt. Ltd.,10,564.9,5649.0,2025-08-06 11:35:54.359576
2025-08-06,79552,2025080604002116,UMHL,Cristal Kanchanjanga Securites Pvt. Ltd.,ABC Securities Private Limited,214,565.0,120910.0,2025-08-06 11:35:54.359621
2025-08-06,79551,2025080604002117,UMHL,Cristal Kanchanjanga Securites Pvt. Ltd.,Aryatara Investment & Securities,50,565.9,28295.0,2025-08-06 11:35:54.359650
2025-08-06,79550,2025080604002118,UMHL,Cristal Kanchanjanga Securites Pvt. Ltd.,Capital Max Securities Ltd,1000,566.0,566000.0,2025-08-06 11:35:54.359675
2025-08-06,79549,2025080604002119,UMHL,Cristal Kanchanjanga Securites Pvt. Ltd.,Sri Hari Securities Pvt. Ltd.,10,566.0,5660.0,2025-08-06 11:35:54.359703
2025-08-06,79548,2025080604002120,UMHL,Cristal Kanchanjanga Securites Pvt. Ltd.,Sweta Securities Private Limited,415,566.9,235263.5,2025-08-06 11:35:54.359755
2025-08-06,79547,2025080604002121,UMHL,Cristal Kanchanjanga Securites Pvt. Ltd.,Kumari Securities Private Limited,301,567.0,170667.0,2025-08-06 11:35:54.359780
2025-08-06,79272,2025080604002166,UMHL,Property Wiard Limited,Kumari Securities Private Limited,179,567.0,101493.0,2025-08-06 11:36:49.451955
2025-08-06,79271,2025080604002167,UMHL,Property Wiard Limited,Sani Securities Company Ltd.,11,567.0,6237.0,2025-08-06 11:36:49.452121
2025-08-06,78886,2025080604002255,UMHL,Cristal Kanchanjanga Securites Pvt. Ltd.,Imperial Securities Company Pvt. Ltd.,1000,566.0,566000.0,2025-08-06 11:38:04.992925
2025-08-06,78885,2025080604002256,UMHL,Cristal Kanchanjanga Securites Pvt. Ltd.,Primo Securities (PVT) Ltd.,500,566.8,283400.0,2025-08-06 11:38:04.992987
2025-08-06,78884,2025080604002257,UMHL,Cristal Kanchanjanga Securites Pvt. Ltd.,Sri Hari Securities Pvt. Ltd.,200,566.9,113380.0,2025-08-06 11:38:04.993015
2025-08-06,78883,2025080604002258,UMHL,Cristal Kanchanjanga Securites Pvt. Ltd.,Sani Securities Company Ltd.,300,567.0,170100.0,2025-08-06 11:38:04.993043
2025-08-06,77434,2025080604002555,UMHL,Capital Max Securities Ltd,Sewa Securities Pvt. Ltd.,10,564.6,5646.0,2025-08-06 11:42:02.048420
2025-08-06,77155,2025080604002612,UMHL,Imperial Securities Company Pvt. Ltd.,Thrive Brokerage House Pvt. Ltd,14,561.1,7855.4,2025-08-06 11:42:55.751164
2025-08-06,77083,2025080604002630,UMHL,Imperial Securities Company Pvt. Ltd.,Sumeru Securities Pvt. Ltd.,36,561.1,20199.6,2025-08-06 11:43:16.407346
2025-08-06,77082,2025080604002631,UMHL,Property Wiard Limited,Sumeru Securities Pvt. Ltd.,100,561.0,56100.0,2025-08-06 11:43:16.407568
2025-08-06,77081,2025080604002632,UMHL,R.B.B. Securities Company Ltd,Sumeru Securities Pvt. Ltd.,64,561.0,35904.0,2025-08-06 11:43:16.407642
2025-08-06,76357,2025080604002740,UMHL,R.B.B. Securities Company Ltd,Nepal Investment And Securities Trading Private Limited,436,561.0,244596.0,2025-08-06 11:45:35.753057
2025-08-06,76356,2025080604002741,UMHL,Premier Securities Company Ltd.,Nepal Investment And Securities Trading Private Limited,100,561.0,56100.0,2025-08-06 11:45:35.753285
2025-08-06,76355,2025080604002742,UMHL,Dipshikha Dhitopatra Karobar Co. Pvt Ltd.,Nepal Investment And Securities Trading Private Limited,17,561.0,9537.0,2025-08-06 11:45:35.753377
2025-08-06,76142,2025080604002752,UMHL,Opal Securities Investment (PVT) Ltd.,Neev Securities Pvt. Ltd.,100,560.9,56090.0,2025-08-06 11:46:03.082109
2025-08-06,76035,2025080604002772,UMHL,KALASH STOCK MARKET PVT. LTD.,Nepal Investment And Securities Trading Private Limited,200,560.6,112120.0,2025-08-06 11:46:24.932300
2025-08-06,76034,2025080604002773,UMHL,KALASH STOCK MARKET PVT. LTD.,Nepal Investment And Securities Trading Private Limited,200,560.5,112100.0,2025-08-06 11:46:24.932691
2025-08-06,76033,2025080604002774,UMHL,KALASH STOCK MARKET PVT. LTD.,Nepal Investment And Securities Trading Private Limited,200,560.4,112080.0,2025-08-06 11:46:24.932989
2025-08-06,76032,2025080604002775,UMHL,KALASH STOCK MARKET PVT. LTD.,Nepal Investment And Securities Trading Private Limited,400,560.3,224120.0,2025-08-06 11:46:24.933282
2025-08-06,75704,2025080604002820,UMHL,Primo Securities (PVT) Ltd.,Nepal Investment And Securities Trading Private Limited,47,561.0,26367.0,2025-08-06 11:47:18.677590
2025-08-06,75379,2025080604002869,UMHL,Opal Securities Investment (PVT) Ltd.,Online Securities Pvt. Ltd.,500,561.0,280500.0,2025-08-06 11:48:27.122641
2025-08-06,75210,2025080604002888,UMHL,Sewa Securities Pvt. Ltd.,J.F. Securites (PVT) Ltd.,14,561.0,7854.0,2025-08-06 11:48:59.616024
2025-08-06,75209,2025080604002889,UMHL,Sewa Securities Pvt. Ltd.,S.P.S.A. Securities Limited,80,561.0,44880.0,2025-08-06 11:48:59.616208
2025-08-06,74918,2025080604002942,UMHL,Cristal Kanchanjanga Securites Pvt. Ltd.,Nepal Investment And Securities Trading Private Limited,1000,562.0,562000.0,2025-08-06 11:49:45.997809
2025-08-06,74917,2025080604002943,UMHL,Cristal Kanchanjanga Securites Pvt. Ltd.,Capital Max Securities Ltd,500,563.0,281500.0,2025-08-06 11:49:45.997986
2025-08-06,74916,2025080604002944,UMHL,Cristal Kanchanjanga Securites Pvt. Ltd.,Sewa Securities Pvt. Ltd.,490,564.6,276654.0,2025-08-06 11:49:45.998065
2025-08-06,74915,2025080604002945,UMHL,Cristal Kanchanjanga Securites Pvt. Ltd.,Premier Securities Company Ltd.,10,565.0,5650.0,2025-08-06 11:49:45.998148
2025-08-06,69771,2025080604003729,UMHL,Primo Securities (PVT) Ltd.,Capital Max Securities Ltd,300,561.2,168360.0,2025-08-06 12:00:45.253879
2025-08-06,69770,2025080604003730,UMHL,Siprabi Securities Pvt. Ltd.,Capital Max Securities Ltd,150,561.2,84180.0,2025-08-06 12:00:45.253944
2025-08-06,69769,2025080604003731,UMHL,Thrive Brokerage House Pvt. Ltd,Capital Max Securities Ltd,750,561.1,420825.0,2025-08-06 12:00:45.253975
2025-08-06,69768,2025080604003732,UMHL,Citizens Share Broker Limited,Capital Max Securities Ltd,500,561.0,280500.0,2025-08-06 12:00:45.254016
2025-08-06,69767,2025080604003733,UMHL,Sajilo Broker Limited,Capital Max Securities Ltd,200,561.0,112200.0,2025-08-06 12:00:45.254037
2025-08-06,69766,2025080604003734,UMHL,N.M.B. SECURITIES LIMITED,Capital Max Securities Ltd,1100,561.0,617100.0,2025-08-06 12:00:45.254057
2025-08-06,69750,2025080604003737,UMHL,Capital Max Securities Ltd,Vision Securities Pvt. Ltd,10,564.9,5649.0,2025-08-06 12:00:49.274565
2025-08-06,68420,2025080604003905,UMHL,Bhrikuti Stock Broking Co. Pvt. Ltd.,Dipshikha Dhitopatra Karobar Co. Pvt Ltd.,42,563.0,23646.0,2025-08-06 12:04:25.342812
2025-08-06,68419,2025080604003906,UMHL,Bhrikuti Stock Broking Co. Pvt. Ltd.,Online Securities Pvt. Ltd.,170,564.8,96016.0,2025-08-06 12:04:25.343084
2025-08-06,68418,2025080604003907,UMHL,Bhrikuti Stock Broking Co. Pvt. Ltd.,Vision Securities Pvt. Ltd,98,564.9,55360.2,2025-08-06 12:04:25.343260
2025-08-06,68417,2025080604003908,UMHL,Bhrikuti Stock Broking Co. Pvt. Ltd.,Dipshikha Dhitopatra Karobar Co. Pvt Ltd.,90,564.9,50841.0,2025-08-06 12:04:25.343413
2025-08-06,67567,2025080604004044,UMHL,Online Securities Pvt. Ltd.,Online Securities Pvt. Ltd.,800,564.8,451840.0,2025-08-06 12:06:59.201882
2025-08-06,67020,2025080604004143,UMHL,Primo Securities (PVT) Ltd.,Dipshikha Dhitopatra Karobar Co. Pvt Ltd.,3,560.0,1680.0,2025-08-06 12:08:39.560100
2025-08-06,66950,2025080604004153,UMHL,Primo Securities (PVT) Ltd.,Naasa Securities Co. Ltd.,1,560.0,560.0,2025-08-06 12:08:55.604812
2025-08-06,66199,2025080604004299,UMHL,Linch Stock Market Ltd.,Capital Max Securities Ltd,100,562.0,56200.0,2025-08-06 12:11:25.672732
2025-08-06,66198,2025080604004300,UMHL,Capital Max Securities Ltd,Capital Max Securities Ltd,200,562.0,112400.0,2025-08-06 12:11:25.672837
2025-08-06,66197,2025080604004301,UMHL,N.M.B. SECURITIES LIMITED,Capital Max Securities Ltd,2400,562.0,1348800.0,2025-08-06 12:11:25.672944
2025-08-06,66196,2025080604004302,UMHL,Trishakti Securities Public Limited,Capital Max Securities Ltd,100,561.5,56150.0,2025-08-06 12:11:25.673044
2025-08-06,66195,2025080604004303,UMHL,Capital Max Securities Ltd,Capital Max Securities Ltd,200,561.5,112300.0,2025-08-06 12:11:25.673117
2025-08-06,66181,2025080604004307,UMHL,Capital Max Securities Ltd,Premier Securities Company Ltd.,100,563.0,56300.0,2025-08-06 12:11:29.685694
2025-08-06,66180,2025080604004308,UMHL,Capital Max Securities Ltd,Cristal Kanchanjanga Securites Pvt. Ltd.,100,564.0,56400.0,2025-08-06 12:11:29.685734
2025-08-06,66179,2025080604004309,UMHL,Capital Max Securities Ltd,Dipshikha Dhitopatra Karobar Co. Pvt Ltd.,55,564.0,31020.0,2025-08-06 12:11:29.685759
2025-08-06,66178,2025080604004310,UMHL,Capital Max Securities Ltd,Sewa Securities Pvt. Ltd.,10,564.5,5645.0,2025-08-06 12:11:29.685792
2025-08-06,65505,2025080604004404,UMHL,Cristal Kanchanjanga Securites Pvt. Ltd.,Sewa Securities Pvt. Ltd.,885,564.5,499582.5,2025-08-06 12:13:52.930678
2025-08-06,65315,2025080604004433,UMHL,Capital Max Securities Ltd,Himalayan Brokerage Company Limited,200,564.4,112880.0,2025-08-06 12:14:44.379112
2025-08-06,65314,2025080604004434,UMHL,Capital Max Securities Ltd,Sewa Securities Pvt. Ltd.,105,564.5,59272.5,2025-08-06 12:14:44.379363
2025-08-06,65041,2025080604004497,UMHL,J.F. Securites (PVT) Ltd.,Agrawal Securities (PVT) Ltd.,35,564.9,19771.5,2025-08-06 12:15:38.252930
2025-08-06,65040,2025080604004498,UMHL,J.F. Securites (PVT) Ltd.,Vision Securities Pvt. Ltd,104,564.9,58749.6,2025-08-06 12:15:38.253008
2025-08-06,65039,2025080604004499,UMHL,J.F. Securites (PVT) Ltd.,Kohinoor Investment & Securities Pvt. Ltd.,361,564.9,203928.9,2025-08-06 12:15:38.253042
2025-08-06,64950,2025080604004536,UMHL,J.F. Securites (PVT) Ltd.,Kohinoor Investment & Securities Pvt. Ltd.,500,564.9,282450.0,2025-08-06 12:15:56.508535
2025-08-06,64576,2025080604004630,UMHL,Kohinoor Investment & Securities Pvt. Ltd.,Kohinoor Investment & Securities Pvt. Ltd.,139,564.9,78521.1,2025-08-06 12:17:05.761213
2025-08-06,64575,2025080604004631,UMHL,Kohinoor Investment & Securities Pvt. Ltd.,Aryatara Investment & Securities,150,565.0,84750.0,2025-08-06 12:17:05.761337
2025-08-06,64574,2025080604004632,UMHL,Kohinoor Investment & Securities Pvt. Ltd.,Online Securities Pvt. Ltd.,270,565.0,152550.0,2025-08-06 12:17:05.761364
2025-08-06,64573,2025080604004633,UMHL,Kohinoor Investment & Securities Pvt. Ltd.,Midas Stock Broking Company Private Limited,300,565.0,169500.0,2025-08-06 12:17:05.761391
2025-08-06,64572,2025080604004634,UMHL,Kohinoor Investment & Securities Pvt. Ltd.,Nepal Investment And Securities Trading Private Limited,1000,565.0,565000.0,2025-08-06 12:17:05.761416
2025-08-06,64571,2025080604004635,UMHL,Kohinoor Investment & Securities Pvt. Ltd.,Trishakti Securities Public Limited,3255,565.0,1839075.0,2025-08-06 12:17:05.761443
2025-08-06,64570,2025080604004636,UMHL,Kohinoor Investment & Securities Pvt. Ltd.,Aryatara Investment & Securities,886,565.0,500590.0,2025-08-06 12:17:05.761467
2025-08-06,63172,2025080604004940,UMHL,Capital Max Securities Ltd,Trishakti Securities Public Limited,95,564.5,53627.5,2025-08-06 12:21:25.780823
2025-08-06,62800,2025080604005007,UMHL,Capital Max Securities Ltd,Secured Securities Ltd.,400,562.1,224840.0,2025-08-06 12:22:45.544692
2025-08-06,62672,2025080604005036,UMHL,Capital Max Securities Ltd,South Asian Bulls Pvt. Ltd.,364,562.1,204604.4,2025-08-06 12:23:08.337066
2025-08-06,61046,2025080604005311,UMHL,Capital Max Securities Ltd,Nepal Investment And Securities Trading Private Limited,500,564.0,282000.0,2025-08-06 12:28:27.493045
2025-08-06,61045,2025080604005312,UMHL,Capital Max Securities Ltd,Kalika Securities Pvt. Ltd.,100,564.0,56400.0,2025-08-06 12:28:27.493360
2025-08-06,61044,2025080604005313,UMHL,Capital Max Securities Ltd,Shree Krishna Securities Ltd.,85,564.9,48016.5,2025-08-06 12:28:27.493460
2025-08-06,60997,2025080604005319,UMHL,Capital Max Securities Ltd,SHUBHAKAMANA SECURITIES PVT. LTD,15,564.9,8473.5,2025-08-06 12:28:38.768065
2025-08-06,60526,2025080604005369,UMHL,Capital Max Securities Ltd,SHUBHAKAMANA SECURITIES PVT. LTD,25,563.0,14075.0,2025-08-06 12:30:02.855127
2025-08-06,60488,2025080604005372,UMHL,Capital Max Securities Ltd,Kohinoor Investment & Securities Pvt. Ltd.,75,564.0,42300.0,2025-08-06 12:30:06.423759
2025-08-06,60473,2025080604005373,UMHL,Capital Max Securities Ltd,Kohinoor Investment & Securities Pvt. Ltd.,50,564.0,28200.0,2025-08-06 12:30:09.877130
2025-08-06,60204,2025080604005414,UMHL,Pragyan Securities (PVT) Ltd.,Kohinoor Investment & Securities Pvt. Ltd.,200,564.0,112800.0,2025-08-06 12:31:22.089580
2025-08-06,59963,2025080604005439,UMHL,Capital Max Securities Ltd,Kohinoor Investment & Securities Pvt. Ltd.,675,564.0,380700.0,2025-08-06 12:32:13.300295
2025-08-06,59900,2025080604005448,UMHL,Capital Max Securities Ltd,Nepal Stock House (PVT) Ltd.,15,564.8,8472.0,2025-08-06 12:32:33.832671
2025-08-06,59899,2025080604005449,UMHL,Capital Max Securities Ltd,Nepal Stock House (PVT) Ltd.,35,564.5,19757.5,2025-08-06 12:32:33.833124
2025-08-06,59898,2025080604005450,UMHL,Capital Max Securities Ltd,Nepal Stock House (PVT) Ltd.,325,564.0,183300.0,2025-08-06 12:32:33.833440
2025-08-06,59860,2025080604005459,UMHL,Secured Securities Ltd.,Nepal Investment And Securities Trading Private Limited,120,563.0,67560.0,2025-08-06 12:32:50.228549
2025-08-06,59634,2025080604005483,UMHL,Secured Securities Ltd.,Capital Max Securities Ltd,1500,563.0,844500.0,2025-08-06 12:33:32.559128
2025-08-06,59605,2025080604005491,UMHL,Capital Max Securities Ltd,Nepal Stock House (PVT) Ltd.,280,564.0,157920.0,2025-08-06 12:33:40.600045
2025-08-06,59604,2025080604005492,UMHL,Capital Max Securities Ltd,Naasa Securities Co. Ltd.,329,564.0,185556.0,2025-08-06 12:33:40.600524
2025-08-06,59340,2025080604005530,UMHL,Capital Max Securities Ltd,Sani Securities Company Ltd.,50,564.5,28225.0,2025-08-06 12:34:42.492108
2025-08-06,58999,2025080604005567,UMHL,Capital Max Securities Ltd,Sani Securities Company Ltd.,27,564.2,15233.4,2025-08-06 12:35:44.148169
2025-08-06,58998,2025080604005568,UMHL,Capital Max Securities Ltd,Sani Securities Company Ltd.,373,564.0,210372.0,2025-08-06 12:35:44.148436
2025-08-06,58818,2025080604005602,UMHL,Capital Max Securities Ltd,Aryatara Investment & Securities,446,565.0,251990.0,2025-08-06 12:36:33.682224
2025-08-06,58817,2025080604005603,UMHL,Capital Max Securities Ltd,Kohinoor Investment & Securities Pvt. Ltd.,214,565.0,120910.0,2025-08-06 12:36:33.682511
2025-08-06,58816,2025080604005604,UMHL,Capital Max Securities Ltd,Sewa Securities Pvt. Ltd.,1000,565.0,565000.0,2025-08-06 12:36:33.682611
2025-08-06,58815,2025080604005605,UMHL,Capital Max Securities Ltd,Trishakti Securities Public Limited,500,565.0,282500.0,2025-08-06 12:36:33.682707
2025-08-06,58814,2025080604005606,UMHL,Capital Max Securities Ltd,Cristal Kanchanjanga Securites Pvt. Ltd.,180,565.0,101700.0,2025-08-06 12:36:33.682800
2025-08-06,58813,2025080604005607,UMHL,Capital Max Securities Ltd,Imperial Securities Company Pvt. Ltd.,190,565.0,107350.0,2025-08-06 12:36:33.682894
2025-08-06,58568,2025080604005674,UMHL,Capital Max Securities Ltd,Stoxkarts Securities Limited,100,565.0,56500.0,2025-08-06 12:37:36.229647
2025-08-06,58290,2025080604005716,UMHL,Capital Max Securities Ltd,SUN SECURITIES PVT LTD,370,565.0,209050.0,2025-08-06 12:38:35.480510
2025-08-06,58138,2025080604005746,UMHL,Sewa Securities Pvt. Ltd.,Kumari Securities Private Limited,6,561.0,3366.0,2025-08-06 12:39:05.796565
2025-08-06,58080,2025080604005755,UMHL,Primo Securities (PVT) Ltd.,Kumari Securities Private Limited,1,560.0,560.0,2025-08-06 12:39:14.902205
2025-08-06,57523,2025080604005842,UMHL,Capital Max Securities Ltd,Capital Max Securities Ltd,200,564.5,112900.0,2025-08-06 12:41:27.708728
2025-08-06,56917,2025080604005972,UMHL,Primo Securities (PVT) Ltd.,Kohinoor Investment & Securities Pvt. Ltd.,2,560.0,1120.0,2025-08-06 12:43:30.828082
2025-08-06,56512,2025080604006013,UMHL,Capital Max Securities Ltd,Trishakti Securities Public Limited,70,565.0,39550.0,2025-08-06 12:44:28.350682
2025-08-06,56511,2025080604006014,UMHL,Capital Max Securities Ltd,Trisul Securities & Invt. Ltd.,900,565.0,508500.0,2025-08-06 12:44:28.350992
2025-08-06,56510,2025080604006015,UMHL,Capital Max Securities Ltd,Dipshikha Dhitopatra Karobar Co. Pvt Ltd.,100,565.0,56500.0,2025-08-06 12:44:28.351101
2025-08-06,56509,2025080604006016,UMHL,Capital Max Securities Ltd,Sani Securities Company Ltd.,200,565.0,113000.0,2025-08-06 12:44:28.351212
2025-08-06,56508,2025080604006017,UMHL,Capital Max Securities Ltd,Agrawal Securities (PVT) Ltd.,100,565.0,56500.0,2025-08-06 12:44:28.351322
2025-08-06,56383,2025080604006043,UMHL,Capital Max Securities Ltd,Sani Securities Company Ltd.,130,565.0,73450.0,2025-08-06 12:44:47.993464
2025-08-06,56319,2025080604006060,UMHL,Capital Max Securities Ltd,Neev Securities Pvt. Ltd.,18,564.0,10152.0,2025-08-06 12:45:01.771733
2025-08-06,56257,2025080604006068,UMHL,Capital Max Securities Ltd,Neev Securities Pvt. Ltd.,382,564.0,215448.0,2025-08-06 12:45:13.525214
2025-08-06,56225,2025080604006071,UMHL,Capital Max Securities Ltd,Malla & Malla Stock Broking Company Pvt. Limited,20,565.0,11300.0,2025-08-06 12:45:21.558766
2025-08-06,56145,2025080604006087,UMHL,Capital Max Securities Ltd,Sani Securities Company Ltd.,80,565.0,45200.0,2025-08-06 12:45:42.609445
2025-08-06,55861,2025080604006135,UMHL,Capital Max Securities Ltd,Trisul Securities & Invt. Ltd.,222,564.0,125208.0,2025-08-06 12:46:46.225115
2025-08-06,55199,2025080604006278,UMHL,Capital Max Securities Ltd,Malla & Malla Stock Broking Company Pvt. Limited,100,564.0,56400.0,2025-08-06 12:48:37.405446
2025-08-06,55076,2025080604006288,UMHL,Capital Max Securities Ltd,Premier Securities Company Ltd.,296,564.0,166944.0,2025-08-06 12:48:53.668662
2025-08-06,54919,2025080604006323,UMHL,Secured Securities Ltd.,Bhrikuti Stock Broking Co. Pvt. Ltd.,53,563.0,29839.0,2025-08-06 12:49:21.291341
2025-08-06,54712,2025080604006362,UMHL,Secured Securities Ltd.,Sundhara Securities Limited,150,563.0,84450.0,2025-08-06 12:50:11.375222
2025-08-06,54458,2025080604006381,UMHL,Secured Securities Ltd.,Premier Securities Company Ltd.,177,563.0,99651.0,2025-08-06 12:50:48.379926
2025-08-06,54457,2025080604006382,UMHL,Global IME Securities Limited,Premier Securities Company Ltd.,200,563.0,112600.0,2025-08-06 12:50:48.380255
2025-08-06,52578,2025080604006695,UMHL,Naasa Securities Co. Ltd.,Sharepro Securities Private Limited,240,562.3,134952.0,2025-08-06 12:55:58.219701
2025-08-06,52577,2025080604006696,UMHL,Capital Max Securities Ltd,Sharepro Securities Private Limited,760,562.2,427272.0,2025-08-06 12:55:58.220227
2025-08-06,50987,2025080604007003,UMHL,Capital Max Securities Ltd,Sharepro Securities Private Limited,240,562.2,134928.0,2025-08-06 12:59:47.228565
2025-08-06,50986,2025080604007004,UMHL,Capital Max Securities Ltd,Sharepro Securities Private Limited,236,562.1,132655.6,2025-08-06 12:59:47.229298
2025-08-06,50945,2025080604007012,UMHL,Deevyaa Securities & Stock House Pvt. Ltd,Sharepro Securities Private Limited,24,562.1,13490.4,2025-08-06 12:59:52.050651
2025-08-06,50944,2025080604007013,UMHL,Deevyaa Securities & Stock House Pvt. Ltd,Nagarik Stock Dealer ,276,563.0,155388.0,2025-08-06 12:59:52.050937
2025-08-06,50226,2025080604007124,UMHL,Deevyaa Securities & Stock House Pvt. Ltd,Nagarik Stock Dealer ,24,563.0,13512.0,2025-08-06 13:01:25.125124
2025-08-06,49178,2025080604007278,UMHL,Premier Securities Company Ltd.,Linch Stock Market Ltd.,100,563.0,56300.0,2025-08-06 13:04:07.358653
2025-08-06,47962,2025080604007496,UMHL,Capital Max Securities Ltd,Midas Stock Broking Company Private Limited,157,562.3,88281.1,2025-08-06 13:07:15.660283
2025-08-06,47695,2025080604007543,UMHL,Naasa Securities Co. Ltd.,Creative Securities Pvt Ltd,21,563.5,11833.5,2025-08-06 13:08:00.997079
2025-08-06,47694,2025080604007544,UMHL,Naasa Securities Co. Ltd.,Premier Securities Company Ltd.,100,564.0,56400.0,2025-08-06 13:08:00.997444
2025-08-06,47693,2025080604007545,UMHL,Naasa Securities Co. Ltd.,Sagarmatha Securities Private Limited,79,564.0,44556.0,2025-08-06 13:08:00.997559
2025-08-06,46498,2025080604007744,UMHL,Online Securities Pvt. Ltd.,Sani Securities Company Ltd.,100,565.0,56500.0,2025-08-06 13:11:12.717847
2025-08-06,46497,2025080604007745,UMHL,Online Securities Pvt. Ltd.,Sani Securities Company Ltd.,40,565.0,22600.0,2025-08-06 13:11:12.718213
2025-08-06,46496,2025080604007746,UMHL,Online Securities Pvt. Ltd.,Kohinoor Investment & Securities Pvt. Ltd.,100,565.0,56500.0,2025-08-06 13:11:12.718338
2025-08-06,46495,2025080604007747,UMHL,Online Securities Pvt. Ltd.,Siprabi Securities Pvt. Ltd.,130,565.0,73450.0,2025-08-06 13:11:12.718462
2025-08-06,46494,2025080604007748,UMHL,Online Securities Pvt. Ltd.,Imperial Securities Company Pvt. Ltd.,14,565.0,7910.0,2025-08-06 13:11:12.718568
2025-08-06,46493,2025080604007749,UMHL,Online Securities Pvt. Ltd.,South Asian Bulls Pvt. Ltd.,100,565.0,56500.0,2025-08-06 13:11:12.718714
2025-08-06,46492,2025080604007750,UMHL,Online Securities Pvt. Ltd.,J.F. Securites (PVT) Ltd.,535,565.0,302275.0,2025-08-06 13:11:12.718831
2025-08-06,46491,2025080604007751,UMHL,Online Securities Pvt. Ltd.,S.P.S.A. Securities Limited,400,565.0,226000.0,2025-08-06 13:11:12.718948
2025-08-06,46389,2025080604007764,UMHL,Deevyaa Securities & Stock House Pvt. Ltd,Sewa Securities Pvt. Ltd.,500,565.1,282550.0,2025-08-06 13:11:34.724180
2025-08-06,45857,2025080604007853,UMHL,Kohinoor Investment & Securities Pvt. Ltd.,SUN SECURITIES PVT LTD,630,565.2,356076.0,2025-08-06 13:12:55.070926
2025-08-06,45856,2025080604007854,UMHL,Kohinoor Investment & Securities Pvt. Ltd.,Sani Securities Company Ltd.,100,565.2,56520.0,2025-08-06 13:12:55.071001
2025-08-06,45855,2025080604007855,UMHL,Kohinoor Investment & Securities Pvt. Ltd.,Kohinoor Investment & Securities Pvt. Ltd.,270,565.2,152604.0,2025-08-06 13:12:55.071023
2025-08-06,45558,2025080604007899,UMHL,Deevyaa Securities & Stock House Pvt. Ltd,Capital Max Securities Ltd,500,564.0,282000.0,2025-08-06 13:13:33.021981
2025-08-06,45557,2025080604007900,UMHL,Deevyaa Securities & Stock House Pvt. Ltd,Capital Max Securities Ltd,500,564.0,282000.0,2025-08-06 13:13:33.022297
2025-08-06,45556,2025080604007901,UMHL,Opal Securities Investment (PVT) Ltd.,Capital Max Securities Ltd,800,563.1,450480.0,2025-08-06 13:13:33.022470
2025-08-06,45555,2025080604007902,UMHL,Opal Securities Investment (PVT) Ltd.,Capital Max Securities Ltd,500,563.0,281500.0,2025-08-06 13:13:33.022650
2025-08-06,45554,2025080604007903,UMHL,Deevyaa Securities & Stock House Pvt. Ltd,Capital Max Securities Ltd,500,563.0,281500.0,2025-08-06 13:13:33.022799
2025-08-06,45553,2025080604007904,UMHL,Capital Max Securities Ltd,Capital Max Securities Ltd,200,562.6,112520.0,2025-08-06 13:13:33.022946
2025-08-06,45552,2025080604007905,UMHL,Kohinoor Investment & Securities Pvt. Ltd.,Capital Max Securities Ltd,2000,562.6,1125200.0,2025-08-06 13:13:33.023070
2025-08-06,45551,2025080604007906,UMHL,R.B.B. Securities Company Ltd,Capital Max Securities Ltd,50,562.5,28125.0,2025-08-06 13:13:33.023212
2025-08-06,45550,2025080604007907,UMHL,Capital Max Securities Ltd,Capital Max Securities Ltd,19950,562.5,11221875.0,2025-08-06 13:13:33.023392
2025-08-06,44808,2025080604008038,UMHL,Opal Securities Investment (PVT) Ltd.,Capital Max Securities Ltd,300,563.1,168930.0,2025-08-06 13:15:22.500400
2025-08-06,44705,2025080604008068,UMHL,Online Securities Pvt. Ltd.,Online Securities Pvt. Ltd.,800,564.9,451920.0,2025-08-06 13:15:39.113475
2025-08-06,44654,2025080604008091,UMHL,Trishakti Securities Public Limited,Trishakti Securities Public Limited,10,565.0,5650.0,2025-08-06 13:15:45.639673
2025-08-06,44449,2025080604008120,UMHL,Sweta Securities Private Limited,Trishakti Securities Public Limited,500,565.0,282500.0,2025-08-06 13:16:21.623088
2025-08-06,43903,2025080604008219,UMHL,Sani Securities Company Ltd.,Trishakti Securities Public Limited,490,565.0,276850.0,2025-08-06 13:17:44.610185
2025-08-06,43902,2025080604008220,UMHL,Sani Securities Company Ltd.,Bhrikuti Stock Broking Co. Pvt. Ltd.,10,565.1,5651.0,2025-08-06 13:17:44.610293
2025-08-06,43837,2025080604008243,UMHL,Deevyaa Securities & Stock House Pvt. Ltd,Sumeru Securities Pvt. Ltd.,500,564.0,282000.0,2025-08-06 13:17:55.084591
2025-08-06,43836,2025080604008244,UMHL,R.B.B. Securities Company Ltd,Sumeru Securities Pvt. Ltd.,50,563.4,28170.0,2025-08-06 13:17:55.084932
2025-08-06,43835,2025080604008245,UMHL,Opal Securities Investment (PVT) Ltd.,Sumeru Securities Pvt. Ltd.,500,563.1,281550.0,2025-08-06 13:17:55.085087
2025-08-06,43834,2025080604008246,UMHL,Nepal Investment And Securities Trading Private Limited,Sumeru Securities Pvt. Ltd.,102,563.1,57436.2,2025-08-06 13:17:55.085213
2025-08-06,43833,2025080604008247,UMHL,Deevyaa Securities & Stock House Pvt. Ltd,Sumeru Securities Pvt. Ltd.,500,563.1,281550.0,2025-08-06 13:17:55.085335
2025-08-06,43832,2025080604008248,UMHL,Nepal Investment And Securities Trading Private Limited,Sumeru Securities Pvt. Ltd.,60,563.1,33786.0,2025-08-06 13:17:55.085451
2025-08-06,43831,2025080604008249,UMHL,Kohinoor Investment & Securities Pvt. Ltd.,Sumeru Securities Pvt. Ltd.,2000,563.1,1126200.0,2025-08-06 13:17:55.085601
2025-08-06,43830,2025080604008250,UMHL,Sani Securities Company Ltd.,Sumeru Securities Pvt. Ltd.,1000,563.1,563100.0,2025-08-06 13:17:55.085725
2025-08-06,43829,2025080604008251,UMHL,Sumeru Securities Pvt. Ltd.,Sumeru Securities Pvt. Ltd.,9888,563.1,5567932.8,2025-08-06 13:17:55.085856
2025-08-06,43768,2025080604008275,UMHL,Trishakti Securities Public Limited,Kohinoor Investment & Securities Pvt. Ltd.,10,565.2,5652.0,2025-08-06 13:18:03.836887
2025-08-06,43596,2025080604008295,UMHL,Arun Securities (PVT) Ltd.,Kohinoor Investment & Securities Pvt. Ltd.,200,565.2,113040.0,2025-08-06 13:18:38.276398
2025-08-06,43589,2025080604008297,UMHL,Sumeru Securities Pvt. Ltd.,Kohinoor Investment & Securities Pvt. Ltd.,20,565.2,11304.0,2025-08-06 13:18:40.263406
2025-08-06,43588,2025080604008298,UMHL,Sumeru Securities Pvt. Ltd.,Trademow Securities Private Limited,100,565.3,56530.0,2025-08-06 13:18:40.263702
2025-08-06,43587,2025080604008299,UMHL,Sumeru Securities Pvt. Ltd.,Sani Securities Company Ltd.,100,565.3,56530.0,2025-08-06 13:18:40.263813
2025-08-06,43586,2025080604008300,UMHL,Sumeru Securities Pvt. Ltd.,Trademow Securities Private Limited,100,565.4,56540.0,2025-08-06 13:18:40.263919
2025-08-06,43585,2025080604008301,UMHL,Sumeru Securities Pvt. Ltd.,Deevyaa Securities & Stock House Pvt. Ltd,108,565.5,61074.0,2025-08-06 13:18:40.264024
2025-08-06,43584,2025080604008302,UMHL,Sumeru Securities Pvt. Ltd.,Himalayan Brokerage Company Limited,72,565.9,40744.8,2025-08-06 13:18:40.264129
2025-08-06,43554,2025080604008305,UMHL,Sumeru Securities Pvt. Ltd.,Himalayan Brokerage Company Limited,112,565.9,63380.8,2025-08-06 13:18:46.296535
2025-08-06,43471,2025080604008330,UMHL,Trishakti Securities Public Limited,Himalayan Brokerage Company Limited,10,565.9,5659.0,2025-08-06 13:19:00.355978
2025-08-06,43470,2025080604008331,UMHL,Sumeru Securities Pvt. Ltd.,Aryatara Investment & Securities,30,566.0,16980.0,2025-08-06 13:19:00.385433
2025-08-06,43458,2025080604008332,UMHL,Online Securities Pvt. Ltd.,Aryatara Investment & Securities,470,566.0,266020.0,2025-08-06 13:19:02.156015
2025-08-06,43457,2025080604008333,UMHL,Online Securities Pvt. Ltd.,Shree Krishna Securities Ltd.,130,566.0,73580.0,2025-08-06 13:19:02.156297
2025-08-06,43456,2025080604008334,UMHL,Online Securities Pvt. Ltd.,Sagarmatha Securities Private Limited,121,566.0,68486.0,2025-08-06 13:19:02.156416
2025-08-06,43455,2025080604008335,UMHL,Online Securities Pvt. Ltd.,Sweta Securities Private Limited,100,566.0,56600.0,2025-08-06 13:19:02.156521
2025-08-06,43413,2025080604008347,UMHL,Trishakti Securities Public Limited,Citizens Share Broker Limited,10,566.9,5669.0,2025-08-06 13:19:08.400780
2025-08-06,43362,2025080604008359,UMHL,Sani Securities Company Ltd.,Citizens Share Broker Limited,400,566.9,226760.0,2025-08-06 13:19:17.024283
2025-08-06,43246,2025080604008378,UMHL,Trishakti Securities Public Limited,Sani Securities Company Ltd.,10,567.0,5670.0,2025-08-06 13:19:43.682382
2025-08-06,43172,2025080604008398,UMHL,Investment Management Nepal Pvt. Ltd.,Sani Securities Company Ltd.,179,567.0,101493.0,2025-08-06 13:19:56.944310
2025-08-06,43171,2025080604008399,UMHL,Investment Management Nepal Pvt. Ltd.,Arun Securities (PVT) Ltd.,200,567.0,113400.0,2025-08-06 13:19:56.944597
2025-08-06,43170,2025080604008400,UMHL,Investment Management Nepal Pvt. Ltd.,Deevyaa Securities & Stock House Pvt. Ltd,500,567.0,283500.0,2025-08-06 13:19:56.944707
2025-08-06,43169,2025080604008401,UMHL,Investment Management Nepal Pvt. Ltd.,Citizens Share Broker Limited,121,567.0,68607.0,2025-08-06 13:19:56.944837
2025-08-06,43136,2025080604008406,UMHL,Sumeru Securities Pvt. Ltd.,Citizens Share Broker Limited,20,567.0,11340.0,2025-08-06 13:20:03.722618
2025-08-06,42682,2025080604008514,UMHL,Sani Securities Company Ltd.,Citizens Share Broker Limited,35,567.0,19845.0,2025-08-06 13:21:18.554984
2025-08-06,42612,2025080604008536,UMHL,Online Securities Pvt. Ltd.,Citizens Share Broker Limited,74,567.0,41958.0,2025-08-06 13:21:36.269879
2025-08-06,42611,2025080604008537,UMHL,Online Securities Pvt. Ltd.,Online Securities Pvt. Ltd.,50,567.0,28350.0,2025-08-06 13:21:36.270412
2025-08-06,42610,2025080604008538,UMHL,Online Securities Pvt. Ltd.,Naasa Securities Co. Ltd.,207,567.0,117369.0,2025-08-06 13:21:36.270756
2025-08-06,42609,2025080604008539,UMHL,Online Securities Pvt. Ltd.,Bhrikuti Stock Broking Co. Pvt. Ltd.,500,567.0,283500.0,2025-08-06 13:21:36.271087
2025-08-06,42608,2025080604008540,UMHL,Online Securities Pvt. Ltd.,Aryatara Investment & Securities,10,567.0,5670.0,2025-08-06 13:21:36.271432
2025-08-06,42606,2025080604008541,UMHL,Online Securities Pvt. Ltd.,Siprabi Securities Pvt. Ltd.,100,567.0,56700.0,2025-08-06 13:21:36.271816
2025-08-06,42605,2025080604008542,UMHL,Online Securities Pvt. Ltd.,Sani Securities Company Ltd.,10,567.0,5670.0,2025-08-06 13:21:36.272269
2025-08-06,42604,2025080604008543,UMHL,Online Securities Pvt. Ltd.,Thrive Brokerage House Pvt. Ltd,20,567.0,11340.0,2025-08-06 13:21:36.272745
2025-08-06,42566,2025080604008546,UMHL,Trishakti Securities Public Limited,Capital Max Securities Ltd,10,568.0,5680.0,2025-08-06 13:21:40.582243
2025-08-06,41917,2025080604008700,UMHL,Online Securities Pvt. Ltd.,Premier Securities Company Ltd.,135,566.0,76410.0,2025-08-06 13:23:49.576614
2025-08-06,41900,2025080604008702,UMHL,Online Securities Pvt. Ltd.,Capital Max Securities Ltd,44,566.0,24904.0,2025-08-06 13:23:54.871897
2025-08-06,41899,2025080604008703,UMHL,Opal Securities Investment (PVT) Ltd.,Capital Max Securities Ltd,500,565.1,282550.0,2025-08-06 13:23:54.872212
2025-08-06,41898,2025080604008704,UMHL,Linch Stock Market Ltd.,Capital Max Securities Ltd,40,565.0,22600.0,2025-08-06 13:23:54.872330
2025-08-06,41897,2025080604008705,UMHL,Nepal Stock House (PVT) Ltd.,Capital Max Securities Ltd,10,565.0,5650.0,2025-08-06 13:23:54.872438
2025-08-06,41896,2025080604008706,UMHL,Nagarik Stock Dealer ,Capital Max Securities Ltd,500,565.0,282500.0,2025-08-06 13:23:54.872538
2025-08-06,41895,2025080604008707,UMHL,Naasa Securities Co. Ltd.,Capital Max Securities Ltd,100,565.0,56500.0,2025-08-06 13:23:54.872645
2025-08-06,41894,2025080604008708,UMHL,Sajilo Broker Limited,Capital Max Securities Ltd,50,564.0,28200.0,2025-08-06 13:23:54.872749
2025-08-06,41893,2025080604008709,UMHL,Premier Securities Company Ltd.,Capital Max Securities Ltd,300,563.0,168900.0,2025-08-06 13:23:54.872855
2025-08-06,41892,2025080604008710,UMHL,Capital Max Securities Ltd,Capital Max Securities Ltd,10000,563.0,5630000.0,2025-08-06 13:23:54.872961
2025-08-06,41891,2025080604008711,UMHL,Kohinoor Investment & Securities Pvt. Ltd.,Capital Max Securities Ltd,4000,563.0,2252000.0,2025-08-06 13:23:54.873065
2025-08-06,41768,2025080604008730,UMHL,Trishakti Securities Public Limited,Bhrikuti Stock Broking Co. Pvt. Ltd.,10,567.0,5670.0,2025-08-06 13:24:22.127669
2025-08-06,40591,2025080604008927,UMHL,Thrive Brokerage House Pvt. Ltd,Sumeru Securities Pvt. Ltd.,500,565.4,282700.0,2025-08-06 13:27:50.208373
2025-08-06,40226,2025080604008979,UMHL,Trishakti Securities Public Limited,Bhrikuti Stock Broking Co. Pvt. Ltd.,10,567.0,5670.0,2025-08-06 13:28:56.513525
2025-08-06,40122,2025080604008993,UMHL,Thrive Brokerage House Pvt. Ltd,Nagarik Stock Dealer ,250,565.4,141350.0,2025-08-06 13:29:12.638979
2025-08-06,40121,2025080604008994,UMHL,Miyo Securities Pvt Ltd,Nagarik Stock Dealer ,250,565.4,141350.0,2025-08-06 13:29:12.639023
2025-08-06,40107,2025080604008998,UMHL,Trishakti Securities Public Limited,Bhrikuti Stock Broking Co. Pvt. Ltd.,10,567.0,5670.0,2025-08-06 13:29:15.696558
2025-08-06,39306,2025080604009142,UMHL,SUN SECURITIES PVT LTD,Bhrikuti Stock Broking Co. Pvt. Ltd.,70,567.0,39690.0,2025-08-06 13:31:37.317555
2025-08-06,39305,2025080604009143,UMHL,SUN SECURITIES PVT LTD,Aryatara Investment & Securities,535,567.0,303345.0,2025-08-06 13:31:37.317878
2025-08-06,39219,2025080604009148,UMHL,Capital Max Securities Ltd,Aryatara Investment & Securities,100,567.9,56790.0,2025-08-06 13:31:52.686411
2025-08-06,39218,2025080604009149,UMHL,Capital Max Securities Ltd,Capital Max Securities Ltd,190,568.0,107920.0,2025-08-06 13:31:52.686707
2025-08-06,39217,2025080604009150,UMHL,Capital Max Securities Ltd,Ashutosh Brokerage & Securities (PVT) Ltd.,50,568.0,28400.0,2025-08-06 13:31:52.686819
2025-08-06,39216,2025080604009151,UMHL,Capital Max Securities Ltd,Trisul Securities & Invt. Ltd.,100,568.0,56800.0,2025-08-06 13:31:52.686931
2025-08-06,39215,2025080604009152,UMHL,Capital Max Securities Ltd,Bhrikuti Stock Broking Co. Pvt. Ltd.,137,568.0,77816.0,2025-08-06 13:31:52.687045
2025-08-06,39214,2025080604009153,UMHL,Capital Max Securities Ltd,Imperial Securities Company Pvt. Ltd.,200,568.0,113600.0,2025-08-06 13:31:52.687169
2025-08-06,39213,2025080604009154,UMHL,Capital Max Securities Ltd,Sumeru Securities Pvt. Ltd.,500,568.0,284000.0,2025-08-06 13:31:52.687278
2025-08-06,39159,2025080604009173,UMHL,Capital Max Securities Ltd,Asian Securities Private Ltd.,423,568.0,240264.0,2025-08-06 13:32:03.255376
2025-08-06,39081,2025080604009181,UMHL,SUN SECURITIES PVT LTD,Sumeru Securities Pvt. Ltd.,3000,567.0,1701000.0,2025-08-06 13:32:20.481285
2025-08-06,39005,2025080604009205,UMHL,SUN SECURITIES PVT LTD,Online Securities Pvt. Ltd.,800,567.0,453600.0,2025-08-06 13:32:34.852806
2025-08-06,38937,2025080604009219,UMHL,SUN SECURITIES PVT LTD,Bhrikuti Stock Broking Co. Pvt. Ltd.,500,567.0,283500.0,2025-08-06 13:32:44.985616
2025-08-06,38924,2025080604009222,UMHL,SUN SECURITIES PVT LTD,Sani Securities Company Ltd.,45,567.0,25515.0,2025-08-06 13:32:49.762439
2025-08-06,38765,2025080604009247,UMHL,Trishakti Securities Public Limited,Linch Stock Market Ltd.,10,568.8,5688.0,2025-08-06 13:33:15.032913
2025-08-06,37491,2025080604009445,UMHL,SUN SECURITIES PVT LTD,Sani Securities Company Ltd.,20,568.0,11360.0,2025-08-06 13:36:48.298913
2025-08-06,37490,2025080604009446,UMHL,SUN SECURITIES PVT LTD,Shree Krishna Securities Ltd.,30,568.0,17040.0,2025-08-06 13:36:48.299190
2025-08-06,37327,2025080604009485,UMHL,Kalika Securities Pvt. Ltd.,Shree Krishna Securities Ltd.,70,568.0,39760.0,2025-08-06 13:37:16.018611
2025-08-06,37326,2025080604009486,UMHL,Kalika Securities Pvt. Ltd.,Investment Management Nepal Pvt. Ltd.,50,568.0,28400.0,2025-08-06 13:37:16.019140
2025-08-06,37267,2025080604009501,UMHL,Kalika Securities Pvt. Ltd.,Sumeru Securities Pvt. Ltd.,3000,568.0,1704000.0,2025-08-06 13:37:29.354973
2025-08-06,37169,2025080604009523,UMHL,Trishakti Securities Public Limited,Sewa Securities Pvt. Ltd.,10,568.5,5685.0,2025-08-06 13:37:50.360356
2025-08-06,36980,2025080604009561,UMHL,Kalika Securities Pvt. Ltd.,Online Securities Pvt. Ltd.,800,568.0,454400.0,2025-08-06 13:38:21.731951
2025-08-06,36879,2025080604009585,UMHL,Kalika Securities Pvt. Ltd.,Sewa Securities Pvt. Ltd.,774,568.5,440019.0,2025-08-06 13:38:36.173633
2025-08-06,36812,2025080604009593,UMHL,Online Securities Pvt. Ltd.,Linch Stock Market Ltd.,190,568.8,108072.0,2025-08-06 13:38:48.039552
2025-08-06,36811,2025080604009594,UMHL,Online Securities Pvt. Ltd.,Arun Securities (PVT) Ltd.,1000,569.0,569000.0,2025-08-06 13:38:48.040097
2025-08-06,36810,2025080604009595,UMHL,Online Securities Pvt. Ltd.,Asian Securities Private Ltd.,893,569.0,508117.0,2025-08-06 13:38:48.040512
2025-08-06,36793,2025080604009599,UMHL,Capital Max Securities Ltd,Asian Securities Private Ltd.,11,569.1,6260.1,2025-08-06 13:38:49.519700
2025-08-06,36792,2025080604009600,UMHL,Capital Max Securities Ltd,Trademow Securities Private Limited,300,569.1,170730.0,2025-08-06 13:38:49.519959
2025-08-06,36791,2025080604009601,UMHL,Capital Max Securities Ltd,Nepal Investment And Securities Trading Private Limited,50,569.5,28475.0,2025-08-06 13:38:49.520088
2025-08-06,36790,2025080604009602,UMHL,Capital Max Securities Ltd,Capital Max Securities Ltd,520,569.9,296348.0,2025-08-06 13:38:49.520208
2025-08-06,36789,2025080604009603,UMHL,Capital Max Securities Ltd,J.F. Securites (PVT) Ltd.,1000,569.9,569900.0,2025-08-06 13:38:49.520345
2025-08-06,36788,2025080604009604,UMHL,Capital Max Securities Ltd,Midas Stock Broking Company Private Limited,1000,570.0,570000.0,2025-08-06 13:38:49.520466
2025-08-06,36787,2025080604009605,UMHL,Capital Max Securities Ltd,Ashutosh Brokerage & Securities (PVT) Ltd.,50,570.0,28500.0,2025-08-06 13:38:49.520592
2025-08-06,36786,2025080604009606,UMHL,Capital Max Securities Ltd,Midas Stock Broking Company Private Limited,500,570.0,285000.0,2025-08-06 13:38:49.520714
2025-08-06,36785,2025080604009607,UMHL,Capital Max Securities Ltd,Deevyaa Securities & Stock House Pvt. Ltd,569,570.0,324330.0,2025-08-06 13:38:49.520825
2025-08-06,36676,2025080604009631,UMHL,Capital Max Securities Ltd,Deevyaa Securities & Stock House Pvt. Ltd,50,570.0,28500.0,2025-08-06 13:39:11.610046
2025-08-06,36673,2025080604009633,UMHL,NIMB Stock Markets Limited,Deevyaa Securities & Stock House Pvt. Ltd,181,570.0,103170.0,2025-08-06 13:39:12.046572
2025-08-06,36672,2025080604009634,UMHL,NIMB Stock Markets Limited,Deevyaa Securities & Stock House Pvt. Ltd,200,570.0,114000.0,2025-08-06 13:39:12.046855
2025-08-06,36671,2025080604009635,UMHL,NIMB Stock Markets Limited,Naasa Securities Co. Ltd.,185,570.0,105450.0,2025-08-06 13:39:12.046963
2025-08-06,36670,2025080604009636,UMHL,NIMB Stock Markets Limited,Midas Stock Broking Company Private Limited,10,570.0,5700.0,2025-08-06 13:39:12.047068
2025-08-06,36669,2025080604009637,UMHL,NIMB Stock Markets Limited,Midas Stock Broking Company Private Limited,471,570.0,268470.0,2025-08-06 13:39:12.047172
2025-08-06,36190,2025080604009749,UMHL,Dakshinkali Investment & Securities Pvt. Ltd.,Midas Stock Broking Company Private Limited,29,570.0,16530.0,2025-08-06 13:40:23.129750
2025-08-06,36189,2025080604009750,UMHL,Dakshinkali Investment & Securities Pvt. Ltd.,Sagarmatha Securities Private Limited,85,570.0,48450.0,2025-08-06 13:40:23.130055
2025-08-06,36188,2025080604009751,UMHL,Dakshinkali Investment & Securities Pvt. Ltd.,Nepal Investment And Securities Trading Private Limited,886,570.0,505020.0,2025-08-06 13:40:23.130164
2025-08-06,36006,2025080604009770,UMHL,Sri Hari Securities Pvt. Ltd.,Nepal Investment And Securities Trading Private Limited,114,570.0,64980.0,2025-08-06 13:40:49.365711
2025-08-06,36005,2025080604009771,UMHL,Sri Hari Securities Pvt. Ltd.,Dynamic Money Managers Securities Pvt. Ltd.,25,570.0,14250.0,2025-08-06 13:40:49.365970
2025-08-06,36004,2025080604009772,UMHL,Sri Hari Securities Pvt. Ltd.,Online Securities Pvt. Ltd.,100,570.0,57000.0,2025-08-06 13:40:49.366077
2025-08-06,36003,2025080604009773,UMHL,Sri Hari Securities Pvt. Ltd.,Shree Krishna Securities Ltd.,1000,570.0,570000.0,2025-08-06 13:40:49.366184
2025-08-06,36002,2025080604009774,UMHL,Sri Hari Securities Pvt. Ltd.,Dynamic Money Managers Securities Pvt. Ltd.,100,570.0,57000.0,2025-08-06 13:40:49.366282
2025-08-06,36001,2025080604009775,UMHL,Sri Hari Securities Pvt. Ltd.,Deevyaa Securities & Stock House Pvt. Ltd,10,570.0,5700.0,2025-08-06 13:40:49.366388
2025-08-06,36000,2025080604009776,UMHL,Sri Hari Securities Pvt. Ltd.,Nepal Investment And Securities Trading Private Limited,50,570.0,28500.0,2025-08-06 13:40:49.366484
2025-08-06,35999,2025080604009777,UMHL,Sri Hari Securities Pvt. Ltd.,Neev Securities Pvt. Ltd.,101,570.0,57570.0,2025-08-06 13:40:49.366581
2025-08-06,35961,2025080604009779,UMHL,Trishakti Securities Public Limited,Neev Securities Pvt. Ltd.,99,570.0,56430.0,2025-08-06 13:40:51.975814
2025-08-06,35835,2025080604009812,UMHL,Trishakti Securities Public Limited,Dipshikha Dhitopatra Karobar Co. Pvt Ltd.,50,570.0,28500.0,2025-08-06 13:41:15.137186
2025-08-06,35777,2025080604009820,UMHL,Trishakti Securities Public Limited,Deevyaa Securities & Stock House Pvt. Ltd,10,571.0,5710.0,2025-08-06 13:41:25.219762
2025-08-06,35776,2025080604009821,UMHL,Trishakti Securities Public Limited,South Asian Bulls Pvt. Ltd.,41,571.0,23411.0,2025-08-06 13:41:25.220381
2025-08-06,35585,2025080604009869,UMHL,R.B.B. Securities Company Ltd,Creative Securities Pvt Ltd,100,570.0,57000.0,2025-08-06 13:42:02.872678
2025-08-06,35584,2025080604009870,UMHL,R.B.B. Securities Company Ltd,South Asian Bulls Pvt. Ltd.,179,571.0,102209.0,2025-08-06 13:42:02.872785
2025-08-06,35583,2025080604009871,UMHL,R.B.B. Securities Company Ltd,Trademow Securities Private Limited,1000,571.0,571000.0,2025-08-06 13:42:02.872881
2025-08-06,35582,2025080604009872,UMHL,R.B.B. Securities Company Ltd,Kohinoor Investment & Securities Pvt. Ltd.,1000,571.0,571000.0,2025-08-06 13:42:02.872953
2025-08-06,35581,2025080604009873,UMHL,R.B.B. Securities Company Ltd,Linch Stock Market Ltd.,200,571.2,114240.0,2025-08-06 13:42:02.873038
2025-08-06,35580,2025080604009874,UMHL,R.B.B. Securities Company Ltd,Sumeru Securities Pvt. Ltd.,500,571.2,285600.0,2025-08-06 13:42:02.873114
2025-08-06,35579,2025080604009875,UMHL,R.B.B. Securities Company Ltd,Aryatara Investment & Securities,21,571.2,11995.2,2025-08-06 13:42:02.873185
2025-08-06,35538,2025080604009881,UMHL,Sri Hari Securities Pvt. Ltd.,Aryatara Investment & Securities,179,571.2,102244.8,2025-08-06 13:42:09.377095
2025-08-06,35537,2025080604009882,UMHL,Sri Hari Securities Pvt. Ltd.,Trademow Securities Private Limited,21,571.2,11995.2,2025-08-06 13:42:09.377164
2025-08-06,35377,2025080604009905,UMHL,Oxford Securities Pvt. Ltd.,Trademow Securities Private Limited,100,571.2,57120.0,2025-08-06 13:42:33.717782
2025-08-06,35370,2025080604009906,UMHL,Dipshikha Dhitopatra Karobar Co. Pvt Ltd.,Trademow Securities Private Limited,23,571.2,13137.6,2025-08-06 13:42:35.715060
2025-08-06,35290,2025080604009942,UMHL,Kohinoor Investment & Securities Pvt. Ltd.,Sumeru Securities Pvt. Ltd.,2000,569.5,1139000.0,2025-08-06 13:42:45.029362
2025-08-06,35289,2025080604009943,UMHL,Sumeru Securities Pvt. Ltd.,Sumeru Securities Pvt. Ltd.,10000,569.3,5693000.0,2025-08-06 13:42:45.029452
2025-08-06,35288,2025080604009944,UMHL,Sri Hari Securities Pvt. Ltd.,Sumeru Securities Pvt. Ltd.,1000,569.2,569200.0,2025-08-06 13:42:45.029519
2025-08-06,35277,2025080604009945,UMHL,Trishakti Securities Public Limited,Trademow Securities Private Limited,100,571.2,57120.0,2025-08-06 13:42:47.842328
2025-08-06,35257,2025080604009949,UMHL,Sumeru Securities Pvt. Ltd.,Sumeru Securities Pvt. Ltd.,1000,570.0,570000.0,2025-08-06 13:42:53.073101
2025-08-06,35065,2025080604009989,UMHL,Trishakti Securities Public Limited,Trademow Securities Private Limited,10,571.2,5712.0,2025-08-06 13:43:29.516515
2025-08-06,35019,2025080604010008,UMHL,J.F. Securites (PVT) Ltd.,Deevyaa Securities & Stock House Pvt. Ltd,500,571.0,285500.0,2025-08-06 13:43:37.943181
2025-08-06,34771,2025080604010061,UMHL,Trishakti Securities Public Limited,Trademow Securities Private Limited,10,571.2,5712.0,2025-08-06 13:44:16.822404
2025-08-06,34651,2025080604010099,UMHL,Sumeru Securities Pvt. Ltd.,Trademow Securities Private Limited,36,571.2,20563.2,2025-08-06 13:44:36.372746
2025-08-06,34650,2025080604010100,UMHL,Sumeru Securities Pvt. Ltd.,Investment Management Nepal Pvt. Ltd.,10,571.2,5712.0,2025-08-06 13:44:36.372850
2025-08-06,34649,2025080604010101,UMHL,Sumeru Securities Pvt. Ltd.,Vision Securities Pvt. Ltd,30,571.9,17157.0,2025-08-06 13:44:36.372940
2025-08-06,34648,2025080604010102,UMHL,Sumeru Securities Pvt. Ltd.,Linch Stock Market Ltd.,100,571.9,57190.0,2025-08-06 13:44:36.373014
2025-08-06,34647,2025080604010103,UMHL,Sumeru Securities Pvt. Ltd.,Vision Securities Pvt. Ltd,124,572.0,70928.0,2025-08-06 13:44:36.373088
2025-08-06,34540,2025080604010125,UMHL,Trishakti Securities Public Limited,Vision Securities Pvt. Ltd,356,572.0,203632.0,2025-08-06 13:44:55.073582
2025-08-06,34539,2025080604010126,UMHL,Trishakti Securities Public Limited,Sagarmatha Securities Private Limited,80,572.0,45760.0,2025-08-06 13:44:55.073847
2025-08-06,34538,2025080604010127,UMHL,Trishakti Securities Public Limited,Aryatara Investment & Securities,107,572.0,61204.0,2025-08-06 13:44:55.073951
2025-08-06,34537,2025080604010128,UMHL,Trishakti Securities Public Limited,Premier Securities Company Ltd.,10,573.0,5730.0,2025-08-06 13:44:55.074055
2025-08-06,34536,2025080604010129,UMHL,Trishakti Securities Public Limited,Sumeru Securities Pvt. Ltd.,500,573.0,286500.0,2025-08-06 13:44:55.074153
2025-08-06,34517,2025080604010131,UMHL,Shree Krishna Securities Ltd.,Cristal Kanchanjanga Securites Pvt. Ltd.,9,562.0,5058.0,2025-08-06 13:44:57.018788
2025-08-06,34470,2025080604010136,UMHL,Capital Max Securities Ltd,Trisul Securities & Invt. Ltd.,20,573.9,11478.0,2025-08-06 13:45:06.265584
2025-08-06,34469,2025080604010137,UMHL,Capital Max Securities Ltd,Thrive Brokerage House Pvt. Ltd,30,574.0,17220.0,2025-08-06 13:45:06.265825
2025-08-06,34468,2025080604010138,UMHL,Capital Max Securities Ltd,Malla & Malla Stock Broking Company Pvt. Limited,14,574.0,8036.0,2025-08-06 13:45:06.265926
2025-08-06,34467,2025080604010139,UMHL,Capital Max Securities Ltd,Aryatara Investment & Securities,300,574.0,172200.0,2025-08-06 13:45:06.266024
2025-08-06,34466,2025080604010140,UMHL,Capital Max Securities Ltd,Nagarik Stock Dealer ,436,574.0,250264.0,2025-08-06 13:45:06.266121
2025-08-06,34376,2025080604010167,UMHL,Trisul Securities & Invt. Ltd.,Nagarik Stock Dealer ,70,574.0,40180.0,2025-08-06 13:45:21.776526
2025-08-06,34375,2025080604010168,UMHL,Trisul Securities & Invt. Ltd.,Siprabi Securities Pvt. Ltd.,400,574.0,229600.0,2025-08-06 13:45:21.776981
2025-08-06,34374,2025080604010169,UMHL,Trisul Securities & Invt. Ltd.,Kumari Securities Private Limited,500,574.9,287450.0,2025-08-06 13:45:21.777336
2025-08-06,34373,2025080604010170,UMHL,Trisul Securities & Invt. Ltd.,Creative Securities Pvt Ltd,100,574.9,57490.0,2025-08-06 13:45:21.777733
2025-08-06,34372,2025080604010171,UMHL,Trisul Securities & Invt. Ltd.,SUN SECURITIES PVT LTD,200,575.0,115000.0,2025-08-06 13:45:21.778157
2025-08-06,34371,2025080604010172,UMHL,Trisul Securities & Invt. Ltd.,Sagarmatha Securities Private Limited,380,575.0,218500.0,2025-08-06 13:45:21.778581
2025-08-06,34370,2025080604010173,UMHL,Trisul Securities & Invt. Ltd.,Vision Securities Pvt. Ltd,100,575.0,57500.0,2025-08-06 13:45:21.778982
2025-08-06,34369,2025080604010174,UMHL,Trisul Securities & Invt. Ltd.,SUN SECURITIES PVT LTD,500,575.0,287500.0,2025-08-06 13:45:21.779405
2025-08-06,34368,2025080604010175,UMHL,Trisul Securities & Invt. Ltd.,Trisul Securities & Invt. Ltd.,50,575.0,28750.0,2025-08-06 13:45:21.779790
2025-08-06,34367,2025080604010176,UMHL,Trisul Securities & Invt. Ltd.,Sagarmatha Securities Private Limited,100,575.0,57500.0,2025-08-06 13:45:21.780167
2025-08-06,34366,2025080604010177,UMHL,Trisul Securities & Invt. Ltd.,Online Securities Pvt. Ltd.,740,575.0,425500.0,2025-08-06 13:45:21.780579
2025-08-06,34365,2025080604010178,UMHL,Trisul Securities & Invt. Ltd.,Capital Max Securities Ltd,925,575.0,531875.0,2025-08-06 13:45:21.780966
2025-08-06,34364,2025080604010179,UMHL,Trisul Securities & Invt. Ltd.,Kohinoor Investment & Securities Pvt. Ltd.,70,575.0,40250.0,2025-08-06 13:45:21.781393
2025-08-06,34363,2025080604010180,UMHL,Trisul Securities & Invt. Ltd.,Sani Securities Company Ltd.,20,575.0,11500.0,2025-08-06 13:45:21.781774
2025-08-06,34362,2025080604010181,UMHL,Trisul Securities & Invt. Ltd.,Sani Securities Company Ltd.,861,575.0,495075.0,2025-08-06 13:45:21.782206
2025-08-06,34361,2025080604010182,UMHL,Trisul Securities & Invt. Ltd.,Sani Securities Company Ltd.,500,575.0,287500.0,2025-08-06 13:45:21.782616
2025-08-06,34360,2025080604010183,UMHL,Trisul Securities & Invt. Ltd.,Sani Securities Company Ltd.,400,575.0,230000.0,2025-08-06 13:45:21.783020
2025-08-06,34359,2025080604010184,UMHL,Trisul Securities & Invt. Ltd.,Oxford Securities Pvt. Ltd.,500,575.0,287500.0,2025-08-06 13:45:21.783219
2025-08-06,34358,2025080604010185,UMHL,Trisul Securities & Invt. Ltd.,Opal Securities Investment (PVT) Ltd.,200,575.0,115000.0,2025-08-06 13:45:21.783351
2025-08-06,34357,2025080604010186,UMHL,Trisul Securities & Invt. Ltd.,Agrawal Securities (PVT) Ltd.,100,575.0,57500.0,2025-08-06 13:45:21.783480
2025-08-06,34356,2025080604010187,UMHL,Trisul Securities & Invt. Ltd.,Agrawal Securities (PVT) Ltd.,100,575.0,57500.0,2025-08-06 13:45:21.783620
2025-08-06,34355,2025080604010188,UMHL,Trisul Securities & Invt. Ltd.,Agrawal Securities (PVT) Ltd.,100,575.0,57500.0,2025-08-06 13:45:21.783730
2025-08-06,34354,2025080604010189,UMHL,Trisul Securities & Invt. Ltd.,Trisul Securities & Invt. Ltd.,100,575.0,57500.0,2025-08-06 13:45:21.783844
2025-08-06,34353,2025080604010190,UMHL,Trisul Securities & Invt. Ltd.,Agrawal Securities (PVT) Ltd.,100,575.0,57500.0,2025-08-06 13:45:21.783950
2025-08-06,34352,2025080604010191,UMHL,Trisul Securities & Invt. Ltd.,Linch Stock Market Ltd.,500,575.0,287500.0,2025-08-06 13:45:21.784060
2025-08-06,34351,2025080604010192,UMHL,Trisul Securities & Invt. Ltd.,Malla & Malla Stock Broking Company Pvt. Limited,14,575.0,8050.0,2025-08-06 13:45:21.784173
2025-08-06,34350,2025080604010193,UMHL,Trisul Securities & Invt. Ltd.,Deevyaa Securities & Stock House Pvt. Ltd,14,575.0,8050.0,2025-08-06 13:45:21.784274
2025-08-06,34349,2025080604010194,UMHL,Trisul Securities & Invt. Ltd.,Imperial Securities Company Pvt. Ltd.,50,575.0,28750.0,2025-08-06 13:45:21.784391
2025-08-06,34348,2025080604010195,UMHL,Trisul Securities & Invt. Ltd.,South Asian Bulls Pvt. Ltd.,306,575.0,175950.0,2025-08-06 13:45:21.784491
2025-08-06,34072,2025080604010266,UMHL,Midas Stock Broking Company Private Limited,South Asian Bulls Pvt. Ltd.,23,575.0,13225.0,2025-08-06 13:46:04.030698
2025-08-06,34071,2025080604010267,UMHL,Midas Stock Broking Company Private Limited,Sumeru Securities Pvt. Ltd.,70,575.0,40250.0,2025-08-06 13:46:04.030916
2025-08-06,34070,2025080604010268,UMHL,Midas Stock Broking Company Private Limited,Linch Stock Market Ltd.,200,575.0,115000.0,2025-08-06 13:46:04.031013
2025-08-06,34069,2025080604010269,UMHL,Midas Stock Broking Company Private Limited,Imperial Securities Company Pvt. Ltd.,2000,575.0,1150000.0,2025-08-06 13:46:04.031100
2025-08-06,34068,2025080604010270,UMHL,Midas Stock Broking Company Private Limited,J.F. Securites (PVT) Ltd.,50,575.0,28750.0,2025-08-06 13:46:04.031182
2025-08-06,34067,2025080604010271,UMHL,Midas Stock Broking Company Private Limited,Trisul Securities & Invt. Ltd.,100,575.0,57500.0,2025-08-06 13:46:04.031264
2025-08-06,34066,2025080604010272,UMHL,Midas Stock Broking Company Private Limited,Sumeru Securities Pvt. Ltd.,1000,575.0,575000.0,2025-08-06 13:46:04.031397
2025-08-06,34065,2025080604010273,UMHL,Midas Stock Broking Company Private Limited,Aakashbhairab Securities Ltd.,200,575.0,115000.0,2025-08-06 13:46:04.031480
2025-08-06,34064,2025080604010274,UMHL,Midas Stock Broking Company Private Limited,Aryatara Investment & Securities,50,575.0,28750.0,2025-08-06 13:46:04.031563
2025-08-06,34061,2025080604010275,UMHL,Midas Stock Broking Company Private Limited,Investment Management Nepal Pvt. Ltd.,10,575.0,5750.0,2025-08-06 13:46:04.646775
2025-08-06,34030,2025080604010281,UMHL,Trishakti Securities Public Limited,Linch Stock Market Ltd.,10,575.2,5752.0,2025-08-06 13:46:11.592161
2025-08-06,34027,2025080604010283,UMHL,Nepal Stock House (PVT) Ltd.,Naasa Securities Co. Ltd.,200,575.5,115100.0,2025-08-06 13:46:11.904367
2025-08-06,34018,2025080604010287,UMHL,Trishakti Securities Public Limited,Aryatara Investment & Securities,10,576.0,5760.0,2025-08-06 13:46:14.635192
2025-08-06,33964,2025080604010302,UMHL,Capital Max Securities Ltd,Aryatara Investment & Securities,50,576.0,28800.0,2025-08-06 13:46:23.558021
2025-08-06,33963,2025080604010303,UMHL,Capital Max Securities Ltd,Neev Securities Pvt. Ltd.,20,576.0,11520.0,2025-08-06 13:46:23.558246
2025-08-06,33962,2025080604010304,UMHL,Capital Max Securities Ltd,Deevyaa Securities & Stock House Pvt. Ltd,24,576.0,13824.0,2025-08-06 13:46:23.558334
2025-08-06,33961,2025080604010305,UMHL,Capital Max Securities Ltd,Secured Securities Ltd.,100,576.0,57600.0,2025-08-06 13:46:23.558416
2025-08-06,33960,2025080604010306,UMHL,Capital Max Securities Ltd,Elite Stock House Limited,100,576.0,57600.0,2025-08-06 13:46:23.558494
2025-08-06,33959,2025080604010307,UMHL,Capital Max Securities Ltd,Primo Securities (PVT) Ltd.,200,576.0,115200.0,2025-08-06 13:46:23.558575
2025-08-06,33958,2025080604010308,UMHL,Capital Max Securities Ltd,Cristal Kanchanjanga Securites Pvt. Ltd.,250,576.0,144000.0,2025-08-06 13:46:23.558656
2025-08-06,33957,2025080604010309,UMHL,Capital Max Securities Ltd,Premier Securities Company Ltd.,52,576.0,29952.0,2025-08-06 13:46:23.558733
2025-08-06,33923,2025080604010323,UMHL,Trisul Securities & Invt. Ltd.,Sani Securities Company Ltd.,10,576.0,5760.0,2025-08-06 13:46:29.213579
2025-08-06,33922,2025080604010324,UMHL,Trisul Securities & Invt. Ltd.,Creative Securities Pvt Ltd,200,576.0,115200.0,2025-08-06 13:46:29.213991
2025-08-06,33921,2025080604010325,UMHL,Trisul Securities & Invt. Ltd.,Nepal Stock House (PVT) Ltd.,590,576.0,339840.0,2025-08-06 13:46:29.214295
2025-08-06,33915,2025080604010326,UMHL,Midas Stock Broking Company Private Limited,Thrive Brokerage House Pvt. Ltd,500,575.0,287500.0,2025-08-06 13:46:30.665248
2025-08-06,33909,2025080604010328,UMHL,Midas Stock Broking Company Private Limited,Sundhara Securities Limited,797,575.0,458275.0,2025-08-06 13:46:32.904576
2025-08-06,33765,2025080604010349,UMHL,Neev Securities Pvt. Ltd.,Sundhara Securities Limited,203,575.0,116725.0,2025-08-06 13:46:54.182518
2025-08-06,33764,2025080604010350,UMHL,Neev Securities Pvt. Ltd.,Aryatara Investment & Securities,97,575.0,55775.0,2025-08-06 13:46:54.183016
2025-08-06,33633,2025080604010374,UMHL,Shree Krishna Securities Ltd.,Himalayan Brokerage Company Limited,6,565.9,3395.4,2025-08-06 13:47:20.767568
2025-08-06,33564,2025080604010387,UMHL,Bhrikuti Stock Broking Co. Pvt. Ltd.,Aryatara Investment & Securities,600,575.0,345000.0,2025-08-06 13:47:35.974492
2025-08-06,33551,2025080604010389,UMHL,Kalika Securities Pvt. Ltd.,Aryatara Investment & Securities,61,575.0,35075.0,2025-08-06 13:47:38.321917
2025-08-06,33550,2025080604010390,UMHL,Kalika Securities Pvt. Ltd.,Kohinoor Investment & Securities Pvt. Ltd.,1000,575.0,575000.0,2025-08-06 13:47:38.322135
2025-08-06,33511,2025080604010394,UMHL,Trishakti Securities Public Limited,Sumeru Securities Pvt. Ltd.,10,575.9,5759.0,2025-08-06 13:47:45.348590
2025-08-06,33442,2025080604010440,UMHL,Siprabi Securities Pvt. Ltd.,Sumeru Securities Pvt. Ltd.,490,575.9,282191.0,2025-08-06 13:47:54.012399
2025-08-06,33428,2025080604010442,UMHL,Siprabi Securities Pvt. Ltd.,Dipshikha Dhitopatra Karobar Co. Pvt Ltd.,10,575.9,5759.0,2025-08-06 13:47:55.593806
2025-08-06,33427,2025080604010443,UMHL,Kalika Securities Pvt. Ltd.,Dipshikha Dhitopatra Karobar Co. Pvt Ltd.,1060,575.0,609500.0,2025-08-06 13:47:55.594045
2025-08-06,33352,2025080604010468,UMHL,Trishakti Securities Public Limited,Nepal Stock House (PVT) Ltd.,10,576.0,5760.0,2025-08-06 13:48:04.478006
2025-08-06,33350,2025080604010469,UMHL,Kalika Securities Pvt. Ltd.,Aryatara Investment & Securities,100,575.0,57500.0,2025-08-06 13:48:04.599105
2025-08-06,33329,2025080604010478,UMHL,Kalika Securities Pvt. Ltd.,Nepal Investment And Securities Trading Private Limited,1005,575.0,577875.0,2025-08-06 13:48:08.886893
2025-08-06,33328,2025080604010479,UMHL,KALASH STOCK MARKET PVT. LTD.,Nepal Investment And Securities Trading Private Limited,18,575.0,10350.0,2025-08-06 13:48:08.887134
2025-08-06,33316,2025080604010480,UMHL,Trishakti Securities Public Limited,Nepal Investment And Securities Trading Private Limited,10,575.0,5750.0,2025-08-06 13:48:11.530871
2025-08-06,33253,2025080604010492,UMHL,Property Wiard Limited,Nepal Investment And Securities Trading Private Limited,1467,575.0,843525.0,2025-08-06 13:48:24.518117
2025-08-06,33252,2025080604010493,UMHL,Property Wiard Limited,Online Securities Pvt. Ltd.,50,575.0,28750.0,2025-08-06 13:48:24.518341
2025-08-06,33251,2025080604010494,UMHL,Property Wiard Limited,Dipshikha Dhitopatra Karobar Co. Pvt Ltd.,483,575.0,277725.0,2025-08-06 13:48:24.518468
2025-08-06,32481,2025080604010669,UMHL,SUN SECURITIES PVT LTD,Online Securities Pvt. Ltd.,50,574.0,28700.0,2025-08-06 13:50:30.893220
2025-08-06,32459,2025080604010676,UMHL,Sumeru Securities Pvt. Ltd.,Sumeru Securities Pvt. Ltd.,100,572.3,57230.0,2025-08-06 13:50:33.485059
2025-08-06,32458,2025080604010677,UMHL,Nepal Stock House (PVT) Ltd.,Sumeru Securities Pvt. Ltd.,211,572.0,120692.0,2025-08-06 13:50:33.485121
2025-08-06,32457,2025080604010678,UMHL,Investment Management Nepal Pvt. Ltd.,Sumeru Securities Pvt. Ltd.,2000,572.0,1144000.0,2025-08-06 13:50:33.485152
2025-08-06,32456,2025080604010679,UMHL,Kalika Securities Pvt. Ltd.,Sumeru Securities Pvt. Ltd.,689,572.0,394108.0,2025-08-06 13:50:33.485178
2025-08-06,32416,2025080604010682,UMHL,Kalika Securities Pvt. Ltd.,Kohinoor Investment & Securities Pvt. Ltd.,300,572.0,171600.0,2025-08-06 13:50:39.278911
2025-08-06,32319,2025080604010704,UMHL,Kalika Securities Pvt. Ltd.,Sajilo Broker Limited,91,572.0,52052.0,2025-08-06 13:50:53.554636
2025-08-06,32290,2025080604010712,UMHL,Trisul Securities & Invt. Ltd.,Online Securities Pvt. Ltd.,50,574.0,28700.0,2025-08-06 13:50:59.683629
2025-08-06,32289,2025080604010713,UMHL,Trisul Securities & Invt. Ltd.,Nepal Investment And Securities Trading Private Limited,450,574.0,258300.0,2025-08-06 13:50:59.683675
2025-08-06,32273,2025080604010715,UMHL,Trishakti Securities Public Limited,Nepal Investment And Securities Trading Private Limited,10,574.0,5740.0,2025-08-06 13:51:00.960926
2025-08-06,32272,2025080604010716,UMHL,Trishakti Securities Public Limited,SUN SECURITIES PVT LTD,447,571.3,255371.1,2025-08-06 13:51:00.977017
2025-08-06,32271,2025080604010717,UMHL,Siprabi Securities Pvt. Ltd.,SUN SECURITIES PVT LTD,53,570.2,30220.6,2025-08-06 13:51:00.977214
2025-08-06,32236,2025080604010726,UMHL,Trisul Securities & Invt. Ltd.,Nepal Investment And Securities Trading Private Limited,40,574.0,22960.0,2025-08-06 13:51:03.719912
2025-08-06,32235,2025080604010727,UMHL,Trisul Securities & Invt. Ltd.,Sumeru Securities Pvt. Ltd.,460,574.0,264040.0,2025-08-06 13:51:03.719980
2025-08-06,32208,2025080604010740,UMHL,Trishakti Securities Public Limited,Asian Securities Private Ltd.,10,573.0,5730.0,2025-08-06 13:51:08.012922
2025-08-06,31981,2025080604010791,UMHL,Trisul Securities & Invt. Ltd.,Capital Max Securities Ltd,400,570.4,228160.0,2025-08-06 13:51:37.959928
2025-08-06,31826,2025080604010820,UMHL,Trisul Securities & Invt. Ltd.,Online Securities Pvt. Ltd.,100,570.4,57040.0,2025-08-06 13:51:51.497593
2025-08-06,31487,2025080604010894,UMHL,Trishakti Securities Public Limited,Naasa Securities Co. Ltd.,10,572.0,5720.0,2025-08-06 13:52:24.549682
2025-08-06,31067,2025080604010989,UMHL,Midas Stock Broking Company Private Limited,SHUBHAKAMANA SECURITIES PVT. LTD,250,571.0,142750.0,2025-08-06 13:53:11.931718
2025-08-06,31057,2025080604010992,UMHL,Midas Stock Broking Company Private Limited,Linch Stock Market Ltd.,750,571.0,428250.0,2025-08-06 13:53:14.893717
2025-08-06,31009,2025080604011010,UMHL,Cristal Kanchanjanga Securites Pvt. Ltd.,SHUBHAKAMANA SECURITIES PVT. LTD,200,570.4,114080.0,2025-08-06 13:53:20.996206
2025-08-06,31008,2025080604011011,UMHL,Capital Max Securities Ltd,SHUBHAKAMANA SECURITIES PVT. LTD,50,570.3,28515.0,2025-08-06 13:53:20.996251
2025-08-06,30925,2025080604011024,UMHL,Trishakti Securities Public Limited,Linch Stock Market Ltd.,10,571.0,5710.0,2025-08-06 13:53:28.268226
2025-08-06,30707,2025080604011075,UMHL,Capital Max Securities Ltd,Asian Securities Private Ltd.,35,570.3,19960.5,2025-08-06 13:54:00.546156
2025-08-06,30638,2025080604011106,UMHL,Trishakti Securities Public Limited,Naasa Securities Co. Ltd.,20,571.0,11420.0,2025-08-06 13:54:07.567754
2025-08-06,30637,2025080604011107,UMHL,Trishakti Securities Public Limited,Himalayan Brokerage Company Limited,10,571.9,5719.0,2025-08-06 13:54:07.567863
2025-08-06,30547,2025080604011135,UMHL,Sumeru Securities Pvt. Ltd.,Himalayan Brokerage Company Limited,90,571.9,51471.0,2025-08-06 13:54:22.335882
2025-08-06,30546,2025080604011136,UMHL,Sumeru Securities Pvt. Ltd.,Naasa Securities Co. Ltd.,190,572.0,108680.0,2025-08-06 13:54:22.335954
2025-08-06,30545,2025080604011137,UMHL,Sumeru Securities Pvt. Ltd.,Online Securities Pvt. Ltd.,200,572.0,114400.0,2025-08-06 13:54:22.335998
2025-08-06,30544,2025080604011138,UMHL,Sumeru Securities Pvt. Ltd.,Sajilo Broker Limited,50,572.0,28600.0,2025-08-06 13:54:22.336025
2025-08-06,30543,2025080604011139,UMHL,Sumeru Securities Pvt. Ltd.,Asian Securities Private Ltd.,311,572.0,177892.0,2025-08-06 13:54:22.336046
2025-08-06,30542,2025080604011140,UMHL,Sumeru Securities Pvt. Ltd.,Sumeru Securities Pvt. Ltd.,40,574.0,22960.0,2025-08-06 13:54:22.336071
2025-08-06,30541,2025080604011141,UMHL,Sumeru Securities Pvt. Ltd.,Creative Securities Pvt Ltd,119,574.0,68306.0,2025-08-06 13:54:22.336096
2025-08-06,30449,2025080604011183,UMHL,Capital Max Securities Ltd,Creative Securities Pvt Ltd,15,570.3,8554.5,2025-08-06 13:54:28.903638
2025-08-06,30448,2025080604011184,UMHL,Siprabi Securities Pvt. Ltd.,Creative Securities Pvt Ltd,185,570.2,105487.0,2025-08-06 13:54:28.903888
2025-08-06,30443,2025080604011185,UMHL,Sumeru Securities Pvt. Ltd.,Creative Securities Pvt Ltd,131,574.0,75194.0,2025-08-06 13:54:30.455309
2025-08-06,30442,2025080604011186,UMHL,Sumeru Securities Pvt. Ltd.,Imperial Securities Company Pvt. Ltd.,100,574.0,57400.0,2025-08-06 13:54:30.455434
2025-08-06,30441,2025080604011187,UMHL,Sumeru Securities Pvt. Ltd.,Vision Securities Pvt. Ltd,10,574.1,5741.0,2025-08-06 13:54:30.455503
2025-08-06,30347,2025080604011205,UMHL,Sumeru Securities Pvt. Ltd.,Dakshinkali Investment & Securities Pvt. Ltd.,500,573.9,286950.0,2025-08-06 13:54:41.508178
2025-08-06,30346,2025080604011206,UMHL,Sumeru Securities Pvt. Ltd.,Vision Securities Pvt. Ltd,10,574.1,5741.0,2025-08-06 13:54:41.508235
2025-08-06,30244,2025080604011225,UMHL,Sumeru Securities Pvt. Ltd.,Vision Securities Pvt. Ltd,180,574.1,103338.0,2025-08-06 13:54:50.546955
2025-08-06,30243,2025080604011226,UMHL,Sumeru Securities Pvt. Ltd.,Stoxkarts Securities Limited,10,574.2,5742.0,2025-08-06 13:54:50.547020
2025-08-06,30181,2025080604011239,UMHL,Siprabi Securities Pvt. Ltd.,Dakshinkali Investment & Securities Pvt. Ltd.,262,570.2,149392.4,2025-08-06 13:55:00.092541
2025-08-06,30180,2025080604011240,UMHL,Sumeru Securities Pvt. Ltd.,Dakshinkali Investment & Securities Pvt. Ltd.,438,570.1,249703.8,2025-08-06 13:55:00.092833
2025-08-06,30141,2025080604011252,UMHL,Sumeru Securities Pvt. Ltd.,Sumeru Securities Pvt. Ltd.,10,574.0,5740.0,2025-08-06 13:55:05.630604
2025-08-06,30119,2025080604011259,UMHL,Trishakti Securities Public Limited,Sumeru Securities Pvt. Ltd.,10,574.0,5740.0,2025-08-06 13:55:09.134639
2025-08-06,30061,2025080604011268,UMHL,Sumeru Securities Pvt. Ltd.,Creative Securities Pvt Ltd,20,573.0,11460.0,2025-08-06 13:55:18.768972
2025-08-06,30058,2025080604011270,UMHL,Primo Securities (PVT) Ltd.,Oxford Securities Pvt. Ltd.,4,563.0,2252.0,2025-08-06 13:55:19.607134
2025-08-06,30001,2025080604011293,UMHL,Sumeru Securities Pvt. Ltd.,Creative Securities Pvt Ltd,80,573.0,45840.0,2025-08-06 13:55:25.800831
2025-08-06,30000,2025080604011294,UMHL,Sumeru Securities Pvt. Ltd.,Sumeru Securities Pvt. Ltd.,20,574.0,11480.0,2025-08-06 13:55:25.800871
2025-08-06,29971,2025080604011299,UMHL,Aryatara Investment & Securities,Imperial Securities Company Pvt. Ltd.,50,571.0,28550.0,2025-08-06 13:55:29.538906
2025-08-06,29970,2025080604011300,UMHL,Cristal Kanchanjanga Securites Pvt. Ltd.,Imperial Securities Company Pvt. Ltd.,200,570.2,114040.0,2025-08-06 13:55:29.539393
2025-08-06,29969,2025080604011301,UMHL,Sumeru Securities Pvt. Ltd.,Imperial Securities Company Pvt. Ltd.,200,570.1,114020.0,2025-08-06 13:55:29.539778
2025-08-06,29920,2025080604011303,UMHL,Trishakti Securities Public Limited,Sumeru Securities Pvt. Ltd.,10,574.0,5740.0,2025-08-06 13:55:36.304850
2025-08-06,29816,2025080604011323,UMHL,Sumeru Securities Pvt. Ltd.,Imperial Securities Company Pvt. Ltd.,25,570.1,14252.5,2025-08-06 13:55:49.825008
2025-08-06,29796,2025080604011334,UMHL,Primo Securities (PVT) Ltd.,Cristal Kanchanjanga Securites Pvt. Ltd.,1,562.0,562.0,2025-08-06 13:55:53.754252
2025-08-06,29788,2025080604011335,UMHL,Sumeru Securities Pvt. Ltd.,Sumeru Securities Pvt. Ltd.,10,574.0,5740.0,2025-08-06 13:55:55.939961
2025-08-06,29737,2025080604011346,UMHL,Bhrikuti Stock Broking Co. Pvt. Ltd.,Trademow Securities Private Limited,200,571.0,114200.0,2025-08-06 13:56:04.455526
2025-08-06,29736,2025080604011347,UMHL,Aryatara Investment & Securities,Trademow Securities Private Limited,350,571.0,199850.0,2025-08-06 13:56:04.455983
2025-08-06,29735,2025080604011348,UMHL,Sumeru Securities Pvt. Ltd.,Trademow Securities Private Limited,337,570.1,192123.7,2025-08-06 13:56:04.456279
2025-08-06,29734,2025080604011349,UMHL,Kohinoor Investment & Securities Pvt. Ltd.,Trademow Securities Private Limited,200,570.1,114020.0,2025-08-06 13:56:04.456577
2025-08-06,29733,2025080604011350,UMHL,Naasa Securities Co. Ltd.,Trademow Securities Private Limited,80,570.1,45608.0,2025-08-06 13:56:04.456849
2025-08-06,29732,2025080604011351,UMHL,Dakshinkali Investment & Securities Pvt. Ltd.,Trademow Securities Private Limited,200,570.1,114020.0,2025-08-06 13:56:04.457124
2025-08-06,29731,2025080604011352,UMHL,Magnet Securities and Investment Company Private Limited,Trademow Securities Private Limited,500,570.0,285000.0,2025-08-06 13:56:04.457419
2025-08-06,29730,2025080604011353,UMHL,Dynamic Money Managers Securities Pvt. Ltd.,Trademow Securities Private Limited,500,570.0,285000.0,2025-08-06 13:56:04.457686
2025-08-06,29729,2025080604011354,UMHL,Sumeru Securities Pvt. Ltd.,Trademow Securities Private Limited,133,570.0,75810.0,2025-08-06 13:56:04.457935
2025-08-06,29718,2025080604011359,UMHL,Sumeru Securities Pvt. Ltd.,Aryatara Investment & Securities,10,573.9,5739.0,2025-08-06 13:56:05.992346
2025-08-06,29630,2025080604011387,UMHL,Sani Securities Company Ltd.,Imperial Securities Company Pvt. Ltd.,40,573.0,22920.0,2025-08-06 13:56:20.906456
2025-08-06,29629,2025080604011388,UMHL,Sani Securities Company Ltd.,Aryatara Investment & Securities,70,573.9,40173.0,2025-08-06 13:56:20.906731
2025-08-06,29628,2025080604011389,UMHL,Sani Securities Company Ltd.,Sumeru Securities Pvt. Ltd.,64,574.0,36736.0,2025-08-06 13:56:20.906829
2025-08-06,29575,2025080604011400,UMHL,Miyo Securities Pvt Ltd,Sumeru Securities Pvt. Ltd.,376,574.0,215824.0,2025-08-06 13:56:28.476078
2025-08-06,29574,2025080604011401,UMHL,Miyo Securities Pvt Ltd,Online Securities Pvt. Ltd.,500,574.0,287000.0,2025-08-06 13:56:28.476181
2025-08-06,29573,2025080604011402,UMHL,Miyo Securities Pvt Ltd,Asian Securities Private Ltd.,50,574.0,28700.0,2025-08-06 13:56:28.476281
2025-08-06,29572,2025080604011403,UMHL,Miyo Securities Pvt Ltd,Siprabi Securities Pvt. Ltd.,749,574.0,429926.0,2025-08-06 13:56:28.476385
2025-08-06,29571,2025080604011404,UMHL,Miyo Securities Pvt Ltd,Linch Stock Market Ltd.,100,574.0,57400.0,2025-08-06 13:56:28.476457
2025-08-06,29570,2025080604011405,UMHL,Miyo Securities Pvt Ltd,Dakshinkali Investment & Securities Pvt. Ltd.,225,574.1,129172.5,2025-08-06 13:56:28.476533
2025-08-06,29560,2025080604011407,UMHL,Sumeru Securities Pvt. Ltd.,Dakshinkali Investment & Securities Pvt. Ltd.,20,574.1,11482.0,2025-08-06 13:56:29.126108
2025-08-06,29498,2025080604011428,UMHL,Sumeru Securities Pvt. Ltd.,Capital Max Securities Ltd,522,570.0,297540.0,2025-08-06 13:56:37.168087
2025-08-06,29497,2025080604011429,UMHL,Sumeru Securities Pvt. Ltd.,Dakshinkali Investment & Securities Pvt. Ltd.,10,574.1,5741.0,2025-08-06 13:56:37.168190
2025-08-06,29409,2025080604011438,UMHL,Sumeru Securities Pvt. Ltd.,Dynamic Money Managers Securities Pvt. Ltd.,20,574.0,11480.0,2025-08-06 13:56:47.230971
2025-08-06,29077,2025080604011493,UMHL,Miyo Securities Pvt Ltd,Dynamic Money Managers Securities Pvt. Ltd.,480,574.0,275520.0,2025-08-06 13:57:33.807906
2025-08-06,29076,2025080604011494,UMHL,Miyo Securities Pvt Ltd,Sajilo Broker Limited,50,574.0,28700.0,2025-08-06 13:57:33.808151
2025-08-06,29075,2025080604011495,UMHL,Miyo Securities Pvt Ltd,Online Securities Pvt. Ltd.,500,574.0,287000.0,2025-08-06 13:57:33.808242
2025-08-06,29074,2025080604011496,UMHL,Miyo Securities Pvt Ltd,Dakshinkali Investment & Securities Pvt. Ltd.,245,574.1,140654.5,2025-08-06 13:57:33.808344
2025-08-06,29073,2025080604011497,UMHL,Miyo Securities Pvt Ltd,Stoxkarts Securities Limited,725,574.2,416295.0,2025-08-06 13:57:33.808438
2025-08-06,29036,2025080604011510,UMHL,Sumeru Securities Pvt. Ltd.,Stoxkarts Securities Limited,10,574.2,5742.0,2025-08-06 13:57:38.485125
2025-08-06,27883,2025080604011719,UMHL,Sumeru Securities Pvt. Ltd.,Aryatara Investment & Securities,500,572.9,286450.0,2025-08-06 14:01:21.754436
2025-08-06,27882,2025080604011720,UMHL,Sumeru Securities Pvt. Ltd.,Naasa Securities Co. Ltd.,50,573.0,28650.0,2025-08-06 14:01:21.754560
2025-08-06,27881,2025080604011721,UMHL,Sumeru Securities Pvt. Ltd.,Infinity Securities Limited,500,573.0,286500.0,2025-08-06 14:01:21.754637
2025-08-06,27880,2025080604011722,UMHL,Sumeru Securities Pvt. Ltd.,Online Securities Pvt. Ltd.,500,573.0,286500.0,2025-08-06 14:01:21.754717
2025-08-06,27879,2025080604011723,UMHL,Sumeru Securities Pvt. Ltd.,Trishakti Securities Public Limited,1000,573.9,573900.0,2025-08-06 14:01:21.754797
2025-08-06,27878,2025080604011724,UMHL,Sumeru Securities Pvt. Ltd.,BHOLE GANESH SECURITIES LTD,200,574.0,114800.0,2025-08-06 14:01:21.754877
2025-08-06,27877,2025080604011725,UMHL,Sumeru Securities Pvt. Ltd.,Nagarik Stock Dealer ,200,574.0,114800.0,2025-08-06 14:01:21.754954
2025-08-06,27876,2025080604011726,UMHL,Sumeru Securities Pvt. Ltd.,Trishakti Securities Public Limited,250,574.0,143500.0,2025-08-06 14:01:21.755025
2025-08-06,27875,2025080604011727,UMHL,Sumeru Securities Pvt. Ltd.,Stoxkarts Securities Limited,300,574.2,172260.0,2025-08-06 14:01:21.755089
2025-08-06,27846,2025080604011731,UMHL,Sumeru Securities Pvt. Ltd.,Stoxkarts Securities Limited,505,574.2,289971.0,2025-08-06 14:01:28.794900
2025-08-06,27845,2025080604011732,UMHL,Sumeru Securities Pvt. Ltd.,Midas Stock Broking Company Private Limited,100,574.2,57420.0,2025-08-06 14:01:28.794995
2025-08-06,27844,2025080604011733,UMHL,Sumeru Securities Pvt. Ltd.,Elite Stock House Limited,10,574.3,5743.0,2025-08-06 14:01:28.795031
2025-08-06,27806,2025080604011746,UMHL,Sumeru Securities Pvt. Ltd.,Elite Stock House Limited,590,574.3,338837.0,2025-08-06 14:01:37.846807
2025-08-06,27805,2025080604011747,UMHL,Sumeru Securities Pvt. Ltd.,Sani Securities Company Ltd.,10,574.7,5747.0,2025-08-06 14:01:37.846920
2025-08-06,27773,2025080604011758,UMHL,Sumeru Securities Pvt. Ltd.,Sani Securities Company Ltd.,490,574.7,281603.0,2025-08-06 14:01:44.899572
2025-08-06,27772,2025080604011759,UMHL,Sumeru Securities Pvt. Ltd.,Imperial Securities Company Pvt. Ltd.,50,574.8,28740.0,2025-08-06 14:01:44.899618
2025-08-06,27771,2025080604011760,UMHL,Sumeru Securities Pvt. Ltd.,Online Securities Pvt. Ltd.,200,574.9,114980.0,2025-08-06 14:01:44.899648
2025-08-06,27770,2025080604011761,UMHL,Sumeru Securities Pvt. Ltd.,Capital Max Securities Ltd,100,574.9,57490.0,2025-08-06 14:01:44.899668
2025-08-06,27769,2025080604011762,UMHL,Sumeru Securities Pvt. Ltd.,Dipshikha Dhitopatra Karobar Co. Pvt Ltd.,160,575.0,92000.0,2025-08-06 14:01:44.899824
2025-08-06,27714,2025080604011782,UMHL,Sumeru Securities Pvt. Ltd.,Linch Stock Market Ltd.,10,574.9,5749.0,2025-08-06 14:01:56.962472
2025-08-06,27678,2025080604011793,UMHL,Sumeru Securities Pvt. Ltd.,Linch Stock Market Ltd.,190,574.9,109231.0,2025-08-06 14:02:01.985615
2025-08-06,27677,2025080604011794,UMHL,Sumeru Securities Pvt. Ltd.,Dipshikha Dhitopatra Karobar Co. Pvt Ltd.,10,575.0,5750.0,2025-08-06 14:02:01.985662
2025-08-06,27634,2025080604011806,UMHL,Sumeru Securities Pvt. Ltd.,Dipshikha Dhitopatra Karobar Co. Pvt Ltd.,100,575.0,57500.0,2025-08-06 14:02:11.028795
2025-08-06,27589,2025080604011814,UMHL,Sumeru Securities Pvt. Ltd.,Dipshikha Dhitopatra Karobar Co. Pvt Ltd.,50,575.0,28750.0,2025-08-06 14:02:18.083399
2025-08-06,27554,2025080604011822,UMHL,Sumeru Securities Pvt. Ltd.,Dipshikha Dhitopatra Karobar Co. Pvt Ltd.,10,575.0,5750.0,2025-08-06 14:02:25.118541
2025-08-06,27511,2025080604011836,UMHL,Sumeru Securities Pvt. Ltd.,Dipshikha Dhitopatra Karobar Co. Pvt Ltd.,20,575.0,11500.0,2025-08-06 14:02:33.162542
2025-08-06,27487,2025080604011843,UMHL,Sumeru Securities Pvt. Ltd.,Capital Max Securities Ltd,20,573.0,11460.0,2025-08-06 14:02:39.209639
2025-08-06,27472,2025080604011845,UMHL,Sumeru Securities Pvt. Ltd.,Capital Max Securities Ltd,480,573.0,275040.0,2025-08-06 14:02:44.253063
2025-08-06,27471,2025080604011846,UMHL,Sumeru Securities Pvt. Ltd.,Dipshikha Dhitopatra Karobar Co. Pvt Ltd.,20,575.0,11500.0,2025-08-06 14:02:44.253219
2025-08-06,27411,2025080604011865,UMHL,Sumeru Securities Pvt. Ltd.,Dipshikha Dhitopatra Karobar Co. Pvt Ltd.,15,575.0,8625.0,2025-08-06 14:02:52.292085
2025-08-06,27376,2025080604011872,UMHL,Sumeru Securities Pvt. Ltd.,Dipshikha Dhitopatra Karobar Co. Pvt Ltd.,40,575.0,23000.0,2025-08-06 14:03:00.474503
2025-08-06,27343,2025080604011877,UMHL,Miyo Securities Pvt Ltd,Dipshikha Dhitopatra Karobar Co. Pvt Ltd.,100,575.0,57500.0,2025-08-06 14:03:08.262467
2025-08-06,27322,2025080604011882,UMHL,Sumeru Securities Pvt. Ltd.,Dipshikha Dhitopatra Karobar Co. Pvt Ltd.,30,575.0,17250.0,2025-08-06 14:03:14.548081
2025-08-06,27251,2025080604011904,UMHL,Sumeru Securities Pvt. Ltd.,SUN SECURITIES PVT LTD,10,574.9,5749.0,2025-08-06 14:03:26.641039
2025-08-06,27144,2025080604011932,UMHL,Trishakti Securities Public Limited,Sumeru Securities Pvt. Ltd.,1000,572.0,572000.0,2025-08-06 14:03:43.750337
2025-08-06,27143,2025080604011933,UMHL,Malla & Malla Stock Broking Company Pvt. Limited,Sumeru Securities Pvt. Ltd.,258,571.0,147318.0,2025-08-06 14:03:43.750398
2025-08-06,27142,2025080604011934,UMHL,Trishakti Securities Public Limited,Sumeru Securities Pvt. Ltd.,100,570.4,57040.0,2025-08-06 14:03:43.750436
2025-08-06,27141,2025080604011935,UMHL,Sani Securities Company Ltd.,Sumeru Securities Pvt. Ltd.,30,570.3,17109.0,2025-08-06 14:03:43.750476
2025-08-06,27140,2025080604011936,UMHL,Capital Max Securities Ltd,Sumeru Securities Pvt. Ltd.,100,570.3,57030.0,2025-08-06 14:03:43.750505
2025-08-06,27139,2025080604011937,UMHL,Trisul Securities & Invt. Ltd.,Sumeru Securities Pvt. Ltd.,4512,570.2,2572742.4,2025-08-06 14:03:43.750553
2025-08-06,27087,2025080604011948,UMHL,Sumeru Securities Pvt. Ltd.,Sani Securities Company Ltd.,10,574.7,5747.0,2025-08-06 14:03:52.789951
2025-08-06,27003,2025080604011967,UMHL,Dynamic Money Managers Securities Pvt. Ltd.,Malla & Malla Stock Broking Company Pvt. Limited,100,574.0,57400.0,2025-08-06 14:04:06.331207
2025-08-06,27002,2025080604011968,UMHL,Dynamic Money Managers Securities Pvt. Ltd.,Sani Securities Company Ltd.,200,574.7,114940.0,2025-08-06 14:04:06.331544
2025-08-06,26997,2025080604011970,UMHL,Sumeru Securities Pvt. Ltd.,Sani Securities Company Ltd.,110,574.7,63217.0,2025-08-06 14:04:07.858152
2025-08-06,26884,2025080604011996,UMHL,R.B.B. Securities Company Ltd,Sani Securities Company Ltd.,680,574.7,390796.0,2025-08-06 14:04:31.646230
2025-08-06,26883,2025080604011997,UMHL,R.B.B. Securities Company Ltd,KALASH STOCK MARKET PVT. LTD.,1320,574.8,758736.0,2025-08-06 14:04:31.646294
2025-08-06,26717,2025080604012015,UMHL,Sumeru Securities Pvt. Ltd.,KALASH STOCK MARKET PVT. LTD.,180,574.8,103464.0,2025-08-06 14:05:07.125386
2025-08-06,26716,2025080604012016,UMHL,Sumeru Securities Pvt. Ltd.,SUN SECURITIES PVT LTD,20,574.9,11498.0,2025-08-06 14:05:07.125437
2025-08-06,26691,2025080604012024,UMHL,Sumeru Securities Pvt. Ltd.,Sumeru Securities Pvt. Ltd.,80,574.0,45920.0,2025-08-06 14:05:14.161940
2025-08-06,26669,2025080604012029,UMHL,Sumeru Securities Pvt. Ltd.,Sumeru Securities Pvt. Ltd.,120,574.0,68880.0,2025-08-06 14:05:21.195928
2025-08-06,26668,2025080604012030,UMHL,Sumeru Securities Pvt. Ltd.,SUN SECURITIES PVT LTD,80,574.9,45992.0,2025-08-06 14:05:21.195987
2025-08-06,26568,2025080604012058,UMHL,Property Wiard Limited,Online Securities Pvt. Ltd.,200,574.8,114960.0,2025-08-06 14:05:49.544444
2025-08-06,26553,2025080604012060,UMHL,Sumeru Securities Pvt. Ltd.,Online Securities Pvt. Ltd.,100,574.8,57480.0,2025-08-06 14:05:50.596376
2025-08-06,26449,2025080604012073,UMHL,Sumeru Securities Pvt. Ltd.,Online Securities Pvt. Ltd.,20,574.8,11496.0,2025-08-06 14:06:08.707761
2025-08-06,26394,2025080604012077,UMHL,Sumeru Securities Pvt. Ltd.,Imperial Securities Company Pvt. Ltd.,50,574.3,28715.0,2025-08-06 14:06:24.808757
2025-08-06,26393,2025080604012078,UMHL,Sumeru Securities Pvt. Ltd.,Online Securities Pvt. Ltd.,100,574.8,57480.0,2025-08-06 14:06:24.808867
2025-08-06,26378,2025080604012080,UMHL,Capital Max Securities Ltd,Sri Hari Securities Pvt. Ltd.,100,572.0,57200.0,2025-08-06 14:06:28.678708
2025-08-06,26336,2025080604012086,UMHL,Sumeru Securities Pvt. Ltd.,Online Securities Pvt. Ltd.,10,574.8,5748.0,2025-08-06 14:06:34.855182
2025-08-06,26226,2025080604012112,UMHL,Capital Max Securities Ltd,J.F. Securites (PVT) Ltd.,40,574.7,22988.0,2025-08-06 14:07:00.351092
2025-08-06,26225,2025080604012113,UMHL,Capital Max Securities Ltd,Online Securities Pvt. Ltd.,960,574.8,551808.0,2025-08-06 14:07:00.351378
2025-08-06,26196,2025080604012116,UMHL,Capital Max Securities Ltd,Online Securities Pvt. Ltd.,500,574.8,287400.0,2025-08-06 14:07:09.397611
2025-08-06,26175,2025080604012119,UMHL,Kohinoor Investment & Securities Pvt. Ltd.,Online Securities Pvt. Ltd.,50,574.8,28740.0,2025-08-06 14:07:15.551699
2025-08-06,26142,2025080604012123,UMHL,Sumeru Securities Pvt. Ltd.,Online Securities Pvt. Ltd.,60,574.8,34488.0,2025-08-06 14:07:25.219535
2025-08-06,26141,2025080604012124,UMHL,Sumeru Securities Pvt. Ltd.,Nagarik Stock Dealer ,40,574.8,22992.0,2025-08-06 14:07:25.219641
2025-08-06,26135,2025080604012125,UMHL,Deevyaa Securities & Stock House Pvt. Ltd,Nagarik Stock Dealer ,374,574.8,214975.2,2025-08-06 14:07:26.404469
2025-08-06,26134,2025080604012126,UMHL,Deevyaa Securities & Stock House Pvt. Ltd,Online Securities Pvt. Ltd.,400,574.8,229920.0,2025-08-06 14:07:26.404765
2025-08-06,26133,2025080604012127,UMHL,Deevyaa Securities & Stock House Pvt. Ltd,Online Securities Pvt. Ltd.,226,574.8,129904.8,2025-08-06 14:07:26.404869
2025-08-06,26082,2025080604012140,UMHL,Sewa Securities Pvt. Ltd.,Online Securities Pvt. Ltd.,50,574.8,28740.0,2025-08-06 14:07:37.606857
2025-08-06,26064,2025080604012141,UMHL,Sumeru Securities Pvt. Ltd.,Imperial Securities Company Pvt. Ltd.,50,574.7,28735.0,2025-08-06 14:07:38.297609
2025-08-06,26063,2025080604012142,UMHL,Sumeru Securities Pvt. Ltd.,Online Securities Pvt. Ltd.,30,574.8,17244.0,2025-08-06 14:07:38.297694
2025-08-06,26009,2025080604012149,UMHL,Sumeru Securities Pvt. Ltd.,Online Securities Pvt. Ltd.,194,574.8,111511.2,2025-08-06 14:07:51.389462
2025-08-06,25980,2025080604012154,UMHL,Bhrikuti Stock Broking Co. Pvt. Ltd.,K.B.L. Securities Limited ,500,574.7,287350.0,2025-08-06 14:08:01.107821
2025-08-06,25962,2025080604012156,UMHL,Sumeru Securities Pvt. Ltd.,Sweta Securities Private Limited,50,574.8,28740.0,2025-08-06 14:08:07.470413
2025-08-06,25919,2025080604012159,UMHL,Cristal Kanchanjanga Securites Pvt. Ltd.,Sumeru Securities Pvt. Ltd.,400,574.0,229600.0,2025-08-06 14:08:16.504831
2025-08-06,25908,2025080604012161,UMHL,Sani Securities Company Ltd.,Sweta Securities Private Limited,450,574.8,258660.0,2025-08-06 14:08:21.577044
2025-08-06,25907,2025080604012162,UMHL,Sani Securities Company Ltd.,KALASH STOCK MARKET PVT. LTD.,410,574.8,235668.0,2025-08-06 14:08:21.577323
2025-08-06,25899,2025080604012163,UMHL,Sumeru Securities Pvt. Ltd.,KALASH STOCK MARKET PVT. LTD.,20,574.8,11496.0,2025-08-06 14:08:22.529899
2025-08-06,25775,2025080604012181,UMHL,Cristal Kanchanjanga Securites Pvt. Ltd.,Aryatara Investment & Securities,100,574.0,57400.0,2025-08-06 14:08:52.492148
2025-08-06,25740,2025080604012185,UMHL,Naasa Securities Co. Ltd.,KALASH STOCK MARKET PVT. LTD.,445,574.8,255786.0,2025-08-06 14:08:58.760791
2025-08-06,25531,2025080604012236,UMHL,Sumeru Securities Pvt. Ltd.,KALASH STOCK MARKET PVT. LTD.,125,574.8,71850.0,2025-08-06 14:09:34.758090
2025-08-06,25530,2025080604012237,UMHL,Sumeru Securities Pvt. Ltd.,SUN SECURITIES PVT LTD,10,574.9,5749.0,2025-08-06 14:09:34.758145
2025-08-06,25480,2025080604012250,UMHL,Vision Securities Pvt. Ltd,Sumeru Securities Pvt. Ltd.,1000,573.0,573000.0,2025-08-06 14:09:42.271759
2025-08-06,25469,2025080604012251,UMHL,Sumeru Securities Pvt. Ltd.,SUN SECURITIES PVT LTD,10,574.9,5749.0,2025-08-06 14:09:43.277185
2025-08-06,25414,2025080604012265,UMHL,Sumeru Securities Pvt. Ltd.,Online Securities Pvt. Ltd.,70,574.8,40236.0,2025-08-06 14:09:52.315191
2025-08-06,25380,2025080604012275,UMHL,Sumeru Securities Pvt. Ltd.,Online Securities Pvt. Ltd.,30,574.8,17244.0,2025-08-06 14:09:59.386092
2025-08-06,25379,2025080604012276,UMHL,Sumeru Securities Pvt. Ltd.,SUN SECURITIES PVT LTD,70,574.9,40243.0,2025-08-06 14:09:59.386150
2025-08-06,25335,2025080604012285,UMHL,Sumeru Securities Pvt. Ltd.,Infinity Securities Limited,45,574.0,25830.0,2025-08-06 14:10:14.471464
2025-08-06,25334,2025080604012286,UMHL,Sumeru Securities Pvt. Ltd.,Dakshinkali Investment & Securities Pvt. Ltd.,175,574.7,100572.5,2025-08-06 14:10:14.471519
2025-08-06,25287,2025080604012291,UMHL,Sani Securities Company Ltd.,Sumeru Securities Pvt. Ltd.,400,573.1,229240.0,2025-08-06 14:10:28.551239
2025-08-06,25282,2025080604012294,UMHL,Sumeru Securities Pvt. Ltd.,Dakshinkali Investment & Securities Pvt. Ltd.,35,574.7,20114.5,2025-08-06 14:10:31.570227
2025-08-06,25281,2025080604012295,UMHL,Sumeru Securities Pvt. Ltd.,Trisul Securities & Invt. Ltd.,10,574.7,5747.0,2025-08-06 14:10:31.570292
2025-08-06,25236,2025080604012310,UMHL,Aryatara Investment & Securities,Trisul Securities & Invt. Ltd.,100,573.5,57350.0,2025-08-06 14:10:43.411020
2025-08-06,25235,2025080604012311,UMHL,Sani Securities Company Ltd.,Trisul Securities & Invt. Ltd.,100,573.1,57310.0,2025-08-06 14:10:43.411283
2025-08-06,25234,2025080604012312,UMHL,Vision Securities Pvt. Ltd,Trisul Securities & Invt. Ltd.,200,573.0,114600.0,2025-08-06 14:10:43.411404
2025-08-06,25077,2025080604012350,UMHL,Sumeru Securities Pvt. Ltd.,Trisul Securities & Invt. Ltd.,215,573.0,123195.0,2025-08-06 14:11:18.829903
2025-08-06,25076,2025080604012351,UMHL,Sumeru Securities Pvt. Ltd.,Online Securities Pvt. Ltd.,161,574.0,92414.0,2025-08-06 14:11:18.829944
2025-08-06,25075,2025080604012352,UMHL,Sumeru Securities Pvt. Ltd.,Online Securities Pvt. Ltd.,100,574.5,57450.0,2025-08-06 14:11:18.829971
2025-08-06,25074,2025080604012353,UMHL,Sumeru Securities Pvt. Ltd.,Trisul Securities & Invt. Ltd.,326,574.6,187319.6,2025-08-06 14:11:18.829995
2025-08-06,25073,2025080604012354,UMHL,Sumeru Securities Pvt. Ltd.,Trisul Securities & Invt. Ltd.,198,574.7,113790.6,2025-08-06 14:11:18.830020
2025-08-06,24983,2025080604012373,UMHL,Trisul Securities & Invt. Ltd.,Trisul Securities & Invt. Ltd.,292,574.7,167812.4,2025-08-06 14:11:37.749592
2025-08-06,24982,2025080604012374,UMHL,Trisul Securities & Invt. Ltd.,Trisul Securities & Invt. Ltd.,196,574.7,112641.2,2025-08-06 14:11:37.750100
2025-08-06,24981,2025080604012375,UMHL,Sumeru Securities Pvt. Ltd.,Trisul Securities & Invt. Ltd.,304,574.7,174708.8,2025-08-06 14:11:37.928375
2025-08-06,24980,2025080604012376,UMHL,Sumeru Securities Pvt. Ltd.,SUN SECURITIES PVT LTD,476,574.9,273652.4,2025-08-06 14:11:37.928471
2025-08-06,24944,2025080604012396,UMHL,Sumeru Securities Pvt. Ltd.,SUN SECURITIES PVT LTD,10,574.9,5749.0,2025-08-06 14:11:44.968720
2025-08-06,24895,2025080604012402,UMHL,Sumeru Securities Pvt. Ltd.,Online Securities Pvt. Ltd.,100,574.8,57480.0,2025-08-06 14:11:58.047390
2025-08-06,24894,2025080604012403,UMHL,Sumeru Securities Pvt. Ltd.,SUN SECURITIES PVT LTD,20,574.9,11498.0,2025-08-06 14:11:58.047467
2025-08-06,24747,2025080604012445,UMHL,Stoxkarts Securities Limited,Sumeru Securities Pvt. Ltd.,800,572.1,457680.0,2025-08-06 14:12:22.184528
2025-08-06,24731,2025080604012450,UMHL,Sumeru Securities Pvt. Ltd.,Online Securities Pvt. Ltd.,10,574.8,5748.0,2025-08-06 14:12:25.202125
2025-08-06,24698,2025080604012453,UMHL,Sumeru Securities Pvt. Ltd.,Online Securities Pvt. Ltd.,90,574.8,51732.0,2025-08-06 14:12:30.228478
