Date,S.N.,contract_id,symbol,buyer_broker,seller_broker,volume,price,amount,transaction_time
2025-07-16,94749,2025071604001225,CGH,ABC Securities Private Limited,Kohinoor Investment & Securities Pvt. Ltd.,318,969.0,308142.0,2025-07-16 11:14:36.260840
2025-07-16,94748,2025071604001226,CGH,ABC Securities Private Limited,R.B.B. Securities Company Ltd,200,969.9,193980.0,2025-07-16 11:14:36.260959
2025-07-16,94747,2025071604001227,CGH,ABC Securities Private Limited,Online Securities Pvt. Ltd.,200,970.0,194000.0,2025-07-16 11:14:36.260999
2025-07-16,94746,2025071604001228,CGH,ABC Securities Private Limited,NIMB Stock Markets Limited,782,970.0,758540.0,2025-07-16 11:14:36.261036
2025-07-16,94631,2025071604001256,CGH,Nepal Stock House (PVT) Ltd.,Malla & Malla Stock Broking Company Pvt. Limited,50,961.1,48055.0,2025-07-16 11:14:57.859813
2025-07-16,94630,2025071604001257,CGH,Thrive Brokerage House Pvt. Ltd,Malla & Malla Stock Broking Company Pvt. Limited,10,961.0,9610.0,2025-07-16 11:14:57.859908
2025-07-16,94629,2025071604001258,CGH,Online Securities Pvt. Ltd.,Malla & Malla Stock Broking Company Pvt. Limited,25,961.0,24025.0,2025-07-16 11:14:57.859949
2025-07-16,94628,2025071604001259,CGH,South Asian Bulls Pvt. Ltd.,Malla & Malla Stock Broking Company Pvt. Limited,65,961.0,62465.0,2025-07-16 11:14:57.859982
2025-07-16,94464,2025071604001293,CGH,Bhrikuti Stock Broking Co. Pvt. Ltd.,NIMB Stock Markets Limited,10,970.0,9700.0,2025-07-16 11:15:24.254466
2025-07-16,94220,2025071604001371,CGH,Imperial Securities Company Pvt. Ltd.,NIMB Stock Markets Limited,208,970.0,201760.0,2025-07-16 11:16:10.799479
2025-07-16,94185,2025071604001379,CGH,Imperial Securities Company Pvt. Ltd.,R.B.B. Securities Company Ltd,200,970.0,194000.0,2025-07-16 11:16:17.847387
2025-07-16,94144,2025071604001384,CGH,Imperial Securities Company Pvt. Ltd.,SHUBHAKAMANA SECURITIES PVT. LTD,100,970.0,97000.0,2025-07-16 11:16:24.474869
2025-07-16,94041,2025071604001427,CGH,Imperial Securities Company Pvt. Ltd.,Linch Stock Market Ltd.,118,970.0,114460.0,2025-07-16 11:16:35.884528
2025-07-16,94012,2025071604001429,CGH,Imperial Securities Company Pvt. Ltd.,Naasa Securities Co. Ltd.,15,970.0,14550.0,2025-07-16 11:16:41.298873
2025-07-16,93941,2025071604001445,CGH,Imperial Securities Company Pvt. Ltd.,Deevyaa Securities & Stock House Pvt. Ltd,359,970.0,348230.0,2025-07-16 11:16:46.890210
2025-07-16,91768,2025071604002039,CGH,South Asian Bulls Pvt. Ltd.,Aryatara Investment & Securities,160,969.0,155040.0,2025-07-16 11:23:05.633629
2025-07-16,91767,2025071604002040,CGH,South Asian Bulls Pvt. Ltd.,Nagarik Stock Dealer ,200,969.7,193940.0,2025-07-16 11:23:05.633845
2025-07-16,91766,2025071604002041,CGH,South Asian Bulls Pvt. Ltd.,Market Securities & Exchange (PVT) Ltd.,500,969.8,484900.0,2025-07-16 11:23:05.634005
2025-07-16,91765,2025071604002042,CGH,South Asian Bulls Pvt. Ltd.,Aakashbhairab Securities Ltd.,75,969.9,72742.5,2025-07-16 11:23:05.634155
2025-07-16,90479,2025071604002425,CGH,Sumeru Securities Pvt. Ltd.,Trishakti Securities Public Limited,10,969.0,9690.0,2025-07-16 11:26:38.115498
2025-07-16,88823,2025071604002838,CGH,Nepal Stock House (PVT) Ltd.,Pragyan Securities (PVT) Ltd.,10,962.4,9624.0,2025-07-16 11:30:44.119759
2025-07-16,87934,2025071604003034,CGH,Nepal Stock House (PVT) Ltd.,Naasa Securities Co. Ltd.,10,962.4,9624.0,2025-07-16 11:32:49.377736
2025-07-16,87933,2025071604003035,CGH,Sumeru Securities Pvt. Ltd.,Naasa Securities Co. Ltd.,20,962.3,19246.0,2025-07-16 11:32:49.377860
2025-07-16,87932,2025071604003036,CGH,Sani Securities Company Ltd.,Naasa Securities Co. Ltd.,29,962.0,27898.0,2025-07-16 11:32:49.377943
2025-07-16,87288,2025071604003154,CGH,Naasa Securities Co. Ltd.,Kalika Securities Pvt. Ltd.,10,962.2,9622.0,2025-07-16 11:34:28.770985
2025-07-16,87287,2025071604003155,CGH,Naasa Securities Co. Ltd.,Kalika Securities Pvt. Ltd.,50,962.1,48105.0,2025-07-16 11:34:28.771348
2025-07-16,87286,2025071604003156,CGH,Sani Securities Company Ltd.,Kalika Securities Pvt. Ltd.,71,962.0,68302.0,2025-07-16 11:34:28.771524
2025-07-16,87285,2025071604003157,CGH,ABC Securities Private Limited,Kalika Securities Pvt. Ltd.,69,962.0,66378.0,2025-07-16 11:34:28.771693
2025-07-16,86328,2025071604003371,CGH,ABC Securities Private Limited,Sri Hari Securities Pvt. Ltd.,28,962.0,26936.0,2025-07-16 11:37:01.594388
2025-07-16,85672,2025071604003497,CGH,Linch Stock Market Ltd.,Dakshinkali Investment & Securities Pvt. Ltd.,100,967.9,96790.0,2025-07-16 11:38:25.606297
2025-07-16,85022,2025071604003637,CGH,Nepal Stock House (PVT) Ltd.,Aryatara Investment & Securities,50,962.1,48105.0,2025-07-16 11:39:55.196820
2025-07-16,83281,2025071604003973,CGH,Aryatara Investment & Securities,Naasa Securities Co. Ltd.,20,962.1,19242.0,2025-07-16 11:43:24.035962
2025-07-16,83280,2025071604003974,CGH,Nepal Stock House (PVT) Ltd.,Naasa Securities Co. Ltd.,50,962.1,48105.0,2025-07-16 11:43:24.036173
2025-07-16,83279,2025071604003975,CGH,Linch Stock Market Ltd.,Naasa Securities Co. Ltd.,30,962.1,28863.0,2025-07-16 11:43:24.036245
2025-07-16,82713,2025071604004052,CGH,Oxford Securities Pvt. Ltd.,Investment Management Nepal Pvt. Ltd.,200,965.0,193000.0,2025-07-16 11:44:32.900337
2025-07-16,82519,2025071604004095,CGH,Sri Hari Securities Pvt. Ltd.,Primo Securities (PVT) Ltd.,300,966.0,289800.0,2025-07-16 11:44:52.767730
2025-07-16,80531,2025071604004552,CGH,Nepal Stock House (PVT) Ltd.,Investment Management Nepal Pvt. Ltd.,43,963.2,41417.6,2025-07-16 11:49:12.419384
2025-07-16,80051,2025071604004644,CGH,Naasa Securities Co. Ltd.,Primo Securities (PVT) Ltd.,85,966.0,82110.0,2025-07-16 11:50:29.029445
2025-07-16,79923,2025071604004660,CGH,Nepal Stock House (PVT) Ltd.,Primo Securities (PVT) Ltd.,115,966.0,111090.0,2025-07-16 11:50:43.856268
2025-07-16,79922,2025071604004661,CGH,Nepal Stock House (PVT) Ltd.,Primo Securities (PVT) Ltd.,80,966.0,77280.0,2025-07-16 11:50:43.856423
2025-07-16,79921,2025071604004662,CGH,Nepal Stock House (PVT) Ltd.,Naasa Securities Co. Ltd.,505,966.0,487830.0,2025-07-16 11:50:43.856482
2025-07-16,79785,2025071604004698,CGH,Dynamic Money Managers Securities Pvt. Ltd.,Naasa Securities Co. Ltd.,100,965.0,96500.0,2025-07-16 11:51:04.560502
2025-07-16,79585,2025071604004747,CGH,Sumeru Securities Pvt. Ltd.,Naasa Securities Co. Ltd.,110,965.0,106150.0,2025-07-16 11:51:29.244870
2025-07-16,79491,2025071604004771,CGH,Sumeru Securities Pvt. Ltd.,Naasa Securities Co. Ltd.,10,966.0,9660.0,2025-07-16 11:51:42.297193
2025-07-16,78719,2025071604004936,CGH,Linch Stock Market Ltd.,Sani Securities Company Ltd.,120,967.9,116148.0,2025-07-16 11:53:50.396283
2025-07-16,78561,2025071604004968,CGH,Linch Stock Market Ltd.,Aakashbhairab Securities Ltd.,50,966.0,48300.0,2025-07-16 11:54:12.816882
2025-07-16,78511,2025071604004979,CGH,Oxford Securities Pvt. Ltd.,Aakashbhairab Securities Ltd.,189,966.0,182574.0,2025-07-16 11:54:22.902241
2025-07-16,78395,2025071604005011,CGH,Naasa Securities Co. Ltd.,Aakashbhairab Securities Ltd.,101,966.0,97566.0,2025-07-16 11:54:36.804589
2025-07-16,77436,2025071604005280,CGH,Dynamic Money Managers Securities Pvt. Ltd.,Vision Securities Pvt. Ltd,20,965.9,19318.0,2025-07-16 11:57:12.181976
2025-07-16,77228,2025071604005347,CGH,Global IME Securities Limited,NIMB Stock Markets Limited,100,964.0,96400.0,2025-07-16 11:57:53.845124
2025-07-16,77227,2025071604005348,CGH,Dynamic Money Managers Securities Pvt. Ltd.,NIMB Stock Markets Limited,50,964.0,48200.0,2025-07-16 11:57:53.845297
2025-07-16,77226,2025071604005349,CGH,Nepal Stock House (PVT) Ltd.,NIMB Stock Markets Limited,50,963.2,48160.0,2025-07-16 11:57:53.845387
2025-07-16,77225,2025071604005350,CGH,Sani Securities Company Ltd.,NIMB Stock Markets Limited,10,963.2,9632.0,2025-07-16 11:57:53.845446
2025-07-16,77224,2025071604005351,CGH,Capital Max Securities Ltd,NIMB Stock Markets Limited,230,963.1,221513.0,2025-07-16 11:57:53.845511
2025-07-16,77206,2025071604005366,CGH,Sani Securities Company Ltd.,Aakashbhairab Securities Ltd.,85,966.0,82110.0,2025-07-16 11:57:57.449395
2025-07-16,77205,2025071604005367,CGH,Sani Securities Company Ltd.,Indira securities pvt. ltd,115,966.0,111090.0,2025-07-16 11:57:57.449582
2025-07-16,75606,2025071604005753,CGH,Market Securities & Exchange (PVT) Ltd.,Indira securities pvt. ltd,50,966.0,48300.0,2025-07-16 12:01:54.185792
2025-07-16,74302,2025071604006087,CGH,Bhrikuti Stock Broking Co. Pvt. Ltd.,Dynamic Money Managers Securities Pvt. Ltd.,14,964.0,13496.0,2025-07-16 12:05:06.845598
2025-07-16,73620,2025071604006388,CGH,Bhrikuti Stock Broking Co. Pvt. Ltd.,Infinity Securities Limited,36,964.0,34704.0,2025-07-16 12:06:49.120747
2025-07-16,73619,2025071604006389,CGH,Nepal Stock House (PVT) Ltd.,Infinity Securities Limited,50,963.4,48170.0,2025-07-16 12:06:49.120947
2025-07-16,73618,2025071604006390,CGH,Capital Max Securities Ltd,Infinity Securities Limited,270,963.3,260091.0,2025-07-16 12:06:49.121014
2025-07-16,73617,2025071604006391,CGH,Naasa Securities Co. Ltd.,Infinity Securities Limited,144,963.0,138672.0,2025-07-16 12:06:49.121093
2025-07-16,73039,2025071604006559,CGH,Naasa Securities Co. Ltd.,Bhrikuti Stock Broking Co. Pvt. Ltd.,100,963.0,96300.0,2025-07-16 12:08:34.203705
2025-07-16,72429,2025071604006691,CGH,Naasa Securities Co. Ltd.,Kohinoor Investment & Securities Pvt. Ltd.,10,963.0,9630.0,2025-07-16 12:10:16.171545
2025-07-16,70792,2025071604007183,CGH,Secured Securities Ltd.,Nepal Stock House (PVT) Ltd.,100,964.0,96400.0,2025-07-16 12:15:20.856308
2025-07-16,68997,2025071604007540,CGH,South Asian Bulls Pvt. Ltd.,Indira securities pvt. ltd,35,966.0,33810.0,2025-07-16 12:21:33.508741
2025-07-16,68996,2025071604007541,CGH,South Asian Bulls Pvt. Ltd.,Sagarmatha Securities Private Limited,22,966.0,21252.0,2025-07-16 12:21:33.508954
2025-07-16,68460,2025071604007659,CGH,ABC Securities Private Limited,Sagarmatha Securities Private Limited,28,966.0,27048.0,2025-07-16 12:23:21.422636
2025-07-16,68459,2025071604007660,CGH,ABC Securities Private Limited,Premier Securities Company Ltd.,165,966.0,159390.0,2025-07-16 12:23:21.422843
2025-07-16,67214,2025071604007938,CGH,Dipshikha Dhitopatra Karobar Co. Pvt Ltd.,Deevyaa Securities & Stock House Pvt. Ltd,100,967.8,96780.0,2025-07-16 12:27:22.401687
2025-07-16,67213,2025071604007939,CGH,Dipshikha Dhitopatra Karobar Co. Pvt Ltd.,Sani Securities Company Ltd.,180,967.9,174222.0,2025-07-16 12:27:22.401898
2025-07-16,66909,2025071604007977,CGH,Stoxkarts Securities Limited,Nepal Stock House (PVT) Ltd.,300,969.0,290700.0,2025-07-16 12:28:21.858270
2025-07-16,65817,2025071604008225,CGH,Imperial Securities Company Pvt. Ltd.,Imperial Securities Company Pvt. Ltd.,20,968.0,19360.0,2025-07-16 12:31:55.820276
2025-07-16,65816,2025071604008226,CGH,Imperial Securities Company Pvt. Ltd.,Deevyaa Securities & Stock House Pvt. Ltd,30,968.9,29067.0,2025-07-16 12:31:55.820359
2025-07-16,64566,2025071604008412,CGH,Nepal Stock House (PVT) Ltd.,Sri Hari Securities Pvt. Ltd.,10,966.6,9666.0,2025-07-16 12:35:01.715024
2025-07-16,63749,2025071604008591,CGH,Naasa Securities Co. Ltd.,Kalika Securities Pvt. Ltd.,50,967.9,48395.0,2025-07-16 12:37:16.870409
2025-07-16,63080,2025071604008692,CGH,Asian Securities Private Ltd.,Kalika Securities Pvt. Ltd.,50,967.9,48395.0,2025-07-16 12:38:58.041642
2025-07-16,62312,2025071604008837,CGH,Nepal Stock House (PVT) Ltd.,Deevyaa Securities & Stock House Pvt. Ltd,40,968.9,38756.0,2025-07-16 12:41:03.013666
2025-07-16,61974,2025071604008900,CGH,Nepal Stock House (PVT) Ltd.,Deevyaa Securities & Stock House Pvt. Ltd,30,968.9,29067.0,2025-07-16 12:41:56.049447
2025-07-16,61973,2025071604008901,CGH,Nepal Stock House (PVT) Ltd.,Naasa Securities Co. Ltd.,15,968.9,14533.5,2025-07-16 12:41:56.049693
2025-07-16,61573,2025071604009013,CGH,ABC Securities Private Limited,South Asian Bulls Pvt. Ltd.,140,969.0,135660.0,2025-07-16 12:43:09.037526
2025-07-16,61572,2025071604009014,CGH,ABC Securities Private Limited,Indira securities pvt. ltd,860,969.0,833340.0,2025-07-16 12:43:09.037905
2025-07-16,59583,2025071604009571,CGH,Siprabi Securities Pvt. Ltd.,Indira securities pvt. ltd,40,969.0,38760.0,2025-07-16 12:48:35.015266
2025-07-16,59582,2025071604009572,CGH,Siprabi Securities Pvt. Ltd.,Online Securities Pvt. Ltd.,19,969.5,18420.5,2025-07-16 12:48:35.015470
2025-07-16,59581,2025071604009573,CGH,Siprabi Securities Pvt. Ltd.,Sani Securities Company Ltd.,191,969.5,185174.5,2025-07-16 12:48:35.015546
2025-07-16,59232,2025071604009687,CGH,Aakashbhairab Securities Ltd.,Naasa Securities Co. Ltd.,24,969.0,23256.0,2025-07-16 12:49:34.540094
2025-07-16,59087,2025071604009718,CGH,Aakashbhairab Securities Ltd.,Nepal Stock House (PVT) Ltd.,30,969.0,29070.0,2025-07-16 12:50:05.781619
2025-07-16,58346,2025071604009895,CGH,Cristal Kanchanjanga Securites Pvt. Ltd.,Sweta Securities Private Limited,90,967.3,87057.0,2025-07-16 12:52:35.254527
2025-07-16,57266,2025071604010165,CGH,Cristal Kanchanjanga Securites Pvt. Ltd.,Hatemalo Financial Services Private Limited,410,967.3,396593.0,2025-07-16 12:56:05.212165
2025-07-16,57265,2025071604010166,CGH,Capital Max Securities Ltd,Hatemalo Financial Services Private Limited,90,967.2,87048.0,2025-07-16 12:56:05.212434
2025-07-16,57046,2025071604010229,CGH,Capital Max Securities Ltd,Aryatara Investment & Securities,410,967.2,396552.0,2025-07-16 12:57:04.508076
2025-07-16,57045,2025071604010230,CGH,Oxford Securities Pvt. Ltd.,Aryatara Investment & Securities,500,967.1,483550.0,2025-07-16 12:57:04.508530
2025-07-16,57044,2025071604010231,CGH,Oxford Securities Pvt. Ltd.,Aryatara Investment & Securities,500,967.0,483500.0,2025-07-16 12:57:04.508763
2025-07-16,57043,2025071604010232,CGH,Premier Securities Company Ltd.,Aryatara Investment & Securities,215,967.0,207905.0,2025-07-16 12:57:04.508984
2025-07-16,56765,2025071604010341,CGH,Premier Securities Company Ltd.,Sani Securities Company Ltd.,185,967.0,178895.0,2025-07-16 12:57:49.049198
2025-07-16,56764,2025071604010342,CGH,Oxford Securities Pvt. Ltd.,Sani Securities Company Ltd.,500,967.0,483500.0,2025-07-16 12:57:49.049453
2025-07-16,56763,2025071604010343,CGH,Oxford Securities Pvt. Ltd.,Sani Securities Company Ltd.,315,967.0,304605.0,2025-07-16 12:57:49.049556
2025-07-16,55854,2025071604010547,CGH,Oxford Securities Pvt. Ltd.,Neev Securities Pvt. Ltd.,10,967.0,9670.0,2025-07-16 13:00:08.281953
2025-07-16,55157,2025071604010757,CGH,Premier Securities Company Ltd.,Himalayan Brokerage Company Limited,100,968.7,96870.0,2025-07-16 13:02:05.164249
2025-07-16,55156,2025071604010758,CGH,Premier Securities Company Ltd.,Bhrikuti Stock Broking Co. Pvt. Ltd.,400,968.8,387520.0,2025-07-16 13:02:05.164465
2025-07-16,54589,2025071604010976,CGH,Premier Securities Company Ltd.,Bhrikuti Stock Broking Co. Pvt. Ltd.,500,968.8,484400.0,2025-07-16 13:03:50.816708
2025-07-16,54488,2025071604011011,CGH,Oxford Securities Pvt. Ltd.,R.B.B. Securities Company Ltd,130,967.0,125710.0,2025-07-16 13:04:04.450458
2025-07-16,54290,2025071604011095,CGH,Oxford Securities Pvt. Ltd.,Investment Management Nepal Pvt. Ltd.,45,967.0,43515.0,2025-07-16 13:04:48.901803
2025-07-16,54289,2025071604011096,CGH,Kohinoor Investment & Securities Pvt. Ltd.,Investment Management Nepal Pvt. Ltd.,115,967.0,111205.0,2025-07-16 13:04:48.902020
2025-07-16,53493,2025071604011335,CGH,Premier Securities Company Ltd.,Bhrikuti Stock Broking Co. Pvt. Ltd.,300,968.8,290640.0,2025-07-16 13:07:39.332237
2025-07-16,53492,2025071604011336,CGH,Premier Securities Company Ltd.,Asian Securities Private Ltd.,200,969.0,193800.0,2025-07-16 13:07:39.332524
2025-07-16,51881,2025071604011708,CGH,Kohinoor Investment & Securities Pvt. Ltd.,Sri Hari Securities Pvt. Ltd.,10,967.0,9670.0,2025-07-16 13:12:04.303117
2025-07-16,51106,2025071604011951,CGH,Dipshikha Dhitopatra Karobar Co. Pvt Ltd.,Asian Securities Private Ltd.,50,969.0,48450.0,2025-07-16 13:13:55.574234
2025-07-16,51031,2025071604011985,CGH,Capital Max Securities Ltd,Sani Securities Company Ltd.,100,967.1,96710.0,2025-07-16 13:14:05.162809
2025-07-16,51030,2025071604011986,CGH,Kohinoor Investment & Securities Pvt. Ltd.,Sani Securities Company Ltd.,100,967.0,96700.0,2025-07-16 13:14:05.163050
2025-07-16,49418,2025071604012618,CGH,Kohinoor Investment & Securities Pvt. Ltd.,Nagarik Stock Dealer ,275,967.0,265925.0,2025-07-16 13:18:16.519273
2025-07-16,49417,2025071604012619,CGH,Sani Securities Company Ltd.,Nagarik Stock Dealer ,10,967.0,9670.0,2025-07-16 13:18:16.519469
2025-07-16,48595,2025071604012929,CGH,Sani Securities Company Ltd.,Kumari Securities Private Limited,15,966.7,14500.5,2025-07-16 13:20:34.681558
2025-07-16,48594,2025071604012930,CGH,Linch Stock Market Ltd.,Kumari Securities Private Limited,70,966.4,67648.0,2025-07-16 13:20:34.681777
2025-07-16,48593,2025071604012931,CGH,ABC Securities Private Limited,Kumari Securities Private Limited,30,966.0,28980.0,2025-07-16 13:20:34.681862
2025-07-16,47970,2025071604013169,CGH,ABC Securities Private Limited,Midas Stock Broking Company Private Limited,10,966.0,9660.0,2025-07-16 13:22:33.495798
2025-07-16,47706,2025071604013274,CGH,ABC Securities Private Limited,Vision Securities Pvt. Ltd,267,966.0,257922.0,2025-07-16 13:23:17.939157
2025-07-16,47705,2025071604013275,CGH,Naasa Securities Co. Ltd.,Vision Securities Pvt. Ltd,100,966.0,96600.0,2025-07-16 13:23:17.939368
2025-07-16,47704,2025071604013276,CGH,Naasa Securities Co. Ltd.,Vision Securities Pvt. Ltd,220,965.0,212300.0,2025-07-16 13:23:17.939450
2025-07-16,47703,2025071604013277,CGH,Nepal Stock House (PVT) Ltd.,Vision Securities Pvt. Ltd,10,965.0,9650.0,2025-07-16 13:23:17.939529
2025-07-16,47702,2025071604013278,CGH,Linch Stock Market Ltd.,Vision Securities Pvt. Ltd,100,965.0,96500.0,2025-07-16 13:23:17.939616
2025-07-16,47701,2025071604013279,CGH,Sani Securities Company Ltd.,Vision Securities Pvt. Ltd,20,965.0,19300.0,2025-07-16 13:23:17.939687
2025-07-16,47700,2025071604013280,CGH,Investment Management Nepal Pvt. Ltd.,Vision Securities Pvt. Ltd,283,964.1,272840.3,2025-07-16 13:23:17.939760
2025-07-16,47588,2025071604013311,CGH,Investment Management Nepal Pvt. Ltd.,Hatemalo Financial Services Private Limited,217,964.1,209209.7,2025-07-16 13:23:41.364570
2025-07-16,47587,2025071604013312,CGH,Secured Securities Ltd.,Hatemalo Financial Services Private Limited,100,964.0,96400.0,2025-07-16 13:23:41.364788
2025-07-16,47586,2025071604013313,CGH,Online Securities Pvt. Ltd.,Hatemalo Financial Services Private Limited,683,964.0,658412.0,2025-07-16 13:23:41.364861
2025-07-16,46216,2025071604013796,CGH,Sunrise Securities Limited,Nepal Stock House (PVT) Ltd.,50,965.0,48250.0,2025-07-16 13:27:46.774632
2025-07-16,46157,2025071604013813,CGH,Stoxkarts Securities Limited,Naasa Securities Co. Ltd.,100,966.0,96600.0,2025-07-16 13:27:58.852648
2025-07-16,46060,2025071604013848,CGH,Sunrise Securities Limited,Kumari Securities Private Limited,20,965.0,19300.0,2025-07-16 13:28:20.925734
2025-07-16,44560,2025071604014176,CGH,Sunrise Securities Limited,Capital Max Securities Ltd,200,966.9,193380.0,2025-07-16 13:32:44.168202
2025-07-16,44559,2025071604014177,CGH,Sunrise Securities Limited,Nepal Stock House (PVT) Ltd.,50,967.0,48350.0,2025-07-16 13:32:44.168579
2025-07-16,44558,2025071604014178,CGH,Sunrise Securities Limited,Aryatara Investment & Securities,50,967.0,48350.0,2025-07-16 13:32:44.168792
2025-07-16,44557,2025071604014179,CGH,Sunrise Securities Limited,Indira securities pvt. ltd,100,967.9,96790.0,2025-07-16 13:32:44.169013
2025-07-16,44556,2025071604014180,CGH,Sunrise Securities Limited,Imperial Securities Company Pvt. Ltd.,30,968.0,29040.0,2025-07-16 13:32:44.169222
2025-07-16,42096,2025071604014826,CGH,Primo Securities (PVT) Ltd.,Vision Securities Pvt. Ltd,10,966.0,9660.0,2025-07-16 13:39:16.273257
2025-07-16,42095,2025071604014827,CGH,Primo Securities (PVT) Ltd.,Cristal Kanchanjanga Securites Pvt. Ltd.,10,966.0,9660.0,2025-07-16 13:39:17.227085
2025-07-16,41597,2025071604014946,CGH,Linch Stock Market Ltd.,Nepal Stock House (PVT) Ltd.,100,967.9,96790.0,2025-07-16 13:40:42.480611
2025-07-16,40315,2025071604015324,CGH,Trisul Securities & Invt. Ltd.,Premier Securities Company Ltd.,100,967.8,96780.0,2025-07-16 13:44:38.643331
2025-07-16,40057,2025071604015403,CGH,Trisul Securities & Invt. Ltd.,Citizens Share Broker Limited,200,966.3,193260.0,2025-07-16 13:45:22.267981
2025-07-16,40056,2025071604015404,CGH,Naasa Securities Co. Ltd.,Citizens Share Broker Limited,25,966.2,24155.0,2025-07-16 13:45:22.268182
2025-07-16,40055,2025071604015405,CGH,Primo Securities (PVT) Ltd.,Citizens Share Broker Limited,275,966.0,265650.0,2025-07-16 13:45:22.268265
2025-07-16,39722,2025071604015498,CGH,Imperial Securities Company Pvt. Ltd.,Nepal Stock House (PVT) Ltd.,50,967.9,48395.0,2025-07-16 13:46:15.651708
2025-07-16,39721,2025071604015499,CGH,Imperial Securities Company Pvt. Ltd.,Imperial Securities Company Pvt. Ltd.,70,968.0,67760.0,2025-07-16 13:46:15.651902
2025-07-16,39720,2025071604015500,CGH,Imperial Securities Company Pvt. Ltd.,Nabil Stock Dealer Ltd.,360,968.0,348480.0,2025-07-16 13:46:15.651977
2025-07-16,39668,2025071604015508,CGH,Imperial Securities Company Pvt. Ltd.,Premier Securities Company Ltd.,20,968.0,19360.0,2025-07-16 13:46:22.969444
2025-07-16,37806,2025071604016096,CGH,Online Securities Pvt. Ltd.,Premier Securities Company Ltd.,30,968.9,29067.0,2025-07-16 13:50:59.730510
2025-07-16,37805,2025071604016097,CGH,Online Securities Pvt. Ltd.,Asian Securities Private Ltd.,50,969.0,48450.0,2025-07-16 13:50:59.730708
2025-07-16,37804,2025071604016098,CGH,Online Securities Pvt. Ltd.,Indira securities pvt. ltd,200,969.0,193800.0,2025-07-16 13:50:59.730792
2025-07-16,37803,2025071604016099,CGH,Online Securities Pvt. Ltd.,BHOLE GANESH SECURITIES LTD,100,969.0,96900.0,2025-07-16 13:50:59.730862
2025-07-16,37802,2025071604016100,CGH,Online Securities Pvt. Ltd.,Nagarik Stock Dealer ,270,969.0,261630.0,2025-07-16 13:50:59.730929
2025-07-16,37160,2025071604016259,CGH,Trisul Securities & Invt. Ltd.,Kumari Securities Private Limited,90,966.1,86949.0,2025-07-16 13:52:32.178022
2025-07-16,36654,2025071604016366,CGH,Trisul Securities & Invt. Ltd.,Nagarik Stock Dealer ,30,966.1,28983.0,2025-07-16 13:53:53.874321
2025-07-16,36066,2025071604016548,CGH,Trisul Securities & Invt. Ltd.,ABC Securities Private Limited,50,966.1,48305.0,2025-07-16 13:55:10.026727
2025-07-16,35775,2025071604016611,CGH,Sani Securities Company Ltd.,Bhrikuti Stock Broking Co. Pvt. Ltd.,64,969.0,62016.0,2025-07-16 13:55:56.107792
2025-07-16,35774,2025071604016612,CGH,Sani Securities Company Ltd.,Himalayan Brokerage Company Limited,100,969.0,96900.0,2025-07-16 13:55:56.107984
2025-07-16,35773,2025071604016613,CGH,Sani Securities Company Ltd.,Imperial Securities Company Pvt. Ltd.,35,969.0,33915.0,2025-07-16 13:55:56.108061
2025-07-16,35772,2025071604016614,CGH,Sani Securities Company Ltd.,Investment Management Nepal Pvt. Ltd.,30,969.3,29079.0,2025-07-16 13:55:56.108137
2025-07-16,35771,2025071604016615,CGH,Sani Securities Company Ltd.,Nepal Stock House (PVT) Ltd.,10,969.4,9694.0,2025-07-16 13:55:56.108207
2025-07-16,35770,2025071604016616,CGH,Sani Securities Company Ltd.,Sani Securities Company Ltd.,109,969.4,105664.6,2025-07-16 13:55:56.108274
2025-07-16,35769,2025071604016617,CGH,Sani Securities Company Ltd.,Deevyaa Securities & Stock House Pvt. Ltd,11,969.4,10663.4,2025-07-16 13:55:56.108356
2025-07-16,35768,2025071604016618,CGH,Sani Securities Company Ltd.,Thrive Brokerage House Pvt. Ltd,200,969.6,193920.0,2025-07-16 13:55:56.108424
2025-07-16,35767,2025071604016619,CGH,Sani Securities Company Ltd.,Thrive Brokerage House Pvt. Ltd,200,969.6,193920.0,2025-07-16 13:55:56.108497
2025-07-16,35766,2025071604016620,CGH,Sani Securities Company Ltd.,Property Wiard Limited,1000,969.8,969800.0,2025-07-16 13:55:56.108557
2025-07-16,35765,2025071604016621,CGH,Sani Securities Company Ltd.,Deevyaa Securities & Stock House Pvt. Ltd,15,970.0,14550.0,2025-07-16 13:55:56.108642
2025-07-16,35764,2025071604016622,CGH,Sani Securities Company Ltd.,Kohinoor Investment & Securities Pvt. Ltd.,10,970.0,9700.0,2025-07-16 13:55:56.108708
2025-07-16,35763,2025071604016623,CGH,Sani Securities Company Ltd.,Sani Securities Company Ltd.,10,970.0,9700.0,2025-07-16 13:55:56.108770
2025-07-16,35762,2025071604016624,CGH,Sani Securities Company Ltd.,Sani Securities Company Ltd.,99,970.0,96030.0,2025-07-16 13:55:56.108834
2025-07-16,35761,2025071604016625,CGH,Sani Securities Company Ltd.,Bhrikuti Stock Broking Co. Pvt. Ltd.,60,970.0,58200.0,2025-07-16 13:55:56.108898
2025-07-16,35760,2025071604016626,CGH,Sani Securities Company Ltd.,Vision Securities Pvt. Ltd,47,970.0,45590.0,2025-07-16 13:55:56.108984
2025-07-16,35486,2025071604016740,CGH,Online Securities Pvt. Ltd.,Vision Securities Pvt. Ltd,34,970.0,32980.0,2025-07-16 13:56:30.194230
2025-07-16,35485,2025071604016741,CGH,Online Securities Pvt. Ltd.,Premier Securities Company Ltd.,166,970.0,161020.0,2025-07-16 13:56:30.194411
2025-07-16,35275,2025071604016781,CGH,Midas Stock Broking Company Private Limited,Premier Securities Company Ltd.,15,970.0,14550.0,2025-07-16 13:56:59.956630
2025-07-16,33746,2025071604017131,CGH,Trisul Securities & Invt. Ltd.,Kohinoor Investment & Securities Pvt. Ltd.,20,966.1,19322.0,2025-07-16 14:01:01.901215
2025-07-16,32895,2025071604017368,CGH,Primo Securities (PVT) Ltd.,Nepal Stock House (PVT) Ltd.,705,966.5,681382.5,2025-07-16 14:03:19.653999
2025-07-16,32814,2025071604017393,CGH,Trisul Securities & Invt. Ltd.,Nepal Stock House (PVT) Ltd.,10,966.1,9661.0,2025-07-16 14:03:35.436426
2025-07-16,32813,2025071604017394,CGH,Stoxkarts Securities Limited,Nepal Stock House (PVT) Ltd.,300,966.1,289830.0,2025-07-16 14:03:35.436649
2025-07-16,32736,2025071604017403,CGH,Aryatara Investment & Securities,Nepal Stock House (PVT) Ltd.,100,966.0,96600.0,2025-07-16 14:03:50.140232
2025-07-16,32694,2025071604017420,CGH,Oxford Securities Pvt. Ltd.,Nepal Stock House (PVT) Ltd.,480,965.1,463248.0,2025-07-16 14:04:00.033389
2025-07-16,32693,2025071604017421,CGH,Naasa Securities Co. Ltd.,Nepal Stock House (PVT) Ltd.,20,965.1,19302.0,2025-07-16 14:04:00.033610
2025-07-16,32657,2025071604017428,CGH,Premier Securities Company Ltd.,Nepal Stock House (PVT) Ltd.,10,965.0,9650.0,2025-07-16 14:04:11.225198
2025-07-16,32656,2025071604017429,CGH,Siprabi Securities Pvt. Ltd.,Nepal Stock House (PVT) Ltd.,200,965.0,193000.0,2025-07-16 14:04:11.225384
2025-07-16,32192,2025071604017506,CGH,Linch Stock Market Ltd.,Nepal Stock House (PVT) Ltd.,850,964.2,819570.0,2025-07-16 14:05:26.373428
2025-07-16,31924,2025071604017565,CGH,Naasa Securities Co. Ltd.,Naasa Securities Co. Ltd.,80,963.0,77040.0,2025-07-16 14:06:13.309176
2025-07-16,29745,2025071604018039,CGH,Naasa Securities Co. Ltd.,Trishakti Securities Public Limited,166,963.0,159858.0,2025-07-16 14:12:47.916661
2025-07-16,29744,2025071604018040,CGH,Dynamic Money Managers Securities Pvt. Ltd.,Trishakti Securities Public Limited,20,963.0,19260.0,2025-07-16 14:12:47.916733
2025-07-16,29707,2025071604018045,CGH,Naasa Securities Co. Ltd.,Naasa Securities Co. Ltd.,10,964.0,9640.0,2025-07-16 14:12:51.601040
2025-07-16,29489,2025071604018105,CGH,Oxford Securities Pvt. Ltd.,ABC Securities Private Limited,50,962.5,48125.0,2025-07-16 14:13:30.939288
2025-07-16,28499,2025071604018397,CGH,Dipshikha Dhitopatra Karobar Co. Pvt Ltd.,Trishakti Securities Public Limited,20,963.1,19262.0,2025-07-16 14:16:19.625957
2025-07-16,28498,2025071604018398,CGH,Oxford Securities Pvt. Ltd.,Trishakti Securities Public Limited,44,962.5,42350.0,2025-07-16 14:16:19.626040
2025-07-16,26432,2025071604019054,CGH,Indira securities pvt. ltd,Cristal Kanchanjanga Securites Pvt. Ltd.,500,962.1,481050.0,2025-07-16 14:22:22.145641
2025-07-16,26431,2025071604019055,CGH,Trisul Securities & Invt. Ltd.,Cristal Kanchanjanga Securites Pvt. Ltd.,110,962.1,105831.0,2025-07-16 14:22:22.145966
2025-07-16,25767,2025071604019265,CGH,Opal Securities Investment (PVT) Ltd.,Oxford Securities Pvt. Ltd.,70,963.0,67410.0,2025-07-16 14:23:47.441568
2025-07-16,25479,2025071604019340,CGH,Opal Securities Investment (PVT) Ltd.,Nabil Stock Dealer Ltd.,10,963.0,9630.0,2025-07-16 14:24:38.471063
2025-07-16,24942,2025071604019501,CGH,Opal Securities Investment (PVT) Ltd.,Kalika Securities Pvt. Ltd.,20,963.0,19260.0,2025-07-16 14:26:02.057720
2025-07-16,24941,2025071604019502,CGH,Opal Securities Investment (PVT) Ltd.,Kalika Securities Pvt. Ltd.,150,963.0,144450.0,2025-07-16 14:26:02.058074
2025-07-16,24940,2025071604019503,CGH,Opal Securities Investment (PVT) Ltd.,Kalika Securities Pvt. Ltd.,100,963.0,96300.0,2025-07-16 14:26:02.058306
2025-07-16,24939,2025071604019504,CGH,Sani Securities Company Ltd.,Kalika Securities Pvt. Ltd.,10,963.0,9630.0,2025-07-16 14:26:02.058552
2025-07-16,24938,2025071604019505,CGH,Bhrikuti Stock Broking Co. Pvt. Ltd.,Kalika Securities Pvt. Ltd.,25,963.0,24075.0,2025-07-16 14:26:02.058777
2025-07-16,24548,2025071604019608,CGH,Bhrikuti Stock Broking Co. Pvt. Ltd.,K.B.L. Securities Limited ,125,963.0,120375.0,2025-07-16 14:27:00.396236
2025-07-16,24547,2025071604019609,CGH,Bhrikuti Stock Broking Co. Pvt. Ltd.,K.B.L. Securities Limited ,150,963.0,144450.0,2025-07-16 14:27:00.396615
2025-07-16,24546,2025071604019610,CGH,Bhrikuti Stock Broking Co. Pvt. Ltd.,K.B.L. Securities Limited ,100,963.0,96300.0,2025-07-16 14:27:00.396834
2025-07-16,24545,2025071604019611,CGH,NIMB Stock Markets Limited,K.B.L. Securities Limited ,150,963.0,144450.0,2025-07-16 14:27:00.397049
2025-07-16,24544,2025071604019612,CGH,Trisul Securities & Invt. Ltd.,K.B.L. Securities Limited ,90,962.1,86589.0,2025-07-16 14:27:00.397252
2025-07-16,24543,2025071604019613,CGH,Sweta Securities Private Limited,K.B.L. Securities Limited ,105,962.1,101020.5,2025-07-16 14:27:00.397470
2025-07-16,24542,2025071604019614,CGH,ABC Securities Private Limited,K.B.L. Securities Limited ,403,962.0,387686.0,2025-07-16 14:27:00.397667
2025-07-16,24541,2025071604019615,CGH,Indira securities pvt. ltd,K.B.L. Securities Limited ,500,962.0,481000.0,2025-07-16 14:27:00.397863
2025-07-16,24540,2025071604019616,CGH,Capital Max Securities Ltd,K.B.L. Securities Limited ,377,962.0,362674.0,2025-07-16 14:27:00.398062
2025-07-16,24370,2025071604019667,CGH,Capital Max Securities Ltd,K.B.L. Securities Limited ,623,962.0,599326.0,2025-07-16 14:27:32.507067
2025-07-16,24369,2025071604019668,CGH,Sumeru Securities Pvt. Ltd.,K.B.L. Securities Limited ,10,961.1,9611.0,2025-07-16 14:27:32.507251
2025-07-16,24368,2025071604019669,CGH,Oxford Securities Pvt. Ltd.,K.B.L. Securities Limited ,250,961.1,240275.0,2025-07-16 14:27:32.507345
2025-07-16,24367,2025071604019670,CGH,Premier Securities Company Ltd.,K.B.L. Securities Limited ,500,961.0,480500.0,2025-07-16 14:27:32.507424
2025-07-16,24366,2025071604019671,CGH,Vision Securities Pvt. Ltd,K.B.L. Securities Limited ,500,961.0,480500.0,2025-07-16 14:27:32.507509
2025-07-16,24365,2025071604019672,CGH,Nepal Stock House (PVT) Ltd.,K.B.L. Securities Limited ,100,961.0,96100.0,2025-07-16 14:27:32.507610
2025-07-16,24364,2025071604019673,CGH,Investment Management Nepal Pvt. Ltd.,K.B.L. Securities Limited ,1000,960.1,960100.0,2025-07-16 14:27:32.507775
2025-07-16,24363,2025071604019674,CGH,Premier Securities Company Ltd.,K.B.L. Securities Limited ,50,960.0,48000.0,2025-07-16 14:27:32.507865
2025-07-16,24362,2025071604019675,CGH,Sundhara Securities Limited,K.B.L. Securities Limited ,150,960.0,144000.0,2025-07-16 14:27:32.507954
2025-07-16,24361,2025071604019676,CGH,Nepal Stock House (PVT) Ltd.,K.B.L. Securities Limited ,100,960.0,96000.0,2025-07-16 14:27:32.508039
2025-07-16,24360,2025071604019677,CGH,Sundhara Securities Limited,K.B.L. Securities Limited ,100,960.0,96000.0,2025-07-16 14:27:32.508130
2025-07-16,24359,2025071604019678,CGH,Dipshikha Dhitopatra Karobar Co. Pvt Ltd.,K.B.L. Securities Limited ,100,960.0,96000.0,2025-07-16 14:27:32.508255
2025-07-16,24358,2025071604019679,CGH,Nepal Stock House (PVT) Ltd.,K.B.L. Securities Limited ,15,960.0,14400.0,2025-07-16 14:27:32.508351
2025-07-16,24357,2025071604019680,CGH,Secured Securities Ltd.,K.B.L. Securities Limited ,20,960.0,19200.0,2025-07-16 14:27:32.508432
2025-07-16,24356,2025071604019681,CGH,Opal Securities Investment (PVT) Ltd.,K.B.L. Securities Limited ,400,960.0,384000.0,2025-07-16 14:27:32.508520
2025-07-16,24355,2025071604019682,CGH,Opal Securities Investment (PVT) Ltd.,K.B.L. Securities Limited ,82,960.0,78720.0,2025-07-16 14:27:32.508601
2025-07-16,24184,2025071604019718,CGH,Opal Securities Investment (PVT) Ltd.,Sri Hari Securities Pvt. Ltd.,68,960.0,65280.0,2025-07-16 14:28:01.765251
2025-07-16,24183,2025071604019719,CGH,Opal Securities Investment (PVT) Ltd.,Sri Hari Securities Pvt. Ltd.,142,960.0,136320.0,2025-07-16 14:28:01.765598
2025-07-16,22656,2025071604020206,CGH,Trisul Securities & Invt. Ltd.,ABC Securities Private Limited,200,960.2,192040.0,2025-07-16 14:31:45.064751
2025-07-16,22655,2025071604020207,CGH,Trisul Securities & Invt. Ltd.,ABC Securities Private Limited,100,960.2,96020.0,2025-07-16 14:31:45.064845
2025-07-16,22654,2025071604020208,CGH,Dipshikha Dhitopatra Karobar Co. Pvt Ltd.,ABC Securities Private Limited,125,960.1,120012.5,2025-07-16 14:31:45.064919
2025-07-16,21119,2025071604020628,CGH,Imperial Securities Company Pvt. Ltd.,Property Wiard Limited,90,962.0,86580.0,2025-07-16 14:35:23.322741
2025-07-16,20857,2025071604020701,CGH,Vision Securities Pvt. Ltd,Property Wiard Limited,10,962.0,9620.0,2025-07-16 14:35:59.858116
2025-07-16,20079,2025071604020876,CGH,Imperial Securities Company Pvt. Ltd.,Nabil Stock Dealer Ltd.,90,962.5,86625.0,2025-07-16 14:37:21.930047
2025-07-16,20078,2025071604020877,CGH,Vision Securities Pvt. Ltd,Nabil Stock Dealer Ltd.,490,962.0,471380.0,2025-07-16 14:37:21.930287
2025-07-16,20077,2025071604020878,CGH,Opal Securities Investment (PVT) Ltd.,Nabil Stock Dealer Ltd.,50,961.0,48050.0,2025-07-16 14:37:21.930438
2025-07-16,20076,2025071604020879,CGH,Dipshikha Dhitopatra Karobar Co. Pvt Ltd.,Nabil Stock Dealer Ltd.,55,960.1,52805.5,2025-07-16 14:37:21.930507
2025-07-16,20075,2025071604020880,CGH,Aryatara Investment & Securities,Nabil Stock Dealer Ltd.,50,960.1,48005.0,2025-07-16 14:37:21.930582
2025-07-16,20074,2025071604020881,CGH,Opal Securities Investment (PVT) Ltd.,Nabil Stock Dealer Ltd.,258,960.0,247680.0,2025-07-16 14:37:21.930667
2025-07-16,20073,2025071604020882,CGH,Vision Securities Pvt. Ltd,Nabil Stock Dealer Ltd.,450,960.0,432000.0,2025-07-16 14:37:21.930731
2025-07-16,20072,2025071604020883,CGH,Vision Securities Pvt. Ltd,Nabil Stock Dealer Ltd.,117,960.0,112320.0,2025-07-16 14:37:21.930794
2025-07-16,19238,2025071604021097,CGH,Aakashbhairab Securities Ltd.,Naasa Securities Co. Ltd.,10,962.5,9625.0,2025-07-16 14:39:17.180021
2025-07-16,17843,2025071604021506,CGH,Sundhara Securities Limited,Secured Securities Ltd.,100,962.0,96200.0,2025-07-16 14:42:02.513306
2025-07-16,15807,2025071604022044,CGH,Imperial Securities Company Pvt. Ltd.,Bhrikuti Stock Broking Co. Pvt. Ltd.,90,961.5,86535.0,2025-07-16 14:44:58.980183
2025-07-16,14721,2025071604022297,CGH,Imperial Securities Company Pvt. Ltd.,Imperial Securities Company Pvt. Ltd.,35,962.0,33670.0,2025-07-16 14:46:02.634713
2025-07-16,14217,2025071604022422,CGH,Imperial Securities Company Pvt. Ltd.,Nepal Stock House (PVT) Ltd.,30,961.0,28830.0,2025-07-16 14:46:54.442573
2025-07-16,14216,2025071604022423,CGH,Imperial Securities Company Pvt. Ltd.,Nepal Stock House (PVT) Ltd.,30,961.0,28830.0,2025-07-16 14:46:54.442816
2025-07-16,14215,2025071604022424,CGH,Imperial Securities Company Pvt. Ltd.,Nepal Stock House (PVT) Ltd.,15,961.0,14415.0,2025-07-16 14:46:54.442909
2025-07-16,14036,2025071604022459,CGH,Naasa Securities Co. Ltd.,Nepal Stock House (PVT) Ltd.,45,961.0,43245.0,2025-07-16 14:47:10.051187
2025-07-16,13527,2025071604022570,CGH,Naasa Securities Co. Ltd.,Capital Max Securities Ltd,40,960.1,38404.0,2025-07-16 14:47:47.705752
2025-07-16,13241,2025071604022636,CGH,Imperial Securities Company Pvt. Ltd.,Imperial Securities Company Pvt. Ltd.,10,962.0,9620.0,2025-07-16 14:48:07.611137
2025-07-16,13233,2025071604022637,CGH,Naasa Securities Co. Ltd.,Nagarik Stock Dealer ,60,960.1,57606.0,2025-07-16 14:48:07.980937
2025-07-16,13232,2025071604022638,CGH,Vision Securities Pvt. Ltd,Nagarik Stock Dealer ,183,960.0,175680.0,2025-07-16 14:48:07.981263
2025-07-16,13231,2025071604022639,CGH,NIMB Stock Markets Limited,Nagarik Stock Dealer ,300,960.0,288000.0,2025-07-16 14:48:07.981535
2025-07-16,13230,2025071604022640,CGH,NIMB Stock Markets Limited,Nagarik Stock Dealer ,150,960.0,144000.0,2025-07-16 14:48:07.981785
2025-07-16,13229,2025071604022641,CGH,Sani Securities Company Ltd.,Nagarik Stock Dealer ,1000,960.0,960000.0,2025-07-16 14:48:07.981978
2025-07-16,13228,2025071604022642,CGH,Sani Securities Company Ltd.,Nagarik Stock Dealer ,35,960.0,33600.0,2025-07-16 14:48:07.982206
2025-07-16,12121,2025071604022918,CGH,Naasa Securities Co. Ltd.,Naasa Securities Co. Ltd.,500,960.0,480000.0,2025-07-16 14:49:43.061794
2025-07-16,11739,2025071604023068,CGH,Naasa Securities Co. Ltd.,Naasa Securities Co. Ltd.,500,959.6,479800.0,2025-07-16 14:50:13.707749
2025-07-16,10485,2025071604023441,CGH,Siprabi Securities Pvt. Ltd.,Trishakti Securities Public Limited,500,961.5,480750.0,2025-07-16 14:51:47.101955
2025-07-16,9504,2025071604023709,CGH,Oxford Securities Pvt. Ltd.,Neev Securities Pvt. Ltd.,100,960.0,96000.0,2025-07-16 14:52:56.642031
2025-07-16,9203,2025071604023859,CGH,Sumeru Securities Pvt. Ltd.,N.M.B. SECURITIES LIMITED,100,959.6,95960.0,2025-07-16 14:53:15.984344
2025-07-16,9202,2025071604023860,CGH,Naasa Securities Co. Ltd.,N.M.B. SECURITIES LIMITED,10,959.5,9595.0,2025-07-16 14:53:15.984678
2025-07-16,9201,2025071604023861,CGH,Naasa Securities Co. Ltd.,N.M.B. SECURITIES LIMITED,500,959.5,479750.0,2025-07-16 14:53:15.984880
2025-07-16,9200,2025071604023862,CGH,Aryatara Investment & Securities,N.M.B. SECURITIES LIMITED,15,959.0,14385.0,2025-07-16 14:53:15.985079
2025-07-16,9199,2025071604023863,CGH,Sri Hari Securities Pvt. Ltd.,N.M.B. SECURITIES LIMITED,15,959.0,14385.0,2025-07-16 14:53:15.985274
2025-07-16,9198,2025071604023864,CGH,Siprabi Securities Pvt. Ltd.,N.M.B. SECURITIES LIMITED,100,958.2,95820.0,2025-07-16 14:53:15.985498
2025-07-16,9197,2025071604023865,CGH,Primo Securities (PVT) Ltd.,N.M.B. SECURITIES LIMITED,300,958.0,287400.0,2025-07-16 14:53:15.985685
2025-07-16,9196,2025071604023866,CGH,Naasa Securities Co. Ltd.,N.M.B. SECURITIES LIMITED,100,958.0,95800.0,2025-07-16 14:53:15.985884
2025-07-16,8900,2025071604023961,CGH,Online Securities Pvt. Ltd.,Property Wiard Limited,100,955.2,95520.0,2025-07-16 14:53:29.690055
2025-07-16,8686,2025071604024036,CGH,Online Securities Pvt. Ltd.,N.M.B. SECURITIES LIMITED,350,955.2,334320.0,2025-07-16 14:53:43.073187
2025-07-16,8685,2025071604024037,CGH,ABC Securities Private Limited,N.M.B. SECURITIES LIMITED,500,955.0,477500.0,2025-07-16 14:53:43.073529
2025-07-16,8684,2025071604024038,CGH,Sani Securities Company Ltd.,N.M.B. SECURITIES LIMITED,1000,955.0,955000.0,2025-07-16 14:53:43.073728
2025-07-16,8683,2025071604024039,CGH,Aryatara Investment & Securities,N.M.B. SECURITIES LIMITED,188,955.0,179540.0,2025-07-16 14:53:43.073928
2025-07-16,8525,2025071604024090,CGH,Aryatara Investment & Securities,Citizens Share Broker Limited,212,955.0,202460.0,2025-07-16 14:53:53.136548
2025-07-16,8524,2025071604024091,CGH,ABC Securities Private Limited,Citizens Share Broker Limited,50,955.0,47750.0,2025-07-16 14:53:53.136758
2025-07-16,8523,2025071604024092,CGH,Linch Stock Market Ltd.,Citizens Share Broker Limited,50,955.0,47750.0,2025-07-16 14:53:53.136837
2025-07-16,8522,2025071604024093,CGH,Shree Krishna Securities Ltd.,Citizens Share Broker Limited,10,955.0,9550.0,2025-07-16 14:53:53.136902
2025-07-16,8521,2025071604024094,CGH,Sani Securities Company Ltd.,Citizens Share Broker Limited,20,955.0,19100.0,2025-07-16 14:53:53.136970
2025-07-16,8520,2025071604024095,CGH,Prabhu Stock Market Limited,Citizens Share Broker Limited,500,955.0,477500.0,2025-07-16 14:53:53.137039
2025-07-16,8519,2025071604024096,CGH,ABC Securities Private Limited,Citizens Share Broker Limited,500,951.0,475500.0,2025-07-16 14:53:53.137107
2025-07-16,8518,2025071604024097,CGH,Dynamic Money Managers Securities Pvt. Ltd.,Citizens Share Broker Limited,50,951.0,47550.0,2025-07-16 14:53:53.137174
2025-07-16,8517,2025071604024098,CGH,Vision Securities Pvt. Ltd,Citizens Share Broker Limited,10,951.0,9510.0,2025-07-16 14:53:53.137240
2025-07-16,8516,2025071604024099,CGH,Sumeru Securities Pvt. Ltd.,Citizens Share Broker Limited,50,951.0,47550.0,2025-07-16 14:53:53.137299
2025-07-16,8330,2025071604024151,CGH,Dynamic Money Managers Securities Pvt. Ltd.,Citizens Share Broker Limited,48,951.0,45648.0,2025-07-16 14:54:01.792215
2025-07-16,7974,2025071604024248,CGH,Sani Securities Company Ltd.,Sumeru Securities Pvt. Ltd.,10,955.0,9550.0,2025-07-16 14:54:29.098584
2025-07-16,7133,2025071604024485,CGH,Kohinoor Investment & Securities Pvt. Ltd.,Citizens Share Broker Limited,1500,955.0,1432500.0,2025-07-16 14:55:16.449233
2025-07-16,7005,2025071604024503,CGH,Sani Securities Company Ltd.,Sumeru Securities Pvt. Ltd.,10,959.0,9590.0,2025-07-16 14:55:23.794501
2025-07-16,6822,2025071604024587,CGH,Sani Securities Company Ltd.,Sumeru Securities Pvt. Ltd.,10,959.0,9590.0,2025-07-16 14:55:33.237803
2025-07-16,6594,2025071604024671,CGH,Sani Securities Company Ltd.,Sumeru Securities Pvt. Ltd.,20,959.0,19180.0,2025-07-16 14:55:51.774397
2025-07-16,6397,2025071604024749,CGH,Naasa Securities Co. Ltd.,Sumeru Securities Pvt. Ltd.,10,959.0,9590.0,2025-07-16 14:56:04.536859
2025-07-16,6028,2025071604024933,CGH,Dynamic Money Managers Securities Pvt. Ltd.,Sumeru Securities Pvt. Ltd.,10,959.0,9590.0,2025-07-16 14:56:22.552133
2025-07-16,5890,2025071604024949,CGH,Sani Securities Company Ltd.,Bhrikuti Stock Broking Co. Pvt. Ltd.,100,958.0,95800.0,2025-07-16 14:56:27.958254
2025-07-16,4967,2025071604025292,CGH,Naasa Securities Co. Ltd.,Dipshikha Dhitopatra Karobar Co. Pvt Ltd.,10,955.0,9550.0,2025-07-16 14:57:16.775417
2025-07-16,4857,2025071604025332,CGH,Nepal Investment And Securities Trading Private Limited,Naasa Securities Co. Ltd.,100,953.2,95320.0,2025-07-16 14:57:24.559614
2025-07-16,4856,2025071604025333,CGH,Investment Management Nepal Pvt. Ltd.,Naasa Securities Co. Ltd.,500,953.1,476550.0,2025-07-16 14:57:24.559838
2025-07-16,4855,2025071604025334,CGH,Sani Securities Company Ltd.,Naasa Securities Co. Ltd.,20,953.0,19060.0,2025-07-16 14:57:24.559950
2025-07-16,4854,2025071604025335,CGH,Siprabi Securities Pvt. Ltd.,Naasa Securities Co. Ltd.,150,953.0,142950.0,2025-07-16 14:57:24.560019
2025-07-16,4853,2025071604025336,CGH,Linch Stock Market Ltd.,Naasa Securities Co. Ltd.,50,951.5,47575.0,2025-07-16 14:57:24.560101
2025-07-16,4852,2025071604025337,CGH,Opal Securities Investment (PVT) Ltd.,Naasa Securities Co. Ltd.,60,951.5,57090.0,2025-07-16 14:57:24.560203
2025-07-16,4610,2025071604025424,CGH,Naasa Securities Co. Ltd.,Dipshikha Dhitopatra Karobar Co. Pvt Ltd.,10,955.0,9550.0,2025-07-16 14:57:34.056800
2025-07-16,4591,2025071604025428,CGH,Dipshikha Dhitopatra Karobar Co. Pvt Ltd.,Nepal Stock House (PVT) Ltd.,20,953.3,19066.0,2025-07-16 14:57:34.713277
2025-07-16,4590,2025071604025429,CGH,Opal Securities Investment (PVT) Ltd.,Nepal Stock House (PVT) Ltd.,280,951.5,266420.0,2025-07-16 14:57:34.713455
2025-07-16,4570,2025071604025431,CGH,Nepal Stock House (PVT) Ltd.,Dipshikha Dhitopatra Karobar Co. Pvt Ltd.,10,955.0,9550.0,2025-07-16 14:57:35.020489
2025-07-16,4569,2025071604025432,CGH,Nepal Stock House (PVT) Ltd.,Online Securities Pvt. Ltd.,315,955.0,300825.0,2025-07-16 14:57:35.020676
2025-07-16,4312,2025071604025494,CGH,Nepal Stock House (PVT) Ltd.,Market Securities & Exchange (PVT) Ltd.,10,955.0,9550.0,2025-07-16 14:57:50.229567
2025-07-16,4268,2025071604025508,CGH,Naasa Securities Co. Ltd.,Bhrikuti Stock Broking Co. Pvt. Ltd.,10,958.0,9580.0,2025-07-16 14:57:52.060462
2025-07-16,3886,2025071604025594,CGH,Nepal Stock House (PVT) Ltd.,Imperial Securities Company Pvt. Ltd.,500,955.0,477500.0,2025-07-16 14:58:08.411093
2025-07-16,3568,2025071604025708,CGH,Nepal Stock House (PVT) Ltd.,Midas Stock Broking Company Private Limited,360,955.0,343800.0,2025-07-16 14:58:23.540714
2025-07-16,3196,2025071604025826,CGH,Nepal Stock House (PVT) Ltd.,Nagarik Stock Dealer ,1272,955.0,1214760.0,2025-07-16 14:58:34.223556
2025-07-16,3113,2025071604025857,CGH,Nepal Stock House (PVT) Ltd.,Online Securities Pvt. Ltd.,100,955.0,95500.0,2025-07-16 14:58:37.784256
2025-07-16,2941,2025071604025921,CGH,Nepal Stock House (PVT) Ltd.,Imperial Securities Company Pvt. Ltd.,53,955.0,50615.0,2025-07-16 14:58:44.408775
2025-07-16,2940,2025071604025922,CGH,Premier Securities Company Ltd.,Imperial Securities Company Pvt. Ltd.,13,955.0,12415.0,2025-07-16 14:58:44.408973
2025-07-16,2939,2025071604025923,CGH,Kohinoor Investment & Securities Pvt. Ltd.,Imperial Securities Company Pvt. Ltd.,234,955.0,223470.0,2025-07-16 14:58:44.409040
2025-07-16,2710,2025071604026001,CGH,Kohinoor Investment & Securities Pvt. Ltd.,Premier Securities Company Ltd.,10,955.0,9550.0,2025-07-16 14:58:52.674263
2025-07-16,2651,2025071604026023,CGH,Kohinoor Investment & Securities Pvt. Ltd.,Imperial Securities Company Pvt. Ltd.,200,955.0,191000.0,2025-07-16 14:58:55.644712
2025-07-16,2650,2025071604026024,CGH,Kohinoor Investment & Securities Pvt. Ltd.,Sumeru Securities Pvt. Ltd.,56,955.0,53480.0,2025-07-16 14:58:55.906155
2025-07-16,2374,2025071604026117,CGH,Oxford Securities Pvt. Ltd.,Sumeru Securities Pvt. Ltd.,74,954.0,70596.0,2025-07-16 14:59:06.011332
2025-07-16,2246,2025071604026163,CGH,Oxford Securities Pvt. Ltd.,Bhrikuti Stock Broking Co. Pvt. Ltd.,32,954.0,30528.0,2025-07-16 14:59:10.199118
2025-07-16,2125,2025071604026184,CGH,J.F. Securites (PVT) Ltd.,Neev Securities Pvt. Ltd.,150,954.0,143100.0,2025-07-16 14:59:12.463797
2025-07-16,1726,2025071604026328,CGH,Linch Stock Market Ltd.,Neev Securities Pvt. Ltd.,50,954.0,47700.0,2025-07-16 14:59:23.302423
2025-07-16,1215,2025071604026444,CGH,Vision Securities Pvt. Ltd,Neev Securities Pvt. Ltd.,10,954.0,9540.0,2025-07-16 14:59:35.385933
2025-07-16,592,2025071604026602,CGH,Online Securities Pvt. Ltd.,Imperial Securities Company Pvt. Ltd.,50,953.1,47655.0,2025-07-16 14:59:49.184666
2025-07-16,99,2025071604026727,CGH,Linch Stock Market Ltd.,Vision Securities Pvt. Ltd,1000,953.5,953500.0,2025-07-16 14:59:59.283844
