Date,S.N.,contract_id,symbol,buyer_broker,seller_broker,volume,price,amount,transaction_time
2025-07-16,97836,2025071604000459,HPPL,Online Securities Pvt. Ltd.,Sweta Securities Private Limited,10,509.0,5090.0,2025-07-16 11:06:29.434364
2025-07-16,97835,2025071604000460,HPPL,Neev Securities Pvt. Ltd.,Dakshinkali Investment & Securities Pvt. Ltd.,100,505.0,50500.0,2025-07-16 11:06:29.479207
2025-07-16,97834,2025071604000461,HPPL,Linch Stock Market Ltd.,Dakshinkali Investment & Securities Pvt. Ltd.,1000,504.1,504100.0,2025-07-16 11:06:29.479290
2025-07-16,97833,2025071604000462,HPPL,Asian Securities Private Ltd.,Dakshinkali Investment & Securities Pvt. Ltd.,200,504.0,100800.0,2025-07-16 11:06:29.479334
2025-07-16,97832,2025071604000463,HPPL,Sweta Securities Private Limited,Dakshinkali Investment & Securities Pvt. Ltd.,500,504.0,252000.0,2025-07-16 11:06:29.479366
2025-07-16,97546,2025071604000529,HPPL,Dipshikha Dhitopatra Karobar Co. Pvt Ltd.,Sundhara Securities Limited,100,503.3,50330.0,2025-07-16 11:07:20.706051
2025-07-16,97449,2025071604000558,HPPL,Dipshikha Dhitopatra Karobar Co. Pvt Ltd.,Sundhara Securities Limited,100,504.3,50430.0,2025-07-16 11:07:36.828797
2025-07-16,97185,2025071604000632,HPPL,Oxford Securities Pvt. Ltd.,Sweta Securities Private Limited,20,509.0,10180.0,2025-07-16 11:08:08.429811
2025-07-16,95379,2025071604001063,HPPL,Dynamic Money Managers Securities Pvt. Ltd.,Sewa Securities Pvt. Ltd.,100,504.0,50400.0,2025-07-16 11:12:51.991631
2025-07-16,95378,2025071604001064,HPPL,Sani Securities Company Ltd.,Sewa Securities Pvt. Ltd.,500,503.1,251550.0,2025-07-16 11:12:51.991815
2025-07-16,95377,2025071604001065,HPPL,Thrive Brokerage House Pvt. Ltd,Sewa Securities Pvt. Ltd.,900,503.0,452700.0,2025-07-16 11:12:51.991984
2025-07-16,94234,2025071604001370,HPPL,Vision Securities Pvt. Ltd,Oxford Securities Pvt. Ltd.,24,504.1,12098.4,2025-07-16 11:16:09.286197
2025-07-16,93337,2025071604001623,HPPL,Vision Securities Pvt. Ltd,Sewa Securities Pvt. Ltd.,576,504.1,290361.6,2025-07-16 11:18:33.303165
2025-07-16,91758,2025071604002046,HPPL,Kalika Securities Pvt. Ltd.,Nagarik Stock Dealer ,100,505.0,50500.0,2025-07-16 11:23:08.056205
2025-07-16,90872,2025071604002306,HPPL,Imperial Securities Company Pvt. Ltd.,Sani Securities Company Ltd.,20,505.0,10100.0,2025-07-16 11:25:35.468630
2025-07-16,90657,2025071604002375,HPPL,Imperial Securities Company Pvt. Ltd.,Cristal Kanchanjanga Securites Pvt. Ltd.,10,505.0,5050.0,2025-07-16 11:26:15.671003
2025-07-16,90360,2025071604002447,HPPL,Sani Securities Company Ltd.,Dynamic Money Managers Securities Pvt. Ltd.,150,504.1,75615.0,2025-07-16 11:26:58.940462
2025-07-16,90359,2025071604002448,HPPL,Market Securities & Exchange (PVT) Ltd.,Dynamic Money Managers Securities Pvt. Ltd.,550,504.1,277255.0,2025-07-16 11:26:58.940618
2025-07-16,90197,2025071604002478,HPPL,Market Securities & Exchange (PVT) Ltd.,Dynamic Money Managers Securities Pvt. Ltd.,300,504.1,151230.0,2025-07-16 11:27:20.192449
2025-07-16,89972,2025071604002531,HPPL,Market Securities & Exchange (PVT) Ltd.,Dakshinkali Investment & Securities Pvt. Ltd.,150,504.1,75615.0,2025-07-16 11:27:45.006369
2025-07-16,89971,2025071604002532,HPPL,Opal Securities Investment (PVT) Ltd.,Dakshinkali Investment & Securities Pvt. Ltd.,20,504.0,10080.0,2025-07-16 11:27:45.006493
2025-07-16,89970,2025071604002533,HPPL,Asian Securities Private Ltd.,Dakshinkali Investment & Securities Pvt. Ltd.,430,504.0,216720.0,2025-07-16 11:27:45.006629
2025-07-16,89884,2025071604002547,HPPL,Asian Securities Private Ltd.,Nagarik Stock Dealer ,150,504.0,75600.0,2025-07-16 11:27:59.276688
2025-07-16,87930,2025071604003037,HPPL,Premier Securities Company Ltd.,Naasa Securities Co. Ltd.,20,504.2,10084.0,2025-07-16 11:32:49.693628
2025-07-16,87929,2025071604003038,HPPL,Online Securities Pvt. Ltd.,Naasa Securities Co. Ltd.,480,504.1,241968.0,2025-07-16 11:32:49.693759
2025-07-16,87719,2025071604003091,HPPL,Online Securities Pvt. Ltd.,Nagarik Stock Dealer ,500,504.1,252050.0,2025-07-16 11:33:21.374053
2025-07-16,87664,2025071604003103,HPPL,Asian Securities Private Ltd.,Nagarik Stock Dealer ,500,504.0,252000.0,2025-07-16 11:33:30.400131
2025-07-16,87354,2025071604003142,HPPL,Vision Securities Pvt. Ltd,Nagarik Stock Dealer ,100,504.2,50420.0,2025-07-16 11:34:13.570491
2025-07-16,87353,2025071604003143,HPPL,Sani Securities Company Ltd.,Nagarik Stock Dealer ,400,504.1,201640.0,2025-07-16 11:34:13.570572
2025-07-16,87328,2025071604003146,HPPL,Sani Securities Company Ltd.,Cristal Kanchanjanga Securites Pvt. Ltd.,90,505.0,45450.0,2025-07-16 11:34:21.198518
2025-07-16,87327,2025071604003147,HPPL,Sani Securities Company Ltd.,Cristal Kanchanjanga Securites Pvt. Ltd.,100,505.0,50500.0,2025-07-16 11:34:21.198673
2025-07-16,86073,2025071604003432,HPPL,Sani Securities Company Ltd.,Nepal Stock House (PVT) Ltd.,10,505.8,5058.0,2025-07-16 11:37:47.529382
2025-07-16,85143,2025071604003608,HPPL,Trishakti Securities Public Limited,SUN SECURITIES PVT LTD,10,505.0,5050.0,2025-07-16 11:39:36.181194
2025-07-16,85142,2025071604003609,HPPL,Imperial Securities Company Pvt. Ltd.,SUN SECURITIES PVT LTD,17,505.0,8585.0,2025-07-16 11:39:36.181361
2025-07-16,84890,2025071604003647,HPPL,Asian Securities Private Ltd.,Nagarik Stock Dealer ,823,504.0,414792.0,2025-07-16 11:40:11.282544
2025-07-16,84616,2025071604003687,HPPL,Asian Securities Private Ltd.,Nagarik Stock Dealer ,45,504.0,22680.0,2025-07-16 11:40:42.410930
2025-07-16,82415,2025071604004110,HPPL,Asian Securities Private Ltd.,Nagarik Stock Dealer ,52,504.0,26208.0,2025-07-16 11:45:03.809388
2025-07-16,82414,2025071604004111,HPPL,Malla & Malla Stock Broking Company Pvt. Limited,Nagarik Stock Dealer ,10,504.0,5040.0,2025-07-16 11:45:03.809521
2025-07-16,82413,2025071604004112,HPPL,Sewa Securities Pvt. Ltd.,Nagarik Stock Dealer ,100,504.0,50400.0,2025-07-16 11:45:03.809569
2025-07-16,82412,2025071604004113,HPPL,Linch Stock Market Ltd.,Nagarik Stock Dealer ,40,504.0,20160.0,2025-07-16 11:45:03.809615
2025-07-16,81133,2025071604004426,HPPL,Linch Stock Market Ltd.,Trishakti Securities Public Limited,200,505.0,101000.0,2025-07-16 11:47:38.526375
2025-07-16,81001,2025071604004442,HPPL,Naasa Securities Co. Ltd.,Sundhara Securities Limited,50,505.0,25250.0,2025-07-16 11:48:00.947341
2025-07-16,80898,2025071604004466,HPPL,Imperial Securities Company Pvt. Ltd.,Trishakti Securities Public Limited,250,504.5,126125.0,2025-07-16 11:48:18.131235
2025-07-16,80609,2025071604004528,HPPL,Thrive Brokerage House Pvt. Ltd,Trishakti Securities Public Limited,10,503.0,5030.0,2025-07-16 11:48:58.377071
2025-07-16,77612,2025071604005235,HPPL,Vision Securities Pvt. Ltd,Trisul Securities & Invt. Ltd.,200,503.1,100620.0,2025-07-16 11:56:42.630071
2025-07-16,77611,2025071604005236,HPPL,Sweta Securities Private Limited,Trisul Securities & Invt. Ltd.,100,503.1,50310.0,2025-07-16 11:56:42.630263
2025-07-16,77610,2025071604005237,HPPL,Thrive Brokerage House Pvt. Ltd,Trisul Securities & Invt. Ltd.,90,503.0,45270.0,2025-07-16 11:56:42.630343
2025-07-16,77609,2025071604005238,HPPL,Vision Securities Pvt. Ltd,Trisul Securities & Invt. Ltd.,100,503.0,50300.0,2025-07-16 11:56:42.630408
2025-07-16,77608,2025071604005239,HPPL,Naasa Securities Co. Ltd.,Trisul Securities & Invt. Ltd.,15,503.0,7545.0,2025-07-16 11:56:42.630460
2025-07-16,77607,2025071604005240,HPPL,Sri Hari Securities Pvt. Ltd.,Trisul Securities & Invt. Ltd.,60,503.0,30180.0,2025-07-16 11:56:42.630520
2025-07-16,77606,2025071604005241,HPPL,Aakashbhairab Securities Ltd.,Trisul Securities & Invt. Ltd.,35,503.0,17605.0,2025-07-16 11:56:42.630571
2025-07-16,77461,2025071604005273,HPPL,Dipshikha Dhitopatra Karobar Co. Pvt Ltd.,Cristal Kanchanjanga Securites Pvt. Ltd.,20,503.1,10062.0,2025-07-16 11:57:08.256245
2025-07-16,77145,2025071604005390,HPPL,Premier Securities Company Ltd.,Cristal Kanchanjanga Securites Pvt. Ltd.,100,503.0,50300.0,2025-07-16 11:58:04.703533
2025-07-16,74101,2025071604006153,HPPL,Imperial Securities Company Pvt. Ltd.,Capital Max Securities Ltd,19,503.0,9557.0,2025-07-16 12:05:44.919804
2025-07-16,74100,2025071604006154,HPPL,Market Securities & Exchange (PVT) Ltd.,Capital Max Securities Ltd,200,501.3,100260.0,2025-07-16 12:05:44.919985
2025-07-16,74099,2025071604006155,HPPL,Vision Securities Pvt. Ltd,Capital Max Securities Ltd,128,501.2,64153.6,2025-07-16 12:05:44.920041
2025-07-16,74098,2025071604006156,HPPL,Primo Securities (PVT) Ltd.,Capital Max Securities Ltd,80,501.2,40096.0,2025-07-16 12:05:44.920099
2025-07-16,74097,2025071604006157,HPPL,Linch Stock Market Ltd.,Capital Max Securities Ltd,100,501.1,50110.0,2025-07-16 12:05:44.920151
2025-07-16,74096,2025071604006158,HPPL,Siprabi Securities Pvt. Ltd.,Capital Max Securities Ltd,628,501.1,314690.8,2025-07-16 12:05:44.920201
2025-07-16,73420,2025071604006434,HPPL,Siprabi Securities Pvt. Ltd.,Cristal Kanchanjanga Securites Pvt. Ltd.,80,501.1,40088.0,2025-07-16 12:07:21.205773
2025-07-16,73190,2025071604006507,HPPL,Nepal Stock House (PVT) Ltd.,Trishakti Securities Public Limited,50,501.2,25060.0,2025-07-16 12:07:59.244380
2025-07-16,73158,2025071604006517,HPPL,Siprabi Securities Pvt. Ltd.,Elite Stock House Limited,292,501.1,146321.2,2025-07-16 12:08:07.031258
2025-07-16,73157,2025071604006518,HPPL,Siprabi Securities Pvt. Ltd.,Elite Stock House Limited,1000,501.1,501100.0,2025-07-16 12:08:07.031413
2025-07-16,73156,2025071604006519,HPPL,Siprabi Securities Pvt. Ltd.,Elite Stock House Limited,333,501.1,166866.3,2025-07-16 12:08:07.031468
2025-07-16,72966,2025071604006581,HPPL,Online Securities Pvt. Ltd.,Trishakti Securities Public Limited,50,501.2,25060.0,2025-07-16 12:08:43.788519
2025-07-16,72932,2025071604006593,HPPL,Indira securities pvt. ltd,Trishakti Securities Public Limited,200,501.2,100240.0,2025-07-16 12:08:49.334977
2025-07-16,72768,2025071604006627,HPPL,Vision Securities Pvt. Ltd,Trishakti Securities Public Limited,500,501.2,250600.0,2025-07-16 12:09:15.968052
2025-07-16,72582,2025071604006669,HPPL,Indira securities pvt. ltd,Trishakti Securities Public Limited,200,501.2,100240.0,2025-07-16 12:09:50.479177
2025-07-16,70564,2025071604007218,HPPL,Market Securities & Exchange (PVT) Ltd.,South Asian Bulls Pvt. Ltd.,10,502.0,5020.0,2025-07-16 12:16:09.857616
2025-07-16,69834,2025071604007386,HPPL,Sani Securities Company Ltd.,Naasa Securities Co. Ltd.,20,502.1,10042.0,2025-07-16 12:18:41.713689
2025-07-16,69487,2025071604007456,HPPL,Asian Securities Private Ltd.,Imperial Securities Company Pvt. Ltd.,70,502.2,35154.0,2025-07-16 12:19:48.179070
2025-07-16,68933,2025071604007561,HPPL,Vision Securities Pvt. Ltd,Trishakti Securities Public Limited,82,502.3,41188.6,2025-07-16 12:21:45.975788
2025-07-16,68446,2025071604007664,HPPL,Market Securities & Exchange (PVT) Ltd.,Investment Management Nepal Pvt. Ltd.,10,503.0,5030.0,2025-07-16 12:23:24.605021
2025-07-16,68445,2025071604007665,HPPL,Market Securities & Exchange (PVT) Ltd.,Sani Securities Company Ltd.,10,503.0,5030.0,2025-07-16 12:23:24.605292
2025-07-16,68197,2025071604007715,HPPL,Vision Securities Pvt. Ltd,Trishakti Securities Public Limited,19,503.1,9558.9,2025-07-16 12:24:05.952707
2025-07-16,67701,2025071604007799,HPPL,Vision Securities Pvt. Ltd,Sumeru Securities Pvt. Ltd.,25,503.1,12577.5,2025-07-16 12:25:48.724364
2025-07-16,67019,2025071604007964,HPPL,Market Securities & Exchange (PVT) Ltd.,Nepal Investment And Securities Trading Private Limited,60,504.0,30240.0,2025-07-16 12:27:55.998619
2025-07-16,67018,2025071604007965,HPPL,Market Securities & Exchange (PVT) Ltd.,Aryatara Investment & Securities,20,504.0,10080.0,2025-07-16 12:27:55.998811
2025-07-16,66574,2025071604008053,HPPL,Market Securities & Exchange (PVT) Ltd.,Nabil Stock Dealer Ltd.,390,504.0,196560.0,2025-07-16 12:29:28.321956
2025-07-16,66573,2025071604008054,HPPL,Naasa Securities Co. Ltd.,Nabil Stock Dealer Ltd.,80,503.5,40280.0,2025-07-16 12:29:28.322038
2025-07-16,66572,2025071604008055,HPPL,Vision Securities Pvt. Ltd,Nabil Stock Dealer Ltd.,374,503.3,188234.2,2025-07-16 12:29:28.322069
2025-07-16,66571,2025071604008056,HPPL,Sani Securities Company Ltd.,Nabil Stock Dealer Ltd.,75,503.3,37747.5,2025-07-16 12:29:28.322096
2025-07-16,66570,2025071604008057,HPPL,Dakshinkali Investment & Securities Pvt. Ltd.,Nabil Stock Dealer Ltd.,581,503.2,292359.2,2025-07-16 12:29:28.322122
2025-07-16,65905,2025071604008211,HPPL,Dakshinkali Investment & Securities Pvt. Ltd.,Ashutosh Brokerage & Securities (PVT) Ltd.,97,503.2,48810.4,2025-07-16 12:31:32.989405
2025-07-16,64868,2025071604008355,HPPL,Dakshinkali Investment & Securities Pvt. Ltd.,Trishakti Securities Public Limited,322,503.2,162030.4,2025-07-16 12:34:27.125695
2025-07-16,64867,2025071604008356,HPPL,Aakashbhairab Securities Ltd.,Trishakti Securities Public Limited,478,503.2,240529.6,2025-07-16 12:34:27.125797
2025-07-16,63595,2025071604008611,HPPL,Asian Securities Private Ltd.,Trishakti Securities Public Limited,230,504.5,116035.0,2025-07-16 12:37:34.511605
2025-07-16,63234,2025071604008671,HPPL,Imperial Securities Company Pvt. Ltd.,Sani Securities Company Ltd.,70,504.0,35280.0,2025-07-16 12:38:39.519769
2025-07-16,63233,2025071604008672,HPPL,Imperial Securities Company Pvt. Ltd.,Roadshow securities limited,30,504.4,15132.0,2025-07-16 12:38:39.520124
2025-07-16,62191,2025071604008857,HPPL,Linch Stock Market Ltd.,Trishakti Securities Public Limited,90,503.3,45297.0,2025-07-16 12:41:26.035325
2025-07-16,61934,2025071604008912,HPPL,Dakshinkali Investment & Securities Pvt. Ltd.,Trishakti Securities Public Limited,100,503.3,50330.0,2025-07-16 12:42:04.472142
2025-07-16,61534,2025071604009040,HPPL,Aakashbhairab Securities Ltd.,Trishakti Securities Public Limited,22,503.2,11070.4,2025-07-16 12:43:11.677004
2025-07-16,61533,2025071604009041,HPPL,Secured Securities Ltd.,Trishakti Securities Public Limited,20,503.0,10060.0,2025-07-16 12:43:11.677205
2025-07-16,61532,2025071604009042,HPPL,Market Securities & Exchange (PVT) Ltd.,Trishakti Securities Public Limited,200,502.6,100520.0,2025-07-16 12:43:11.677265
2025-07-16,61531,2025071604009043,HPPL,Kohinoor Investment & Securities Pvt. Ltd.,Trishakti Securities Public Limited,200,502.5,100500.0,2025-07-16 12:43:11.677332
2025-07-16,61530,2025071604009044,HPPL,Linch Stock Market Ltd.,Trishakti Securities Public Limited,58,502.5,29145.0,2025-07-16 12:43:11.677387
2025-07-16,61278,2025071604009085,HPPL,Linch Stock Market Ltd.,Trishakti Securities Public Limited,142,502.5,71355.0,2025-07-16 12:43:51.906613
2025-07-16,61277,2025071604009086,HPPL,Sani Securities Company Ltd.,Trishakti Securities Public Limited,80,502.3,40184.0,2025-07-16 12:43:51.906949
2025-07-16,61276,2025071604009087,HPPL,Market Securities & Exchange (PVT) Ltd.,Trishakti Securities Public Limited,200,502.1,100420.0,2025-07-16 12:43:51.907114
2025-07-16,61275,2025071604009088,HPPL,Primo Securities (PVT) Ltd.,Trishakti Securities Public Limited,500,502.0,251000.0,2025-07-16 12:43:51.907334
2025-07-16,61065,2025071604009145,HPPL,Trishakti Securities Public Limited,Trishakti Securities Public Limited,10,503.3,5033.0,2025-07-16 12:44:22.292532
2025-07-16,59600,2025071604009566,HPPL,Vision Securities Pvt. Ltd,Trishakti Securities Public Limited,100,501.4,50140.0,2025-07-16 12:48:32.161981
2025-07-16,59599,2025071604009567,HPPL,Market Securities & Exchange (PVT) Ltd.,Trishakti Securities Public Limited,200,501.3,100260.0,2025-07-16 12:48:32.162155
2025-07-16,59598,2025071604009568,HPPL,Market Securities & Exchange (PVT) Ltd.,Trishakti Securities Public Limited,200,501.3,100260.0,2025-07-16 12:48:32.162257
2025-07-16,59597,2025071604009569,HPPL,Dynamic Money Managers Securities Pvt. Ltd.,Trishakti Securities Public Limited,548,501.2,274657.6,2025-07-16 12:48:32.162319
2025-07-16,59500,2025071604009613,HPPL,Roadshow securities limited,MILKY WAY SHARE BROKER COMPANY LTD ,38,502.0,19076.0,2025-07-16 12:48:43.820608
2025-07-16,59499,2025071604009614,HPPL,Roadshow securities limited,Pragyan Securities (PVT) Ltd.,262,502.9,131759.8,2025-07-16 12:48:43.820764
2025-07-16,58337,2025071604009898,HPPL,ABC Securities Private Limited,Dipshikha Dhitopatra Karobar Co. Pvt Ltd.,20,501.5,10030.0,2025-07-16 12:52:39.956542
2025-07-16,58336,2025071604009899,HPPL,Dynamic Money Managers Securities Pvt. Ltd.,Dipshikha Dhitopatra Karobar Co. Pvt Ltd.,52,501.2,26062.4,2025-07-16 12:52:39.956825
2025-07-16,58335,2025071604009900,HPPL,Asian Securities Private Ltd.,Dipshikha Dhitopatra Karobar Co. Pvt Ltd.,300,501.2,150360.0,2025-07-16 12:52:39.957021
2025-07-16,58334,2025071604009901,HPPL,Siprabi Securities Pvt. Ltd.,Dipshikha Dhitopatra Karobar Co. Pvt Ltd.,28,501.1,14030.8,2025-07-16 12:52:39.957281
2025-07-16,57039,2025071604010235,HPPL,Vision Securities Pvt. Ltd,Pragyan Securities (PVT) Ltd.,10,502.9,5029.0,2025-07-16 12:57:06.500819
2025-07-16,55471,2025071604010679,HPPL,Premier Securities Company Ltd.,Pragyan Securities (PVT) Ltd.,28,502.9,14081.2,2025-07-16 13:01:09.795684
2025-07-16,55470,2025071604010680,HPPL,Premier Securities Company Ltd.,Naasa Securities Co. Ltd.,50,502.9,25145.0,2025-07-16 13:01:09.795879
2025-07-16,55469,2025071604010681,HPPL,Premier Securities Company Ltd.,Global IME Securities Limited,122,502.9,61353.8,2025-07-16 13:01:09.795940
2025-07-16,55240,2025071604010737,HPPL,Vision Securities Pvt. Ltd,Global IME Securities Limited,40,502.9,20116.0,2025-07-16 13:01:49.795245
2025-07-16,55162,2025071604010754,HPPL,J.F. Securites (PVT) Ltd.,Global IME Securities Limited,125,502.9,62862.5,2025-07-16 13:02:03.440944
2025-07-16,55020,2025071604010800,HPPL,Market Securities & Exchange (PVT) Ltd.,Global IME Securities Limited,180,502.9,90522.0,2025-07-16 13:02:26.089630
2025-07-16,54871,2025071604010850,HPPL,Market Securities & Exchange (PVT) Ltd.,Sani Securities Company Ltd.,680,503.0,342040.0,2025-07-16 13:02:54.200546
2025-07-16,54047,2025071604011192,HPPL,Infinity Securities Limited,S.P.S.A. Securities Limited,200,503.0,100600.0,2025-07-16 13:05:37.534845
2025-07-16,54046,2025071604011193,HPPL,Nepal Investment And Securities Trading Private Limited,S.P.S.A. Securities Limited,500,503.0,251500.0,2025-07-16 13:05:37.535201
2025-07-16,53202,2025071604011416,HPPL,Swarna Laxmi Securities Pvt. Ltd.,Naasa Securities Co. Ltd.,20,502.1,10042.0,2025-07-16 13:08:28.596875
2025-07-16,52821,2025071604011497,HPPL,Capital Max Securities Ltd,Vision Securities Pvt. Ltd,200,502.1,100420.0,2025-07-16 13:09:34.482285
2025-07-16,51833,2025071604011723,HPPL,South Asian Bulls Pvt. Ltd.,KALASH STOCK MARKET PVT. LTD.,200,501.9,100380.0,2025-07-16 13:12:09.921615
2025-07-16,51832,2025071604011724,HPPL,Naasa Securities Co. Ltd.,KALASH STOCK MARKET PVT. LTD.,50,501.8,25090.0,2025-07-16 13:12:09.921796
2025-07-16,51831,2025071604011725,HPPL,Capital Max Securities Ltd,KALASH STOCK MARKET PVT. LTD.,50,501.8,25090.0,2025-07-16 13:12:09.921860
2025-07-16,51830,2025071604011726,HPPL,Linch Stock Market Ltd.,KALASH STOCK MARKET PVT. LTD.,400,501.4,200560.0,2025-07-16 13:12:09.921922
2025-07-16,51829,2025071604011727,HPPL,Nepal Investment And Securities Trading Private Limited,KALASH STOCK MARKET PVT. LTD.,150,501.4,75210.0,2025-07-16 13:12:09.921981
2025-07-16,51828,2025071604011728,HPPL,Market Securities & Exchange (PVT) Ltd.,KALASH STOCK MARKET PVT. LTD.,200,501.3,100260.0,2025-07-16 13:12:09.922039
2025-07-16,51827,2025071604011729,HPPL,Dipshikha Dhitopatra Karobar Co. Pvt Ltd.,KALASH STOCK MARKET PVT. LTD.,200,501.3,100260.0,2025-07-16 13:12:09.922098
2025-07-16,51826,2025071604011730,HPPL,Cristal Kanchanjanga Securites Pvt. Ltd.,KALASH STOCK MARKET PVT. LTD.,750,501.2,375900.0,2025-07-16 13:12:09.922154
2025-07-16,51335,2025071604011889,HPPL,Dipshikha Dhitopatra Karobar Co. Pvt Ltd.,Sundhara Securities Limited,10,501.3,5013.0,2025-07-16 13:13:26.805035
2025-07-16,50378,2025071604012239,HPPL,Dipshikha Dhitopatra Karobar Co. Pvt Ltd.,KALASH STOCK MARKET PVT. LTD.,90,501.3,45117.0,2025-07-16 13:15:56.722977
2025-07-16,50377,2025071604012240,HPPL,Cristal Kanchanjanga Securites Pvt. Ltd.,KALASH STOCK MARKET PVT. LTD.,250,501.2,125300.0,2025-07-16 13:15:56.723181
2025-07-16,50376,2025071604012241,HPPL,Capital Max Securities Ltd,KALASH STOCK MARKET PVT. LTD.,50,501.2,25060.0,2025-07-16 13:15:56.723244
2025-07-16,50375,2025071604012242,HPPL,Premier Securities Company Ltd.,KALASH STOCK MARKET PVT. LTD.,500,501.2,250600.0,2025-07-16 13:15:56.723301
2025-07-16,50374,2025071604012243,HPPL,Siprabi Securities Pvt. Ltd.,KALASH STOCK MARKET PVT. LTD.,639,501.1,320202.9,2025-07-16 13:15:56.723370
2025-07-16,50373,2025071604012244,HPPL,Siprabi Securities Pvt. Ltd.,KALASH STOCK MARKET PVT. LTD.,1000,501.1,501100.0,2025-07-16 13:15:56.723429
2025-07-16,50372,2025071604012245,HPPL,Siprabi Securities Pvt. Ltd.,KALASH STOCK MARKET PVT. LTD.,1000,501.1,501100.0,2025-07-16 13:15:56.723485
2025-07-16,50371,2025071604012246,HPPL,Imperial Securities Company Pvt. Ltd.,KALASH STOCK MARKET PVT. LTD.,10,501.0,5010.0,2025-07-16 13:15:56.723543
2025-07-16,50370,2025071604012247,HPPL,Kohinoor Investment & Securities Pvt. Ltd.,KALASH STOCK MARKET PVT. LTD.,1000,501.0,501000.0,2025-07-16 13:15:56.723656
2025-07-16,50369,2025071604012248,HPPL,Aryatara Investment & Securities,KALASH STOCK MARKET PVT. LTD.,10,501.0,5010.0,2025-07-16 13:15:56.723709
2025-07-16,50368,2025071604012249,HPPL,Sani Securities Company Ltd.,KALASH STOCK MARKET PVT. LTD.,451,501.0,225951.0,2025-07-16 13:15:56.723767
2025-07-16,50099,2025071604012384,HPPL,Sani Securities Company Ltd.,KALASH STOCK MARKET PVT. LTD.,1000,501.0,501000.0,2025-07-16 13:16:32.851676
2025-07-16,49995,2025071604012427,HPPL,Kalika Securities Pvt. Ltd.,Aryatara Investment & Securities,33,501.3,16542.9,2025-07-16 13:16:44.879461
2025-07-16,49799,2025071604012507,HPPL,Kohinoor Investment & Securities Pvt. Ltd.,Roadshow securities limited,10,502.0,5020.0,2025-07-16 13:17:15.341278
2025-07-16,49582,2025071604012579,HPPL,Kohinoor Investment & Securities Pvt. Ltd.,Secured Securities Ltd.,10,501.5,5015.0,2025-07-16 13:17:51.410153
2025-07-16,47337,2025071604013382,HPPL,Deevyaa Securities & Stock House Pvt. Ltd,Kohinoor Investment & Securities Pvt. Ltd.,200,501.6,100320.0,2025-07-16 13:24:31.210187
2025-07-16,47336,2025071604013383,HPPL,Kohinoor Investment & Securities Pvt. Ltd.,Kohinoor Investment & Securities Pvt. Ltd.,100,501.5,50150.0,2025-07-16 13:24:31.210390
2025-07-16,47300,2025071604013396,HPPL,Kohinoor Investment & Securities Pvt. Ltd.,Online Securities Pvt. Ltd.,80,501.5,40120.0,2025-07-16 13:24:42.219177
2025-07-16,47299,2025071604013397,HPPL,Kohinoor Investment & Securities Pvt. Ltd.,Online Securities Pvt. Ltd.,50,501.5,25075.0,2025-07-16 13:24:42.219242
2025-07-16,47298,2025071604013398,HPPL,Kalika Securities Pvt. Ltd.,Online Securities Pvt. Ltd.,367,501.3,183977.1,2025-07-16 13:24:42.219269
2025-07-16,47297,2025071604013399,HPPL,Sani Securities Company Ltd.,Online Securities Pvt. Ltd.,529,501.0,265029.0,2025-07-16 13:24:42.219292
2025-07-16,47296,2025071604013400,HPPL,Primo Securities (PVT) Ltd.,Online Securities Pvt. Ltd.,50,501.0,25050.0,2025-07-16 13:24:42.219326
2025-07-16,47295,2025071604013401,HPPL,Swarna Laxmi Securities Pvt. Ltd.,Online Securities Pvt. Ltd.,10,501.0,5010.0,2025-07-16 13:24:42.219348
2025-07-16,47294,2025071604013402,HPPL,Malla & Malla Stock Broking Company Pvt. Limited,Online Securities Pvt. Ltd.,50,501.0,25050.0,2025-07-16 13:24:42.219377
2025-07-16,47293,2025071604013403,HPPL,Malla & Malla Stock Broking Company Pvt. Limited,Online Securities Pvt. Ltd.,20,501.0,10020.0,2025-07-16 13:24:42.219406
2025-07-16,47292,2025071604013404,HPPL,Vision Securities Pvt. Ltd,Online Securities Pvt. Ltd.,199,501.0,99699.0,2025-07-16 13:24:42.219428
2025-07-16,47291,2025071604013405,HPPL,Primo Securities (PVT) Ltd.,Online Securities Pvt. Ltd.,110,500.1,55011.0,2025-07-16 13:24:42.219448
2025-07-16,47290,2025071604013406,HPPL,Secured Securities Ltd.,Online Securities Pvt. Ltd.,50,500.1,25005.0,2025-07-16 13:24:42.219471
2025-07-16,47289,2025071604013407,HPPL,Bhrikuti Stock Broking Co. Pvt. Ltd.,Online Securities Pvt. Ltd.,1000,500.0,500000.0,2025-07-16 13:24:42.219495
2025-07-16,47288,2025071604013408,HPPL,Trishakti Securities Public Limited,Online Securities Pvt. Ltd.,885,500.0,442500.0,2025-07-16 13:24:42.219527
2025-07-16,47177,2025071604013443,HPPL,Kumari Securities Private Limited,Online Securities Pvt. Ltd.,18,501.5,9027.0,2025-07-16 13:25:01.536368
2025-07-16,46286,2025071604013777,HPPL,Vision Securities Pvt. Ltd,S.P.S.A. Securities Limited,400,503.0,201200.0,2025-07-16 13:27:32.566490
2025-07-16,46285,2025071604013778,HPPL,Vision Securities Pvt. Ltd,Premier Securities Company Ltd.,1000,503.0,503000.0,2025-07-16 13:27:32.566553
2025-07-16,46284,2025071604013779,HPPL,Vision Securities Pvt. Ltd,Online Securities Pvt. Ltd.,100,503.1,50310.0,2025-07-16 13:27:32.566617
2025-07-16,46283,2025071604013780,HPPL,Vision Securities Pvt. Ltd,Naasa Securities Co. Ltd.,250,503.1,125775.0,2025-07-16 13:27:32.566651
2025-07-16,46282,2025071604013781,HPPL,Vision Securities Pvt. Ltd,Online Securities Pvt. Ltd.,100,503.2,50320.0,2025-07-16 13:27:32.566679
2025-07-16,46281,2025071604013782,HPPL,Vision Securities Pvt. Ltd,Online Securities Pvt. Ltd.,100,503.3,50330.0,2025-07-16 13:27:32.566704
2025-07-16,46280,2025071604013783,HPPL,Vision Securities Pvt. Ltd,Online Securities Pvt. Ltd.,50,503.4,25170.0,2025-07-16 13:27:32.566727
2025-07-16,46243,2025071604013790,HPPL,Vision Securities Pvt. Ltd,Online Securities Pvt. Ltd.,50,503.4,25170.0,2025-07-16 13:27:41.656379
2025-07-16,46242,2025071604013791,HPPL,Vision Securities Pvt. Ltd,Cristal Kanchanjanga Securites Pvt. Ltd.,1950,503.7,982215.0,2025-07-16 13:27:41.656463
2025-07-16,46080,2025071604013835,HPPL,Dakshinkali Investment & Securities Pvt. Ltd.,Cristal Kanchanjanga Securites Pvt. Ltd.,50,503.7,25185.0,2025-07-16 13:28:16.683698
2025-07-16,46079,2025071604013836,HPPL,Dakshinkali Investment & Securities Pvt. Ltd.,Thrive Brokerage House Pvt. Ltd,100,503.8,50380.0,2025-07-16 13:28:16.683999
2025-07-16,45812,2025071604013932,HPPL,Dakshinkali Investment & Securities Pvt. Ltd.,S.P.S.A. Securities Limited,2000,504.0,1008000.0,2025-07-16 13:29:03.408972
2025-07-16,45542,2025071604013983,HPPL,Dakshinkali Investment & Securities Pvt. Ltd.,Online Securities Pvt. Ltd.,300,504.0,151200.0,2025-07-16 13:29:49.997675
2025-07-16,45020,2025071604014090,HPPL,Dakshinkali Investment & Securities Pvt. Ltd.,Midas Stock Broking Company Private Limited,50,504.0,25200.0,2025-07-16 13:31:28.695767
2025-07-16,42760,2025071604014651,HPPL,Malla & Malla Stock Broking Company Pvt. Limited,Online Securities Pvt. Ltd.,100,503.8,50380.0,2025-07-16 13:37:36.201302
2025-07-16,42759,2025071604014652,HPPL,Malla & Malla Stock Broking Company Pvt. Limited,Online Securities Pvt. Ltd.,100,503.9,50390.0,2025-07-16 13:37:36.201513
2025-07-16,42758,2025071604014653,HPPL,Malla & Malla Stock Broking Company Pvt. Limited,Midas Stock Broking Company Private Limited,35,504.0,17640.0,2025-07-16 13:37:36.201691
2025-07-16,42757,2025071604014654,HPPL,Malla & Malla Stock Broking Company Pvt. Limited,ABC Securities Private Limited,65,504.0,32760.0,2025-07-16 13:37:36.201854
2025-07-16,40856,2025071604015154,HPPL,Imperial Securities Company Pvt. Ltd.,Global IME Securities Limited,395,503.5,198882.5,2025-07-16 13:42:47.075586
2025-07-16,40855,2025071604015155,HPPL,Online Securities Pvt. Ltd.,Global IME Securities Limited,130,503.0,65390.0,2025-07-16 13:42:47.075882
2025-07-16,40670,2025071604015209,HPPL,Cristal Kanchanjanga Securites Pvt. Ltd.,Global IME Securities Limited,475,500.5,237737.5,2025-07-16 13:43:23.179587
2025-07-16,39906,2025071604015439,HPPL,Cristal Kanchanjanga Securites Pvt. Ltd.,Imperial Securities Company Pvt. Ltd.,18,502.0,9036.0,2025-07-16 13:45:47.270855
2025-07-16,36824,2025071604016344,HPPL,Market Securities & Exchange (PVT) Ltd.,Capital Max Securities Ltd,1000,503.7,503700.0,2025-07-16 13:53:28.193835
2025-07-16,36000,2025071604016556,HPPL,Sani Securities Company Ltd.,Online Securities Pvt. Ltd.,100,503.8,50380.0,2025-07-16 13:55:20.128445
2025-07-16,34808,2025071604016897,HPPL,Sumeru Securities Pvt. Ltd.,Online Securities Pvt. Ltd.,100,503.9,50390.0,2025-07-16 13:58:01.747095
2025-07-16,34226,2025071604017045,HPPL,Sharepro Securities Private Limited,Online Securities Pvt. Ltd.,100,503.9,50390.0,2025-07-16 13:59:42.488930
2025-07-16,34225,2025071604017046,HPPL,Sharepro Securities Private Limited,Oxford Securities Pvt. Ltd.,55,503.9,27714.5,2025-07-16 13:59:42.489079
2025-07-16,34224,2025071604017047,HPPL,Sharepro Securities Private Limited,ABC Securities Private Limited,135,504.0,68040.0,2025-07-16 13:59:42.489151
2025-07-16,34223,2025071604017048,HPPL,Sharepro Securities Private Limited,Sri Hari Securities Pvt. Ltd.,10,504.0,5040.0,2025-07-16 13:59:42.489211
2025-07-16,34222,2025071604017049,HPPL,Sharepro Securities Private Limited,Agrawal Securities (PVT) Ltd.,50,504.0,25200.0,2025-07-16 13:59:42.489265
2025-07-16,34221,2025071604017050,HPPL,Sharepro Securities Private Limited,Imperial Securities Company Pvt. Ltd.,150,504.0,75600.0,2025-07-16 13:59:42.489329
2025-07-16,33803,2025071604017115,HPPL,Naasa Securities Co. Ltd.,Sundhara Securities Limited,50,503.9,25195.0,2025-07-16 14:00:50.580972
2025-07-16,33802,2025071604017116,HPPL,Naasa Securities Co. Ltd.,Vision Securities Pvt. Ltd,100,504.0,50400.0,2025-07-16 14:00:50.581030
2025-07-16,33801,2025071604017117,HPPL,Naasa Securities Co. Ltd.,Naasa Securities Co. Ltd.,99850,504.0,50324400.0,2025-07-16 14:00:50.581084
2025-07-16,33779,2025071604017121,HPPL,Naasa Securities Co. Ltd.,Naasa Securities Co. Ltd.,150,504.0,75600.0,2025-07-16 14:00:53.802200
2025-07-16,33778,2025071604017122,HPPL,Naasa Securities Co. Ltd.,Naasa Securities Co. Ltd.,24850,504.0,12524400.0,2025-07-16 14:00:53.802237
2025-07-16,33649,2025071604017161,HPPL,Secured Securities Ltd.,Naasa Securities Co. Ltd.,119,504.0,59976.0,2025-07-16 14:01:23.418582
2025-07-16,33084,2025071604017303,HPPL,Neev Securities Pvt. Ltd.,Naasa Securities Co. Ltd.,30,504.0,15120.0,2025-07-16 14:02:58.361842
2025-07-16,32850,2025071604017375,HPPL,Kalika Securities Pvt. Ltd.,Linch Stock Market Ltd.,100,504.3,50430.0,2025-07-16 14:03:27.966616
2025-07-16,32611,2025071604017440,HPPL,Kalika Securities Pvt. Ltd.,Linch Stock Market Ltd.,100,504.3,50430.0,2025-07-16 14:04:14.332706
2025-07-16,32541,2025071604017468,HPPL,Kalika Securities Pvt. Ltd.,NIMB Stock Markets Limited,27,503.8,13602.6,2025-07-16 14:04:23.146630
2025-07-16,32540,2025071604017469,HPPL,Sani Securities Company Ltd.,NIMB Stock Markets Limited,250,503.8,125950.0,2025-07-16 14:04:23.146777
2025-07-16,32539,2025071604017470,HPPL,Market Securities & Exchange (PVT) Ltd.,NIMB Stock Markets Limited,625,503.7,314812.5,2025-07-16 14:04:23.146841
2025-07-16,32538,2025071604017471,HPPL,Siprabi Securities Pvt. Ltd.,NIMB Stock Markets Limited,30,502.0,15060.0,2025-07-16 14:04:23.146897
2025-07-16,32537,2025071604017472,HPPL,Linch Stock Market Ltd.,NIMB Stock Markets Limited,68,502.0,34136.0,2025-07-16 14:04:23.146951
2025-07-16,30824,2025071604017808,HPPL,Neev Securities Pvt. Ltd.,NIMB Stock Markets Limited,15,504.0,7560.0,2025-07-16 14:09:42.381433
2025-07-16,30665,2025071604017844,HPPL,Kalika Securities Pvt. Ltd.,Nagarik Stock Dealer ,30,503.0,15090.0,2025-07-16 14:10:14.476934
2025-07-16,30664,2025071604017845,HPPL,Sani Securities Company Ltd.,Nagarik Stock Dealer ,70,502.1,35147.0,2025-07-16 14:10:14.477115
2025-07-16,29348,2025071604018141,HPPL,Naasa Securities Co. Ltd.,Naasa Securities Co. Ltd.,9,503.0,4527.0,2025-07-16 14:13:56.474272
2025-07-16,29342,2025071604018142,HPPL,Midas Stock Broking Company Private Limited,Bhrikuti Stock Broking Co. Pvt. Ltd.,40,503.0,20120.0,2025-07-16 14:13:57.823501
2025-07-16,29341,2025071604018143,HPPL,Dipshikha Dhitopatra Karobar Co. Pvt Ltd.,Bhrikuti Stock Broking Co. Pvt. Ltd.,100,503.0,50300.0,2025-07-16 14:13:57.823693
2025-07-16,29146,2025071604018201,HPPL,Sani Securities Company Ltd.,NIMB Stock Markets Limited,30,502.1,15063.0,2025-07-16 14:14:31.719489
2025-07-16,29145,2025071604018202,HPPL,Market Securities & Exchange (PVT) Ltd.,NIMB Stock Markets Limited,200,502.1,100420.0,2025-07-16 14:14:31.719747
2025-07-16,29144,2025071604018203,HPPL,Linch Stock Market Ltd.,NIMB Stock Markets Limited,232,502.0,116464.0,2025-07-16 14:14:31.719812
2025-07-16,29143,2025071604018204,HPPL,Cristal Kanchanjanga Securites Pvt. Ltd.,NIMB Stock Markets Limited,112,502.0,56224.0,2025-07-16 14:14:31.719872
2025-07-16,29142,2025071604018205,HPPL,NIMB Stock Markets Limited,NIMB Stock Markets Limited,100,502.0,50200.0,2025-07-16 14:14:31.719932
2025-07-16,29141,2025071604018206,HPPL,Sharepro Securities Private Limited,NIMB Stock Markets Limited,311,501.3,155904.3,2025-07-16 14:14:31.719990
2025-07-16,28848,2025071604018290,HPPL,Sharepro Securities Private Limited,South Asian Bulls Pvt. Ltd.,189,501.3,94745.7,2025-07-16 14:15:19.690071
2025-07-16,28847,2025071604018291,HPPL,Market Securities & Exchange (PVT) Ltd.,South Asian Bulls Pvt. Ltd.,11,501.2,5513.2,2025-07-16 14:15:19.690216
2025-07-16,28679,2025071604018355,HPPL,Aryatara Investment & Securities,K.B.L. Securities Limited ,200,501.3,100260.0,2025-07-16 14:15:47.173831
2025-07-16,28678,2025071604018356,HPPL,Market Securities & Exchange (PVT) Ltd.,K.B.L. Securities Limited ,189,501.2,94726.8,2025-07-16 14:15:47.174010
2025-07-16,28677,2025071604018357,HPPL,Capital Max Securities Ltd,K.B.L. Securities Limited ,100,501.2,50120.0,2025-07-16 14:15:47.174078
2025-07-16,28676,2025071604018358,HPPL,Linch Stock Market Ltd.,K.B.L. Securities Limited ,500,501.1,250550.0,2025-07-16 14:15:47.174140
2025-07-16,28675,2025071604018359,HPPL,Bhrikuti Stock Broking Co. Pvt. Ltd.,K.B.L. Securities Limited ,200,500.6,100120.0,2025-07-16 14:15:47.174207
2025-07-16,28674,2025071604018360,HPPL,Cristal Kanchanjanga Securites Pvt. Ltd.,K.B.L. Securities Limited ,525,500.5,262762.5,2025-07-16 14:15:47.174265
2025-07-16,28673,2025071604018361,HPPL,Sundhara Securities Limited,K.B.L. Securities Limited ,1286,500.3,643385.8,2025-07-16 14:15:47.174330
2025-07-16,28210,2025071604018529,HPPL,Nabil Stock Dealer Ltd.,Citizens Share Broker Limited,200,501.0,100200.0,2025-07-16 14:17:00.541864
2025-07-16,28209,2025071604018530,HPPL,Market Securities & Exchange (PVT) Ltd.,Citizens Share Broker Limited,200,500.4,100080.0,2025-07-16 14:17:00.542160
2025-07-16,28208,2025071604018531,HPPL,Aryatara Investment & Securities,Citizens Share Broker Limited,200,500.4,100080.0,2025-07-16 14:17:00.542336
2025-07-16,28207,2025071604018532,HPPL,Sundhara Securities Limited,Citizens Share Broker Limited,200,500.3,100060.0,2025-07-16 14:17:00.542505
2025-07-16,27571,2025071604018785,HPPL,Secured Securities Ltd.,Bhrikuti Stock Broking Co. Pvt. Ltd.,50,503.0,25150.0,2025-07-16 14:18:56.944505
2025-07-16,27232,2025071604018846,HPPL,Dipshikha Dhitopatra Karobar Co. Pvt Ltd.,Nagarik Stock Dealer ,100,501.0,50100.0,2025-07-16 14:19:58.725626
2025-07-16,27231,2025071604018847,HPPL,Dipshikha Dhitopatra Karobar Co. Pvt Ltd.,Nagarik Stock Dealer ,100,501.0,50100.0,2025-07-16 14:19:58.725789
2025-07-16,26992,2025071604018881,HPPL,Linch Stock Market Ltd.,Arun Securities (PVT) Ltd.,50,500.5,25025.0,2025-07-16 14:20:42.145762
2025-07-16,26991,2025071604018882,HPPL,Dipshikha Dhitopatra Karobar Co. Pvt Ltd.,Arun Securities (PVT) Ltd.,100,500.5,50050.0,2025-07-16 14:20:42.145929
2025-07-16,26921,2025071604018905,HPPL,Vision Securities Pvt. Ltd,Arun Securities (PVT) Ltd.,100,500.5,50050.0,2025-07-16 14:20:54.043564
2025-07-16,26498,2025071604019038,HPPL,Sumeru Securities Pvt. Ltd.,Naasa Securities Co. Ltd.,20,500.6,10012.0,2025-07-16 14:22:12.399900
2025-07-16,26345,2025071604019097,HPPL,Vision Securities Pvt. Ltd,Naasa Securities Co. Ltd.,2000,500.6,1001200.0,2025-07-16 14:22:27.703906
2025-07-16,26285,2025071604019115,HPPL,Vision Securities Pvt. Ltd,Magnet Securities and Investment Company Private Limited,50,500.4,25020.0,2025-07-16 14:22:37.465584
2025-07-16,26284,2025071604019116,HPPL,Dipshikha Dhitopatra Karobar Co. Pvt Ltd.,Magnet Securities and Investment Company Private Limited,100,500.4,50040.0,2025-07-16 14:22:37.465743
2025-07-16,26283,2025071604019117,HPPL,Market Securities & Exchange (PVT) Ltd.,Magnet Securities and Investment Company Private Limited,200,500.4,100080.0,2025-07-16 14:22:37.465811
2025-07-16,26282,2025071604019118,HPPL,Sundhara Securities Limited,Magnet Securities and Investment Company Private Limited,514,500.3,257154.2,2025-07-16 14:22:37.465872
2025-07-16,26281,2025071604019119,HPPL,Aryatara Investment & Securities,Magnet Securities and Investment Company Private Limited,200,500.3,100060.0,2025-07-16 14:22:37.465929
2025-07-16,26280,2025071604019120,HPPL,Aryatara Investment & Securities,Magnet Securities and Investment Company Private Limited,200,500.3,100060.0,2025-07-16 14:22:37.465987
2025-07-16,26279,2025071604019121,HPPL,Neev Securities Pvt. Ltd.,Magnet Securities and Investment Company Private Limited,200,500.2,100040.0,2025-07-16 14:22:37.466066
2025-07-16,26278,2025071604019122,HPPL,Asian Securities Private Ltd.,Magnet Securities and Investment Company Private Limited,200,500.1,100020.0,2025-07-16 14:22:37.466124
2025-07-16,26277,2025071604019123,HPPL,Kumari Securities Private Limited,Magnet Securities and Investment Company Private Limited,182,500.1,91018.2,2025-07-16 14:22:37.466187
2025-07-16,26276,2025071604019124,HPPL,Siprabi Securities Pvt. Ltd.,Magnet Securities and Investment Company Private Limited,1000,500.1,500100.0,2025-07-16 14:22:37.466257
2025-07-16,26275,2025071604019125,HPPL,Siprabi Securities Pvt. Ltd.,Magnet Securities and Investment Company Private Limited,1000,500.1,500100.0,2025-07-16 14:22:37.466336
2025-07-16,26274,2025071604019126,HPPL,Dipshikha Dhitopatra Karobar Co. Pvt Ltd.,Magnet Securities and Investment Company Private Limited,100,500.1,50010.0,2025-07-16 14:22:37.466411
2025-07-16,26273,2025071604019127,HPPL,Trishakti Securities Public Limited,Magnet Securities and Investment Company Private Limited,15,500.0,7500.0,2025-07-16 14:22:37.466482
2025-07-16,26272,2025071604019128,HPPL,Trishakti Securities Public Limited,Magnet Securities and Investment Company Private Limited,900,500.0,450000.0,2025-07-16 14:22:37.466550
2025-07-16,26271,2025071604019129,HPPL,Bhrikuti Stock Broking Co. Pvt. Ltd.,Magnet Securities and Investment Company Private Limited,100,500.0,50000.0,2025-07-16 14:22:37.466615
2025-07-16,26270,2025071604019130,HPPL,Elite Stock House Limited,Magnet Securities and Investment Company Private Limited,39,500.0,19500.0,2025-07-16 14:22:37.466728
2025-07-16,26242,2025071604019135,HPPL,Dipshikha Dhitopatra Karobar Co. Pvt Ltd.,Bhrikuti Stock Broking Co. Pvt. Ltd.,100,500.4,50040.0,2025-07-16 14:22:41.028859
2025-07-16,26241,2025071604019136,HPPL,Dynamic Money Managers Securities Pvt. Ltd.,Bhrikuti Stock Broking Co. Pvt. Ltd.,100,500.4,50040.0,2025-07-16 14:22:41.113389
2025-07-16,26179,2025071604019151,HPPL,Global IME Securities Limited,Bhrikuti Stock Broking Co. Pvt. Ltd.,110,500.4,55044.0,2025-07-16 14:22:56.581707
2025-07-16,26168,2025071604019156,HPPL,Global IME Securities Limited,Asian Securities Private Ltd.,96,500.5,48048.0,2025-07-16 14:22:59.033776
2025-07-16,25913,2025071604019213,HPPL,Linch Stock Market Ltd.,Naasa Securities Co. Ltd.,370,500.6,185222.0,2025-07-16 14:23:31.830169
2025-07-16,25815,2025071604019259,HPPL,Vision Securities Pvt. Ltd,Naasa Securities Co. Ltd.,400,500.6,200240.0,2025-07-16 14:23:44.400839
2025-07-16,25766,2025071604019266,HPPL,Elite Stock House Limited,Asian Securities Private Ltd.,50,500.0,25000.0,2025-07-16 14:23:48.322790
2025-07-16,25289,2025071604019392,HPPL,Aryatara Investment & Securities,Naasa Securities Co. Ltd.,500,500.6,250300.0,2025-07-16 14:25:07.440443
2025-07-16,24559,2025071604019604,HPPL,Primo Securities (PVT) Ltd.,Naasa Securities Co. Ltd.,560,500.6,280336.0,2025-07-16 14:26:58.280809
2025-07-16,24537,2025071604019618,HPPL,Imperial Securities Company Pvt. Ltd.,Naasa Securities Co. Ltd.,375,500.6,187725.0,2025-07-16 14:27:01.665356
2025-07-16,24147,2025071604019743,HPPL,Sumeru Securities Pvt. Ltd.,Naasa Securities Co. Ltd.,30,500.6,15018.0,2025-07-16 14:28:05.569667
2025-07-16,24058,2025071604019788,HPPL,Online Securities Pvt. Ltd.,Nagarik Stock Dealer ,160,500.1,80016.0,2025-07-16 14:28:24.176977
2025-07-16,24057,2025071604019789,HPPL,Shree Krishna Securities Ltd.,Nagarik Stock Dealer ,20,500.1,10002.0,2025-07-16 14:28:24.177164
2025-07-16,24056,2025071604019790,HPPL,Elite Stock House Limited,Nagarik Stock Dealer ,211,500.0,105500.0,2025-07-16 14:28:24.177230
2025-07-16,24055,2025071604019791,HPPL,Primo Securities (PVT) Ltd.,Nagarik Stock Dealer ,500,500.0,250000.0,2025-07-16 14:28:24.177310
2025-07-16,24054,2025071604019792,HPPL,Investment Management Nepal Pvt. Ltd.,Nagarik Stock Dealer ,30,500.0,15000.0,2025-07-16 14:28:24.177388
2025-07-16,24053,2025071604019793,HPPL,Infinity Securities Limited,Nagarik Stock Dealer ,279,500.0,139500.0,2025-07-16 14:28:24.177466
2025-07-16,23524,2025071604019958,HPPL,Infinity Securities Limited,Sundhara Securities Limited,221,500.0,110500.0,2025-07-16 14:29:32.188372
2025-07-16,23523,2025071604019959,HPPL,Sundhara Securities Limited,Sundhara Securities Limited,60,500.0,30000.0,2025-07-16 14:29:32.188585
2025-07-16,23522,2025071604019960,HPPL,Sri Hari Securities Pvt. Ltd.,Sundhara Securities Limited,246,500.0,123000.0,2025-07-16 14:29:32.188648
2025-07-16,23427,2025071604019977,HPPL,Sri Hari Securities Pvt. Ltd.,Sumeru Securities Pvt. Ltd.,148,500.0,74000.0,2025-07-16 14:29:51.181625
2025-07-16,22761,2025071604020190,HPPL,Imperial Securities Company Pvt. Ltd.,Naasa Securities Co. Ltd.,104,500.6,52062.4,2025-07-16 14:31:31.133656
2025-07-16,21968,2025071604020351,HPPL,Naasa Securities Co. Ltd.,Agrawal Securities (PVT) Ltd.,50,500.1,25005.0,2025-07-16 14:33:12.735552
2025-07-16,21967,2025071604020352,HPPL,Dipshikha Dhitopatra Karobar Co. Pvt Ltd.,Agrawal Securities (PVT) Ltd.,100,500.1,50010.0,2025-07-16 14:33:12.735671
2025-07-16,21966,2025071604020353,HPPL,Sri Hari Securities Pvt. Ltd.,Agrawal Securities (PVT) Ltd.,106,500.0,53000.0,2025-07-16 14:33:12.735751
2025-07-16,21965,2025071604020354,HPPL,Imperial Securities Company Pvt. Ltd.,Agrawal Securities (PVT) Ltd.,244,500.0,122000.0,2025-07-16 14:33:12.735827
2025-07-16,21886,2025071604020376,HPPL,Ashutosh Brokerage & Securities (PVT) Ltd.,Naasa Securities Co. Ltd.,500,500.6,250300.0,2025-07-16 14:33:21.048896
2025-07-16,21850,2025071604020379,HPPL,Imperial Securities Company Pvt. Ltd.,Magnet Securities and Investment Company Private Limited,756,500.0,378000.0,2025-07-16 14:33:25.454909
2025-07-16,21849,2025071604020380,HPPL,Dipshikha Dhitopatra Karobar Co. Pvt Ltd.,Magnet Securities and Investment Company Private Limited,100,500.0,50000.0,2025-07-16 14:33:25.455058
2025-07-16,21848,2025071604020381,HPPL,Dipshikha Dhitopatra Karobar Co. Pvt Ltd.,Magnet Securities and Investment Company Private Limited,100,500.0,50000.0,2025-07-16 14:33:25.455121
2025-07-16,21847,2025071604020382,HPPL,Aryatara Investment & Securities,Magnet Securities and Investment Company Private Limited,200,500.0,100000.0,2025-07-16 14:33:25.455174
2025-07-16,21846,2025071604020383,HPPL,ABC Securities Private Limited,Magnet Securities and Investment Company Private Limited,300,500.0,150000.0,2025-07-16 14:33:25.455230
2025-07-16,21845,2025071604020384,HPPL,Kumari Securities Private Limited,Magnet Securities and Investment Company Private Limited,47,500.0,23500.0,2025-07-16 14:33:25.455284
2025-07-16,21844,2025071604020385,HPPL,Linch Stock Market Ltd.,Magnet Securities and Investment Company Private Limited,50,500.0,25000.0,2025-07-16 14:33:25.455351
2025-07-16,21843,2025071604020386,HPPL,Naasa Securities Co. Ltd.,Magnet Securities and Investment Company Private Limited,100,500.0,50000.0,2025-07-16 14:33:25.455403
2025-07-16,21833,2025071604020389,HPPL,Dipshikha Dhitopatra Karobar Co. Pvt Ltd.,Magnet Securities and Investment Company Private Limited,100,500.0,50000.0,2025-07-16 14:33:27.534247
2025-07-16,21672,2025071604020436,HPPL,Market Securities & Exchange (PVT) Ltd.,Magnet Securities and Investment Company Private Limited,200,500.0,100000.0,2025-07-16 14:33:59.491041
2025-07-16,21318,2025071604020583,HPPL,Dakshinkali Investment & Securities Pvt. Ltd.,Magnet Securities and Investment Company Private Limited,52,500.0,26000.0,2025-07-16 14:34:45.761622
2025-07-16,21246,2025071604020594,HPPL,Dakshinkali Investment & Securities Pvt. Ltd.,Nagarik Stock Dealer ,572,500.0,286000.0,2025-07-16 14:34:56.080212
2025-07-16,21165,2025071604020610,HPPL,Dakshinkali Investment & Securities Pvt. Ltd.,Nagarik Stock Dealer ,700,500.0,350000.0,2025-07-16 14:35:15.135855
2025-07-16,21122,2025071604020627,HPPL,Dakshinkali Investment & Securities Pvt. Ltd.,Nagarik Stock Dealer ,700,500.0,350000.0,2025-07-16 14:35:23.161857
2025-07-16,21048,2025071604020640,HPPL,Dakshinkali Investment & Securities Pvt. Ltd.,Nagarik Stock Dealer ,476,500.0,238000.0,2025-07-16 14:35:30.203065
2025-07-16,21047,2025071604020641,HPPL,J.F. Securites (PVT) Ltd.,Nagarik Stock Dealer ,124,499.0,61876.0,2025-07-16 14:35:30.203104
2025-07-16,20672,2025071604020742,HPPL,Sani Securities Company Ltd.,Aakashbhairab Securities Ltd.,500,500.0,250000.0,2025-07-16 14:36:23.553134
2025-07-16,20671,2025071604020743,HPPL,Siprabi Securities Pvt. Ltd.,Aakashbhairab Securities Ltd.,500,500.0,250000.0,2025-07-16 14:36:23.553202
2025-07-16,20299,2025071604020821,HPPL,Siprabi Securities Pvt. Ltd.,Dakshinkali Investment & Securities Pvt. Ltd.,200,500.0,100000.0,2025-07-16 14:36:54.939201
2025-07-16,19242,2025071604021096,HPPL,Siprabi Securities Pvt. Ltd.,Neev Securities Pvt. Ltd.,20,500.0,10000.0,2025-07-16 14:39:16.660112
2025-07-16,17919,2025071604021478,HPPL,Kalika Securities Pvt. Ltd.,Naasa Securities Co. Ltd.,110,500.6,55066.0,2025-07-16 14:41:55.321622
2025-07-16,17620,2025071604021584,HPPL,Siprabi Securities Pvt. Ltd.,Sweta Securities Private Limited,280,500.0,140000.0,2025-07-16 14:42:26.179963
2025-07-16,17619,2025071604021585,HPPL,Dakshinkali Investment & Securities Pvt. Ltd.,Sweta Securities Private Limited,190,500.0,95000.0,2025-07-16 14:42:26.180120
2025-07-16,16887,2025071604021798,HPPL,Market Securities & Exchange (PVT) Ltd.,Naasa Securities Co. Ltd.,500,500.6,250300.0,2025-07-16 14:43:41.624050
2025-07-16,16178,2025071604021938,HPPL,Naasa Securities Co. Ltd.,Sagarmatha Securities Private Limited,10,500.5,5005.0,2025-07-16 14:44:35.081210
2025-07-16,16172,2025071604021942,HPPL,S.P.S.A. Securities Limited,Naasa Securities Co. Ltd.,990,500.2,495198.0,2025-07-16 14:44:35.686399
2025-07-16,16171,2025071604021943,HPPL,Market Securities & Exchange (PVT) Ltd.,Naasa Securities Co. Ltd.,500,500.1,250050.0,2025-07-16 14:44:35.686478
2025-07-16,16170,2025071604021944,HPPL,Dakshinkali Investment & Securities Pvt. Ltd.,Naasa Securities Co. Ltd.,10,500.0,5000.0,2025-07-16 14:44:35.686520
2025-07-16,16169,2025071604021945,HPPL,Linch Stock Market Ltd.,Naasa Securities Co. Ltd.,50,500.0,25000.0,2025-07-16 14:44:35.686559
2025-07-16,16168,2025071604021946,HPPL,Nepal Stock House (PVT) Ltd.,Naasa Securities Co. Ltd.,150,500.0,75000.0,2025-07-16 14:44:35.686593
2025-07-16,16167,2025071604021947,HPPL,Aryatara Investment & Securities,Naasa Securities Co. Ltd.,500,500.0,250000.0,2025-07-16 14:44:35.686637
2025-07-16,16166,2025071604021948,HPPL,J.F. Securites (PVT) Ltd.,Naasa Securities Co. Ltd.,26,499.0,12974.0,2025-07-16 14:44:35.686680
2025-07-16,16165,2025071604021949,HPPL,SUN SECURITIES PVT LTD,Naasa Securities Co. Ltd.,20,499.0,9980.0,2025-07-16 14:44:35.686724
2025-07-16,16164,2025071604021950,HPPL,Swarna Laxmi Securities Pvt. Ltd.,Naasa Securities Co. Ltd.,10,499.0,4990.0,2025-07-16 14:44:35.686759
2025-07-16,16163,2025071604021951,HPPL,KALASH STOCK MARKET PVT. LTD.,Naasa Securities Co. Ltd.,500,499.0,249500.0,2025-07-16 14:44:35.686794
2025-07-16,16162,2025071604021952,HPPL,Vision Securities Pvt. Ltd,Naasa Securities Co. Ltd.,100,499.0,49900.0,2025-07-16 14:44:35.686828
2025-07-16,16161,2025071604021953,HPPL,Sani Securities Company Ltd.,Naasa Securities Co. Ltd.,100,499.0,49900.0,2025-07-16 14:44:35.686861
2025-07-16,16160,2025071604021954,HPPL,KALASH STOCK MARKET PVT. LTD.,Naasa Securities Co. Ltd.,500,499.0,249500.0,2025-07-16 14:44:35.686895
2025-07-16,16159,2025071604021955,HPPL,Dipshikha Dhitopatra Karobar Co. Pvt Ltd.,Naasa Securities Co. Ltd.,200,498.1,99620.0,2025-07-16 14:44:35.686926
2025-07-16,16158,2025071604021956,HPPL,Nepal Investment And Securities Trading Private Limited,Naasa Securities Co. Ltd.,110,498.0,54780.0,2025-07-16 14:44:35.686979
2025-07-16,16157,2025071604021957,HPPL,Trishakti Securities Public Limited,Naasa Securities Co. Ltd.,80,498.0,39840.0,2025-07-16 14:44:35.687021
2025-07-16,16156,2025071604021958,HPPL,Sumeru Securities Pvt. Ltd.,Naasa Securities Co. Ltd.,500,498.0,249000.0,2025-07-16 14:44:35.687047
2025-07-16,16155,2025071604021959,HPPL,Imperial Securities Company Pvt. Ltd.,Naasa Securities Co. Ltd.,95,498.0,47310.0,2025-07-16 14:44:35.687075
2025-07-16,16154,2025071604021960,HPPL,Dipshikha Dhitopatra Karobar Co. Pvt Ltd.,Naasa Securities Co. Ltd.,400,498.0,199200.0,2025-07-16 14:44:35.687098
2025-07-16,16153,2025071604021961,HPPL,Investment Management Nepal Pvt. Ltd.,Naasa Securities Co. Ltd.,150,497.5,74625.0,2025-07-16 14:44:35.687121
2025-07-16,16152,2025071604021962,HPPL,Cristal Kanchanjanga Securites Pvt. Ltd.,Naasa Securities Co. Ltd.,1000,497.2,497200.0,2025-07-16 14:44:35.687151
2025-07-16,16151,2025071604021963,HPPL,Premier Securities Company Ltd.,Naasa Securities Co. Ltd.,340,497.0,168980.0,2025-07-16 14:44:35.687181
2025-07-16,16150,2025071604021964,HPPL,Dipshikha Dhitopatra Karobar Co. Pvt Ltd.,Naasa Securities Co. Ltd.,100,497.0,49700.0,2025-07-16 14:44:35.687208
2025-07-16,16149,2025071604021965,HPPL,ABC Securities Private Limited,Naasa Securities Co. Ltd.,200,495.1,99020.0,2025-07-16 14:44:35.687233
2025-07-16,16148,2025071604021966,HPPL,ABC Securities Private Limited,Naasa Securities Co. Ltd.,300,495.1,148530.0,2025-07-16 14:44:35.687257
2025-07-16,16147,2025071604021967,HPPL,Sharepro Securities Private Limited,Naasa Securities Co. Ltd.,500,495.1,247550.0,2025-07-16 14:44:35.687279
2025-07-16,16146,2025071604021968,HPPL,Kumari Securities Private Limited,Naasa Securities Co. Ltd.,250,495.0,123750.0,2025-07-16 14:44:35.687304
2025-07-16,16145,2025071604021969,HPPL,Agrawal Securities (PVT) Ltd.,Naasa Securities Co. Ltd.,300,495.0,148500.0,2025-07-16 14:44:35.687335
2025-07-16,16144,2025071604021970,HPPL,Trishakti Securities Public Limited,Naasa Securities Co. Ltd.,100,495.0,49500.0,2025-07-16 14:44:35.687359
2025-07-16,16143,2025071604021971,HPPL,Deevyaa Securities & Stock House Pvt. Ltd,Naasa Securities Co. Ltd.,100,495.0,49500.0,2025-07-16 14:44:35.687380
2025-07-16,16142,2025071604021972,HPPL,Sani Securities Company Ltd.,Naasa Securities Co. Ltd.,10,495.0,4950.0,2025-07-16 14:44:35.687403
2025-07-16,16141,2025071604021973,HPPL,Dynamic Money Managers Securities Pvt. Ltd.,Naasa Securities Co. Ltd.,300,495.0,148500.0,2025-07-16 14:44:35.687426
2025-07-16,16140,2025071604021974,HPPL,Thrive Brokerage House Pvt. Ltd,Naasa Securities Co. Ltd.,1000,495.0,495000.0,2025-07-16 14:44:35.687449
2025-07-16,16139,2025071604021975,HPPL,Swarna Laxmi Securities Pvt. Ltd.,Naasa Securities Co. Ltd.,10,495.0,4950.0,2025-07-16 14:44:35.687505
2025-07-16,16138,2025071604021976,HPPL,Roadshow securities limited,Naasa Securities Co. Ltd.,100,495.0,49500.0,2025-07-16 14:44:35.687526
2025-07-16,16137,2025071604021977,HPPL,Aryatara Investment & Securities,Naasa Securities Co. Ltd.,200,495.0,99000.0,2025-07-16 14:44:35.687549
2025-07-16,16136,2025071604021978,HPPL,Dynamic Money Managers Securities Pvt. Ltd.,Naasa Securities Co. Ltd.,20,495.0,9900.0,2025-07-16 14:44:35.687573
2025-07-16,16135,2025071604021979,HPPL,Dipshikha Dhitopatra Karobar Co. Pvt Ltd.,Naasa Securities Co. Ltd.,100,495.0,49500.0,2025-07-16 14:44:35.687595
2025-07-16,16134,2025071604021980,HPPL,Investment Management Nepal Pvt. Ltd.,Naasa Securities Co. Ltd.,100,495.0,49500.0,2025-07-16 14:44:35.687620
2025-07-16,16133,2025071604021981,HPPL,Nepal Investment And Securities Trading Private Limited,Naasa Securities Co. Ltd.,500,495.0,247500.0,2025-07-16 14:44:35.687644
2025-07-16,16132,2025071604021982,HPPL,Dipshikha Dhitopatra Karobar Co. Pvt Ltd.,Naasa Securities Co. Ltd.,100,495.0,49500.0,2025-07-16 14:44:35.687680
2025-07-16,16131,2025071604021983,HPPL,Sri Hari Securities Pvt. Ltd.,Naasa Securities Co. Ltd.,500,494.5,247250.0,2025-07-16 14:44:35.687708
2025-07-16,16130,2025071604021984,HPPL,Dipshikha Dhitopatra Karobar Co. Pvt Ltd.,Naasa Securities Co. Ltd.,100,494.2,49420.0,2025-07-16 14:44:35.687732
2025-07-16,16129,2025071604021985,HPPL,Imperial Securities Company Pvt. Ltd.,Naasa Securities Co. Ltd.,54,494.1,26681.4,2025-07-16 14:44:35.687755
2025-07-16,15691,2025071604022070,HPPL,Neev Securities Pvt. Ltd.,Magnet Securities and Investment Company Private Limited,100,500.1,50010.0,2025-07-16 14:45:05.251908
2025-07-16,15690,2025071604022071,HPPL,Linch Stock Market Ltd.,Magnet Securities and Investment Company Private Limited,50,500.0,25000.0,2025-07-16 14:45:05.252038
2025-07-16,15285,2025071604022148,HPPL,S.P.S.A. Securities Limited,Magnet Securities and Investment Company Private Limited,10,500.0,5000.0,2025-07-16 14:45:30.599130
2025-07-16,15119,2025071604022182,HPPL,Dipshikha Dhitopatra Karobar Co. Pvt Ltd.,Sagarmatha Securities Private Limited,10,499.9,4999.0,2025-07-16 14:45:42.509976
2025-07-16,15118,2025071604022183,HPPL,Dipshikha Dhitopatra Karobar Co. Pvt Ltd.,Magnet Securities and Investment Company Private Limited,90,500.0,45000.0,2025-07-16 14:45:42.510118
2025-07-16,14160,2025071604022429,HPPL,Naasa Securities Co. Ltd.,Sagarmatha Securities Private Limited,10,499.9,4999.0,2025-07-16 14:46:58.158505
2025-07-16,13524,2025071604022572,HPPL,Naasa Securities Co. Ltd.,Sagarmatha Securities Private Limited,30,499.9,14997.0,2025-07-16 14:47:48.120497
2025-07-16,12762,2025071604022737,HPPL,Naasa Securities Co. Ltd.,Sagarmatha Securities Private Limited,10,499.9,4999.0,2025-07-16 14:48:54.045979
2025-07-16,12746,2025071604022743,HPPL,Sani Securities Company Ltd.,Nagarik Stock Dealer ,500,499.0,249500.0,2025-07-16 14:48:56.456481
2025-07-16,12217,2025071604022883,HPPL,Naasa Securities Co. Ltd.,Nagarik Stock Dealer ,20,499.0,9980.0,2025-07-16 14:49:34.852568
2025-07-16,11057,2025071604023264,HPPL,Naasa Securities Co. Ltd.,Magnet Securities and Investment Company Private Limited,10,499.6,4996.0,2025-07-16 14:51:06.856655
2025-07-16,11056,2025071604023265,HPPL,Naasa Securities Co. Ltd.,Magnet Securities and Investment Company Private Limited,10,499.7,4997.0,2025-07-16 14:51:06.856834
2025-07-16,11055,2025071604023266,HPPL,Naasa Securities Co. Ltd.,Magnet Securities and Investment Company Private Limited,10,499.8,4998.0,2025-07-16 14:51:06.856886
2025-07-16,11054,2025071604023267,HPPL,Naasa Securities Co. Ltd.,Magnet Securities and Investment Company Private Limited,10,499.9,4999.0,2025-07-16 14:51:06.856936
2025-07-16,10661,2025071604023404,HPPL,Thrive Brokerage House Pvt. Ltd,Naasa Securities Co. Ltd.,50,499.1,24955.0,2025-07-16 14:51:37.754832
2025-07-16,10660,2025071604023405,HPPL,Naasa Securities Co. Ltd.,Naasa Securities Co. Ltd.,10,499.0,4990.0,2025-07-16 14:51:37.754895
2025-07-16,10659,2025071604023406,HPPL,Kumari Securities Private Limited,Naasa Securities Co. Ltd.,100,498.0,49800.0,2025-07-16 14:51:37.754923
2025-07-16,10658,2025071604023407,HPPL,Premier Securities Company Ltd.,Naasa Securities Co. Ltd.,500,498.0,249000.0,2025-07-16 14:51:37.754948
2025-07-16,10657,2025071604023408,HPPL,Imperial Securities Company Pvt. Ltd.,Naasa Securities Co. Ltd.,20,498.0,9960.0,2025-07-16 14:51:37.754973
2025-07-16,10656,2025071604023409,HPPL,Sani Securities Company Ltd.,Naasa Securities Co. Ltd.,1000,497.0,497000.0,2025-07-16 14:51:37.754995
2025-07-16,10655,2025071604023410,HPPL,Primo Securities (PVT) Ltd.,Naasa Securities Co. Ltd.,80,497.0,39760.0,2025-07-16 14:51:37.755042
2025-07-16,10654,2025071604023411,HPPL,Sewa Securities Pvt. Ltd.,Naasa Securities Co. Ltd.,50,497.0,24850.0,2025-07-16 14:51:37.755065
2025-07-16,10653,2025071604023412,HPPL,ABC Securities Private Limited,Naasa Securities Co. Ltd.,150,495.1,74265.0,2025-07-16 14:51:37.755089
2025-07-16,10652,2025071604023413,HPPL,Market Securities & Exchange (PVT) Ltd.,Naasa Securities Co. Ltd.,500,495.1,247550.0,2025-07-16 14:51:37.755113
2025-07-16,10651,2025071604023414,HPPL,SUN SECURITIES PVT LTD,Naasa Securities Co. Ltd.,20,495.1,9902.0,2025-07-16 14:51:37.755140
2025-07-16,10650,2025071604023415,HPPL,Aryatara Investment & Securities,Naasa Securities Co. Ltd.,1600,495.0,792000.0,2025-07-16 14:51:37.755165
2025-07-16,10649,2025071604023416,HPPL,Nepal Stock House (PVT) Ltd.,Naasa Securities Co. Ltd.,100,495.0,49500.0,2025-07-16 14:51:37.755190
2025-07-16,10648,2025071604023417,HPPL,Trishakti Securities Public Limited,Naasa Securities Co. Ltd.,34,494.2,16802.8,2025-07-16 14:51:37.755216
2025-07-16,6256,2025071604024846,HPPL,Thrive Brokerage House Pvt. Ltd,ABC Securities Private Limited,50,497.0,24850.0,2025-07-16 14:56:11.215042
2025-07-16,6255,2025071604024847,HPPL,Secured Securities Ltd.,ABC Securities Private Limited,33,497.0,16401.0,2025-07-16 14:56:11.215246
2025-07-16,5811,2025071604024964,HPPL,South Asian Bulls Pvt. Ltd.,Magnet Securities and Investment Company Private Limited,10,499.6,4996.0,2025-07-16 14:56:33.095392
2025-07-16,5810,2025071604024965,HPPL,South Asian Bulls Pvt. Ltd.,Magnet Securities and Investment Company Private Limited,10,499.7,4997.0,2025-07-16 14:56:33.095537
2025-07-16,5809,2025071604024966,HPPL,South Asian Bulls Pvt. Ltd.,Magnet Securities and Investment Company Private Limited,10,499.8,4998.0,2025-07-16 14:56:33.095607
2025-07-16,5808,2025071604024967,HPPL,South Asian Bulls Pvt. Ltd.,Magnet Securities and Investment Company Private Limited,10,499.9,4999.0,2025-07-16 14:56:33.095671
2025-07-16,5807,2025071604024968,HPPL,South Asian Bulls Pvt. Ltd.,Magnet Securities and Investment Company Private Limited,460,500.0,230000.0,2025-07-16 14:56:33.095736
2025-07-16,5722,2025071604024986,HPPL,Linch Stock Market Ltd.,Deevyaa Securities & Stock House Pvt. Ltd,300,497.1,149130.0,2025-07-16 14:56:39.693330
2025-07-16,5581,2025071604025041,HPPL,Aryatara Investment & Securities,Deevyaa Securities & Stock House Pvt. Ltd,10,497.1,4971.0,2025-07-16 14:56:46.945932
2025-07-16,5548,2025071604025058,HPPL,Online Securities Pvt. Ltd.,Deevyaa Securities & Stock House Pvt. Ltd,50,497.1,24855.0,2025-07-16 14:56:48.501549
2025-07-16,5523,2025071604025062,HPPL,Secured Securities Ltd.,Aryatara Investment & Securities,207,497.0,102879.0,2025-07-16 14:56:49.982008
2025-07-16,5522,2025071604025063,HPPL,Opal Securities Investment (PVT) Ltd.,Aryatara Investment & Securities,152,497.0,75544.0,2025-07-16 14:56:49.982109
2025-07-16,5404,2025071604025091,HPPL,Opal Securities Investment (PVT) Ltd.,Asian Securities Private Ltd.,48,497.0,23856.0,2025-07-16 14:56:58.017495
2025-07-16,5403,2025071604025092,HPPL,Online Securities Pvt. Ltd.,Asian Securities Private Ltd.,200,497.0,99400.0,2025-07-16 14:56:58.017672
2025-07-16,5402,2025071604025093,HPPL,Sani Securities Company Ltd.,Asian Securities Private Ltd.,500,497.0,248500.0,2025-07-16 14:56:58.017736
2025-07-16,5401,2025071604025094,HPPL,South Asian Bulls Pvt. Ltd.,Asian Securities Private Ltd.,300,497.0,149100.0,2025-07-16 14:56:58.017796
2025-07-16,5400,2025071604025095,HPPL,Arun Securities (PVT) Ltd.,Asian Securities Private Ltd.,500,496.5,248250.0,2025-07-16 14:56:58.017876
2025-07-16,5399,2025071604025096,HPPL,Dipshikha Dhitopatra Karobar Co. Pvt Ltd.,Asian Securities Private Ltd.,200,496.3,99260.0,2025-07-16 14:56:58.017939
2025-07-16,5398,2025071604025097,HPPL,Online Securities Pvt. Ltd.,Asian Securities Private Ltd.,30,496.3,14889.0,2025-07-16 14:56:58.018004
2025-07-16,5397,2025071604025098,HPPL,Siprabi Securities Pvt. Ltd.,Asian Securities Private Ltd.,222,496.0,110112.0,2025-07-16 14:56:58.018065
2025-07-16,5171,2025071604025223,HPPL,Premier Securities Company Ltd.,Deevyaa Securities & Stock House Pvt. Ltd,100,497.1,49710.0,2025-07-16 14:57:08.419521
2025-07-16,5126,2025071604025230,HPPL,Aryatara Investment & Securities,Deevyaa Securities & Stock House Pvt. Ltd,40,497.1,19884.0,2025-07-16 14:57:10.330515
2025-07-16,5039,2025071604025247,HPPL,Siprabi Securities Pvt. Ltd.,Nabil Stock Dealer Ltd.,218,496.0,108128.0,2025-07-16 14:57:13.231360
2025-07-16,5038,2025071604025248,HPPL,Online Securities Pvt. Ltd.,Nabil Stock Dealer Ltd.,50,496.0,24800.0,2025-07-16 14:57:13.231665
2025-07-16,5037,2025071604025249,HPPL,Cristal Kanchanjanga Securites Pvt. Ltd.,Nabil Stock Dealer Ltd.,150,495.0,74250.0,2025-07-16 14:57:13.231837
2025-07-16,5036,2025071604025250,HPPL,SHUBHAKAMANA SECURITIES PVT. LTD,Nabil Stock Dealer Ltd.,1582,495.0,783090.0,2025-07-16 14:57:13.232022
2025-07-16,4957,2025071604025293,HPPL,Dipshikha Dhitopatra Karobar Co. Pvt Ltd.,Bhrikuti Stock Broking Co. Pvt. Ltd.,70,497.1,34797.0,2025-07-16 14:57:17.518894
2025-07-16,4306,2025071604025497,HPPL,Imperial Securities Company Pvt. Ltd.,Nabil Stock Dealer Ltd.,10,498.0,4980.0,2025-07-16 14:57:50.467567
2025-07-16,4305,2025071604025498,HPPL,Dipshikha Dhitopatra Karobar Co. Pvt Ltd.,Nabil Stock Dealer Ltd.,70,497.1,34797.0,2025-07-16 14:57:50.467734
2025-07-16,4304,2025071604025499,HPPL,Naasa Securities Co. Ltd.,Nabil Stock Dealer Ltd.,300,497.1,149130.0,2025-07-16 14:57:50.467813
2025-07-16,4303,2025071604025500,HPPL,SHUBHAKAMANA SECURITIES PVT. LTD,Nabil Stock Dealer Ltd.,418,495.0,206910.0,2025-07-16 14:57:50.467872
2025-07-16,4302,2025071604025501,HPPL,Dipshikha Dhitopatra Karobar Co. Pvt Ltd.,Nabil Stock Dealer Ltd.,100,495.0,49500.0,2025-07-16 14:57:50.467933
2025-07-16,4186,2025071604025523,HPPL,Arun Securities (PVT) Ltd.,Nabil Stock Dealer Ltd.,50,495.0,24750.0,2025-07-16 14:57:55.633248
2025-07-16,3804,2025071604025639,HPPL,Imperial Securities Company Pvt. Ltd.,Nabil Stock Dealer Ltd.,20,495.0,9900.0,2025-07-16 14:58:12.471509
2025-07-16,3794,2025071604025642,HPPL,Linch Stock Market Ltd.,Nabil Stock Dealer Ltd.,32,495.0,15840.0,2025-07-16 14:58:13.140559
2025-07-16,3084,2025071604025864,HPPL,Linch Stock Market Ltd.,Magnet Securities and Investment Company Private Limited,68,495.0,33660.0,2025-07-16 14:58:39.142111
2025-07-16,3083,2025071604025865,HPPL,Kohinoor Investment & Securities Pvt. Ltd.,Magnet Securities and Investment Company Private Limited,17,495.0,8415.0,2025-07-16 14:58:39.142251
2025-07-16,868,2025071604026513,HPPL,Neev Securities Pvt. Ltd.,Magnet Securities and Investment Company Private Limited,100,497.0,49700.0,2025-07-16 14:59:42.362067
2025-07-16,867,2025071604026514,HPPL,Aryatara Investment & Securities,Magnet Securities and Investment Company Private Limited,900,496.0,446400.0,2025-07-16 14:59:42.362205
2025-07-16,866,2025071604026515,HPPL,Kohinoor Investment & Securities Pvt. Ltd.,Magnet Securities and Investment Company Private Limited,200,495.6,99120.0,2025-07-16 14:59:42.362266
2025-07-16,865,2025071604026516,HPPL,Online Securities Pvt. Ltd.,Magnet Securities and Investment Company Private Limited,20,495.6,9912.0,2025-07-16 14:59:42.362330
2025-07-16,864,2025071604026517,HPPL,Sani Securities Company Ltd.,Magnet Securities and Investment Company Private Limited,120,495.5,59460.0,2025-07-16 14:59:42.362385
2025-07-16,863,2025071604026518,HPPL,Dynamic Money Managers Securities Pvt. Ltd.,Magnet Securities and Investment Company Private Limited,300,495.5,148650.0,2025-07-16 14:59:42.362441
2025-07-16,862,2025071604026519,HPPL,Sani Securities Company Ltd.,Magnet Securities and Investment Company Private Limited,100,495.1,49510.0,2025-07-16 14:59:42.362493
2025-07-16,861,2025071604026520,HPPL,Sani Securities Company Ltd.,Magnet Securities and Investment Company Private Limited,480,495.1,237648.0,2025-07-16 14:59:42.362547
2025-07-16,860,2025071604026521,HPPL,Sumeru Securities Pvt. Ltd.,Magnet Securities and Investment Company Private Limited,100,495.1,49510.0,2025-07-16 14:59:42.362604
2025-07-16,859,2025071604026522,HPPL,Kohinoor Investment & Securities Pvt. Ltd.,Magnet Securities and Investment Company Private Limited,283,495.0,140085.0,2025-07-16 14:59:42.362663
2025-07-16,858,2025071604026523,HPPL,Market Securities & Exchange (PVT) Ltd.,Magnet Securities and Investment Company Private Limited,187,495.0,92565.0,2025-07-16 14:59:42.362717
2025-07-16,464,2025071604026634,HPPL,Market Securities & Exchange (PVT) Ltd.,Magnet Securities and Investment Company Private Limited,10,495.0,4950.0,2025-07-16 14:59:52.421461
