Date,S.N.,Contract ID,Symbol,Buyer Broker,Seller Broker,volume,rate,amount,transaction_time
2025-07-16,97406,2025071604000568,KKHC,Nepal Investment And Securities Trading Private Limited,Aryatara Investment & Securities,10,295.2,2952.0,2025-07-16 11:07:43.172225
2025-07-16,96505,2025071604000806,KKHC,ABC Securities Private Limited,Naasa Securities Co. Ltd.,95,297.0,28215.0,2025-07-16 11:10:06.866372
2025-07-16,96504,2025071604000807,KKHC,ABC Securities Private Limited,Sundhara Securities Limited,105,297.0,31185.0,2025-07-16 11:10:06.866529
2025-07-16,95288,2025071604001088,KKHC,S.P.S.A. Securities Limited,Vision Securities Pvt. Ltd,93,296.9,27611.7,2025-07-16 11:13:08.694924
2025-07-16,95287,2025071604001089,KKHC,S.P.S.A. Securities Limited,South Asian Bulls Pvt. Ltd.,50,296.9,14845.0,2025-07-16 11:13:08.695046
2025-07-16,95286,2025071604001090,KKHC,S.P.S.A. Securities Limited,Sundhara Securities Limited,145,297.0,43065.0,2025-07-16 11:13:08.695130
2025-07-16,95285,2025071604001091,KKHC,S.P.S.A. Securities Limited,Secured Securities Ltd.,212,297.0,62964.0,2025-07-16 11:13:08.695233
2025-07-16,95004,2025071604001165,KKHC,Nepal Investment And Securities Trading Private Limited,Secured Securities Ltd.,125,297.0,37125.0,2025-07-16 11:13:53.164157
2025-07-16,93205,2025071604001658,KKHC,Aryatara Investment & Securities,Naasa Securities Co. Ltd.,100,296.7,29670.0,2025-07-16 11:18:55.857910
2025-07-16,93143,2025071604001673,KKHC,Premier Securities Company Ltd.,Naasa Securities Co. Ltd.,300,296.7,89010.0,2025-07-16 11:19:13.861952
2025-07-16,93142,2025071604001674,KKHC,Premier Securities Company Ltd.,Sani Securities Company Ltd.,119,296.8,35319.2,2025-07-16 11:19:13.862051
2025-07-16,93141,2025071604001675,KKHC,Premier Securities Company Ltd.,Vision Securities Pvt. Ltd,50,296.8,14840.0,2025-07-16 11:19:13.862116
2025-07-16,93140,2025071604001676,KKHC,Premier Securities Company Ltd.,Secured Securities Ltd.,31,297.0,9207.0,2025-07-16 11:19:13.862161
2025-07-16,93062,2025071604001694,KKHC,Opal Securities Investment (PVT) Ltd.,ABC Securities Private Limited,300,295.6,88680.0,2025-07-16 11:19:25.399582
2025-07-16,92610,2025071604001813,KKHC,Malla & Malla Stock Broking Company Pvt. Limited,Kalika Securities Pvt. Ltd.,100,296.0,29600.0,2025-07-16 11:20:53.014310
2025-07-16,92574,2025071604001820,KKHC,S.P.S.A. Securities Limited,Kalika Securities Pvt. Ltd.,400,296.0,118400.0,2025-07-16 11:20:59.843537
2025-07-16,92271,2025071604001878,KKHC,S.P.S.A. Securities Limited,Kohinoor Investment & Securities Pvt. Ltd.,28,296.0,8288.0,2025-07-16 11:21:45.537353
2025-07-16,91820,2025071604002014,KKHC,Vision Securities Pvt. Ltd,Secured Securities Ltd.,132,297.0,39204.0,2025-07-16 11:22:58.436006
2025-07-16,91819,2025071604002015,KKHC,Vision Securities Pvt. Ltd,Naasa Securities Co. Ltd.,50,297.0,14850.0,2025-07-16 11:22:58.436128
2025-07-16,91818,2025071604002016,KKHC,Vision Securities Pvt. Ltd,Stoxkarts Securities Limited,108,297.0,32076.0,2025-07-16 11:22:58.436182
2025-07-16,91817,2025071604002017,KKHC,Vision Securities Pvt. Ltd,Secured Securities Ltd.,100,297.0,29700.0,2025-07-16 11:22:58.436227
2025-07-16,91816,2025071604002018,KKHC,Vision Securities Pvt. Ltd,Sani Securities Company Ltd.,79,297.0,23463.0,2025-07-16 11:22:58.436273
2025-07-16,90433,2025071604002431,KKHC,Opal Securities Investment (PVT) Ltd.,Naasa Securities Co. Ltd.,200,296.9,59380.0,2025-07-16 11:26:46.881775
2025-07-16,90180,2025071604002482,KKHC,Indira securities pvt. ltd,Imperial Securities Company Pvt. Ltd.,130,296.2,38506.0,2025-07-16 11:27:22.427241
2025-07-16,90179,2025071604002483,KKHC,S.P.S.A. Securities Limited,Imperial Securities Company Pvt. Ltd.,22,296.0,6512.0,2025-07-16 11:27:22.427426
2025-07-16,90178,2025071604002484,KKHC,Primo Securities (PVT) Ltd.,Imperial Securities Company Pvt. Ltd.,40,295.6,11824.0,2025-07-16 11:27:22.427478
2025-07-16,90177,2025071604002485,KKHC,Dakshinkali Investment & Securities Pvt. Ltd.,Imperial Securities Company Pvt. Ltd.,500,295.1,147550.0,2025-07-16 11:27:22.427523
2025-07-16,90176,2025071604002486,KKHC,Asian Securities Private Ltd.,Imperial Securities Company Pvt. Ltd.,500,295.0,147500.0,2025-07-16 11:27:22.427571
2025-07-16,90175,2025071604002487,KKHC,Imperial Securities Company Pvt. Ltd.,Imperial Securities Company Pvt. Ltd.,50,295.0,14750.0,2025-07-16 11:27:22.427618
2025-07-16,90174,2025071604002488,KKHC,Primo Securities (PVT) Ltd.,Imperial Securities Company Pvt. Ltd.,40,295.0,11800.0,2025-07-16 11:27:22.427695
2025-07-16,86781,2025071604003252,KKHC,Sundhara Securities Limited,Aryatara Investment & Securities,100,295.0,29500.0,2025-07-16 11:35:52.684740
2025-07-16,86353,2025071604003367,KKHC,Premier Securities Company Ltd.,Naasa Securities Co. Ltd.,100,294.2,29420.0,2025-07-16 11:36:57.738254
2025-07-16,85949,2025071604003467,KKHC,S.P.S.A. Securities Limited,Aryatara Investment & Securities,100,295.0,29500.0,2025-07-16 11:38:03.178001
2025-07-16,85228,2025071604003590,KKHC,Linch Stock Market Ltd.,Aryatara Investment & Securities,50,295.0,14750.0,2025-07-16 11:39:27.984410
2025-07-16,83622,2025071604003889,KKHC,Bhrikuti Stock Broking Co. Pvt. Ltd.,Aryatara Investment & Securities,50,295.0,14750.0,2025-07-16 11:42:37.527305
2025-07-16,82088,2025071604004193,KKHC,Primo Securities (PVT) Ltd.,Asian Securities Private Ltd.,200,295.1,59020.0,2025-07-16 11:45:44.446304
2025-07-16,81276,2025071604004400,KKHC,Bhrikuti Stock Broking Co. Pvt. Ltd.,Bhrikuti Stock Broking Co. Pvt. Ltd.,150,295.0,44250.0,2025-07-16 11:47:16.922020
2025-07-16,81204,2025071604004415,KKHC,Bhrikuti Stock Broking Co. Pvt. Ltd.,Dakshinkali Investment & Securities Pvt. Ltd.,800,295.0,236000.0,2025-07-16 11:47:30.608882
2025-07-16,81203,2025071604004416,KKHC,Premier Securities Company Ltd.,Dakshinkali Investment & Securities Pvt. Ltd.,200,294.2,58840.0,2025-07-16 11:47:30.609073
2025-07-16,81202,2025071604004417,KKHC,Naasa Securities Co. Ltd.,Dakshinkali Investment & Securities Pvt. Ltd.,500,294.1,147050.0,2025-07-16 11:47:30.609144
2025-07-16,81201,2025071604004418,KKHC,Primo Securities (PVT) Ltd.,Dakshinkali Investment & Securities Pvt. Ltd.,40,294.0,11760.0,2025-07-16 11:47:30.609235
2025-07-16,81200,2025071604004419,KKHC,Shree Krishna Securities Ltd.,Dakshinkali Investment & Securities Pvt. Ltd.,460,294.0,135240.0,2025-07-16 11:47:30.609307
2025-07-16,80866,2025071604004470,KKHC,Shree Krishna Securities Ltd.,Dakshinkali Investment & Securities Pvt. Ltd.,40,294.0,11760.0,2025-07-16 11:48:23.176902
2025-07-16,80865,2025071604004471,KKHC,Nepal Stock House (PVT) Ltd.,Dakshinkali Investment & Securities Pvt. Ltd.,325,293.5,95387.5,2025-07-16 11:48:23.177218
2025-07-16,80864,2025071604004472,KKHC,South Asian Bulls Pvt. Ltd.,Dakshinkali Investment & Securities Pvt. Ltd.,200,293.0,58600.0,2025-07-16 11:48:23.177415
2025-07-16,80863,2025071604004473,KKHC,Premier Securities Company Ltd.,Dakshinkali Investment & Securities Pvt. Ltd.,200,293.0,58600.0,2025-07-16 11:48:23.177585
2025-07-16,80862,2025071604004474,KKHC,Nepal Stock House (PVT) Ltd.,Dakshinkali Investment & Securities Pvt. Ltd.,300,292.1,87630.0,2025-07-16 11:48:23.177784
2025-07-16,80861,2025071604004475,KKHC,Malla & Malla Stock Broking Company Pvt. Limited,Dakshinkali Investment & Securities Pvt. Ltd.,336,292.0,98112.0,2025-07-16 11:48:23.177947
2025-07-16,75946,2025071604005677,KKHC,Imperial Securities Company Pvt. Ltd.,Imperial Securities Company Pvt. Ltd.,10,293.5,2935.0,2025-07-16 12:00:59.254052
2025-07-16,75292,2025071604005810,KKHC,Sundhara Securities Limited,Trishakti Securities Public Limited,100,293.9,29390.0,2025-07-16 12:02:46.971860
2025-07-16,75278,2025071604005811,KKHC,Vision Securities Pvt. Ltd,Imperial Securities Company Pvt. Ltd.,50,293.5,14675.0,2025-07-16 12:02:47.886248
2025-07-16,73828,2025071604006307,KKHC,Dipshikha Dhitopatra Karobar Co. Pvt Ltd.,Imperial Securities Company Pvt. Ltd.,20,293.1,5862.0,2025-07-16 12:06:12.660046
2025-07-16,73827,2025071604006308,KKHC,Linch Stock Market Ltd.,Imperial Securities Company Pvt. Ltd.,100,293.0,29300.0,2025-07-16 12:06:12.660222
2025-07-16,73826,2025071604006309,KKHC,Malla & Malla Stock Broking Company Pvt. Limited,Imperial Securities Company Pvt. Ltd.,30,293.0,8790.0,2025-07-16 12:06:12.660291
2025-07-16,73755,2025071604006329,KKHC,Online Securities Pvt. Ltd.,Imperial Securities Company Pvt. Ltd.,608,293.0,178144.0,2025-07-16 12:06:24.856687
2025-07-16,73754,2025071604006330,KKHC,Online Securities Pvt. Ltd.,Trishakti Securities Public Limited,400,293.9,117560.0,2025-07-16 12:06:24.856846
2025-07-16,73753,2025071604006331,KKHC,Online Securities Pvt. Ltd.,Midas Stock Broking Company Private Limited,100,294.0,29400.0,2025-07-16 12:06:24.856919
2025-07-16,73752,2025071604006332,KKHC,Online Securities Pvt. Ltd.,Sani Securities Company Ltd.,21,294.0,6174.0,2025-07-16 12:06:24.856990
2025-07-16,73751,2025071604006333,KKHC,Online Securities Pvt. Ltd.,Kumari Securities Private Limited,16,294.0,4704.0,2025-07-16 12:06:24.857057
2025-07-16,73750,2025071604006334,KKHC,Online Securities Pvt. Ltd.,Sani Securities Company Ltd.,150,294.5,44175.0,2025-07-16 12:06:24.857121
2025-07-16,73749,2025071604006335,KKHC,Online Securities Pvt. Ltd.,Naasa Securities Co. Ltd.,200,294.7,58940.0,2025-07-16 12:06:24.857186
2025-07-16,73748,2025071604006336,KKHC,Online Securities Pvt. Ltd.,Naasa Securities Co. Ltd.,300,294.8,88440.0,2025-07-16 12:06:24.857249
2025-07-16,73747,2025071604006337,KKHC,Online Securities Pvt. Ltd.,Naasa Securities Co. Ltd.,300,294.9,88470.0,2025-07-16 12:06:24.857319
2025-07-16,73746,2025071604006338,KKHC,Online Securities Pvt. Ltd.,ABC Securities Private Limited,20,295.0,5900.0,2025-07-16 12:06:24.857387
2025-07-16,73745,2025071604006339,KKHC,Online Securities Pvt. Ltd.,Kohinoor Investment & Securities Pvt. Ltd.,370,295.0,109150.0,2025-07-16 12:06:24.857452
2025-07-16,73744,2025071604006340,KKHC,Online Securities Pvt. Ltd.,Premier Securities Company Ltd.,500,295.0,147500.0,2025-07-16 12:06:24.857532
2025-07-16,73743,2025071604006341,KKHC,Online Securities Pvt. Ltd.,Dakshinkali Investment & Securities Pvt. Ltd.,750,295.0,221250.0,2025-07-16 12:06:24.857595
2025-07-16,73742,2025071604006342,KKHC,Online Securities Pvt. Ltd.,Siprabi Securities Pvt. Ltd.,50,295.0,14750.0,2025-07-16 12:06:24.857655
2025-07-16,70190,2025071604007319,KKHC,Sharepro Securities Private Limited,Sani Securities Company Ltd.,200,294.8,58960.0,2025-07-16 12:17:20.511075
2025-07-16,69922,2025071604007373,KKHC,Naasa Securities Co. Ltd.,Machhapuchchhre Securities Limited,20,294.0,5880.0,2025-07-16 12:18:21.207957
2025-07-16,69304,2025071604007489,KKHC,Online Securities Pvt. Ltd.,Machhapuchchhre Securities Limited,2680,294.0,787920.0,2025-07-16 12:20:20.127365
2025-07-16,69303,2025071604007490,KKHC,Online Securities Pvt. Ltd.,Arun Securities (PVT) Ltd.,35,294.0,10290.0,2025-07-16 12:20:20.127551
2025-07-16,65762,2025071604008234,KKHC,Sani Securities Company Ltd.,Imperial Securities Company Pvt. Ltd.,320,294.0,94080.0,2025-07-16 12:32:09.266075
2025-07-16,65761,2025071604008235,KKHC,Sani Securities Company Ltd.,Trisul Securities & Invt. Ltd.,200,294.0,58800.0,2025-07-16 12:32:09.266459
2025-07-16,65760,2025071604008236,KKHC,Sani Securities Company Ltd.,Arun Securities (PVT) Ltd.,965,294.0,283710.0,2025-07-16 12:32:09.266728
2025-07-16,65759,2025071604008237,KKHC,Sani Securities Company Ltd.,Siprabi Securities Pvt. Ltd.,15,294.0,4410.0,2025-07-16 12:32:09.267048
2025-07-16,65745,2025071604008239,KKHC,Shree Krishna Securities Ltd.,Naasa Securities Co. Ltd.,20,293.9,5878.0,2025-07-16 12:32:12.751683
2025-07-16,64878,2025071604008348,KKHC,Sundhara Securities Limited,Naasa Securities Co. Ltd.,70,293.9,20573.0,2025-07-16 12:34:24.921177
2025-07-16,63904,2025071604008555,KKHC,Sani Securities Company Ltd.,Naasa Securities Co. Ltd.,200,293.1,58620.0,2025-07-16 12:36:54.863775
2025-07-16,61689,2025071604008964,KKHC,Sani Securities Company Ltd.,Capital Max Securities Ltd,90,293.3,26397.0,2025-07-16 12:42:54.884142
2025-07-16,61624,2025071604009008,KKHC,Kumari Securities Private Limited,Siprabi Securities Pvt. Ltd.,35,294.0,10290.0,2025-07-16 12:43:04.002143
2025-07-16,61623,2025071604009009,KKHC,Kumari Securities Private Limited,Ashutosh Brokerage & Securities (PVT) Ltd.,65,294.0,19110.0,2025-07-16 12:43:04.002358
2025-07-16,60918,2025071604009175,KKHC,Asian Securities Private Ltd.,Ashutosh Brokerage & Securities (PVT) Ltd.,85,294.0,24990.0,2025-07-16 12:44:54.349970
2025-07-16,60917,2025071604009176,KKHC,Asian Securities Private Ltd.,Premier Securities Company Ltd.,15,294.0,4410.0,2025-07-16 12:44:54.350210
2025-07-16,60839,2025071604009183,KKHC,Kumari Securities Private Limited,Vision Securities Pvt. Ltd,94,293.9,27626.6,2025-07-16 12:45:06.518005
2025-07-16,60838,2025071604009184,KKHC,Kumari Securities Private Limited,Ashutosh Brokerage & Securities (PVT) Ltd.,6,294.0,1764.0,2025-07-16 12:45:06.518224
2025-07-16,58703,2025071604009811,KKHC,Midas Stock Broking Company Private Limited,Premier Securities Company Ltd.,60,294.0,17640.0,2025-07-16 12:51:11.301663
2025-07-16,58702,2025071604009812,KKHC,Midas Stock Broking Company Private Limited,Neev Securities Pvt. Ltd.,40,294.0,11760.0,2025-07-16 12:51:11.301919
2025-07-16,57561,2025071604010084,KKHC,Naasa Securities Co. Ltd.,Neev Securities Pvt. Ltd.,60,294.0,17640.0,2025-07-16 12:55:04.514341
2025-07-16,57230,2025071604010178,KKHC,Blue Chip Securities Ltd,Midas Stock Broking Company Private Limited,10,294.1,2941.0,2025-07-16 12:56:14.483016
2025-07-16,56771,2025071604010336,KKHC,Premier Securities Company Ltd.,Midas Stock Broking Company Private Limited,90,294.1,26469.0,2025-07-16 12:57:47.555998
2025-07-16,56078,2025071604010498,KKHC,Premier Securities Company Ltd.,Trisul Securities & Invt. Ltd.,150,294.4,44160.0,2025-07-16 12:59:36.231485
2025-07-16,56077,2025071604010499,KKHC,Premier Securities Company Ltd.,Sani Securities Company Ltd.,100,294.4,29440.0,2025-07-16 12:59:36.231688
2025-07-16,56076,2025071604010500,KKHC,Premier Securities Company Ltd.,Trisul Securities & Invt. Ltd.,98,294.4,28851.2,2025-07-16 12:59:36.231781
2025-07-16,54919,2025071604010845,KKHC,Naasa Securities Co. Ltd.,Naasa Securities Co. Ltd.,45,294.3,13243.5,2025-07-16 13:02:46.389992
2025-07-16,54899,2025071604010847,KKHC,Naasa Securities Co. Ltd.,Nepal Stock House (PVT) Ltd.,275,294.3,80932.5,2025-07-16 13:02:49.072149
2025-07-16,54884,2025071604010848,KKHC,Online Securities Pvt. Ltd.,Nepal Stock House (PVT) Ltd.,72,294.3,21189.6,2025-07-16 13:02:51.810541
2025-07-16,53912,2025071604011228,KKHC,Siprabi Securities Pvt. Ltd.,Sani Securities Company Ltd.,700,294.2,205940.0,2025-07-16 13:06:03.367118
2025-07-16,53838,2025071604011243,KKHC,Siprabi Securities Pvt. Ltd.,Naasa Securities Co. Ltd.,200,294.2,58840.0,2025-07-16 13:06:17.058150
2025-07-16,53777,2025071604011259,KKHC,Siprabi Securities Pvt. Ltd.,Sani Securities Company Ltd.,100,294.2,29420.0,2025-07-16 13:06:32.816186
2025-07-16,53776,2025071604011260,KKHC,Dipshikha Dhitopatra Karobar Co. Pvt Ltd.,Sani Securities Company Ltd.,18,294.2,5295.6,2025-07-16 13:06:32.816241
2025-07-16,53775,2025071604011261,KKHC,Premier Securities Company Ltd.,Sani Securities Company Ltd.,62,294.1,18234.2,2025-07-16 13:06:32.816265
2025-07-16,53774,2025071604011262,KKHC,Aryatara Investment & Securities,Sani Securities Company Ltd.,30,294.0,8820.0,2025-07-16 13:06:32.816336
2025-07-16,53773,2025071604011263,KKHC,Vision Securities Pvt. Ltd,Sani Securities Company Ltd.,50,294.0,14700.0,2025-07-16 13:06:32.816373
2025-07-16,53552,2025071604011318,KKHC,Linch Stock Market Ltd.,Nepal Stock House (PVT) Ltd.,103,294.0,30282.0,2025-07-16 13:07:26.404032
2025-07-16,53386,2025071604011355,KKHC,Naasa Securities Co. Ltd.,Sani Securities Company Ltd.,12,293.5,3522.0,2025-07-16 13:07:56.122244
2025-07-16,51898,2025071604011702,KKHC,Naasa Securities Co. Ltd.,Imperial Securities Company Pvt. Ltd.,48,293.5,14088.0,2025-07-16 13:11:59.968111
2025-07-16,51643,2025071604011780,KKHC,Premier Securities Company Ltd.,Kumari Securities Private Limited,26,293.5,7631.0,2025-07-16 13:12:31.591083
2025-07-16,50033,2025071604012415,KKHC,Premier Securities Company Ltd.,Nepal Stock House (PVT) Ltd.,174,293.5,51069.0,2025-07-16 13:16:39.598052
2025-07-16,50032,2025071604012416,KKHC,Linch Stock Market Ltd.,Nepal Stock House (PVT) Ltd.,97,293.5,28469.5,2025-07-16 13:16:39.598358
2025-07-16,50031,2025071604012417,KKHC,Naasa Securities Co. Ltd.,Nepal Stock House (PVT) Ltd.,106,293.5,31111.0,2025-07-16 13:16:39.598444
2025-07-16,49167,2025071604012732,KKHC,Dipshikha Dhitopatra Karobar Co. Pvt Ltd.,Nepal Stock House (PVT) Ltd.,10,293.5,2935.0,2025-07-16 13:19:00.755479
2025-07-16,48682,2025071604012890,KKHC,Dipshikha Dhitopatra Karobar Co. Pvt Ltd.,Nepal Stock House (PVT) Ltd.,110,293.5,32285.0,2025-07-16 13:20:20.540425
2025-07-16,48629,2025071604012912,KKHC,Dipshikha Dhitopatra Karobar Co. Pvt Ltd.,Aryatara Investment & Securities,10,293.3,2933.0,2025-07-16 13:20:29.659695
2025-07-16,48628,2025071604012913,KKHC,ABC Securities Private Limited,Aryatara Investment & Securities,15,293.2,4398.0,2025-07-16 13:20:29.659925
2025-07-16,47500,2025071604013325,KKHC,ABC Securities Private Limited,Oxford Securities Pvt. Ltd.,222,293.2,65090.4,2025-07-16 13:23:54.227154
2025-07-16,46917,2025071604013517,KKHC,Naasa Securities Co. Ltd.,Premier Securities Company Ltd.,100,294.0,29400.0,2025-07-16 13:25:48.435687
2025-07-16,46657,2025071604013650,KKHC,Nepal Stock House (PVT) Ltd.,Premier Securities Company Ltd.,345,294.0,101430.0,2025-07-16 13:26:25.186070
2025-07-16,46103,2025071604013826,KKHC,Pragyan Securities (PVT) Ltd.,Premier Securities Company Ltd.,20,294.0,5880.0,2025-07-16 13:28:11.062736
2025-07-16,44724,2025071604014136,KKHC,Sani Securities Company Ltd.,Premier Securities Company Ltd.,42,294.0,12348.0,2025-07-16 13:32:17.260701
2025-07-16,44723,2025071604014137,KKHC,Sani Securities Company Ltd.,Kalika Securities Pvt. Ltd.,500,294.0,147000.0,2025-07-16 13:32:17.260878
2025-07-16,44722,2025071604014138,KKHC,Sani Securities Company Ltd.,Asian Securities Private Ltd.,18,294.0,5292.0,2025-07-16 13:32:17.260962
2025-07-16,44623,2025071604014154,KKHC,ABC Securities Private Limited,Agrawal Securities (PVT) Ltd.,13,293.2,3811.6,2025-07-16 13:32:31.715490
2025-07-16,44622,2025071604014155,KKHC,Premier Securities Company Ltd.,Agrawal Securities (PVT) Ltd.,25,293.2,7330.0,2025-07-16 13:32:31.715696
2025-07-16,44621,2025071604014156,KKHC,Bhrikuti Stock Broking Co. Pvt. Ltd.,Agrawal Securities (PVT) Ltd.,312,293.1,91447.2,2025-07-16 13:32:31.715779
2025-07-16,43147,2025071604014568,KKHC,S.P.S.A. Securities Limited,Arun Securities (PVT) Ltd.,50,293.9,14695.0,2025-07-16 13:36:36.522398
2025-07-16,42660,2025071604014680,KKHC,Bhrikuti Stock Broking Co. Pvt. Ltd.,Asian Securities Private Ltd.,235,293.1,68878.5,2025-07-16 13:37:54.926884
2025-07-16,41068,2025071604015096,KKHC,Naasa Securities Co. Ltd.,Arun Securities (PVT) Ltd.,100,293.9,29390.0,2025-07-16 13:42:14.834988
2025-07-16,40164,2025071604015361,KKHC,Sani Securities Company Ltd.,Nepal Investment And Securities Trading Private Limited,30,293.3,8799.0,2025-07-16 13:45:02.049756
2025-07-16,40163,2025071604015362,KKHC,Naasa Securities Co. Ltd.,Nepal Investment And Securities Trading Private Limited,20,293.2,5864.0,2025-07-16 13:45:02.049960
2025-07-16,40051,2025071604015407,KKHC,Naasa Securities Co. Ltd.,Arun Securities (PVT) Ltd.,51,293.9,14988.9,2025-07-16 13:45:22.804944
2025-07-16,39588,2025071604015544,KKHC,Investment Management Nepal Pvt. Ltd.,Arun Securities (PVT) Ltd.,99,293.9,29096.1,2025-07-16 13:46:38.358761
2025-07-16,39039,2025071604015696,KKHC,Investment Management Nepal Pvt. Ltd.,Aryatara Investment & Securities,100,293.9,29390.0,2025-07-16 13:47:49.143038
2025-07-16,39026,2025071604015698,KKHC,Premier Securities Company Ltd.,Asian Securities Private Ltd.,300,294.0,88200.0,2025-07-16 13:47:51.610021
2025-07-16,38909,2025071604015758,KKHC,Online Securities Pvt. Ltd.,Asian Securities Private Ltd.,88,294.0,25872.0,2025-07-16 13:48:09.327434
2025-07-16,38287,2025071604015965,KKHC,Trisul Securities & Invt. Ltd.,Swarna Laxmi Securities Pvt. Ltd.,120,293.9,35268.0,2025-07-16 13:49:40.945405
2025-07-16,38108,2025071604016006,KKHC,Trisul Securities & Invt. Ltd.,Aryatara Investment & Securities,15,293.8,4407.0,2025-07-16 13:50:05.086906
2025-07-16,36634,2025071604016369,KKHC,Kohinoor Investment & Securities Pvt. Ltd.,Sumeru Securities Pvt. Ltd.,500,293.3,146650.0,2025-07-16 13:53:55.497436
2025-07-16,35419,2025071604016754,KKHC,Kohinoor Investment & Securities Pvt. Ltd.,Asian Securities Private Ltd.,25,293.3,7332.5,2025-07-16 13:56:39.365786
2025-07-16,35418,2025071604016755,KKHC,Kalika Securities Pvt. Ltd.,Asian Securities Private Ltd.,100,293.3,29330.0,2025-07-16 13:56:39.365999
2025-07-16,35417,2025071604016756,KKHC,Naasa Securities Co. Ltd.,Asian Securities Private Ltd.,330,293.2,96756.0,2025-07-16 13:56:39.366087
2025-07-16,35416,2025071604016757,KKHC,Aryatara Investment & Securities,Asian Securities Private Ltd.,110,293.2,32252.0,2025-07-16 13:56:39.366168
2025-07-16,35415,2025071604016758,KKHC,Bhrikuti Stock Broking Co. Pvt. Ltd.,Asian Securities Private Ltd.,29,293.1,8499.9,2025-07-16 13:56:39.366249
2025-07-16,34823,2025071604016890,KKHC,Bhrikuti Stock Broking Co. Pvt. Ltd.,Imperial Securities Company Pvt. Ltd.,230,293.1,67413.0,2025-07-16 13:57:59.502836
2025-07-16,33772,2025071604017123,KKHC,Sumeru Securities Pvt. Ltd.,Stoxkarts Securities Limited,30,293.8,8814.0,2025-07-16 14:00:55.811744
2025-07-16,32391,2025071604017486,KKHC,Vision Securities Pvt. Ltd,Miyo Securities Pvt Ltd,100,293.2,29320.0,2025-07-16 14:04:56.590832
2025-07-16,32390,2025071604017487,KKHC,Bhrikuti Stock Broking Co. Pvt. Ltd.,Miyo Securities Pvt Ltd,194,293.1,56861.4,2025-07-16 14:04:56.591103
2025-07-16,32389,2025071604017488,KKHC,Bhrikuti Stock Broking Co. Pvt. Ltd.,Miyo Securities Pvt Ltd,706,293.1,206928.6,2025-07-16 14:04:56.591201
2025-07-16,32268,2025071604017502,KKHC,Bhrikuti Stock Broking Co. Pvt. Ltd.,Dipshikha Dhitopatra Karobar Co. Pvt Ltd.,1000,293.1,293100.0,2025-07-16 14:05:17.962179
2025-07-16,31998,2025071604017539,KKHC,Naasa Securities Co. Ltd.,Siprabi Securities Pvt. Ltd.,50,293.2,14660.0,2025-07-16 14:05:58.496234
2025-07-16,31983,2025071604017547,KKHC,Naasa Securities Co. Ltd.,Kohinoor Investment & Securities Pvt. Ltd.,400,293.2,117280.0,2025-07-16 14:06:01.838678
2025-07-16,30425,2025071604017888,KKHC,Naasa Securities Co. Ltd.,Stoxkarts Securities Limited,100,293.2,29320.0,2025-07-16 14:11:05.265694
2025-07-16,30187,2025071604017930,KKHC,Naasa Securities Co. Ltd.,Premier Securities Company Ltd.,10,293.2,2932.0,2025-07-16 14:11:40.356405
2025-07-16,30149,2025071604017945,KKHC,Naasa Securities Co. Ltd.,Sumeru Securities Pvt. Ltd.,455,293.2,133406.0,2025-07-16 14:11:47.133230
2025-07-16,30148,2025071604017946,KKHC,Bhrikuti Stock Broking Co. Pvt. Ltd.,Sumeru Securities Pvt. Ltd.,1294,293.1,379271.4,2025-07-16 14:11:47.133672
2025-07-16,30147,2025071604017947,KKHC,Deevyaa Securities & Stock House Pvt. Ltd,Sumeru Securities Pvt. Ltd.,200,293.0,58600.0,2025-07-16 14:11:47.133937
2025-07-16,30146,2025071604017948,KKHC,Vision Securities Pvt. Ltd,Sumeru Securities Pvt. Ltd.,51,293.0,14943.0,2025-07-16 14:11:47.134195
2025-07-16,29971,2025071604017978,KKHC,Vision Securities Pvt. Ltd,Stoxkarts Securities Limited,72,293.0,21096.0,2025-07-16 14:12:10.442348
2025-07-16,29970,2025071604017979,KKHC,Sani Securities Company Ltd.,Stoxkarts Securities Limited,98,293.0,28714.0,2025-07-16 14:12:10.442629
2025-07-16,29919,2025071604017997,KKHC,Sani Securities Company Ltd.,Linch Stock Market Ltd.,50,293.0,14650.0,2025-07-16 14:12:19.116423
2025-07-16,29754,2025071604018035,KKHC,Sani Securities Company Ltd.,Oxford Securities Pvt. Ltd.,40,293.0,11720.0,2025-07-16 14:12:45.408513
2025-07-16,29470,2025071604018112,KKHC,Sani Securities Company Ltd.,Sweta Securities Private Limited,100,293.0,29300.0,2025-07-16 14:13:34.844983
2025-07-16,28928,2025071604018253,KKHC,Creative Securities Pvt Ltd,Dipshikha Dhitopatra Karobar Co. Pvt Ltd.,100,293.4,29340.0,2025-07-16 14:15:08.878843
2025-07-16,28262,2025071604018489,KKHC,Imperial Securities Company Pvt. Ltd.,Vision Securities Pvt. Ltd,20,293.1,5862.0,2025-07-16 14:16:51.901547
2025-07-16,28187,2025071604018546,KKHC,Naasa Securities Co. Ltd.,Dipshikha Dhitopatra Karobar Co. Pvt Ltd.,50,293.4,14670.0,2025-07-16 14:17:03.558276
2025-07-16,28186,2025071604018547,KKHC,Naasa Securities Co. Ltd.,Sani Securities Company Ltd.,35,293.5,10272.5,2025-07-16 14:17:03.558521
2025-07-16,28028,2025071604018616,KKHC,Aryatara Investment & Securities,Sani Securities Company Ltd.,400,293.5,117400.0,2025-07-16 14:17:32.737554
2025-07-16,27528,2025071604018794,KKHC,Sundhara Securities Limited,Asian Securities Private Ltd.,40,293.1,11724.0,2025-07-16 14:19:04.060198
2025-07-16,26635,2025071604018981,KKHC,Sundhara Securities Limited,Imperial Securities Company Pvt. Ltd.,26,293.1,7620.6,2025-07-16 14:21:47.528407
2025-07-16,26495,2025071604019039,KKHC,Sundhara Securities Limited,Sani Securities Company Ltd.,614,293.1,179963.4,2025-07-16 14:22:13.198977
2025-07-16,26494,2025071604019040,KKHC,Bhrikuti Stock Broking Co. Pvt. Ltd.,Sani Securities Company Ltd.,50,293.1,14655.0,2025-07-16 14:22:13.199213
2025-07-16,26493,2025071604019041,KKHC,Sani Securities Company Ltd.,Sani Securities Company Ltd.,12,293.0,3516.0,2025-07-16 14:22:13.199338
2025-07-16,26492,2025071604019042,KKHC,Naasa Securities Co. Ltd.,Sani Securities Company Ltd.,301,293.0,88193.0,2025-07-16 14:22:13.199425
2025-07-16,26334,2025071604019098,KKHC,Oxford Securities Pvt. Ltd.,SHUBHAKAMANA SECURITIES PVT. LTD,100,293.0,29300.0,2025-07-16 14:22:31.029369
2025-07-16,26333,2025071604019099,KKHC,Naasa Securities Co. Ltd.,SHUBHAKAMANA SECURITIES PVT. LTD,400,293.0,117200.0,2025-07-16 14:22:31.029767
2025-07-16,25951,2025071604019205,KKHC,Naasa Securities Co. Ltd.,Trisul Securities & Invt. Ltd.,300,293.0,87900.0,2025-07-16 14:23:27.134496
2025-07-16,25527,2025071604019329,KKHC,Kumari Securities Private Limited,Naasa Securities Co. Ltd.,14,293.3,4106.2,2025-07-16 14:24:29.529990
2025-07-16,25526,2025071604019330,KKHC,Kumari Securities Private Limited,Premier Securities Company Ltd.,500,293.4,146700.0,2025-07-16 14:24:29.530229
2025-07-16,24679,2025071604019575,KKHC,Kumari Securities Private Limited,Stoxkarts Securities Limited,100,293.4,29340.0,2025-07-16 14:26:44.252914
2025-07-16,24299,2025071604019700,KKHC,Kumari Securities Private Limited,Naasa Securities Co. Ltd.,145,293.4,42543.0,2025-07-16 14:27:42.767699
2025-07-16,24094,2025071604019772,KKHC,Kumari Securities Private Limited,Investment Management Nepal Pvt. Ltd.,100,293.4,29340.0,2025-07-16 14:28:17.458005
2025-07-16,23824,2025071604019863,KKHC,Agrawal Securities (PVT) Ltd.,Sani Securities Company Ltd.,130,293.5,38155.0,2025-07-16 14:28:51.159800
2025-07-16,23823,2025071604019864,KKHC,Agrawal Securities (PVT) Ltd.,Neev Securities Pvt. Ltd.,100,293.5,29350.0,2025-07-16 14:28:51.160141
2025-07-16,23822,2025071604019865,KKHC,Agrawal Securities (PVT) Ltd.,Dipshikha Dhitopatra Karobar Co. Pvt Ltd.,1452,293.5,426162.0,2025-07-16 14:28:51.160243
2025-07-16,23821,2025071604019866,KKHC,Agrawal Securities (PVT) Ltd.,Imperial Securities Company Pvt. Ltd.,110,293.5,32285.0,2025-07-16 14:28:51.160358
2025-07-16,23801,2025071604019871,KKHC,Kumari Securities Private Limited,ABC Securities Private Limited,129,293.4,37848.6,2025-07-16 14:28:56.017552
2025-07-16,23800,2025071604019872,KKHC,Naasa Securities Co. Ltd.,ABC Securities Private Limited,71,293.0,20803.0,2025-07-16 14:28:56.017797
2025-07-16,23429,2025071604019976,KKHC,Naasa Securities Co. Ltd.,Sweta Securities Private Limited,10,293.6,2936.0,2025-07-16 14:29:49.445271
2025-07-16,23136,2025071604020063,KKHC,Naasa Securities Co. Ltd.,Trishakti Securities Public Limited,229,293.0,67097.0,2025-07-16 14:30:32.693020
2025-07-16,23135,2025071604020064,KKHC,Linch Stock Market Ltd.,Trishakti Securities Public Limited,100,293.0,29300.0,2025-07-16 14:30:32.693415
2025-07-16,23134,2025071604020065,KKHC,Opal Securities Investment (PVT) Ltd.,Trishakti Securities Public Limited,250,293.0,73250.0,2025-07-16 14:30:32.693667
2025-07-16,23133,2025071604020066,KKHC,Midas Stock Broking Company Private Limited,Trishakti Securities Public Limited,1000,293.0,293000.0,2025-07-16 14:30:32.693926
2025-07-16,23132,2025071604020067,KKHC,ABC Securities Private Limited,Trishakti Securities Public Limited,50,293.0,14650.0,2025-07-16 14:30:32.694162
2025-07-16,23131,2025071604020068,KKHC,Ashutosh Brokerage & Securities (PVT) Ltd.,Trishakti Securities Public Limited,70,293.0,20510.0,2025-07-16 14:30:32.694407
2025-07-16,23130,2025071604020069,KKHC,Naasa Securities Co. Ltd.,Trishakti Securities Public Limited,136,293.0,39848.0,2025-07-16 14:30:32.694656
2025-07-16,23129,2025071604020070,KKHC,Naasa Securities Co. Ltd.,Trishakti Securities Public Limited,30,293.0,8790.0,2025-07-16 14:30:32.694896
2025-07-16,23128,2025071604020071,KKHC,Nepal Stock House (PVT) Ltd.,Trishakti Securities Public Limited,95,293.0,27835.0,2025-07-16 14:30:32.695149
2025-07-16,23053,2025071604020085,KKHC,Naasa Securities Co. Ltd.,Kohinoor Investment & Securities Pvt. Ltd.,250,292.7,73175.0,2025-07-16 14:30:44.628503
2025-07-16,22737,2025071604020193,KKHC,Secured Securities Ltd.,Imperial Securities Company Pvt. Ltd.,10,293.0,2930.0,2025-07-16 14:31:35.185988
2025-07-16,22303,2025071604020278,KKHC,Secured Securities Ltd.,Investment Management Nepal Pvt. Ltd.,90,293.0,26370.0,2025-07-16 14:32:29.186845
2025-07-16,21970,2025071604020350,KKHC,Naasa Securities Co. Ltd.,Investment Management Nepal Pvt. Ltd.,10,292.7,2927.0,2025-07-16 14:33:12.627867
2025-07-16,21588,2025071604020495,KKHC,Naasa Securities Co. Ltd.,Aryatara Investment & Securities,20,292.7,5854.0,2025-07-16 14:34:08.506247
2025-07-16,20946,2025071604020673,KKHC,Naasa Securities Co. Ltd.,Investment Management Nepal Pvt. Ltd.,25,292.7,7317.5,2025-07-16 14:35:43.807496
2025-07-16,20746,2025071604020725,KKHC,Naasa Securities Co. Ltd.,Linch Stock Market Ltd.,100,292.6,29260.0,2025-07-16 14:36:14.480651
2025-07-16,20550,2025071604020773,KKHC,Sundhara Securities Limited,Investment Management Nepal Pvt. Ltd.,75,292.7,21952.5,2025-07-16 14:36:39.662891
2025-07-16,19997,2025071604020898,KKHC,Naasa Securities Co. Ltd.,Sani Securities Company Ltd.,10,292.6,2926.0,2025-07-16 14:37:35.209972
2025-07-16,19773,2025071604020967,KKHC,Dipshikha Dhitopatra Karobar Co. Pvt Ltd.,Secured Securities Ltd.,50,292.7,14635.0,2025-07-16 14:38:02.698481
2025-07-16,19760,2025071604020971,KKHC,Kalika Securities Pvt. Ltd.,Oxford Securities Pvt. Ltd.,30,292.6,8778.0,2025-07-16 14:38:06.206416
2025-07-16,19170,2025071604021105,KKHC,Kalika Securities Pvt. Ltd.,Ashutosh Brokerage & Securities (PVT) Ltd.,14,292.6,4096.4,2025-07-16 14:39:23.457563
2025-07-16,19142,2025071604021123,KKHC,Asian Securities Private Ltd.,Oxford Securities Pvt. Ltd.,100,292.5,29250.0,2025-07-16 14:39:26.727789
2025-07-16,18699,2025071604021268,KKHC,Asian Securities Private Ltd.,Hatemalo Financial Services Private Limited,100,292.5,29250.0,2025-07-16 14:40:20.053951
2025-07-16,18698,2025071604021269,KKHC,Online Securities Pvt. Ltd.,Hatemalo Financial Services Private Limited,100,292.5,29250.0,2025-07-16 14:40:20.054183
2025-07-16,18340,2025071604021374,KKHC,Online Securities Pvt. Ltd.,Ashutosh Brokerage & Securities (PVT) Ltd.,112,292.6,32771.2,2025-07-16 14:41:08.949895
2025-07-16,17426,2025071604021637,KKHC,South Asian Bulls Pvt. Ltd.,Sri Hari Securities Pvt. Ltd.,100,292.3,29230.0,2025-07-16 14:42:47.261225
2025-07-16,17425,2025071604021638,KKHC,Dynamic Money Managers Securities Pvt. Ltd.,Sri Hari Securities Pvt. Ltd.,100,292.2,29220.0,2025-07-16 14:42:47.261440
2025-07-16,17424,2025071604021639,KKHC,Dynamic Money Managers Securities Pvt. Ltd.,Sri Hari Securities Pvt. Ltd.,100,292.2,29220.0,2025-07-16 14:42:47.261527
2025-07-16,17423,2025071604021640,KKHC,South Asian Bulls Pvt. Ltd.,Sri Hari Securities Pvt. Ltd.,100,292.2,29220.0,2025-07-16 14:42:47.261607
2025-07-16,17422,2025071604021641,KKHC,Primo Securities (PVT) Ltd.,Sri Hari Securities Pvt. Ltd.,100,292.1,29210.0,2025-07-16 14:42:47.261689
2025-07-16,17421,2025071604021642,KKHC,Aryatara Investment & Securities,Sri Hari Securities Pvt. Ltd.,50,292.1,14605.0,2025-07-16 14:42:47.261768
2025-07-16,17186,2025071604021713,KKHC,Aryatara Investment & Securities,Ashutosh Brokerage & Securities (PVT) Ltd.,10,292.1,2921.0,2025-07-16 14:43:14.232696
2025-07-16,17185,2025071604021714,KKHC,Naasa Securities Co. Ltd.,Ashutosh Brokerage & Securities (PVT) Ltd.,90,292.1,26289.0,2025-07-16 14:43:14.233091
2025-07-16,17035,2025071604021773,KKHC,Malla & Malla Stock Broking Company Pvt. Limited,Stoxkarts Securities Limited,100,292.0,29200.0,2025-07-16 14:43:30.931906
2025-07-16,16998,2025071604021777,KKHC,Malla & Malla Stock Broking Company Pvt. Limited,Vision Securities Pvt. Ltd,64,292.0,18688.0,2025-07-16 14:43:34.157865
2025-07-16,16997,2025071604021778,KKHC,Primo Securities (PVT) Ltd.,Vision Securities Pvt. Ltd,36,292.0,10512.0,2025-07-16 14:43:34.158112
2025-07-16,16713,2025071604021826,KKHC,Oxford Securities Pvt. Ltd.,Imperial Securities Company Pvt. Ltd.,100,292.0,29200.0,2025-07-16 14:43:58.849628
2025-07-16,16712,2025071604021827,KKHC,Sri Hari Securities Pvt. Ltd.,Imperial Securities Company Pvt. Ltd.,80,292.0,23360.0,2025-07-16 14:43:58.850021
2025-07-16,16608,2025071604021858,KKHC,Trademow Securities Private Limited,Ashutosh Brokerage & Securities (PVT) Ltd.,1000,292.1,292100.0,2025-07-16 14:44:11.812003
2025-07-16,16475,2025071604021879,KKHC,Sri Hari Securities Pvt. Ltd.,Dynamic Money Managers Securities Pvt. Ltd.,120,292.0,35040.0,2025-07-16 14:44:22.085863
2025-07-16,16474,2025071604021880,KKHC,Kohinoor Investment & Securities Pvt. Ltd.,Dynamic Money Managers Securities Pvt. Ltd.,100,292.0,29200.0,2025-07-16 14:44:22.086060
2025-07-16,16473,2025071604021881,KKHC,Capital Max Securities Ltd,Dynamic Money Managers Securities Pvt. Ltd.,120,292.0,35040.0,2025-07-16 14:44:22.086149
2025-07-16,16472,2025071604021882,KKHC,Linch Stock Market Ltd.,Dynamic Money Managers Securities Pvt. Ltd.,50,292.0,14600.0,2025-07-16 14:44:22.086231
2025-07-16,16471,2025071604021883,KKHC,Sani Securities Company Ltd.,Dynamic Money Managers Securities Pvt. Ltd.,75,292.0,21900.0,2025-07-16 14:44:22.086324
2025-07-16,16470,2025071604021884,KKHC,Sani Securities Company Ltd.,Dynamic Money Managers Securities Pvt. Ltd.,35,292.0,10220.0,2025-07-16 14:44:22.086412
2025-07-16,16004,2025071604022003,KKHC,Sani Securities Company Ltd.,Oxford Securities Pvt. Ltd.,100,292.0,29200.0,2025-07-16 14:44:47.232896
2025-07-16,15891,2025071604022040,KKHC,Sani Securities Company Ltd.,Secured Securities Ltd.,450,292.0,131400.0,2025-07-16 14:44:56.819740
2025-07-16,15644,2025071604022074,KKHC,Sani Securities Company Ltd.,Dipshikha Dhitopatra Karobar Co. Pvt Ltd.,100,292.0,29200.0,2025-07-16 14:45:08.026511
2025-07-16,15591,2025071604022076,KKHC,Malla & Malla Stock Broking Company Pvt. Limited,Ashutosh Brokerage & Securities (PVT) Ltd.,50,292.0,14600.0,2025-07-16 14:45:11.081578
2025-07-16,15590,2025071604022077,KKHC,Kumari Securities Private Limited,Ashutosh Brokerage & Securities (PVT) Ltd.,120,292.0,35040.0,2025-07-16 14:45:11.081781
2025-07-16,15589,2025071604022078,KKHC,Sani Securities Company Ltd.,Ashutosh Brokerage & Securities (PVT) Ltd.,704,292.0,205568.0,2025-07-16 14:45:11.081918
2025-07-16,14179,2025071604022426,KKHC,Sani Securities Company Ltd.,R.B.B. Securities Company Ltd,10,292.0,2920.0,2025-07-16 14:46:56.343662
2025-07-16,13141,2025071604022666,KKHC,Sani Securities Company Ltd.,Asian Securities Private Ltd.,331,292.0,96652.0,2025-07-16 14:48:15.177236
2025-07-16,13140,2025071604022667,KKHC,Sani Securities Company Ltd.,Asian Securities Private Ltd.,50,292.0,14600.0,2025-07-16 14:48:15.177466
2025-07-16,12339,2025071604022849,KKHC,Naasa Securities Co. Ltd.,Asian Securities Private Ltd.,18,292.0,5256.0,2025-07-16 14:49:27.065875
2025-07-16,12282,2025071604022868,KKHC,Indira securities pvt. ltd,Asian Securities Private Ltd.,40,292.0,11680.0,2025-07-16 14:49:31.782964
2025-07-16,11289,2025071604023214,KKHC,Linch Stock Market Ltd.,Asian Securities Private Ltd.,60,292.0,17520.0,2025-07-16 14:50:50.395327
2025-07-16,10780,2025071604023375,KKHC,Imperial Securities Company Pvt. Ltd.,Stoxkarts Securities Limited,10,291.5,2915.0,2025-07-16 14:51:27.262893
2025-07-16,10779,2025071604023376,KKHC,South Asian Bulls Pvt. Ltd.,Stoxkarts Securities Limited,90,291.5,26235.0,2025-07-16 14:51:27.263119
2025-07-16,10105,2025071604023518,KKHC,South Asian Bulls Pvt. Ltd.,Sumeru Securities Pvt. Ltd.,110,291.5,32065.0,2025-07-16 14:52:12.496667
2025-07-16,10104,2025071604023519,KKHC,Blue Chip Securities Ltd,Sumeru Securities Pvt. Ltd.,155,291.3,45151.5,2025-07-16 14:52:12.496768
2025-07-16,10103,2025071604023520,KKHC,Dipshikha Dhitopatra Karobar Co. Pvt Ltd.,Sumeru Securities Pvt. Ltd.,50,291.0,14550.0,2025-07-16 14:52:12.496889
2025-07-16,10102,2025071604023521,KKHC,Agrawal Securities (PVT) Ltd.,Sumeru Securities Pvt. Ltd.,40,291.0,11640.0,2025-07-16 14:52:12.496980
2025-07-16,10101,2025071604023522,KKHC,Imperial Securities Company Pvt. Ltd.,Sumeru Securities Pvt. Ltd.,146,291.0,42486.0,2025-07-16 14:52:12.497066
2025-07-16,8796,2025071604023994,KKHC,Kalika Securities Pvt. Ltd.,Asian Securities Private Ltd.,35,292.0,10220.0,2025-07-16 14:53:37.055042
2025-07-16,8452,2025071604024105,KKHC,Aryatara Investment & Securities,Asian Securities Private Ltd.,200,292.0,58400.0,2025-07-16 14:53:55.724586
2025-07-16,8285,2025071604024165,KKHC,Naasa Securities Co. Ltd.,Asian Securities Private Ltd.,50,292.0,14600.0,2025-07-16 14:54:04.075052
2025-07-16,7466,2025071604024381,KKHC,Bhrikuti Stock Broking Co. Pvt. Ltd.,Naasa Securities Co. Ltd.,340,291.5,99110.0,2025-07-16 14:54:54.181931
2025-07-16,6590,2025071604024673,KKHC,Dipshikha Dhitopatra Karobar Co. Pvt Ltd.,Naasa Securities Co. Ltd.,10,291.1,2911.0,2025-07-16 14:55:52.266836
2025-07-16,6589,2025071604024674,KKHC,Imperial Securities Company Pvt. Ltd.,Naasa Securities Co. Ltd.,25,291.0,7275.0,2025-07-16 14:55:52.267043
2025-07-16,6517,2025071604024703,KKHC,Imperial Securities Company Pvt. Ltd.,Dakshinkali Investment & Securities Pvt. Ltd.,29,291.0,8439.0,2025-07-16 14:55:57.748598
2025-07-16,6516,2025071604024704,KKHC,Premier Securities Company Ltd.,Dakshinkali Investment & Securities Pvt. Ltd.,171,291.0,49761.0,2025-07-16 14:55:57.748830
2025-07-16,5882,2025071604024950,KKHC,Premier Securities Company Ltd.,Siprabi Securities Pvt. Ltd.,200,291.0,58200.0,2025-07-16 14:56:28.408539
2025-07-16,5259,2025071604025188,KKHC,Premier Securities Company Ltd.,Dipshikha Dhitopatra Karobar Co. Pvt Ltd.,10,291.0,2910.0,2025-07-16 14:57:03.143008
2025-07-16,5250,2025071604025193,KKHC,Premier Securities Company Ltd.,ABC Securities Private Limited,19,291.0,5529.0,2025-07-16 14:57:03.957714
2025-07-16,5249,2025071604025194,KKHC,Online Securities Pvt. Ltd.,ABC Securities Private Limited,100,291.0,29100.0,2025-07-16 14:57:03.957939
2025-07-16,5248,2025071604025195,KKHC,Shree Krishna Securities Ltd.,ABC Securities Private Limited,100,291.0,29100.0,2025-07-16 14:57:03.958029
2025-07-16,5247,2025071604025196,KKHC,Shree Krishna Securities Ltd.,ABC Securities Private Limited,42,291.0,12222.0,2025-07-16 14:57:03.958115
2025-07-16,5246,2025071604025197,KKHC,Naasa Securities Co. Ltd.,ABC Securities Private Limited,13,291.0,3783.0,2025-07-16 14:57:03.958198
2025-07-16,5245,2025071604025198,KKHC,Ashutosh Brokerage & Securities (PVT) Ltd.,ABC Securities Private Limited,350,291.0,101850.0,2025-07-16 14:57:03.958291
2025-07-16,5244,2025071604025199,KKHC,Dipshikha Dhitopatra Karobar Co. Pvt Ltd.,ABC Securities Private Limited,50,291.0,14550.0,2025-07-16 14:57:03.958401
2025-07-16,4436,2025071604025464,KKHC,Naasa Securities Co. Ltd.,Dipshikha Dhitopatra Karobar Co. Pvt Ltd.,20,290.2,5804.0,2025-07-16 14:57:43.466640
2025-07-16,4339,2025071604025482,KKHC,Sani Securities Company Ltd.,Dipshikha Dhitopatra Karobar Co. Pvt Ltd.,80,290.2,23216.0,2025-07-16 14:57:48.066500
2025-07-16,4289,2025071604025503,KKHC,Online Securities Pvt. Ltd.,Dipshikha Dhitopatra Karobar Co. Pvt Ltd.,80,290.2,23216.0,2025-07-16 14:57:50.882159
2025-07-16,3884,2025071604025595,KKHC,Nepal Stock House (PVT) Ltd.,Dipshikha Dhitopatra Karobar Co. Pvt Ltd.,1520,290.2,441104.0,2025-07-16 14:58:08.511888
2025-07-16,3883,2025071604025596,KKHC,Nepal Stock House (PVT) Ltd.,ABC Securities Private Limited,306,291.0,89046.0,2025-07-16 14:58:08.512276
2025-07-16,3882,2025071604025597,KKHC,Nepal Stock House (PVT) Ltd.,Sewa Securities Pvt. Ltd.,92,291.0,26772.0,2025-07-16 14:58:08.512580
2025-07-16,3881,2025071604025598,KKHC,Nepal Stock House (PVT) Ltd.,Arun Securities (PVT) Ltd.,200,291.8,58360.0,2025-07-16 14:58:08.512870
2025-07-16,3880,2025071604025599,KKHC,Nepal Stock House (PVT) Ltd.,Asian Securities Private Ltd.,1789,292.0,522388.0,2025-07-16 14:58:08.513144
2025-07-16,3879,2025071604025600,KKHC,Nepal Stock House (PVT) Ltd.,Online Securities Pvt. Ltd.,900,292.0,262800.0,2025-07-16 14:58:08.513465
2025-07-16,3878,2025071604025601,KKHC,Nepal Stock House (PVT) Ltd.,Secured Securities Ltd.,70,292.0,20440.0,2025-07-16 14:58:08.513706
2025-07-16,3877,2025071604025602,KKHC,Nepal Stock House (PVT) Ltd.,Primo Securities (PVT) Ltd.,50,292.0,14600.0,2025-07-16 14:58:08.513986
2025-07-16,3418,2025071604025734,KKHC,Nepal Stock House (PVT) Ltd.,Magnet Securities and Investment Company Private Limited,73,292.0,21316.0,2025-07-16 14:58:27.085130
2025-07-16,3417,2025071604025735,KKHC,Aryatara Investment & Securities,Magnet Securities and Investment Company Private Limited,400,290.1,116040.0,2025-07-16 14:58:27.085326
2025-07-16,3416,2025071604025736,KKHC,Creative Securities Pvt Ltd,Magnet Securities and Investment Company Private Limited,27,290.1,7832.7,2025-07-16 14:58:27.085411
2025-07-16,1084,2025071604026480,KKHC,Nepal Stock House (PVT) Ltd.,Linch Stock Market Ltd.,400,291.0,116400.0,2025-07-16 14:59:38.010518
