Date,S.N.,contract_id,symbol,buyer_broker,seller_broker,volume,price,amount,transaction_time
2025-07-16,99107,2025071603000043,KSBBL,Sri Hari Securities Pvt. Ltd.,Neev Securities Pvt. Ltd.,10,497.0,4970.0,2025-07-16 11:01:55.386604
2025-07-16,99103,2025071603000044,KSBBL,Sharepro Securities Private Limited,Neev Securities Pvt. Ltd.,90,497.0,44730.0,2025-07-16 11:01:57.364066
2025-07-16,99102,2025071603000045,KSBBL,Sharepro Securities Private Limited,Dynamic Money Managers Securities Pvt. Ltd.,100,497.5,49750.0,2025-07-16 11:01:57.364097
2025-07-16,99101,2025071603000046,KSBBL,Sharepro Securities Private Limited,Swarna Laxmi Securities Pvt. Ltd.,50,497.5,24875.0,2025-07-16 11:01:57.364115
2025-07-16,99100,2025071603000047,KSBBL,Sharepro Securities Private Limited,South Asian Bulls Pvt. Ltd.,40,497.6,19904.0,2025-07-16 11:01:57.364134
2025-07-16,99099,2025071603000048,KSBBL,Sharepro Securities Private Limited,Asian Securities Private Ltd.,2000,497.6,995200.0,2025-07-16 11:01:57.364151
2025-07-16,99098,2025071603000049,KSBBL,Sharepro Securities Private Limited,Imperial Securities Company Pvt. Ltd.,11,497.6,5473.6,2025-07-16 11:01:57.364175
2025-07-16,98581,2025071603000108,KSBBL,Miyo Securities Pvt Ltd,INDEX SECURITIES LIMITED,5002,499.0,2495998.0,2025-07-16 11:03:43.861677
2025-07-16,98577,2025071603000109,KSBBL,Sewa Securities Pvt. Ltd.,INDEX SECURITIES LIMITED,200,499.0,99800.0,2025-07-16 11:03:44.764722
2025-07-16,98532,2025071603000116,KSBBL,Sewa Securities Pvt. Ltd.,Premier Securities Company Ltd.,21,498.9,10476.9,2025-07-16 11:03:55.821257
2025-07-16,98531,2025071603000117,KSBBL,Sewa Securities Pvt. Ltd.,INDEX SECURITIES LIMITED,79,499.0,39421.0,2025-07-16 11:03:55.821403
2025-07-16,97976,2025071603000227,KSBBL,Sharepro Securities Private Limited,Himalayan Brokerage Company Limited,200,495.0,99000.0,2025-07-16 11:05:59.589973
2025-07-16,97975,2025071603000228,KSBBL,Sharepro Securities Private Limited,Nepal Stock House (PVT) Ltd.,50,497.0,24850.0,2025-07-16 11:05:59.590015
2025-07-16,97974,2025071603000229,KSBBL,Sharepro Securities Private Limited,Naasa Securities Co. Ltd.,56,497.0,27832.0,2025-07-16 11:05:59.590048
2025-07-16,97973,2025071603000230,KSBBL,Sharepro Securities Private Limited,Naasa Securities Co. Ltd.,129,497.9,64229.1,2025-07-16 11:05:59.590085
2025-07-16,97972,2025071603000231,KSBBL,Sharepro Securities Private Limited,Midas Stock Broking Company Private Limited,200,498.0,99600.0,2025-07-16 11:05:59.590128
2025-07-16,97971,2025071603000232,KSBBL,Sharepro Securities Private Limited,Trademow Securities Private Limited,500,498.9,249450.0,2025-07-16 11:05:59.590182
2025-07-16,97970,2025071603000233,KSBBL,Sharepro Securities Private Limited,INDEX SECURITIES LIMITED,907,499.0,452593.0,2025-07-16 11:05:59.590204
2025-07-16,97969,2025071603000234,KSBBL,Sharepro Securities Private Limited,Vision Securities Pvt. Ltd,958,499.0,478042.0,2025-07-16 11:05:59.590226
2025-07-16,97542,2025071603000309,KSBBL,Blue Chip Securities Ltd,Dynamic Money Managers Securities Pvt. Ltd.,100,490.0,49000.0,2025-07-16 11:07:22.696080
2025-07-16,97541,2025071603000310,KSBBL,Creative Securities Pvt Ltd,Dynamic Money Managers Securities Pvt. Ltd.,500,490.0,245000.0,2025-07-16 11:07:22.696184
2025-07-16,97107,2025071603000426,KSBBL,Sewa Securities Pvt. Ltd.,Dynamic Money Managers Securities Pvt. Ltd.,100,489.2,48920.0,2025-07-16 11:08:23.800940
2025-07-16,97106,2025071603000427,KSBBL,Linch Stock Market Ltd.,Dynamic Money Managers Securities Pvt. Ltd.,100,489.2,48920.0,2025-07-16 11:08:23.801020
2025-07-16,97105,2025071603000428,KSBBL,Neev Securities Pvt. Ltd.,Dynamic Money Managers Securities Pvt. Ltd.,300,488.0,146400.0,2025-07-16 11:08:23.801092
2025-07-16,97104,2025071603000429,KSBBL,Infinity Securities Limited,Dynamic Money Managers Securities Pvt. Ltd.,500,485.1,242550.0,2025-07-16 11:08:23.801130
2025-07-16,97103,2025071603000430,KSBBL,Dakshinkali Investment & Securities Pvt. Ltd.,Dynamic Money Managers Securities Pvt. Ltd.,98000,485.0,47530000.0,2025-07-16 11:08:23.801170
2025-07-16,95929,2025071603000632,KSBBL,Blue Chip Securities Ltd,Trishakti Securities Public Limited,2000,492.0,984000.0,2025-07-16 11:11:42.315522
2025-07-16,95841,2025071603000648,KSBBL,Kumari Securities Private Limited,Dynamic Money Managers Securities Pvt. Ltd.,500,487.0,243500.0,2025-07-16 11:11:56.115572
2025-07-16,95840,2025071603000649,KSBBL,SUN SECURITIES PVT LTD,Dynamic Money Managers Securities Pvt. Ltd.,102,486.4,49612.8,2025-07-16 11:11:56.115676
2025-07-16,95839,2025071603000650,KSBBL,Aakashbhairab Securities Ltd.,Dynamic Money Managers Securities Pvt. Ltd.,1000,486.3,486300.0,2025-07-16 11:11:56.115718
2025-07-16,95838,2025071603000651,KSBBL,Nepal Stock House (PVT) Ltd.,Dynamic Money Managers Securities Pvt. Ltd.,100,486.3,48630.0,2025-07-16 11:11:56.115759
2025-07-16,95837,2025071603000652,KSBBL,Blue Chip Securities Ltd,Dynamic Money Managers Securities Pvt. Ltd.,500,486.2,243100.0,2025-07-16 11:11:56.115800
2025-07-16,95836,2025071603000653,KSBBL,Sani Securities Company Ltd.,Dynamic Money Managers Securities Pvt. Ltd.,240,486.1,116664.0,2025-07-16 11:11:56.115843
2025-07-16,95835,2025071603000654,KSBBL,Nepal Stock House (PVT) Ltd.,Dynamic Money Managers Securities Pvt. Ltd.,200,486.1,97220.0,2025-07-16 11:11:56.115885
2025-07-16,95834,2025071603000655,KSBBL,Siprabi Securities Pvt. Ltd.,Dynamic Money Managers Securities Pvt. Ltd.,35,486.1,17013.5,2025-07-16 11:11:56.115924
2025-07-16,95833,2025071603000656,KSBBL,Dipshikha Dhitopatra Karobar Co. Pvt Ltd.,Dynamic Money Managers Securities Pvt. Ltd.,1000,485.2,485200.0,2025-07-16 11:11:56.116014
2025-07-16,95832,2025071603000657,KSBBL,Secured Securities Ltd.,Dynamic Money Managers Securities Pvt. Ltd.,26323,485.2,12771919.6,2025-07-16 11:11:56.116088
2025-07-16,95038,2025071603000852,KSBBL,Siprabi Securities Pvt. Ltd.,SHUBHAKAMANA SECURITIES PVT. LTD,500,493.0,246500.0,2025-07-16 11:13:47.888857
2025-07-16,94856,2025071603000899,KSBBL,Dipshikha Dhitopatra Karobar Co. Pvt Ltd.,Dynamic Money Managers Securities Pvt. Ltd.,100,493.0,49300.0,2025-07-16 11:14:20.538167
2025-07-16,94691,2025071603000917,KSBBL,Trisul Securities & Invt. Ltd.,Dynamic Money Managers Securities Pvt. Ltd.,1500,493.0,739500.0,2025-07-16 11:14:46.125517
2025-07-16,94664,2025071603000920,KSBBL,Bhrikuti Stock Broking Co. Pvt. Ltd.,Dynamic Money Managers Securities Pvt. Ltd.,10,493.0,4930.0,2025-07-16 11:14:52.042860
2025-07-16,94605,2025071603000936,KSBBL,Magnet Securities and Investment Company Private Limited,Dynamic Money Managers Securities Pvt. Ltd.,1000,493.0,493000.0,2025-07-16 11:15:01.221306
2025-07-16,94570,2025071603000940,KSBBL,Aakashbhairab Securities Ltd.,Dynamic Money Managers Securities Pvt. Ltd.,390,493.0,192270.0,2025-07-16 11:15:08.838163
2025-07-16,94541,2025071603000943,KSBBL,Aakashbhairab Securities Ltd.,Investment Management Nepal Pvt. Ltd.,1000,493.0,493000.0,2025-07-16 11:15:12.057767
2025-07-16,94518,2025071603000945,KSBBL,Shree Krishna Securities Ltd.,Vision Securities Pvt. Ltd,500,494.0,247000.0,2025-07-16 11:15:15.638222
2025-07-16,94517,2025071603000946,KSBBL,Shree Krishna Securities Ltd.,Secured Securities Ltd.,20,494.0,9880.0,2025-07-16 11:15:15.638262
2025-07-16,94516,2025071603000947,KSBBL,Shree Krishna Securities Ltd.,Opal Securities Investment (PVT) Ltd.,480,494.6,237408.0,2025-07-16 11:15:15.638296
2025-07-16,94283,2025071603000991,KSBBL,Trishakti Securities Public Limited,Agrawal Securities (PVT) Ltd.,100,494.0,49400.0,2025-07-16 11:16:01.690488
2025-07-16,94282,2025071603000992,KSBBL,Trishakti Securities Public Limited,Opal Securities Investment (PVT) Ltd.,75,494.6,37095.0,2025-07-16 11:16:01.690598
2025-07-16,94281,2025071603000993,KSBBL,Trishakti Securities Public Limited,Primo Securities (PVT) Ltd.,263,494.7,130106.1,2025-07-16 11:16:01.690674
2025-07-16,94280,2025071603000994,KSBBL,Trishakti Securities Public Limited,ABC Securities Private Limited,500,494.7,247350.0,2025-07-16 11:16:01.690742
2025-07-16,94279,2025071603000995,KSBBL,Trishakti Securities Public Limited,Oxford Securities Pvt. Ltd.,55,494.7,27208.5,2025-07-16 11:16:01.690809
2025-07-16,94224,2025071603000997,KSBBL,Asian Securities Private Ltd.,Neev Securities Pvt. Ltd.,100,495.0,49500.0,2025-07-16 11:16:10.530572
2025-07-16,93707,2025071603001069,KSBBL,Sani Securities Company Ltd.,Himalayan Brokerage Company Limited,200,496.9,99380.0,2025-07-16 11:17:24.481814
2025-07-16,93669,2025071603001076,KSBBL,Opal Securities Investment (PVT) Ltd.,Himalayan Brokerage Company Limited,100,496.9,49690.0,2025-07-16 11:17:31.922406
2025-07-16,93668,2025071603001077,KSBBL,Opal Securities Investment (PVT) Ltd.,Investment Management Nepal Pvt. Ltd.,400,496.9,198760.0,2025-07-16 11:17:31.922541
2025-07-16,93510,2025071603001098,KSBBL,Creative Securities Pvt Ltd,Sharepro Securities Private Limited,500,495.1,247550.0,2025-07-16 11:18:00.336782
2025-07-16,93509,2025071603001099,KSBBL,Siprabi Securities Pvt. Ltd.,Sharepro Securities Private Limited,550,495.0,272250.0,2025-07-16 11:18:00.336858
2025-07-16,93458,2025071603001107,KSBBL,Premier Securities Company Ltd.,Nepal Stock House (PVT) Ltd.,108,496.0,53568.0,2025-07-16 11:18:09.830765
2025-07-16,93379,2025071603001121,KSBBL,Premier Securities Company Ltd.,Trishakti Securities Public Limited,392,496.0,194432.0,2025-07-16 11:18:24.599182
2025-07-16,93378,2025071603001122,KSBBL,Siprabi Securities Pvt. Ltd.,Trishakti Securities Public Limited,500,495.0,247500.0,2025-07-16 11:18:24.599331
2025-07-16,92886,2025071603001261,KSBBL,J.F. Securites (PVT) Ltd.,Neev Securities Pvt. Ltd.,10,495.0,4950.0,2025-07-16 11:20:02.269898
2025-07-16,92510,2025071603001332,KSBBL,Midas Stock Broking Company Private Limited,Trishakti Securities Public Limited,1000,496.0,496000.0,2025-07-16 11:21:11.004365
2025-07-16,92502,2025071603001333,KSBBL,Dipshikha Dhitopatra Karobar Co. Pvt Ltd.,Neev Securities Pvt. Ltd.,42,495.0,20790.0,2025-07-16 11:21:11.563801
2025-07-16,92501,2025071603001334,KSBBL,Dipshikha Dhitopatra Karobar Co. Pvt Ltd.,Primo Securities (PVT) Ltd.,58,495.0,28710.0,2025-07-16 11:21:12.697847
2025-07-16,92486,2025071603001336,KSBBL,Market Securities & Exchange (PVT) Ltd.,Primo Securities (PVT) Ltd.,16,495.0,7920.0,2025-07-16 11:21:16.084390
2025-07-16,92399,2025071603001370,KSBBL,Naasa Securities Co. Ltd.,Primo Securities (PVT) Ltd.,426,494.0,210444.0,2025-07-16 11:21:27.762067
2025-07-16,92060,2025071603001420,KSBBL,Midas Stock Broking Company Private Limited,Trishakti Securities Public Limited,108,496.0,53568.0,2025-07-16 11:22:24.292324
2025-07-16,91827,2025071603001469,KSBBL,Online Securities Pvt. Ltd.,Premier Securities Company Ltd.,100,496.1,49610.0,2025-07-16 11:22:56.494250
2025-07-16,91807,2025071603001473,KSBBL,Aakashbhairab Securities Ltd.,Investment Management Nepal Pvt. Ltd.,600,496.9,298140.0,2025-07-16 11:22:59.520534
2025-07-16,91738,2025071603001486,KSBBL,Aakashbhairab Securities Ltd.,ABC Securities Private Limited,400,496.9,198760.0,2025-07-16 11:23:13.989386
2025-07-16,91737,2025071603001487,KSBBL,Sani Securities Company Ltd.,ABC Securities Private Limited,1000,496.9,496900.0,2025-07-16 11:23:13.989549
2025-07-16,91736,2025071603001488,KSBBL,Online Securities Pvt. Ltd.,ABC Securities Private Limited,900,496.1,446490.0,2025-07-16 11:23:13.989607
2025-07-16,91735,2025071603001489,KSBBL,Midas Stock Broking Company Private Limited,ABC Securities Private Limited,700,496.0,347200.0,2025-07-16 11:23:13.989663
2025-07-16,91658,2025071603001503,KSBBL,Midas Stock Broking Company Private Limited,Investment Management Nepal Pvt. Ltd.,192,496.0,95232.0,2025-07-16 11:23:23.910893
2025-07-16,91657,2025071603001504,KSBBL,Midas Stock Broking Company Private Limited,Investment Management Nepal Pvt. Ltd.,700,496.0,347200.0,2025-07-16 11:23:23.911055
2025-07-16,91656,2025071603001505,KSBBL,SUN SECURITIES PVT LTD,Investment Management Nepal Pvt. Ltd.,108,496.0,53568.0,2025-07-16 11:23:23.911113
2025-07-16,91571,2025071603001519,KSBBL,SUN SECURITIES PVT LTD,Investment Management Nepal Pvt. Ltd.,300,496.0,148800.0,2025-07-16 11:23:40.079842
2025-07-16,91258,2025071603001612,KSBBL,Sharepro Securities Private Limited,Miyo Securities Pvt Ltd,50,498.7,24935.0,2025-07-16 11:24:29.981802
2025-07-16,91257,2025071603001613,KSBBL,Sharepro Securities Private Limited,Capital Max Securities Ltd,176,498.8,87788.8,2025-07-16 11:24:29.981934
2025-07-16,91256,2025071603001614,KSBBL,Sharepro Securities Private Limited,Investment Management Nepal Pvt. Ltd.,1000,498.8,498800.0,2025-07-16 11:24:29.982008
2025-07-16,91255,2025071603001615,KSBBL,Sharepro Securities Private Limited,Bhrikuti Stock Broking Co. Pvt. Ltd.,474,498.9,236478.6,2025-07-16 11:24:29.982105
2025-07-16,91254,2025071603001616,KSBBL,Vision Securities Pvt. Ltd,Bhrikuti Stock Broking Co. Pvt. Ltd.,26,498.9,12971.4,2025-07-16 11:24:30.455807
2025-07-16,91253,2025071603001617,KSBBL,Vision Securities Pvt. Ltd,Vision Securities Pvt. Ltd,1042,499.0,519958.0,2025-07-16 11:24:30.455851
2025-07-16,91252,2025071603001618,KSBBL,Vision Securities Pvt. Ltd,Asian Securities Private Ltd.,100,499.0,49900.0,2025-07-16 11:24:30.455877
2025-07-16,91251,2025071603001619,KSBBL,Vision Securities Pvt. Ltd,Property Wiard Limited,32,499.0,15968.0,2025-07-16 11:24:30.455900
2025-07-16,91158,2025071603001648,KSBBL,Vision Securities Pvt. Ltd,Property Wiard Limited,18,499.0,8982.0,2025-07-16 11:24:49.692541
2025-07-16,91157,2025071603001649,KSBBL,Vision Securities Pvt. Ltd,K.B.L. Securities Limited ,642,499.0,320358.0,2025-07-16 11:24:49.692596
2025-07-16,91156,2025071603001650,KSBBL,Vision Securities Pvt. Ltd,Aryatara Investment & Securities,1140,499.0,568860.0,2025-07-16 11:24:49.692633
2025-07-16,90938,2025071603001683,KSBBL,Naasa Securities Co. Ltd.,Trisul Securities & Invt. Ltd.,74,498.5,36889.0,2025-07-16 11:25:22.335527
2025-07-16,90352,2025071603001815,KSBBL,Thrive Brokerage House Pvt. Ltd,Nepal Stock House (PVT) Ltd.,100,496.1,49610.0,2025-07-16 11:26:59.909098
2025-07-16,89691,2025071603001998,KSBBL,Thrive Brokerage House Pvt. Ltd,Trisul Securities & Invt. Ltd.,31,496.1,15379.1,2025-07-16 11:28:27.701652
2025-07-16,89336,2025071603002077,KSBBL,Aryatara Investment & Securities,Aryatara Investment & Securities,6,492.1,2952.6,2025-07-16 11:29:23.491698
2025-07-16,89229,2025071603002116,KSBBL,Naasa Securities Co. Ltd.,Naasa Securities Co. Ltd.,1300,498.0,647400.0,2025-07-16 11:29:40.697507
2025-07-16,87846,2025071603002416,KSBBL,Naasa Securities Co. Ltd.,Dynamic Money Managers Securities Pvt. Ltd.,80,497.0,39760.0,2025-07-16 11:33:00.826305
2025-07-16,87458,2025071603002548,KSBBL,Agrawal Securities (PVT) Ltd.,Opal Securities Investment (PVT) Ltd.,30,496.2,14886.0,2025-07-16 11:34:00.221259
2025-07-16,87457,2025071603002549,KSBBL,Thrive Brokerage House Pvt. Ltd,Opal Securities Investment (PVT) Ltd.,69,496.1,34230.9,2025-07-16 11:34:00.221422
2025-07-16,87456,2025071603002550,KSBBL,SUN SECURITIES PVT LTD,Opal Securities Investment (PVT) Ltd.,92,496.0,45632.0,2025-07-16 11:34:00.221491
2025-07-16,87455,2025071603002551,KSBBL,Vision Securities Pvt. Ltd,Opal Securities Investment (PVT) Ltd.,309,496.0,153264.0,2025-07-16 11:34:00.221556
2025-07-16,87230,2025071603002606,KSBBL,Vision Securities Pvt. Ltd,Naasa Securities Co. Ltd.,206,496.0,102176.0,2025-07-16 11:34:35.137520
2025-07-16,87229,2025071603002607,KSBBL,Naasa Securities Co. Ltd.,Naasa Securities Co. Ltd.,45,495.1,22279.5,2025-07-16 11:34:35.137869
2025-07-16,87029,2025071603002669,KSBBL,Aakashbhairab Securities Ltd.,Online Securities Pvt. Ltd.,60,496.0,29760.0,2025-07-16 11:35:11.582271
2025-07-16,86987,2025071603002684,KSBBL,Sewa Securities Pvt. Ltd.,Imperial Securities Company Pvt. Ltd.,150,496.9,74535.0,2025-07-16 11:35:16.712412
2025-07-16,86972,2025071603002687,KSBBL,Shree Krishna Securities Ltd.,Imperial Securities Company Pvt. Ltd.,850,496.9,422365.0,2025-07-16 11:35:20.559532
2025-07-16,86971,2025071603002688,KSBBL,Shree Krishna Securities Ltd.,Dynamic Money Managers Securities Pvt. Ltd.,4920,497.0,2445240.0,2025-07-16 11:35:20.559695
2025-07-16,86970,2025071603002689,KSBBL,Shree Krishna Securities Ltd.,Dipshikha Dhitopatra Karobar Co. Pvt Ltd.,1000,498.0,498000.0,2025-07-16 11:35:20.559760
2025-07-16,86768,2025071603002750,KSBBL,Shree Krishna Securities Ltd.,Trisul Securities & Invt. Ltd.,14,498.0,6972.0,2025-07-16 11:35:54.021678
2025-07-16,86753,2025071603002753,KSBBL,Shree Krishna Securities Ltd.,Sharepro Securities Private Limited,1216,498.0,605568.0,2025-07-16 11:35:56.056165
2025-07-16,86752,2025071603002754,KSBBL,Sewa Securities Pvt. Ltd.,Sharepro Securities Private Limited,50,497.0,24850.0,2025-07-16 11:35:56.056212
2025-07-16,86751,2025071603002755,KSBBL,Aakashbhairab Securities Ltd.,Sharepro Securities Private Limited,50,496.0,24800.0,2025-07-16 11:35:56.056238
2025-07-16,86750,2025071603002756,KSBBL,Secured Securities Ltd.,Sharepro Securities Private Limited,300,495.0,148500.0,2025-07-16 11:35:56.056264
2025-07-16,86749,2025071603002757,KSBBL,Dipshikha Dhitopatra Karobar Co. Pvt Ltd.,Sharepro Securities Private Limited,100,495.0,49500.0,2025-07-16 11:35:56.056299
2025-07-16,86748,2025071603002758,KSBBL,Sewa Securities Pvt. Ltd.,Sharepro Securities Private Limited,50,495.0,24750.0,2025-07-16 11:35:56.056322
2025-07-16,86747,2025071603002759,KSBBL,Siprabi Securities Pvt. Ltd.,Sharepro Securities Private Limited,30,495.0,14850.0,2025-07-16 11:35:56.056345
2025-07-16,86746,2025071603002760,KSBBL,Sewa Securities Pvt. Ltd.,Sharepro Securities Private Limited,150,495.0,74250.0,2025-07-16 11:35:56.056368
2025-07-16,86745,2025071603002761,KSBBL,Naasa Securities Co. Ltd.,Sharepro Securities Private Limited,15,495.0,7425.0,2025-07-16 11:35:56.056391
2025-07-16,86744,2025071603002762,KSBBL,Blue Chip Securities Ltd,Sharepro Securities Private Limited,39,494.2,19273.8,2025-07-16 11:35:56.056414
2025-07-16,86066,2025071603002914,KSBBL,Naasa Securities Co. Ltd.,Secured Securities Ltd.,200,498.0,99600.0,2025-07-16 11:37:48.358455
2025-07-16,86065,2025071603002915,KSBBL,Naasa Securities Co. Ltd.,Imperial Securities Company Pvt. Ltd.,500,498.0,249000.0,2025-07-16 11:37:48.358635
2025-07-16,86064,2025071603002916,KSBBL,Naasa Securities Co. Ltd.,Linch Stock Market Ltd.,215,498.5,107177.5,2025-07-16 11:37:48.358718
2025-07-16,86063,2025071603002917,KSBBL,Naasa Securities Co. Ltd.,Online Securities Pvt. Ltd.,50,498.5,24925.0,2025-07-16 11:37:48.358791
2025-07-16,86062,2025071603002918,KSBBL,Naasa Securities Co. Ltd.,Naasa Securities Co. Ltd.,34,498.7,16955.8,2025-07-16 11:37:48.358864
2025-07-16,86061,2025071603002919,KSBBL,Naasa Securities Co. Ltd.,Creative Securities Pvt Ltd,28,498.8,13966.4,2025-07-16 11:37:48.358966
2025-07-16,86060,2025071603002920,KSBBL,Naasa Securities Co. Ltd.,Bhrikuti Stock Broking Co. Pvt. Ltd.,100,498.8,49880.0,2025-07-16 11:37:48.359061
2025-07-16,86059,2025071603002921,KSBBL,Naasa Securities Co. Ltd.,Trisul Securities & Invt. Ltd.,558,498.8,278330.4,2025-07-16 11:37:48.359140
2025-07-16,86058,2025071603002922,KSBBL,Naasa Securities Co. Ltd.,Investment Management Nepal Pvt. Ltd.,1000,498.9,498900.0,2025-07-16 11:37:48.359212
2025-07-16,86057,2025071603002923,KSBBL,Naasa Securities Co. Ltd.,Bhrikuti Stock Broking Co. Pvt. Ltd.,500,498.9,249450.0,2025-07-16 11:37:48.359314
2025-07-16,86056,2025071603002924,KSBBL,Naasa Securities Co. Ltd.,Aryatara Investment & Securities,6815,499.0,3400685.0,2025-07-16 11:37:48.359385
2025-07-16,86029,2025071603002929,KSBBL,Naasa Securities Co. Ltd.,Aryatara Investment & Securities,2045,499.0,1020455.0,2025-07-16 11:37:52.968352
2025-07-16,86028,2025071603002930,KSBBL,Naasa Securities Co. Ltd.,Aryatara Investment & Securities,5000,499.0,2495000.0,2025-07-16 11:37:52.968508
2025-07-16,86027,2025071603002931,KSBBL,Naasa Securities Co. Ltd.,Vision Securities Pvt. Ltd,62,499.0,30938.0,2025-07-16 11:37:52.968575
2025-07-16,86026,2025071603002932,KSBBL,Naasa Securities Co. Ltd.,Vision Securities Pvt. Ltd,100,499.0,49900.0,2025-07-16 11:37:52.968638
2025-07-16,86025,2025071603002933,KSBBL,Naasa Securities Co. Ltd.,Vision Securities Pvt. Ltd,44,499.0,21956.0,2025-07-16 11:37:52.968700
2025-07-16,86024,2025071603002934,KSBBL,Naasa Securities Co. Ltd.,Naasa Securities Co. Ltd.,128,499.8,63974.4,2025-07-16 11:37:52.968763
2025-07-16,86023,2025071603002935,KSBBL,Naasa Securities Co. Ltd.,Online Securities Pvt. Ltd.,50,499.9,24995.0,2025-07-16 11:37:52.968828
2025-07-16,86022,2025071603002936,KSBBL,Naasa Securities Co. Ltd.,Nepal Stock House (PVT) Ltd.,10,500.0,5000.0,2025-07-16 11:37:52.968891
2025-07-16,86021,2025071603002937,KSBBL,Naasa Securities Co. Ltd.,Opal Securities Investment (PVT) Ltd.,52,500.0,26000.0,2025-07-16 11:37:52.968952
2025-07-16,86020,2025071603002938,KSBBL,Naasa Securities Co. Ltd.,Nepal Investment And Securities Trading Private Limited,100,500.0,50000.0,2025-07-16 11:37:52.969067
2025-07-16,86019,2025071603002939,KSBBL,Naasa Securities Co. Ltd.,Trisul Securities & Invt. Ltd.,50,500.0,25000.0,2025-07-16 11:37:52.969169
2025-07-16,86018,2025071603002940,KSBBL,Naasa Securities Co. Ltd.,KALASH STOCK MARKET PVT. LTD.,1000,500.0,500000.0,2025-07-16 11:37:52.969229
2025-07-16,86017,2025071603002941,KSBBL,Naasa Securities Co. Ltd.,KALASH STOCK MARKET PVT. LTD.,1000,500.0,500000.0,2025-07-16 11:37:52.969291
2025-07-16,86016,2025071603002942,KSBBL,Naasa Securities Co. Ltd.,Asian Securities Private Ltd.,359,500.0,179500.0,2025-07-16 11:37:52.969350
2025-07-16,85948,2025071603002967,KSBBL,Aryatara Investment & Securities,Aryatara Investment & Securities,1,492.1,492.1,2025-07-16 11:38:03.717308
2025-07-16,85902,2025071603002979,KSBBL,Naasa Securities Co. Ltd.,Asian Securities Private Ltd.,96,500.0,48000.0,2025-07-16 11:38:12.059118
2025-07-16,85901,2025071603002980,KSBBL,Naasa Securities Co. Ltd.,KALASH STOCK MARKET PVT. LTD.,1000,501.0,501000.0,2025-07-16 11:38:12.059268
2025-07-16,85900,2025071603002981,KSBBL,Naasa Securities Co. Ltd.,Global IME Securities Limited,100,502.0,50200.0,2025-07-16 11:38:12.059332
2025-07-16,85899,2025071603002982,KSBBL,Naasa Securities Co. Ltd.,KALASH STOCK MARKET PVT. LTD.,804,502.0,403608.0,2025-07-16 11:38:12.059394
2025-07-16,85633,2025071603003020,KSBBL,Nepal Investment And Securities Trading Private Limited,Sharepro Securities Private Limited,120,498.0,59760.0,2025-07-16 11:38:31.788051
2025-07-16,85514,2025071603003079,KSBBL,Siprabi Securities Pvt. Ltd.,Sharepro Securities Private Limited,500,497.0,248500.0,2025-07-16 11:38:44.891322
2025-07-16,85494,2025071603003089,KSBBL,Nepal Stock House (PVT) Ltd.,Sharepro Securities Private Limited,4380,497.0,2176860.0,2025-07-16 11:38:48.363142
2025-07-16,85317,2025071603003134,KSBBL,Sweta Securities Private Limited,KALASH STOCK MARKET PVT. LTD.,196,502.0,98392.0,2025-07-16 11:39:13.599150
2025-07-16,85081,2025071603003168,KSBBL,Opal Securities Investment (PVT) Ltd.,Imperial Securities Company Pvt. Ltd.,100,502.8,50280.0,2025-07-16 11:39:42.363239
2025-07-16,84984,2025071603003186,KSBBL,Trishakti Securities Public Limited,Sharepro Securities Private Limited,300,500.0,150000.0,2025-07-16 11:39:58.288401
2025-07-16,84983,2025071603003187,KSBBL,Sharepro Securities Private Limited,Sharepro Securities Private Limited,50,499.0,24950.0,2025-07-16 11:39:58.288451
2025-07-16,84982,2025071603003188,KSBBL,Creative Securities Pvt Ltd,Sharepro Securities Private Limited,500,498.0,249000.0,2025-07-16 11:39:58.288474
2025-07-16,84981,2025071603003189,KSBBL,Naasa Securities Co. Ltd.,Sharepro Securities Private Limited,9150,498.0,4556700.0,2025-07-16 11:39:58.288495
2025-07-16,84097,2025071603003366,KSBBL,Opal Securities Investment (PVT) Ltd.,Dynamic Money Managers Securities Pvt. Ltd.,100,498.4,49840.0,2025-07-16 11:41:51.594827
2025-07-16,84096,2025071603003367,KSBBL,INDEX SECURITIES LIMITED,Dynamic Money Managers Securities Pvt. Ltd.,100,498.4,49840.0,2025-07-16 11:41:51.595174
2025-07-16,84095,2025071603003368,KSBBL,Siprabi Securities Pvt. Ltd.,Dynamic Money Managers Securities Pvt. Ltd.,500,498.3,249150.0,2025-07-16 11:41:51.595377
2025-07-16,84094,2025071603003369,KSBBL,Swarna Laxmi Securities Pvt. Ltd.,Dynamic Money Managers Securities Pvt. Ltd.,55,498.3,27406.5,2025-07-16 11:41:51.595575
2025-07-16,84093,2025071603003370,KSBBL,INDEX SECURITIES LIMITED,Dynamic Money Managers Securities Pvt. Ltd.,150,498.2,74730.0,2025-07-16 11:41:51.595760
2025-07-16,84092,2025071603003371,KSBBL,Neev Securities Pvt. Ltd.,Dynamic Money Managers Securities Pvt. Ltd.,90,498.2,44838.0,2025-07-16 11:41:51.595960
2025-07-16,84091,2025071603003372,KSBBL,Online Securities Pvt. Ltd.,Dynamic Money Managers Securities Pvt. Ltd.,1000,498.1,498100.0,2025-07-16 11:41:51.596167
2025-07-16,84090,2025071603003373,KSBBL,SHUBHAKAMANA SECURITIES PVT. LTD,Dynamic Money Managers Securities Pvt. Ltd.,2500,498.1,1245250.0,2025-07-16 11:41:51.596349
2025-07-16,84089,2025071603003374,KSBBL,Naasa Securities Co. Ltd.,Dynamic Money Managers Securities Pvt. Ltd.,505,498.0,251490.0,2025-07-16 11:41:51.596602
2025-07-16,84040,2025071603003379,KSBBL,Sharepro Securities Private Limited,Primo Securities (PVT) Ltd.,100,503.0,50300.0,2025-07-16 11:41:56.667939
2025-07-16,84039,2025071603003380,KSBBL,Sharepro Securities Private Limited,Oxford Securities Pvt. Ltd.,470,503.0,236410.0,2025-07-16 11:41:56.667988
2025-07-16,84038,2025071603003381,KSBBL,Sharepro Securities Private Limited,KALASH STOCK MARKET PVT. LTD.,1000,503.0,503000.0,2025-07-16 11:41:56.668036
2025-07-16,84037,2025071603003382,KSBBL,Sharepro Securities Private Limited,KALASH STOCK MARKET PVT. LTD.,500,503.0,251500.0,2025-07-16 11:41:56.668075
2025-07-16,84036,2025071603003383,KSBBL,Sharepro Securities Private Limited,Aryatara Investment & Securities,1000,503.0,503000.0,2025-07-16 11:41:56.668099
2025-07-16,84035,2025071603003384,KSBBL,Sharepro Securities Private Limited,Opal Securities Investment (PVT) Ltd.,17,504.0,8568.0,2025-07-16 11:41:56.668123
2025-07-16,84034,2025071603003385,KSBBL,Sharepro Securities Private Limited,ABC Securities Private Limited,500,504.0,252000.0,2025-07-16 11:41:56.668153
2025-07-16,84033,2025071603003386,KSBBL,Sharepro Securities Private Limited,Global IME Securities Limited,100,504.0,50400.0,2025-07-16 11:41:56.668178
2025-07-16,84032,2025071603003387,KSBBL,Sharepro Securities Private Limited,Primo Securities (PVT) Ltd.,162,504.0,81648.0,2025-07-16 11:41:56.668203
2025-07-16,84031,2025071603003388,KSBBL,Sharepro Securities Private Limited,Ashutosh Brokerage & Securities (PVT) Ltd.,150,504.0,75600.0,2025-07-16 11:41:56.668229
2025-07-16,84030,2025071603003389,KSBBL,Sharepro Securities Private Limited,Deevyaa Securities & Stock House Pvt. Ltd,666,504.0,335664.0,2025-07-16 11:41:56.668254
2025-07-16,84029,2025071603003390,KSBBL,Sharepro Securities Private Limited,Oxford Securities Pvt. Ltd.,300,504.0,151200.0,2025-07-16 11:41:56.668282
2025-07-16,84028,2025071603003391,KSBBL,Sharepro Securities Private Limited,KALASH STOCK MARKET PVT. LTD.,35,504.0,17640.0,2025-07-16 11:41:56.668316
2025-07-16,83733,2025071603003443,KSBBL,Bhrikuti Stock Broking Co. Pvt. Ltd.,Kohinoor Investment & Securities Pvt. Ltd.,11,498.4,5482.4,2025-07-16 11:42:24.443079
2025-07-16,83341,2025071603003527,KSBBL,Sipla Securities Private Limited,Sumeru Securities Pvt. Ltd.,1000,499.0,499000.0,2025-07-16 11:43:17.829635
2025-07-16,82219,2025071603003771,KSBBL,Agrawal Securities (PVT) Ltd.,Sani Securities Company Ltd.,10,500.0,5000.0,2025-07-16 11:45:27.710132
2025-07-16,81843,2025071603003844,KSBBL,Sani Securities Company Ltd.,KALASH STOCK MARKET PVT. LTD.,465,500.1,232546.5,2025-07-16 11:46:13.759366
2025-07-16,81679,2025071603003903,KSBBL,Sani Securities Company Ltd.,Siprabi Securities Pvt. Ltd.,300,500.1,150030.0,2025-07-16 11:46:27.299177
2025-07-16,80855,2025071603004153,KSBBL,Asian Securities Private Ltd.,Online Securities Pvt. Ltd.,100,501.0,50100.0,2025-07-16 11:48:24.981203
2025-07-16,80854,2025071603004154,KSBBL,Capital Max Securities Ltd,Online Securities Pvt. Ltd.,20,501.0,10020.0,2025-07-16 11:48:24.981403
2025-07-16,80853,2025071603004155,KSBBL,Sani Securities Company Ltd.,Online Securities Pvt. Ltd.,235,500.1,117523.5,2025-07-16 11:48:24.981483
2025-07-16,80852,2025071603004156,KSBBL,Agrawal Securities (PVT) Ltd.,Online Securities Pvt. Ltd.,190,500.0,95000.0,2025-07-16 11:48:24.981558
2025-07-16,80851,2025071603004157,KSBBL,Naasa Securities Co. Ltd.,Online Securities Pvt. Ltd.,390,500.0,195000.0,2025-07-16 11:48:24.981630
2025-07-16,80850,2025071603004158,KSBBL,Vision Securities Pvt. Ltd,Online Securities Pvt. Ltd.,500,499.5,249750.0,2025-07-16 11:48:24.981701
2025-07-16,80849,2025071603004159,KSBBL,Oxford Securities Pvt. Ltd.,Online Securities Pvt. Ltd.,500,499.1,249550.0,2025-07-16 11:48:24.981775
2025-07-16,80848,2025071603004160,KSBBL,Nepal Investment And Securities Trading Private Limited,Online Securities Pvt. Ltd.,100,499.0,49900.0,2025-07-16 11:48:24.981865
2025-07-16,80847,2025071603004161,KSBBL,Nepal Stock House (PVT) Ltd.,Online Securities Pvt. Ltd.,500,499.0,249500.0,2025-07-16 11:48:24.981939
2025-07-16,80846,2025071603004162,KSBBL,Nabil Stock Dealer Ltd.,Online Securities Pvt. Ltd.,465,499.0,232035.0,2025-07-16 11:48:24.982006
2025-07-16,80786,2025071603004189,KSBBL,Trishakti Securities Public Limited,Sani Securities Company Ltd.,10,500.0,5000.0,2025-07-16 11:48:34.215585
2025-07-16,80785,2025071603004190,KSBBL,Trishakti Securities Public Limited,Trisul Securities & Invt. Ltd.,100,503.0,50300.0,2025-07-16 11:48:34.215634
2025-07-16,80784,2025071603004191,KSBBL,Trishakti Securities Public Limited,Agrawal Securities (PVT) Ltd.,11,503.5,5538.5,2025-07-16 11:48:34.215655
2025-07-16,80783,2025071603004192,KSBBL,Trishakti Securities Public Limited,Nepal Stock House (PVT) Ltd.,379,503.5,190826.5,2025-07-16 11:48:34.215676
2025-07-16,80698,2025071603004215,KSBBL,Nabil Stock Dealer Ltd.,Online Securities Pvt. Ltd.,35,499.0,17465.0,2025-07-16 11:48:48.210352
2025-07-16,80697,2025071603004216,KSBBL,Capital Max Securities Ltd,Online Securities Pvt. Ltd.,200,499.0,99800.0,2025-07-16 11:48:48.210535
2025-07-16,80696,2025071603004217,KSBBL,Dipshikha Dhitopatra Karobar Co. Pvt Ltd.,Online Securities Pvt. Ltd.,100,499.0,49900.0,2025-07-16 11:48:48.210609
2025-07-16,80695,2025071603004218,KSBBL,Sipla Securities Private Limited,Online Securities Pvt. Ltd.,334,499.0,166666.0,2025-07-16 11:48:48.210686
2025-07-16,80441,2025071603004269,KSBBL,Imperial Securities Company Pvt. Ltd.,Opal Securities Investment (PVT) Ltd.,100,500.0,50000.0,2025-07-16 11:49:29.433802
2025-07-16,80150,2025071603004334,KSBBL,Thrive Brokerage House Pvt. Ltd,Opal Securities Investment (PVT) Ltd.,100,500.0,50000.0,2025-07-16 11:50:12.990584
2025-07-16,80026,2025071603004353,KSBBL,Thrive Brokerage House Pvt. Ltd,Vision Securities Pvt. Ltd,50,500.0,25000.0,2025-07-16 11:50:32.184326
2025-07-16,80025,2025071603004354,KSBBL,Sipla Securities Private Limited,Vision Securities Pvt. Ltd,166,499.0,82834.0,2025-07-16 11:50:32.184447
2025-07-16,80024,2025071603004355,KSBBL,Imperial Securities Company Pvt. Ltd.,Vision Securities Pvt. Ltd,1784,499.0,890216.0,2025-07-16 11:50:32.184517
2025-07-16,79487,2025071603004478,KSBBL,Naasa Securities Co. Ltd.,Sharepro Securities Private Limited,1000,500.0,500000.0,2025-07-16 11:51:42.794954
2025-07-16,79124,2025071603004559,KSBBL,Cristal Kanchanjanga Securites Pvt. Ltd.,Sharepro Securities Private Limited,100,499.1,49910.0,2025-07-16 11:52:38.046233
2025-07-16,79123,2025071603004560,KSBBL,Imperial Securities Company Pvt. Ltd.,Sharepro Securities Private Limited,216,499.0,107784.0,2025-07-16 11:52:38.046328
2025-07-16,79122,2025071603004561,KSBBL,INDEX SECURITIES LIMITED,Sharepro Securities Private Limited,1684,499.0,840316.0,2025-07-16 11:52:38.046355
2025-07-16,78938,2025071603004613,KSBBL,INDEX SECURITIES LIMITED,Naasa Securities Co. Ltd.,90,499.0,44910.0,2025-07-16 11:53:15.153614
2025-07-16,78849,2025071603004628,KSBBL,SUN SECURITIES PVT LTD,Midas Stock Broking Company Private Limited,100,499.1,49910.0,2025-07-16 11:53:32.303557
2025-07-16,78848,2025071603004629,KSBBL,INDEX SECURITIES LIMITED,Midas Stock Broking Company Private Limited,226,499.0,112774.0,2025-07-16 11:53:32.303937
2025-07-16,78847,2025071603004630,KSBBL,Pragyan Securities (PVT) Ltd.,Midas Stock Broking Company Private Limited,50,498.2,24910.0,2025-07-16 11:53:32.304190
2025-07-16,78846,2025071603004631,KSBBL,Naasa Securities Co. Ltd.,Midas Stock Broking Company Private Limited,50,498.1,24905.0,2025-07-16 11:53:32.304428
2025-07-16,78845,2025071603004632,KSBBL,Online Securities Pvt. Ltd.,Midas Stock Broking Company Private Limited,10,498.1,4981.0,2025-07-16 11:53:32.304655
2025-07-16,78844,2025071603004633,KSBBL,Investment Management Nepal Pvt. Ltd.,Midas Stock Broking Company Private Limited,264,498.1,131498.4,2025-07-16 11:53:32.304882
2025-07-16,78722,2025071603004660,KSBBL,Investment Management Nepal Pvt. Ltd.,Sharepro Securities Private Limited,236,498.1,117551.6,2025-07-16 11:53:50.342864
2025-07-16,78721,2025071603004661,KSBBL,Naasa Securities Co. Ltd.,Sharepro Securities Private Limited,345,498.0,171810.0,2025-07-16 11:53:50.342930
2025-07-16,78720,2025071603004662,KSBBL,Naasa Securities Co. Ltd.,Sharepro Securities Private Limited,10000,498.0,4980000.0,2025-07-16 11:53:50.342954
2025-07-16,78077,2025071603004814,KSBBL,Vision Securities Pvt. Ltd,Opal Securities Investment (PVT) Ltd.,500,501.5,250750.0,2025-07-16 11:55:30.168489
2025-07-16,78021,2025071603004822,KSBBL,Nepal Investment And Securities Trading Private Limited,ABC Securities Private Limited,500,499.0,249500.0,2025-07-16 11:55:37.153370
2025-07-16,77351,2025071603004962,KSBBL,Cristal Kanchanjanga Securites Pvt. Ltd.,Nagarik Stock Dealer ,200,501.9,100380.0,2025-07-16 11:57:29.534252
2025-07-16,77333,2025071603004965,KSBBL,Thrive Brokerage House Pvt. Ltd,Sharepro Securities Private Limited,500,499.1,249550.0,2025-07-16 11:57:36.368494
2025-07-16,77332,2025071603004966,KSBBL,Kalika Securities Pvt. Ltd.,Sharepro Securities Private Limited,20,498.1,9962.0,2025-07-16 11:57:36.368597
2025-07-16,77331,2025071603004967,KSBBL,Creative Securities Pvt Ltd,Sharepro Securities Private Limited,500,498.0,249000.0,2025-07-16 11:57:36.368674
2025-07-16,77330,2025071603004968,KSBBL,Naasa Securities Co. Ltd.,Sharepro Securities Private Limited,99,498.0,49302.0,2025-07-16 11:57:36.368748
2025-07-16,77329,2025071603004969,KSBBL,Vision Securities Pvt. Ltd,Sharepro Securities Private Limited,400,498.0,199200.0,2025-07-16 11:57:36.368821
2025-07-16,77015,2025071603005043,KSBBL,Sani Securities Company Ltd.,Nepal Stock House (PVT) Ltd.,100,498.0,49800.0,2025-07-16 11:58:21.384677
2025-07-16,76075,2025071603005299,KSBBL,Kumari Securities Private Limited,Sharepro Securities Private Limited,500,498.1,249050.0,2025-07-16 12:00:39.207002
2025-07-16,76074,2025071603005300,KSBBL,Sweta Securities Private Limited,Sharepro Securities Private Limited,40,498.0,19920.0,2025-07-16 12:00:39.207120
2025-07-16,76073,2025071603005301,KSBBL,Aryatara Investment & Securities,Sharepro Securities Private Limited,330,498.0,164340.0,2025-07-16 12:00:39.207215
2025-07-16,76072,2025071603005302,KSBBL,Sweta Securities Private Limited,Sharepro Securities Private Limited,10,498.0,4980.0,2025-07-16 12:00:39.207278
2025-07-16,76071,2025071603005303,KSBBL,SUN SECURITIES PVT LTD,Sharepro Securities Private Limited,200,498.0,99600.0,2025-07-16 12:00:39.207341
2025-07-16,76070,2025071603005304,KSBBL,Kalika Securities Pvt. Ltd.,Sharepro Securities Private Limited,200,497.6,99520.0,2025-07-16 12:00:39.207407
2025-07-16,76069,2025071603005305,KSBBL,Online Securities Pvt. Ltd.,Sharepro Securities Private Limited,100,497.6,49760.0,2025-07-16 12:00:39.207468
2025-07-16,75413,2025071603005436,KSBBL,Cristal Kanchanjanga Securites Pvt. Ltd.,Vision Securities Pvt. Ltd,100,498.2,49820.0,2025-07-16 12:02:26.814151
2025-07-16,75412,2025071603005437,KSBBL,Cristal Kanchanjanga Securites Pvt. Ltd.,Vision Securities Pvt. Ltd,100,498.0,49800.0,2025-07-16 12:02:26.814378
2025-07-16,75411,2025071603005438,KSBBL,Sharepro Securities Private Limited,Vision Securities Pvt. Ltd,4800,497.5,2388000.0,2025-07-16 12:02:26.814463
2025-07-16,74310,2025071603005629,KSBBL,Shree Krishna Securities Ltd.,Naasa Securities Co. Ltd.,124,500.0,62000.0,2025-07-16 12:05:06.411273
2025-07-16,74309,2025071603005630,KSBBL,Shree Krishna Securities Ltd.,KALASH STOCK MARKET PVT. LTD.,176,500.0,88000.0,2025-07-16 12:05:06.411492
2025-07-16,74143,2025071603005665,KSBBL,SHUBHAKAMANA SECURITIES PVT. LTD,KALASH STOCK MARKET PVT. LTD.,250,500.0,125000.0,2025-07-16 12:05:35.126919
2025-07-16,72817,2025071603005913,KSBBL,Online Securities Pvt. Ltd.,Opal Securities Investment (PVT) Ltd.,950,499.0,474050.0,2025-07-16 12:09:05.422125
2025-07-16,72716,2025071603005929,KSBBL,Shree Krishna Securities Ltd.,Opal Securities Investment (PVT) Ltd.,50,499.0,24950.0,2025-07-16 12:09:25.037224
2025-07-16,72715,2025071603005930,KSBBL,Shree Krishna Securities Ltd.,Online Securities Pvt. Ltd.,200,499.9,99980.0,2025-07-16 12:09:25.037477
2025-07-16,72714,2025071603005931,KSBBL,Shree Krishna Securities Ltd.,Investment Management Nepal Pvt. Ltd.,300,499.9,149970.0,2025-07-16 12:09:25.037574
2025-07-16,72713,2025071603005932,KSBBL,Shree Krishna Securities Ltd.,KALASH STOCK MARKET PVT. LTD.,450,500.0,225000.0,2025-07-16 12:09:25.037670
2025-07-16,72229,2025071603006052,KSBBL,Blue Chip Securities Ltd,KALASH STOCK MARKET PVT. LTD.,124,500.0,62000.0,2025-07-16 12:10:51.249507
2025-07-16,72228,2025071603006053,KSBBL,Blue Chip Securities Ltd,Nepal Stock House (PVT) Ltd.,100,500.0,50000.0,2025-07-16 12:10:51.249751
2025-07-16,72227,2025071603006054,KSBBL,Blue Chip Securities Ltd,Naasa Securities Co. Ltd.,250,500.0,125000.0,2025-07-16 12:10:51.249851
2025-07-16,72226,2025071603006055,KSBBL,Blue Chip Securities Ltd,Vision Securities Pvt. Ltd,200,500.0,100000.0,2025-07-16 12:10:51.249951
2025-07-16,71988,2025071603006082,KSBBL,Shree Krishna Securities Ltd.,Vision Securities Pvt. Ltd,58,501.9,29110.2,2025-07-16 12:11:26.759980
2025-07-16,71987,2025071603006083,KSBBL,Shree Krishna Securities Ltd.,Aryatara Investment & Securities,817,501.9,410052.3,2025-07-16 12:11:26.760098
2025-07-16,71986,2025071603006084,KSBBL,Shree Krishna Securities Ltd.,Vision Securities Pvt. Ltd,2000,502.0,1004000.0,2025-07-16 12:11:26.760175
2025-07-16,71985,2025071603006085,KSBBL,Shree Krishna Securities Ltd.,Aryatara Investment & Securities,125,502.0,62750.0,2025-07-16 12:11:26.760245
2025-07-16,71931,2025071603006101,KSBBL,Blue Chip Securities Ltd,Dynamic Money Managers Securities Pvt. Ltd.,102,500.0,51000.0,2025-07-16 12:11:35.113082
2025-07-16,71738,2025071603006132,KSBBL,Neev Securities Pvt. Ltd.,Neev Securities Pvt. Ltd.,2,501.0,1002.0,2025-07-16 12:12:07.445660
2025-07-16,71717,2025071603006137,KSBBL,Blue Chip Securities Ltd,Sharepro Securities Private Limited,224,500.0,112000.0,2025-07-16 12:12:12.113362
2025-07-16,71511,2025071603006170,KSBBL,Blue Chip Securities Ltd,Sani Securities Company Ltd.,115,500.0,57500.0,2025-07-16 12:13:06.618622
2025-07-16,71316,2025071603006195,KSBBL,Dipshikha Dhitopatra Karobar Co. Pvt Ltd.,Vision Securities Pvt. Ltd,100,502.0,50200.0,2025-07-16 12:13:46.331076
2025-07-16,71315,2025071603006196,KSBBL,Dipshikha Dhitopatra Karobar Co. Pvt Ltd.,Stoxkarts Securities Limited,500,502.0,251000.0,2025-07-16 12:13:46.331561
2025-07-16,71314,2025071603006197,KSBBL,Dipshikha Dhitopatra Karobar Co. Pvt Ltd.,Naasa Securities Co. Ltd.,11,502.0,5522.0,2025-07-16 12:13:46.331883
2025-07-16,71118,2025071603006212,KSBBL,Cristal Kanchanjanga Securites Pvt. Ltd.,NIMB Stock Markets Limited,100,500.1,50010.0,2025-07-16 12:14:17.197849
2025-07-16,71117,2025071603006213,KSBBL,Blue Chip Securities Ltd,NIMB Stock Markets Limited,285,500.0,142500.0,2025-07-16 12:14:17.198087
2025-07-16,70884,2025071603006230,KSBBL,Cristal Kanchanjanga Securites Pvt. Ltd.,Nepal Stock House (PVT) Ltd.,100,499.0,49900.0,2025-07-16 12:15:00.293239
2025-07-16,70810,2025071603006259,KSBBL,Trishakti Securities Public Limited,Vision Securities Pvt. Ltd,300,498.1,149430.0,2025-07-16 12:15:15.246246
2025-07-16,70809,2025071603006260,KSBBL,Dipshikha Dhitopatra Karobar Co. Pvt Ltd.,Vision Securities Pvt. Ltd,100,498.0,49800.0,2025-07-16 12:15:15.246712
2025-07-16,70808,2025071603006261,KSBBL,Naasa Securities Co. Ltd.,Vision Securities Pvt. Ltd,600,498.0,298800.0,2025-07-16 12:15:15.247045
2025-07-16,70552,2025071603006302,KSBBL,Capital Max Securities Ltd,Midas Stock Broking Company Private Limited,10,498.0,4980.0,2025-07-16 12:16:12.882599
2025-07-16,70551,2025071603006303,KSBBL,Sri Hari Securities Pvt. Ltd.,Midas Stock Broking Company Private Limited,90,497.9,44811.0,2025-07-16 12:16:12.883111
2025-07-16,69795,2025071603006475,KSBBL,Imperial Securities Company Pvt. Ltd.,Nepal Stock House (PVT) Ltd.,50,499.8,24990.0,2025-07-16 12:18:43.420442
2025-07-16,69794,2025071603006476,KSBBL,Imperial Securities Company Pvt. Ltd.,South Asian Bulls Pvt. Ltd.,40,499.9,19996.0,2025-07-16 12:18:43.420483
2025-07-16,69793,2025071603006477,KSBBL,Imperial Securities Company Pvt. Ltd.,NIMB Stock Markets Limited,210,500.0,105000.0,2025-07-16 12:18:43.420509
2025-07-16,69784,2025071603006479,KSBBL,Sani Securities Company Ltd.,Asian Securities Private Ltd.,1200,498.1,597720.0,2025-07-16 12:18:44.541285
2025-07-16,69783,2025071603006480,KSBBL,Blue Chip Securities Ltd,Asian Securities Private Ltd.,2700,498.0,1344600.0,2025-07-16 12:18:44.541324
2025-07-16,69721,2025071603006492,KSBBL,Trishakti Securities Public Limited,Asian Securities Private Ltd.,72,498.2,35870.4,2025-07-16 12:18:55.939605
2025-07-16,69652,2025071603006505,KSBBL,Imperial Securities Company Pvt. Ltd.,NIMB Stock Markets Limited,300,500.0,150000.0,2025-07-16 12:19:16.820962
2025-07-16,69568,2025071603006519,KSBBL,Agrawal Securities (PVT) Ltd.,NIMB Stock Markets Limited,20,500.0,10000.0,2025-07-16 12:19:31.906353
2025-07-16,69236,2025071603006609,KSBBL,Naasa Securities Co. Ltd.,ABC Securities Private Limited,16,499.0,7984.0,2025-07-16 12:20:32.623248
2025-07-16,69235,2025071603006610,KSBBL,Trishakti Securities Public Limited,ABC Securities Private Limited,228,498.2,113589.6,2025-07-16 12:20:32.623507
2025-07-16,69234,2025071603006611,KSBBL,Ashutosh Brokerage & Securities (PVT) Ltd.,ABC Securities Private Limited,777,498.2,387101.4,2025-07-16 12:20:32.623618
2025-07-16,69217,2025071603006617,KSBBL,Vision Securities Pvt. Ltd,NIMB Stock Markets Limited,776,500.0,388000.0,2025-07-16 12:20:41.246654
2025-07-16,69216,2025071603006618,KSBBL,Vision Securities Pvt. Ltd,Kalika Securities Pvt. Ltd.,195,500.0,97500.0,2025-07-16 12:20:41.246763
2025-07-16,69215,2025071603006619,KSBBL,Vision Securities Pvt. Ltd,Primo Securities (PVT) Ltd.,50,500.0,25000.0,2025-07-16 12:20:41.246857
2025-07-16,69184,2025071603006621,KSBBL,Nepal Stock House (PVT) Ltd.,Aryatara Investment & Securities,19,502.8,9553.2,2025-07-16 12:20:48.720123
2025-07-16,69183,2025071603006622,KSBBL,Nepal Stock House (PVT) Ltd.,Nagarik Stock Dealer ,181,502.8,91006.8,2025-07-16 12:20:48.720368
2025-07-16,68684,2025071603006736,KSBBL,Miyo Securities Pvt Ltd,Nagarik Stock Dealer ,69,502.8,34693.2,2025-07-16 12:22:42.819130
2025-07-16,68683,2025071603006737,KSBBL,Miyo Securities Pvt Ltd,Blue Chip Securities Ltd,500,502.9,251450.0,2025-07-16 12:22:42.819185
2025-07-16,68682,2025071603006738,KSBBL,Miyo Securities Pvt Ltd,Sani Securities Company Ltd.,26,502.9,13075.4,2025-07-16 12:22:42.819218
2025-07-16,68265,2025071603006815,KSBBL,Cristal Kanchanjanga Securites Pvt. Ltd.,NIMB Stock Markets Limited,10,500.0,5000.0,2025-07-16 12:23:54.644826
2025-07-16,68249,2025071603006816,KSBBL,Cristal Kanchanjanga Securites Pvt. Ltd.,Sharepro Securities Private Limited,90,500.0,45000.0,2025-07-16 12:23:59.033528
2025-07-16,68248,2025071603006817,KSBBL,Kumari Securities Private Limited,Sharepro Securities Private Limited,200,499.3,99860.0,2025-07-16 12:23:59.033648
2025-07-16,68247,2025071603006818,KSBBL,Kumari Securities Private Limited,Sharepro Securities Private Limited,150,499.3,74895.0,2025-07-16 12:23:59.033751
2025-07-16,68246,2025071603006819,KSBBL,Midas Stock Broking Company Private Limited,Sharepro Securities Private Limited,500,499.2,249600.0,2025-07-16 12:23:59.033818
2025-07-16,68245,2025071603006820,KSBBL,Thrive Brokerage House Pvt. Ltd,Sharepro Securities Private Limited,350,499.1,174685.0,2025-07-16 12:23:59.033883
2025-07-16,68244,2025071603006821,KSBBL,Sharepro Securities Private Limited,Sharepro Securities Private Limited,400,499.1,199640.0,2025-07-16 12:23:59.033944
2025-07-16,68243,2025071603006822,KSBBL,Sharepro Securities Private Limited,Sharepro Securities Private Limited,300,499.1,149730.0,2025-07-16 12:23:59.034005
2025-07-16,68242,2025071603006823,KSBBL,Naasa Securities Co. Ltd.,Sharepro Securities Private Limited,1000,499.0,499000.0,2025-07-16 12:23:59.034093
2025-07-16,68241,2025071603006824,KSBBL,Naasa Securities Co. Ltd.,Sharepro Securities Private Limited,7010,499.0,3497990.0,2025-07-16 12:23:59.034156
2025-07-16,67513,2025071603006989,KSBBL,Aryatara Investment & Securities,Sharepro Securities Private Limited,50,499.5,24975.0,2025-07-16 12:26:18.455801
2025-07-16,67512,2025071603006990,KSBBL,Midas Stock Broking Company Private Limited,Sharepro Securities Private Limited,600,499.5,299700.0,2025-07-16 12:26:18.455857
2025-07-16,67511,2025071603006991,KSBBL,Trishakti Securities Public Limited,Sharepro Securities Private Limited,350,499.4,174790.0,2025-07-16 12:26:18.455883
2025-07-16,67291,2025071603007047,KSBBL,Online Securities Pvt. Ltd.,Aryatara Investment & Securities,350,499.4,174790.0,2025-07-16 12:27:02.382944
2025-07-16,66753,2025071603007219,KSBBL,Online Securities Pvt. Ltd.,Indira securities pvt. ltd,14,500.0,7000.0,2025-07-16 12:28:52.423328
2025-07-16,66124,2025071603007335,KSBBL,Online Securities Pvt. Ltd.,Naasa Securities Co. Ltd.,86,500.0,43000.0,2025-07-16 12:30:56.728207
2025-07-16,66123,2025071603007336,KSBBL,Naasa Securities Co. Ltd.,Naasa Securities Co. Ltd.,14,500.0,7000.0,2025-07-16 12:30:56.728496
2025-07-16,65767,2025071603007403,KSBBL,Arun Securities (PVT) Ltd.,Imperial Securities Company Pvt. Ltd.,90,500.4,45036.0,2025-07-16 12:32:05.904189
2025-07-16,65087,2025071603007497,KSBBL,Shree Krishna Securities Ltd.,Aryatara Investment & Securities,10,501.8,5018.0,2025-07-16 12:33:46.738738
2025-07-16,65086,2025071603007498,KSBBL,Shree Krishna Securities Ltd.,Nepal Stock House (PVT) Ltd.,10,502.0,5020.0,2025-07-16 12:33:46.739044
2025-07-16,64994,2025071603007524,KSBBL,Thrive Brokerage House Pvt. Ltd,Midas Stock Broking Company Private Limited,163,501.0,81663.0,2025-07-16 12:34:05.389307
2025-07-16,64993,2025071603007525,KSBBL,Thrive Brokerage House Pvt. Ltd,Sumeru Securities Pvt. Ltd.,15,501.8,7527.0,2025-07-16 12:34:05.389577
2025-07-16,64992,2025071603007526,KSBBL,Thrive Brokerage House Pvt. Ltd,Nepal Stock House (PVT) Ltd.,40,502.0,20080.0,2025-07-16 12:34:05.389703
2025-07-16,64991,2025071603007527,KSBBL,Thrive Brokerage House Pvt. Ltd,Vision Securities Pvt. Ltd,50,502.0,25100.0,2025-07-16 12:34:05.389824
2025-07-16,64990,2025071603007528,KSBBL,Thrive Brokerage House Pvt. Ltd,Dynamic Money Managers Securities Pvt. Ltd.,55,502.0,27610.0,2025-07-16 12:34:05.389951
2025-07-16,64989,2025071603007529,KSBBL,Thrive Brokerage House Pvt. Ltd,Pragyan Securities (PVT) Ltd.,177,502.6,88960.2,2025-07-16 12:34:05.390088
2025-07-16,64887,2025071603007547,KSBBL,Arun Securities (PVT) Ltd.,Sharepro Securities Private Limited,10,500.4,5004.0,2025-07-16 12:34:23.223293
2025-07-16,64886,2025071603007548,KSBBL,Bhrikuti Stock Broking Co. Pvt. Ltd.,Sharepro Securities Private Limited,20,500.4,10008.0,2025-07-16 12:34:23.223392
2025-07-16,64885,2025071603007549,KSBBL,Naasa Securities Co. Ltd.,Sharepro Securities Private Limited,986,500.0,493000.0,2025-07-16 12:34:23.223488
2025-07-16,64884,2025071603007550,KSBBL,Kohinoor Investment & Securities Pvt. Ltd.,Sharepro Securities Private Limited,14,500.0,7000.0,2025-07-16 12:34:23.223566
2025-07-16,64883,2025071603007551,KSBBL,Kohinoor Investment & Securities Pvt. Ltd.,Dipshikha Dhitopatra Karobar Co. Pvt Ltd.,1,500.0,500.0,2025-07-16 12:34:23.223785
2025-07-16,64629,2025071603007605,KSBBL,Aryatara Investment & Securities,Dynamic Money Managers Securities Pvt. Ltd.,500,502.0,251000.0,2025-07-16 12:34:56.856293
2025-07-16,64326,2025071603007673,KSBBL,INDEX SECURITIES LIMITED,Aryatara Investment & Securities,30,502.0,15060.0,2025-07-16 12:35:40.638271
2025-07-16,64325,2025071603007674,KSBBL,INDEX SECURITIES LIMITED,Sri Hari Securities Pvt. Ltd.,20,502.5,10050.0,2025-07-16 12:35:40.638547
2025-07-16,64006,2025071603007784,KSBBL,Trishakti Securities Public Limited,Miyo Securities Pvt Ltd,180,500.2,90036.0,2025-07-16 12:36:35.426200
2025-07-16,64005,2025071603007785,KSBBL,Midas Stock Broking Company Private Limited,Miyo Securities Pvt Ltd,900,500.0,450000.0,2025-07-16 12:36:35.426288
2025-07-16,63973,2025071603007790,KSBBL,Indira securities pvt. ltd,Sri Hari Securities Pvt. Ltd.,23,502.5,11557.5,2025-07-16 12:36:41.582119
2025-07-16,63972,2025071603007791,KSBBL,Indira securities pvt. ltd,Pragyan Securities (PVT) Ltd.,23,502.6,11559.8,2025-07-16 12:36:41.582672
2025-07-16,63971,2025071603007792,KSBBL,Indira securities pvt. ltd,Aryatara Investment & Securities,65,502.9,32688.5,2025-07-16 12:36:41.583118
2025-07-16,63970,2025071603007793,KSBBL,Indira securities pvt. ltd,Capital Max Securities Ltd,389,503.0,195667.0,2025-07-16 12:36:41.583332
2025-07-16,63878,2025071603007812,KSBBL,Midas Stock Broking Company Private Limited,J.F. Securites (PVT) Ltd.,50,500.0,25000.0,2025-07-16 12:36:59.934855
2025-07-16,63744,2025071603007849,KSBBL,Naasa Securities Co. Ltd.,Capital Max Securities Ltd,10,503.0,5030.0,2025-07-16 12:37:18.097043
2025-07-16,63548,2025071603007883,KSBBL,Secured Securities Ltd.,Capital Max Securities Ltd,101,503.0,50803.0,2025-07-16 12:37:44.883585
2025-07-16,63547,2025071603007884,KSBBL,Secured Securities Ltd.,Naasa Securities Co. Ltd.,24,503.0,12072.0,2025-07-16 12:37:44.883885
2025-07-16,63546,2025071603007885,KSBBL,Secured Securities Ltd.,Sweta Securities Private Limited,120,503.0,60360.0,2025-07-16 12:37:44.884040
2025-07-16,63545,2025071603007886,KSBBL,Secured Securities Ltd.,Vision Securities Pvt. Ltd,52,503.0,26156.0,2025-07-16 12:37:44.884160
2025-07-16,63510,2025071603007900,KSBBL,Shree Krishna Securities Ltd.,Vision Securities Pvt. Ltd,948,503.0,476844.0,2025-07-16 12:37:49.788591
2025-07-16,63509,2025071603007901,KSBBL,Shree Krishna Securities Ltd.,Imperial Securities Company Pvt. Ltd.,52,503.0,26156.0,2025-07-16 12:37:49.788699
2025-07-16,63458,2025071603007909,KSBBL,Secured Securities Ltd.,Imperial Securities Company Pvt. Ltd.,27,503.0,13581.0,2025-07-16 12:38:01.303298
2025-07-16,63457,2025071603007910,KSBBL,Secured Securities Ltd.,Opal Securities Investment (PVT) Ltd.,115,503.0,57845.0,2025-07-16 12:38:01.303578
2025-07-16,63359,2025071603007940,KSBBL,Secured Securities Ltd.,Dynamic Money Managers Securities Pvt. Ltd.,58,503.0,29174.0,2025-07-16 12:38:18.637726
2025-07-16,63358,2025071603007941,KSBBL,Midas Stock Broking Company Private Limited,Dynamic Money Managers Securities Pvt. Ltd.,50,500.0,25000.0,2025-07-16 12:38:18.637774
2025-07-16,63357,2025071603007942,KSBBL,Kalika Securities Pvt. Ltd.,Dynamic Money Managers Securities Pvt. Ltd.,100,500.0,50000.0,2025-07-16 12:38:18.637798
2025-07-16,63356,2025071603007943,KSBBL,Naasa Securities Co. Ltd.,Dynamic Money Managers Securities Pvt. Ltd.,56,500.0,28000.0,2025-07-16 12:38:18.637839
2025-07-16,63269,2025071603007964,KSBBL,Naasa Securities Co. Ltd.,Oxford Securities Pvt. Ltd.,10,503.4,5034.0,2025-07-16 12:38:34.942266
2025-07-16,62858,2025071603008061,KSBBL,Shree Krishna Securities Ltd.,Oxford Securities Pvt. Ltd.,201,503.4,101183.4,2025-07-16 12:39:35.239846
2025-07-16,62857,2025071603008062,KSBBL,Shree Krishna Securities Ltd.,Vision Securities Pvt. Ltd,20,503.4,10068.0,2025-07-16 12:39:35.239926
2025-07-16,62856,2025071603008063,KSBBL,Shree Krishna Securities Ltd.,Nepal Stock House (PVT) Ltd.,221,503.5,111273.5,2025-07-16 12:39:35.239955
2025-07-16,62855,2025071603008064,KSBBL,Shree Krishna Securities Ltd.,Bhrikuti Stock Broking Co. Pvt. Ltd.,48,503.6,24172.8,2025-07-16 12:39:35.239981
2025-07-16,62854,2025071603008065,KSBBL,Shree Krishna Securities Ltd.,KALASH STOCK MARKET PVT. LTD.,510,503.7,256887.0,2025-07-16 12:39:35.240008
2025-07-16,62817,2025071603008068,KSBBL,Imperial Securities Company Pvt. Ltd.,KALASH STOCK MARKET PVT. LTD.,490,503.7,246813.0,2025-07-16 12:39:45.292197
2025-07-16,62528,2025071603008122,KSBBL,Imperial Securities Company Pvt. Ltd.,South Asian Bulls Pvt. Ltd.,10,503.8,5038.0,2025-07-16 12:40:28.433114
2025-07-16,62389,2025071603008128,KSBBL,Sri Hari Securities Pvt. Ltd.,Shree Krishna Securities Ltd.,200,501.1,100220.0,2025-07-16 12:40:51.565421
2025-07-16,62202,2025071603008177,KSBBL,Vision Securities Pvt. Ltd,Linch Stock Market Ltd.,111,503.5,55888.5,2025-07-16 12:41:25.430332
2025-07-16,62201,2025071603008178,KSBBL,Vision Securities Pvt. Ltd,South Asian Bulls Pvt. Ltd.,70,503.8,35266.0,2025-07-16 12:41:25.430911
2025-07-16,62200,2025071603008179,KSBBL,Vision Securities Pvt. Ltd,Vision Securities Pvt. Ltd,669,503.8,337042.2,2025-07-16 12:41:25.431308
2025-07-16,62153,2025071603008191,KSBBL,Sumeru Securities Pvt. Ltd.,Neev Securities Pvt. Ltd.,9,495.0,4455.0,2025-07-16 12:41:30.545538
2025-07-16,61823,2025071603008249,KSBBL,Imperial Securities Company Pvt. Ltd.,Miyo Securities Pvt Ltd,10,501.2,5012.0,2025-07-16 12:42:35.898293
2025-07-16,61822,2025071603008250,KSBBL,SUN SECURITIES PVT LTD,Miyo Securities Pvt Ltd,50,501.1,25055.0,2025-07-16 12:42:35.898329
2025-07-16,61821,2025071603008251,KSBBL,Thrive Brokerage House Pvt. Ltd,Miyo Securities Pvt Ltd,500,501.0,250500.0,2025-07-16 12:42:35.898360
2025-07-16,61820,2025071603008252,KSBBL,Aryatara Investment & Securities,Miyo Securities Pvt Ltd,200,501.0,100200.0,2025-07-16 12:42:35.898385
2025-07-16,61819,2025071603008253,KSBBL,Sri Hari Securities Pvt. Ltd.,Miyo Securities Pvt Ltd,100,500.1,50010.0,2025-07-16 12:42:35.898408
2025-07-16,61818,2025071603008254,KSBBL,Asian Securities Private Ltd.,Miyo Securities Pvt Ltd,1000,500.1,500100.0,2025-07-16 12:42:35.898432
2025-07-16,61817,2025071603008255,KSBBL,Linch Stock Market Ltd.,Miyo Securities Pvt Ltd,60,500.1,30006.0,2025-07-16 12:42:35.898455
2025-07-16,61816,2025071603008256,KSBBL,Naasa Securities Co. Ltd.,Miyo Securities Pvt Ltd,944,500.0,472000.0,2025-07-16 12:42:35.898487
2025-07-16,61815,2025071603008257,KSBBL,Capital Max Securities Ltd,Miyo Securities Pvt Ltd,100,500.0,50000.0,2025-07-16 12:42:35.898513
2025-07-16,61814,2025071603008258,KSBBL,Sanima Securities Limited,Miyo Securities Pvt Ltd,836,500.0,418000.0,2025-07-16 12:42:35.898538
2025-07-16,61218,2025071603008348,KSBBL,Shree Krishna Securities Ltd.,Vision Securities Pvt. Ltd,10,503.8,5038.0,2025-07-16 12:44:05.312215
2025-07-16,61201,2025071603008351,KSBBL,Sanima Securities Limited,Naasa Securities Co. Ltd.,19,500.0,9500.0,2025-07-16 12:44:07.773252
2025-07-16,60786,2025071603008430,KSBBL,Shree Krishna Securities Ltd.,Miyo Securities Pvt Ltd,100,500.1,50010.0,2025-07-16 12:45:18.416830
2025-07-16,60785,2025071603008431,KSBBL,Sanima Securities Limited,Miyo Securities Pvt Ltd,145,500.0,72500.0,2025-07-16 12:45:18.416888
2025-07-16,60784,2025071603008432,KSBBL,Sewa Securities Pvt. Ltd.,Miyo Securities Pvt Ltd,300,500.0,150000.0,2025-07-16 12:45:18.416917
2025-07-16,60783,2025071603008433,KSBBL,Imperial Securities Company Pvt. Ltd.,Miyo Securities Pvt Ltd,10,500.0,5000.0,2025-07-16 12:45:18.416942
2025-07-16,60782,2025071603008434,KSBBL,Sumeru Securities Pvt. Ltd.,Miyo Securities Pvt Ltd,1000,500.0,500000.0,2025-07-16 12:45:18.416966
2025-07-16,60272,2025071603008548,KSBBL,Blue Chip Securities Ltd,Nepal Stock House (PVT) Ltd.,663,503.7,333953.1,2025-07-16 12:46:36.946159
2025-07-16,60271,2025071603008549,KSBBL,Blue Chip Securities Ltd,Vision Securities Pvt. Ltd,121,503.8,60959.8,2025-07-16 12:46:36.946484
2025-07-16,60270,2025071603008550,KSBBL,Blue Chip Securities Ltd,Vision Securities Pvt. Ltd,400,503.8,201520.0,2025-07-16 12:46:36.946691
2025-07-16,60269,2025071603008551,KSBBL,Blue Chip Securities Ltd,South Asian Bulls Pvt. Ltd.,19,503.8,9572.2,2025-07-16 12:46:36.946868
2025-07-16,60268,2025071603008552,KSBBL,Blue Chip Securities Ltd,Asian Securities Private Ltd.,50,503.9,25195.0,2025-07-16 12:46:36.947057
2025-07-16,60267,2025071603008553,KSBBL,Blue Chip Securities Ltd,Swarna Laxmi Securities Pvt. Ltd.,500,504.0,252000.0,2025-07-16 12:46:36.947238
2025-07-16,60266,2025071603008554,KSBBL,Blue Chip Securities Ltd,KALASH STOCK MARKET PVT. LTD.,1000,504.0,504000.0,2025-07-16 12:46:36.947413
2025-07-16,60265,2025071603008555,KSBBL,Blue Chip Securities Ltd,Nabil Stock Dealer Ltd.,367,504.0,184968.0,2025-07-16 12:46:36.947591
2025-07-16,60264,2025071603008556,KSBBL,Blue Chip Securities Ltd,Dipshikha Dhitopatra Karobar Co. Pvt Ltd.,100,504.0,50400.0,2025-07-16 12:46:36.947769
2025-07-16,60263,2025071603008557,KSBBL,Blue Chip Securities Ltd,Creative Securities Pvt Ltd,500,504.0,252000.0,2025-07-16 12:46:36.947943
2025-07-16,60262,2025071603008558,KSBBL,Blue Chip Securities Ltd,Midas Stock Broking Company Private Limited,50,504.0,25200.0,2025-07-16 12:46:36.948128
2025-07-16,60261,2025071603008559,KSBBL,Blue Chip Securities Ltd,Sundhara Securities Limited,264,504.0,133056.0,2025-07-16 12:46:36.948303
2025-07-16,60123,2025071603008591,KSBBL,Blue Chip Securities Ltd,Shree Krishna Securities Ltd.,100,504.0,50400.0,2025-07-16 12:47:01.092865
2025-07-16,59494,2025071603008706,KSBBL,Blue Chip Securities Ltd,Miyo Securities Pvt Ltd,500,500.0,250000.0,2025-07-16 12:48:45.050218
2025-07-16,59375,2025071603008738,KSBBL,Blue Chip Securities Ltd,Midas Stock Broking Company Private Limited,200,500.0,100000.0,2025-07-16 12:49:06.758475
2025-07-16,59329,2025071603008745,KSBBL,Blue Chip Securities Ltd,Sani Securities Company Ltd.,67,500.0,33500.0,2025-07-16 12:49:16.763199
2025-07-16,59044,2025071603008819,KSBBL,Blue Chip Securities Ltd,Miyo Securities Pvt Ltd,2000,500.1,1000200.0,2025-07-16 12:50:14.329998
2025-07-16,59043,2025071603008820,KSBBL,Blue Chip Securities Ltd,Miyo Securities Pvt Ltd,99,500.0,49500.0,2025-07-16 12:50:14.330097
2025-07-16,59042,2025071603008821,KSBBL,Naasa Securities Co. Ltd.,Miyo Securities Pvt Ltd,210,500.0,105000.0,2025-07-16 12:50:14.330132
2025-07-16,59041,2025071603008822,KSBBL,Opal Securities Investment (PVT) Ltd.,Miyo Securities Pvt Ltd,700,500.0,350000.0,2025-07-16 12:50:14.330156
2025-07-16,59040,2025071603008823,KSBBL,Online Securities Pvt. Ltd.,Miyo Securities Pvt Ltd,500,500.0,250000.0,2025-07-16 12:50:14.330179
2025-07-16,59039,2025071603008824,KSBBL,INDEX SECURITIES LIMITED,Miyo Securities Pvt Ltd,2491,500.0,1245500.0,2025-07-16 12:50:14.330199
2025-07-16,58903,2025071603008843,KSBBL,Naasa Securities Co. Ltd.,Vision Securities Pvt. Ltd,120,501.0,60120.0,2025-07-16 12:50:37.961777
2025-07-16,58891,2025071603008847,KSBBL,Online Securities Pvt. Ltd.,Oxford Securities Pvt. Ltd.,12,502.9,6034.8,2025-07-16 12:50:40.043070
2025-07-16,58890,2025071603008848,KSBBL,Online Securities Pvt. Ltd.,Vision Securities Pvt. Ltd,588,503.0,295764.0,2025-07-16 12:50:40.043793
2025-07-16,58884,2025071603008849,KSBBL,Blue Chip Securities Ltd,Vision Securities Pvt. Ltd,412,503.0,207236.0,2025-07-16 12:50:45.632212
2025-07-16,58879,2025071603008850,KSBBL,Blue Chip Securities Ltd,Vision Securities Pvt. Ltd,588,503.0,295764.0,2025-07-16 12:50:46.179283
2025-07-16,58878,2025071603008851,KSBBL,INDEX SECURITIES LIMITED,Vision Securities Pvt. Ltd,509,500.0,254500.0,2025-07-16 12:50:46.179326
2025-07-16,58877,2025071603008852,KSBBL,Opal Securities Investment (PVT) Ltd.,Vision Securities Pvt. Ltd,500,500.0,250000.0,2025-07-16 12:50:46.179350
2025-07-16,58876,2025071603008853,KSBBL,Nepal Investment And Securities Trading Private Limited,Vision Securities Pvt. Ltd,403,499.7,201379.1,2025-07-16 12:50:46.179375
2025-07-16,58682,2025071603008878,KSBBL,Naasa Securities Co. Ltd.,Vision Securities Pvt. Ltd,1000,500.0,500000.0,2025-07-16 12:51:16.488717
2025-07-16,58586,2025071603008887,KSBBL,Online Securities Pvt. Ltd.,Agrawal Securities (PVT) Ltd.,50,501.0,25050.0,2025-07-16 12:51:33.942170
2025-07-16,56550,2025071603009272,KSBBL,Vision Securities Pvt. Ltd,Infinity Securities Limited,60,502.0,30120.0,2025-07-16 12:58:34.028541
2025-07-16,55937,2025071603009389,KSBBL,SUN SECURITIES PVT LTD,Infinity Securities Limited,100,502.0,50200.0,2025-07-16 12:59:52.729541
2025-07-16,55884,2025071603009420,KSBBL,Sri Hari Securities Pvt. Ltd.,Miyo Securities Pvt Ltd,210,501.3,105273.0,2025-07-16 13:00:03.094297
2025-07-16,55883,2025071603009421,KSBBL,Sani Securities Company Ltd.,Miyo Securities Pvt Ltd,1000,501.3,501300.0,2025-07-16 13:00:03.094392
2025-07-16,55882,2025071603009422,KSBBL,Dipshikha Dhitopatra Karobar Co. Pvt Ltd.,Miyo Securities Pvt Ltd,500,501.2,250600.0,2025-07-16 13:00:03.094499
2025-07-16,55881,2025071603009423,KSBBL,Blue Chip Securities Ltd,Miyo Securities Pvt Ltd,990,501.1,496089.0,2025-07-16 13:00:03.094574
2025-07-16,55586,2025071603009482,KSBBL,Blue Chip Securities Ltd,Asian Securities Private Ltd.,10,501.1,5011.0,2025-07-16 13:00:54.343581
2025-07-16,55585,2025071603009483,KSBBL,Blue Chip Securities Ltd,Asian Securities Private Ltd.,190,501.0,95190.0,2025-07-16 13:00:54.344207
2025-07-16,55515,2025071603009501,KSBBL,Blue Chip Securities Ltd,Sharepro Securities Private Limited,100,501.0,50100.0,2025-07-16 13:00:59.821143
2025-07-16,55317,2025071603009521,KSBBL,Dakshinkali Investment & Securities Pvt. Ltd.,Online Securities Pvt. Ltd.,1,491.1,491.1,2025-07-16 13:01:31.782582
2025-07-16,55237,2025071603009534,KSBBL,Nepal Investment And Securities Trading Private Limited,Miyo Securities Pvt Ltd,597,501.1,299156.7,2025-07-16 13:01:50.424148
2025-07-16,55236,2025071603009535,KSBBL,Sani Securities Company Ltd.,Miyo Securities Pvt Ltd,200,501.1,100220.0,2025-07-16 13:01:50.424199
2025-07-16,55235,2025071603009536,KSBBL,Blue Chip Securities Ltd,Miyo Securities Pvt Ltd,171,501.0,85671.0,2025-07-16 13:01:50.424227
2025-07-16,55234,2025071603009537,KSBBL,Blue Chip Securities Ltd,Miyo Securities Pvt Ltd,32,501.0,16032.0,2025-07-16 13:01:50.424250
2025-07-16,55186,2025071603009547,KSBBL,Blue Chip Securities Ltd,Nepal Stock House (PVT) Ltd.,68,501.0,34068.0,2025-07-16 13:01:57.221046
2025-07-16,54670,2025071603009637,KSBBL,ABC Securities Private Limited,Opal Securities Investment (PVT) Ltd.,100,500.6,50060.0,2025-07-16 13:03:29.788890
2025-07-16,54669,2025071603009638,KSBBL,Sanima Securities Limited,Opal Securities Investment (PVT) Ltd.,900,500.5,450450.0,2025-07-16 13:03:29.789249
2025-07-16,54549,2025071603009657,KSBBL,Sani Securities Company Ltd.,Miyo Securities Pvt Ltd,100,500.7,50070.0,2025-07-16 13:03:56.812611
2025-07-16,54548,2025071603009658,KSBBL,Sanima Securities Limited,Miyo Securities Pvt Ltd,100,500.5,50050.0,2025-07-16 13:03:56.812736
2025-07-16,54547,2025071603009659,KSBBL,Imperial Securities Company Pvt. Ltd.,Miyo Securities Pvt Ltd,400,500.2,200080.0,2025-07-16 13:03:56.812808
2025-07-16,54546,2025071603009660,KSBBL,Linch Stock Market Ltd.,Miyo Securities Pvt Ltd,100,500.0,50000.0,2025-07-16 13:03:56.812885
2025-07-16,54545,2025071603009661,KSBBL,Dakshinkali Investment & Securities Pvt. Ltd.,Miyo Securities Pvt Ltd,255,500.0,127500.0,2025-07-16 13:03:56.812991
2025-07-16,54544,2025071603009662,KSBBL,Dakshinkali Investment & Securities Pvt. Ltd.,Miyo Securities Pvt Ltd,500,500.0,250000.0,2025-07-16 13:03:56.813126
2025-07-16,54543,2025071603009663,KSBBL,Dakshinkali Investment & Securities Pvt. Ltd.,Miyo Securities Pvt Ltd,500,500.0,250000.0,2025-07-16 13:03:56.813203
2025-07-16,54542,2025071603009664,KSBBL,Infinity Securities Limited,Miyo Securities Pvt Ltd,1045,500.0,522500.0,2025-07-16 13:03:56.813298
2025-07-16,53019,2025071603009909,KSBBL,Blue Chip Securities Ltd,Online Securities Pvt. Ltd.,202,500.2,101040.4,2025-07-16 13:09:02.527040
2025-07-16,52909,2025071603009935,KSBBL,Nepal Stock House (PVT) Ltd.,Nepal Stock House (PVT) Ltd.,232,501.0,116232.0,2025-07-16 13:09:23.207155
2025-07-16,52908,2025071603009936,KSBBL,Nepal Stock House (PVT) Ltd.,Infinity Securities Limited,140,502.0,70280.0,2025-07-16 13:09:23.207983
2025-07-16,52907,2025071603009937,KSBBL,Nepal Stock House (PVT) Ltd.,Swarna Laxmi Securities Pvt. Ltd.,28,502.0,14056.0,2025-07-16 13:09:23.208668
2025-07-16,52906,2025071603009938,KSBBL,Nepal Stock House (PVT) Ltd.,Nepal Investment And Securities Trading Private Limited,15,502.0,7530.0,2025-07-16 13:09:23.209340
2025-07-16,52905,2025071603009939,KSBBL,Nepal Stock House (PVT) Ltd.,Trishakti Securities Public Limited,10,502.0,5020.0,2025-07-16 13:09:23.210000
2025-07-16,52904,2025071603009940,KSBBL,Nepal Stock House (PVT) Ltd.,SUN SECURITIES PVT LTD,500,503.0,251500.0,2025-07-16 13:09:23.210677
2025-07-16,52903,2025071603009941,KSBBL,Nepal Stock House (PVT) Ltd.,Aryatara Investment & Securities,223,503.0,112169.0,2025-07-16 13:09:23.211364
2025-07-16,52902,2025071603009942,KSBBL,Nepal Stock House (PVT) Ltd.,Kumari Securities Private Limited,21,503.0,10563.0,2025-07-16 13:09:23.211982
2025-07-16,52901,2025071603009943,KSBBL,Nepal Stock House (PVT) Ltd.,Capital Max Securities Ltd,131,503.0,65893.0,2025-07-16 13:09:23.212635
2025-07-16,52669,2025071603009998,KSBBL,Blue Chip Securities Ltd,Sharepro Securities Private Limited,298,500.2,149059.6,2025-07-16 13:09:56.988686
2025-07-16,52668,2025071603009999,KSBBL,Deevyaa Securities & Stock House Pvt. Ltd,Sharepro Securities Private Limited,1000,500.1,500100.0,2025-07-16 13:09:56.988747
2025-07-16,52667,2025071603010000,KSBBL,Infinity Securities Limited,Sharepro Securities Private Limited,155,500.0,77500.0,2025-07-16 13:09:56.988777
2025-07-16,52666,2025071603010001,KSBBL,Ashutosh Brokerage & Securities (PVT) Ltd.,Sharepro Securities Private Limited,100,500.0,50000.0,2025-07-16 13:09:56.988798
2025-07-16,52665,2025071603010002,KSBBL,Vision Securities Pvt. Ltd,Sharepro Securities Private Limited,447,500.0,223500.0,2025-07-16 13:09:56.988819
2025-07-16,52582,2025071603010023,KSBBL,Asian Securities Private Ltd.,Capital Max Securities Ltd,69,503.0,34707.0,2025-07-16 13:10:08.631715
2025-07-16,52581,2025071603010024,KSBBL,Asian Securities Private Ltd.,Sumeru Securities Pvt. Ltd.,37,503.0,18611.0,2025-07-16 13:10:08.631828
2025-07-16,52580,2025071603010025,KSBBL,Asian Securities Private Ltd.,Trishakti Securities Public Limited,126,503.9,63491.4,2025-07-16 13:10:08.631855
2025-07-16,52065,2025071603010121,KSBBL,Vision Securities Pvt. Ltd,Kohinoor Investment & Securities Pvt. Ltd.,22,504.0,11088.0,2025-07-16 13:11:38.893663
2025-07-16,52064,2025071603010122,KSBBL,Vision Securities Pvt. Ltd,Arun Securities (PVT) Ltd.,102,504.0,51408.0,2025-07-16 13:11:38.893971
2025-07-16,52063,2025071603010123,KSBBL,Vision Securities Pvt. Ltd,Online Securities Pvt. Ltd.,213,504.0,107352.0,2025-07-16 13:11:38.894164
2025-07-16,51960,2025071603010140,KSBBL,Vision Securities Pvt. Ltd,Shree Krishna Securities Ltd.,100,504.0,50400.0,2025-07-16 13:11:51.416018
2025-07-16,51920,2025071603010149,KSBBL,Vision Securities Pvt. Ltd,Opal Securities Investment (PVT) Ltd.,83,504.0,41832.0,2025-07-16 13:11:58.980100
2025-07-16,51284,2025071603010242,KSBBL,Opal Securities Investment (PVT) Ltd.,Arun Securities (PVT) Ltd.,18,500.3,9005.4,2025-07-16 13:13:38.517665
2025-07-16,50974,2025071603010300,KSBBL,Opal Securities Investment (PVT) Ltd.,Online Securities Pvt. Ltd.,12,500.3,6003.6,2025-07-16 13:14:11.491896
2025-07-16,50973,2025071603010301,KSBBL,Shree Krishna Securities Ltd.,Online Securities Pvt. Ltd.,18,500.3,9005.4,2025-07-16 13:14:11.492181
2025-07-16,49748,2025071603010483,KSBBL,Asian Securities Private Ltd.,Miyo Securities Pvt Ltd,221,501.1,110743.1,2025-07-16 13:17:22.488175
2025-07-16,49747,2025071603010484,KSBBL,Aakashbhairab Securities Ltd.,Miyo Securities Pvt Ltd,1000,501.0,501000.0,2025-07-16 13:17:22.488215
2025-07-16,49746,2025071603010485,KSBBL,Sri Hari Securities Pvt. Ltd.,Miyo Securities Pvt Ltd,79,500.5,39539.5,2025-07-16 13:17:22.488245
2025-07-16,49347,2025071603010566,KSBBL,Aakashbhairab Securities Ltd.,Sweta Securities Private Limited,20,501.0,10020.0,2025-07-16 13:18:27.271519
2025-07-16,49236,2025071603010588,KSBBL,Aakashbhairab Securities Ltd.,Online Securities Pvt. Ltd.,171,501.0,85671.0,2025-07-16 13:18:47.712706
2025-07-16,49227,2025071603010589,KSBBL,Aakashbhairab Securities Ltd.,Vision Securities Pvt. Ltd,13,501.0,6513.0,2025-07-16 13:18:50.862649
2025-07-16,48864,2025071603010619,KSBBL,Deevyaa Securities & Stock House Pvt. Ltd,Cristal Kanchanjanga Securites Pvt. Ltd.,50,502.0,25100.0,2025-07-16 13:19:57.500762
2025-07-16,48863,2025071603010620,KSBBL,Deevyaa Securities & Stock House Pvt. Ltd,Dipshikha Dhitopatra Karobar Co. Pvt Ltd.,50,502.0,25100.0,2025-07-16 13:19:57.501407
2025-07-16,47822,2025071603010812,KSBBL,Deevyaa Securities & Stock House Pvt. Ltd,J.F. Securites (PVT) Ltd.,10,502.0,5020.0,2025-07-16 13:23:00.512582
2025-07-16,47815,2025071603010814,KSBBL,Deevyaa Securities & Stock House Pvt. Ltd,South Asian Bulls Pvt. Ltd.,107,502.0,53714.0,2025-07-16 13:23:02.774425
2025-07-16,47660,2025071603010838,KSBBL,Shree Krishna Securities Ltd.,Vision Securities Pvt. Ltd,10,503.0,5030.0,2025-07-16 13:23:24.614045
2025-07-16,47482,2025071603010891,KSBBL,Deevyaa Securities & Stock House Pvt. Ltd,Sharepro Securities Private Limited,173,502.0,86846.0,2025-07-16 13:23:58.571307
2025-07-16,47481,2025071603010892,KSBBL,Asian Securities Private Ltd.,Sharepro Securities Private Limited,197,501.1,98716.7,2025-07-16 13:23:58.571417
2025-07-16,47480,2025071603010893,KSBBL,Aakashbhairab Securities Ltd.,Sharepro Securities Private Limited,696,501.0,348696.0,2025-07-16 13:23:58.571497
2025-07-16,47479,2025071603010894,KSBBL,Naasa Securities Co. Ltd.,Sharepro Securities Private Limited,934,501.0,467934.0,2025-07-16 13:23:58.571573
2025-07-16,46486,2025071603011090,KSBBL,Naasa Securities Co. Ltd.,Online Securities Pvt. Ltd.,26,501.0,13026.0,2025-07-16 13:26:55.107869
2025-07-16,46164,2025071603011156,KSBBL,Naasa Securities Co. Ltd.,KALASH STOCK MARKET PVT. LTD.,40,501.0,20040.0,2025-07-16 13:27:57.305289
2025-07-16,46163,2025071603011157,KSBBL,Miyo Securities Pvt Ltd,KALASH STOCK MARKET PVT. LTD.,42,501.0,21042.0,2025-07-16 13:27:57.305885
2025-07-16,45859,2025071603011248,KSBBL,Sani Securities Company Ltd.,Miyo Securities Pvt Ltd,50,500.7,25035.0,2025-07-16 13:28:53.739759
2025-07-16,45858,2025071603011249,KSBBL,Dipshikha Dhitopatra Karobar Co. Pvt Ltd.,Miyo Securities Pvt Ltd,200,500.7,100140.0,2025-07-16 13:28:53.739794
2025-07-16,45857,2025071603011250,KSBBL,Sri Hari Securities Pvt. Ltd.,Miyo Securities Pvt Ltd,500,500.6,250300.0,2025-07-16 13:28:53.739824
2025-07-16,45856,2025071603011251,KSBBL,Sri Hari Securities Pvt. Ltd.,Miyo Securities Pvt Ltd,221,500.5,110610.5,2025-07-16 13:28:53.739846
2025-07-16,45855,2025071603011252,KSBBL,Imperial Securities Company Pvt. Ltd.,Miyo Securities Pvt Ltd,1529,500.4,765111.6,2025-07-16 13:28:53.739884
2025-07-16,45606,2025071603011321,KSBBL,Imperial Securities Company Pvt. Ltd.,KALASH STOCK MARKET PVT. LTD.,17,500.4,8506.8,2025-07-16 13:29:37.697387
2025-07-16,45255,2025071603011401,KSBBL,Imperial Securities Company Pvt. Ltd.,ABC Securities Private Limited,214,500.4,107085.6,2025-07-16 13:30:52.726111
2025-07-16,45232,2025071603011406,KSBBL,Imperial Securities Company Pvt. Ltd.,Pragyan Securities (PVT) Ltd.,240,500.4,120096.0,2025-07-16 13:30:57.918390
2025-07-16,45231,2025071603011407,KSBBL,Sani Securities Company Ltd.,Pragyan Securities (PVT) Ltd.,75,500.4,37530.0,2025-07-16 13:30:57.918687
2025-07-16,45230,2025071603011408,KSBBL,Linch Stock Market Ltd.,Pragyan Securities (PVT) Ltd.,240,500.4,120096.0,2025-07-16 13:30:57.918818
2025-07-16,45229,2025071603011409,KSBBL,Shree Krishna Securities Ltd.,Pragyan Securities (PVT) Ltd.,1273,500.3,636881.9,2025-07-16 13:30:57.918948
2025-07-16,44908,2025071603011477,KSBBL,Shree Krishna Securities Ltd.,Property Wiard Limited,1390,500.3,695417.0,2025-07-16 13:31:46.625384
2025-07-16,44743,2025071603011526,KSBBL,Blue Chip Securities Ltd,Online Securities Pvt. Ltd.,200,502.9,100580.0,2025-07-16 13:32:15.655966
2025-07-16,44742,2025071603011527,KSBBL,Blue Chip Securities Ltd,Vision Securities Pvt. Ltd,147,502.9,73926.3,2025-07-16 13:32:15.656339
2025-07-16,44741,2025071603011528,KSBBL,Blue Chip Securities Ltd,Online Securities Pvt. Ltd.,1000,502.9,502900.0,2025-07-16 13:32:15.656498
2025-07-16,44740,2025071603011529,KSBBL,Blue Chip Securities Ltd,Aryatara Investment & Securities,653,502.9,328393.7,2025-07-16 13:32:15.656652
2025-07-16,43702,2025071603011757,KSBBL,Vision Securities Pvt. Ltd,Vision Securities Pvt. Ltd,500,503.0,251500.0,2025-07-16 13:35:04.902140
2025-07-16,43668,2025071603011770,KSBBL,South Asian Bulls Pvt. Ltd.,Vision Securities Pvt. Ltd,1500,503.0,754500.0,2025-07-16 13:35:11.356929
2025-07-16,43667,2025071603011771,KSBBL,South Asian Bulls Pvt. Ltd.,Aryatara Investment & Securities,164,503.0,82492.0,2025-07-16 13:35:11.357249
2025-07-16,43546,2025071603011804,KSBBL,South Asian Bulls Pvt. Ltd.,Nagarik Stock Dealer ,14,503.0,7042.0,2025-07-16 13:35:33.094495
2025-07-16,43516,2025071603011811,KSBBL,South Asian Bulls Pvt. Ltd.,Vision Securities Pvt. Ltd,200,503.0,100600.0,2025-07-16 13:35:37.823145
2025-07-16,43275,2025071603011861,KSBBL,Roadshow securities limited,Imperial Securities Company Pvt. Ltd.,235,503.4,118299.0,2025-07-16 13:36:09.738359
2025-07-16,43149,2025071603011884,KSBBL,Neev Securities Pvt. Ltd.,KALASH STOCK MARKET PVT. LTD.,1000,503.5,503500.0,2025-07-16 13:36:36.375454
2025-07-16,43126,2025071603011888,KSBBL,Naasa Securities Co. Ltd.,Opal Securities Investment (PVT) Ltd.,917,504.0,462168.0,2025-07-16 13:36:43.564433
2025-07-16,43125,2025071603011889,KSBBL,Naasa Securities Co. Ltd.,Linch Stock Market Ltd.,20,504.0,10080.0,2025-07-16 13:36:43.564567
2025-07-16,43124,2025071603011890,KSBBL,Naasa Securities Co. Ltd.,Trisul Securities & Invt. Ltd.,30,504.0,15120.0,2025-07-16 13:36:43.564652
2025-07-16,43123,2025071603011891,KSBBL,Naasa Securities Co. Ltd.,Opal Securities Investment (PVT) Ltd.,1500,504.1,756150.0,2025-07-16 13:36:43.564722
2025-07-16,43122,2025071603011892,KSBBL,Naasa Securities Co. Ltd.,Asian Securities Private Ltd.,33,504.1,16635.3,2025-07-16 13:36:43.564806
2025-07-16,42981,2025071603011922,KSBBL,Blue Chip Securities Ltd,Asian Securities Private Ltd.,17,504.1,8569.7,2025-07-16 13:37:07.427461
2025-07-16,42980,2025071603011923,KSBBL,Blue Chip Securities Ltd,Naasa Securities Co. Ltd.,80,504.5,40360.0,2025-07-16 13:37:07.427770
2025-07-16,42979,2025071603011924,KSBBL,Blue Chip Securities Ltd,Imperial Securities Company Pvt. Ltd.,500,504.5,252250.0,2025-07-16 13:37:07.427900
2025-07-16,42978,2025071603011925,KSBBL,Blue Chip Securities Ltd,Online Securities Pvt. Ltd.,100,504.7,50470.0,2025-07-16 13:37:07.428041
2025-07-16,42977,2025071603011926,KSBBL,Blue Chip Securities Ltd,Online Securities Pvt. Ltd.,200,504.8,100960.0,2025-07-16 13:37:07.428169
2025-07-16,42976,2025071603011927,KSBBL,Blue Chip Securities Ltd,Trisul Securities & Invt. Ltd.,250,504.9,126225.0,2025-07-16 13:37:07.428296
2025-07-16,42975,2025071603011928,KSBBL,Blue Chip Securities Ltd,Swarna Laxmi Securities Pvt. Ltd.,10,504.9,5049.0,2025-07-16 13:37:07.428429
2025-07-16,42974,2025071603011929,KSBBL,Blue Chip Securities Ltd,Trishakti Securities Public Limited,74,504.9,37362.6,2025-07-16 13:37:07.428548
2025-07-16,42973,2025071603011930,KSBBL,Blue Chip Securities Ltd,Kumari Securities Private Limited,10,505.0,5050.0,2025-07-16 13:37:07.428675
2025-07-16,42972,2025071603011931,KSBBL,Blue Chip Securities Ltd,Secured Securities Ltd.,26,505.0,13130.0,2025-07-16 13:37:07.428802
2025-07-16,42971,2025071603011932,KSBBL,Blue Chip Securities Ltd,Secured Securities Ltd.,103,505.0,52015.0,2025-07-16 13:37:07.428926
2025-07-16,42970,2025071603011933,KSBBL,Blue Chip Securities Ltd,Sani Securities Company Ltd.,10,505.0,5050.0,2025-07-16 13:37:07.429055
2025-07-16,42969,2025071603011934,KSBBL,Blue Chip Securities Ltd,Naasa Securities Co. Ltd.,50,505.0,25250.0,2025-07-16 13:37:07.429174
2025-07-16,42968,2025071603011935,KSBBL,Blue Chip Securities Ltd,Creative Securities Pvt Ltd,132,505.0,66660.0,2025-07-16 13:37:07.429300
2025-07-16,42967,2025071603011936,KSBBL,Blue Chip Securities Ltd,Arun Securities (PVT) Ltd.,150,505.0,75750.0,2025-07-16 13:37:07.429424
2025-07-16,42966,2025071603011937,KSBBL,Blue Chip Securities Ltd,Dynamic Money Managers Securities Pvt. Ltd.,263,505.0,132815.0,2025-07-16 13:37:07.429542
2025-07-16,42965,2025071603011938,KSBBL,Blue Chip Securities Ltd,Sani Securities Company Ltd.,20,505.0,10100.0,2025-07-16 13:37:07.429662
2025-07-16,42964,2025071603011939,KSBBL,Blue Chip Securities Ltd,Capital Max Securities Ltd,207,505.0,104535.0,2025-07-16 13:37:07.429780
2025-07-16,42963,2025071603011940,KSBBL,Blue Chip Securities Ltd,Online Securities Pvt. Ltd.,98,505.0,49490.0,2025-07-16 13:37:07.429899
2025-07-16,42954,2025071603011942,KSBBL,Blue Chip Securities Ltd,Online Securities Pvt. Ltd.,23,505.0,11615.0,2025-07-16 13:37:09.435236
2025-07-16,42953,2025071603011943,KSBBL,Blue Chip Securities Ltd,South Asian Bulls Pvt. Ltd.,173,505.0,87365.0,2025-07-16 13:37:09.435536
2025-07-16,42952,2025071603011944,KSBBL,Blue Chip Securities Ltd,Malla & Malla Stock Broking Company Pvt. Limited,830,505.0,419150.0,2025-07-16 13:37:09.435732
2025-07-16,42951,2025071603011945,KSBBL,Blue Chip Securities Ltd,Shree Krishna Securities Ltd.,100,505.0,50500.0,2025-07-16 13:37:09.435901
2025-07-16,42950,2025071603011946,KSBBL,Blue Chip Securities Ltd,Aryatara Investment & Securities,181,505.0,91405.0,2025-07-16 13:37:09.436092
2025-07-16,42949,2025071603011947,KSBBL,Blue Chip Securities Ltd,Aryatara Investment & Securities,693,505.0,349965.0,2025-07-16 13:37:09.436259
2025-07-16,42756,2025071603011994,KSBBL,Magnet Securities and Investment Company Private Limited,Aryatara Investment & Securities,2000,505.0,1010000.0,2025-07-16 13:37:37.197452
2025-07-16,42002,2025071603012152,KSBBL,Capital Max Securities Ltd,Investment Management Nepal Pvt. Ltd.,20,503.5,10070.0,2025-07-16 13:39:33.359405
2025-07-16,42001,2025071603012153,KSBBL,Roadshow securities limited,Investment Management Nepal Pvt. Ltd.,75,503.4,37755.0,2025-07-16 13:39:33.359714
2025-07-16,42000,2025071603012154,KSBBL,Online Securities Pvt. Ltd.,Investment Management Nepal Pvt. Ltd.,10,503.4,5034.0,2025-07-16 13:39:33.359844
2025-07-16,41999,2025071603012155,KSBBL,Sani Securities Company Ltd.,Investment Management Nepal Pvt. Ltd.,85,503.4,42789.0,2025-07-16 13:39:33.359984
2025-07-16,41998,2025071603012156,KSBBL,South Asian Bulls Pvt. Ltd.,Investment Management Nepal Pvt. Ltd.,122,503.0,61366.0,2025-07-16 13:39:33.360134
2025-07-16,41997,2025071603012157,KSBBL,South Asian Bulls Pvt. Ltd.,Investment Management Nepal Pvt. Ltd.,2000,503.0,1006000.0,2025-07-16 13:39:33.360279
2025-07-16,41996,2025071603012158,KSBBL,Siprabi Securities Pvt. Ltd.,Investment Management Nepal Pvt. Ltd.,188,501.2,94225.6,2025-07-16 13:39:33.360424
2025-07-16,41831,2025071603012184,KSBBL,Sani Securities Company Ltd.,Linch Stock Market Ltd.,90,503.1,45279.0,2025-07-16 13:39:58.039685
2025-07-16,41830,2025071603012185,KSBBL,Siprabi Securities Pvt. Ltd.,Linch Stock Market Ltd.,312,501.2,156374.4,2025-07-16 13:39:58.039987
2025-07-16,41829,2025071603012186,KSBBL,Dipshikha Dhitopatra Karobar Co. Pvt Ltd.,Linch Stock Market Ltd.,300,501.1,150330.0,2025-07-16 13:39:58.040123
2025-07-16,41828,2025071603012187,KSBBL,Agrawal Securities (PVT) Ltd.,Linch Stock Market Ltd.,500,500.5,250250.0,2025-07-16 13:39:58.040244
2025-07-16,41827,2025071603012188,KSBBL,Shree Krishna Securities Ltd.,Linch Stock Market Ltd.,319,500.3,159595.7,2025-07-16 13:39:58.040364
2025-07-16,41826,2025071603012189,KSBBL,Vision Securities Pvt. Ltd,Linch Stock Market Ltd.,20,500.0,10000.0,2025-07-16 13:39:58.040481
2025-07-16,41825,2025071603012190,KSBBL,Vision Securities Pvt. Ltd,Linch Stock Market Ltd.,100,500.0,50000.0,2025-07-16 13:39:58.040600
2025-07-16,41732,2025071603012216,KSBBL,Sipla Securities Private Limited,Linch Stock Market Ltd.,1000,500.0,500000.0,2025-07-16 13:40:15.144758
2025-07-16,41644,2025071603012242,KSBBL,South Asian Bulls Pvt. Ltd.,Linch Stock Market Ltd.,2359,500.0,1179500.0,2025-07-16 13:40:29.790159
2025-07-16,41355,2025071603012333,KSBBL,South Asian Bulls Pvt. Ltd.,Online Securities Pvt. Ltd.,100,500.0,50000.0,2025-07-16 13:41:27.591608
2025-07-16,40821,2025071603012474,KSBBL,Nepal Investment And Securities Trading Private Limited,Asian Securities Private Ltd.,10,502.2,5022.0,2025-07-16 13:42:54.035692
2025-07-16,39764,2025071603012722,KSBBL,Imperial Securities Company Pvt. Ltd.,Linch Stock Market Ltd.,1000,500.2,500200.0,2025-07-16 13:46:06.948004
2025-07-16,39763,2025071603012723,KSBBL,Sani Securities Company Ltd.,Linch Stock Market Ltd.,50,500.2,25010.0,2025-07-16 13:46:06.948330
2025-07-16,39762,2025071603012724,KSBBL,Naasa Securities Co. Ltd.,Linch Stock Market Ltd.,50,500.2,25010.0,2025-07-16 13:46:06.948455
2025-07-16,39761,2025071603012725,KSBBL,Aryatara Investment & Securities,Linch Stock Market Ltd.,200,500.1,100020.0,2025-07-16 13:46:06.948578
2025-07-16,39760,2025071603012726,KSBBL,South Asian Bulls Pvt. Ltd.,Linch Stock Market Ltd.,1541,500.0,770500.0,2025-07-16 13:46:06.948698
2025-07-16,39759,2025071603012727,KSBBL,Sri Hari Securities Pvt. Ltd.,Linch Stock Market Ltd.,200,499.9,99980.0,2025-07-16 13:46:06.948819
2025-07-16,39758,2025071603012728,KSBBL,Sani Securities Company Ltd.,Linch Stock Market Ltd.,1000,499.9,499900.0,2025-07-16 13:46:06.948942
2025-07-16,39757,2025071603012729,KSBBL,Naasa Securities Co. Ltd.,Linch Stock Market Ltd.,100,499.4,49940.0,2025-07-16 13:46:06.949070
2025-07-16,39756,2025071603012730,KSBBL,Bhrikuti Stock Broking Co. Pvt. Ltd.,Linch Stock Market Ltd.,30,499.2,14976.0,2025-07-16 13:46:06.949205
2025-07-16,39755,2025071603012731,KSBBL,Sharepro Securities Private Limited,Linch Stock Market Ltd.,5829,499.1,2909253.9,2025-07-16 13:46:06.949325
2025-07-16,39106,2025071603012899,KSBBL,Naasa Securities Co. Ltd.,Opal Securities Investment (PVT) Ltd.,15,500.0,7500.0,2025-07-16 13:47:34.367709
2025-07-16,39105,2025071603012900,KSBBL,Imperial Securities Company Pvt. Ltd.,Opal Securities Investment (PVT) Ltd.,1000,500.0,500000.0,2025-07-16 13:47:34.367999
2025-07-16,39104,2025071603012901,KSBBL,Hatemalo Financial Services Private Limited,Opal Securities Investment (PVT) Ltd.,500,499.2,249600.0,2025-07-16 13:47:34.368134
2025-07-16,39103,2025071603012902,KSBBL,Sharepro Securities Private Limited,Opal Securities Investment (PVT) Ltd.,1975,499.1,985722.5,2025-07-16 13:47:34.368255
2025-07-16,39025,2025071603012923,KSBBL,Shree Krishna Securities Ltd.,Aakashbhairab Securities Ltd.,25,502.1,12552.5,2025-07-16 13:47:51.908104
2025-07-16,38058,2025071603013102,KSBBL,Naasa Securities Co. Ltd.,MILKY WAY SHARE BROKER COMPANY LTD ,200,501.0,100200.0,2025-07-16 13:50:16.098956
2025-07-16,37818,2025071603013158,KSBBL,Dipshikha Dhitopatra Karobar Co. Pvt Ltd.,Online Securities Pvt. Ltd.,500,500.0,250000.0,2025-07-16 13:50:58.717414
2025-07-16,37817,2025071603013159,KSBBL,Sani Securities Company Ltd.,Online Securities Pvt. Ltd.,500,500.0,250000.0,2025-07-16 13:50:58.717505
2025-07-16,37816,2025071603013160,KSBBL,Sani Securities Company Ltd.,Online Securities Pvt. Ltd.,30,499.3,14979.0,2025-07-16 13:50:58.717538
2025-07-16,37815,2025071603013161,KSBBL,SHUBHAKAMANA SECURITIES PVT. LTD,Online Securities Pvt. Ltd.,800,499.3,399440.0,2025-07-16 13:50:58.717565
2025-07-16,37814,2025071603013162,KSBBL,Sri Hari Securities Pvt. Ltd.,Online Securities Pvt. Ltd.,170,499.2,84864.0,2025-07-16 13:50:58.717589
2025-07-16,36752,2025071603013448,KSBBL,South Asian Bulls Pvt. Ltd.,Midas Stock Broking Company Private Limited,43,500.0,21500.0,2025-07-16 13:53:36.895607
2025-07-16,35984,2025071603013593,KSBBL,South Asian Bulls Pvt. Ltd.,Miyo Securities Pvt Ltd,4957,500.0,2478500.0,2025-07-16 13:55:24.735047
2025-07-16,35983,2025071603013594,KSBBL,Deevyaa Securities & Stock House Pvt. Ltd,Miyo Securities Pvt Ltd,1000,500.0,500000.0,2025-07-16 13:55:24.735093
2025-07-16,35615,2025071603013621,KSBBL,Linch Stock Market Ltd.,Market Securities & Exchange (PVT) Ltd.,10,500.0,5000.0,2025-07-16 13:56:13.977535
2025-07-16,35488,2025071603013648,KSBBL,Shree Krishna Securities Ltd.,Siprabi Securities Pvt. Ltd.,10,500.0,5000.0,2025-07-16 13:56:29.718634
2025-07-16,34915,2025071603013781,KSBBL,Shree Krishna Securities Ltd.,Investment Management Nepal Pvt. Ltd.,590,500.0,295000.0,2025-07-16 13:57:46.238437
2025-07-16,34914,2025071603013782,KSBBL,Ashutosh Brokerage & Securities (PVT) Ltd.,Investment Management Nepal Pvt. Ltd.,410,500.0,205000.0,2025-07-16 13:57:46.239038
2025-07-16,34900,2025071603013784,KSBBL,Ashutosh Brokerage & Securities (PVT) Ltd.,Sani Securities Company Ltd.,90,500.0,45000.0,2025-07-16 13:57:47.814554
2025-07-16,34899,2025071603013785,KSBBL,ABC Securities Private Limited,Sani Securities Company Ltd.,50,500.0,25000.0,2025-07-16 13:57:47.814871
2025-07-16,34898,2025071603013786,KSBBL,South Asian Bulls Pvt. Ltd.,Sani Securities Company Ltd.,360,500.0,180000.0,2025-07-16 13:57:47.815021
2025-07-16,34813,2025071603013803,KSBBL,South Asian Bulls Pvt. Ltd.,Miyo Securities Pvt Ltd,4500,500.0,2250000.0,2025-07-16 13:58:01.291424
2025-07-16,34498,2025071603013877,KSBBL,South Asian Bulls Pvt. Ltd.,Dipshikha Dhitopatra Karobar Co. Pvt Ltd.,100,500.0,50000.0,2025-07-16 13:59:02.118469
2025-07-16,34458,2025071603013888,KSBBL,Sri Hari Securities Pvt. Ltd.,South Asian Bulls Pvt. Ltd.,21,500.9,10518.9,2025-07-16 13:59:09.780960
2025-07-16,33791,2025071603014054,KSBBL,South Asian Bulls Pvt. Ltd.,Siprabi Securities Pvt. Ltd.,40,500.0,20000.0,2025-07-16 14:00:52.360431
2025-07-16,33790,2025071603014055,KSBBL,Blue Chip Securities Ltd,Siprabi Securities Pvt. Ltd.,300,500.0,150000.0,2025-07-16 14:00:52.361040
2025-07-16,33789,2025071603014056,KSBBL,Blue Chip Securities Ltd,Siprabi Securities Pvt. Ltd.,500,500.0,250000.0,2025-07-16 14:00:52.361458
2025-07-16,33788,2025071603014057,KSBBL,Linch Stock Market Ltd.,Siprabi Securities Pvt. Ltd.,10,500.0,5000.0,2025-07-16 14:00:52.361878
2025-07-16,33787,2025071603014058,KSBBL,South Asian Bulls Pvt. Ltd.,Siprabi Securities Pvt. Ltd.,750,500.0,375000.0,2025-07-16 14:00:52.362278
2025-07-16,33238,2025071603014153,KSBBL,South Asian Bulls Pvt. Ltd.,Miyo Securities Pvt Ltd,4250,500.0,2125000.0,2025-07-16 14:02:41.163307
2025-07-16,32987,2025071603014199,KSBBL,Sanima Securities Limited,Sumeru Securities Pvt. Ltd.,215,500.0,107500.0,2025-07-16 14:03:10.499604
2025-07-16,32831,2025071603014217,KSBBL,Sanima Securities Limited,Linch Stock Market Ltd.,200,500.0,100000.0,2025-07-16 14:03:30.913603
2025-07-16,32810,2025071603014221,KSBBL,Sanima Securities Limited,Secured Securities Ltd.,100,500.0,50000.0,2025-07-16 14:03:35.971420
2025-07-16,32708,2025071603014254,KSBBL,Sanima Securities Limited,Linch Stock Market Ltd.,200,500.0,100000.0,2025-07-16 14:03:57.129554
2025-07-16,32508,2025071603014321,KSBBL,Sanima Securities Limited,Trishakti Securities Public Limited,10,501.0,5010.0,2025-07-16 14:04:31.987130
2025-07-16,32507,2025071603014322,KSBBL,Sanima Securities Limited,Nepal Stock House (PVT) Ltd.,990,501.0,495990.0,2025-07-16 14:04:31.987450
2025-07-16,32338,2025071603014373,KSBBL,Sanima Securities Limited,Sharepro Securities Private Limited,285,500.0,142500.0,2025-07-16 14:05:02.926958
2025-07-16,32337,2025071603014374,KSBBL,South Asian Bulls Pvt. Ltd.,Sharepro Securities Private Limited,5000,500.0,2500000.0,2025-07-16 14:05:02.926999
2025-07-16,32336,2025071603014375,KSBBL,Naasa Securities Co. Ltd.,Sharepro Securities Private Limited,200,500.0,100000.0,2025-07-16 14:05:02.927021
2025-07-16,32335,2025071603014376,KSBBL,Sharepro Securities Private Limited,Sharepro Securities Private Limited,1000,500.0,500000.0,2025-07-16 14:05:02.927055
2025-07-16,31713,2025071603014511,KSBBL,Deevyaa Securities & Stock House Pvt. Ltd,Linch Stock Market Ltd.,2000,500.0,1000000.0,2025-07-16 14:06:46.795475
2025-07-16,31551,2025071603014549,KSBBL,Neev Securities Pvt. Ltd.,Linch Stock Market Ltd.,100,499.9,49990.0,2025-07-16 14:07:14.063444
2025-07-16,31550,2025071603014550,KSBBL,Sani Securities Company Ltd.,Linch Stock Market Ltd.,700,499.4,349580.0,2025-07-16 14:07:14.063812
2025-07-16,31549,2025071603014551,KSBBL,Magnet Securities and Investment Company Private Limited,Linch Stock Market Ltd.,215,499.3,107349.5,2025-07-16 14:07:14.063999
2025-07-16,31548,2025071603014552,KSBBL,Sri Hari Securities Pvt. Ltd.,Linch Stock Market Ltd.,30,499.2,14976.0,2025-07-16 14:07:14.064236
2025-07-16,31547,2025071603014553,KSBBL,Magnet Securities and Investment Company Private Limited,Linch Stock Market Ltd.,800,499.2,399360.0,2025-07-16 14:07:14.064424
2025-07-16,31546,2025071603014554,KSBBL,Sharepro Securities Private Limited,Linch Stock Market Ltd.,2196,499.1,1096023.6,2025-07-16 14:07:14.064574
2025-07-16,31545,2025071603014555,KSBBL,Magnet Securities and Investment Company Private Limited,Linch Stock Market Ltd.,959,499.1,478636.9,2025-07-16 14:07:14.064765
2025-07-16,31531,2025071603014558,KSBBL,Aakashbhairab Securities Ltd.,Linch Stock Market Ltd.,95,500.0,47500.0,2025-07-16 14:07:17.012093
2025-07-16,31314,2025071603014610,KSBBL,Magnet Securities and Investment Company Private Limited,Dynamic Money Managers Securities Pvt. Ltd.,1541,499.1,769113.1,2025-07-16 14:08:09.031236
2025-07-16,31313,2025071603014611,KSBBL,Naasa Securities Co. Ltd.,Dynamic Money Managers Securities Pvt. Ltd.,2990,499.0,1492010.0,2025-07-16 14:08:09.031518
2025-07-16,31312,2025071603014612,KSBBL,Naasa Securities Co. Ltd.,Dynamic Money Managers Securities Pvt. Ltd.,469,499.0,234031.0,2025-07-16 14:08:09.031705
2025-07-16,31034,2025071603014711,KSBBL,Neev Securities Pvt. Ltd.,Midas Stock Broking Company Private Limited,100,499.5,49950.0,2025-07-16 14:08:56.475486
2025-07-16,30915,2025071603014724,KSBBL,Naasa Securities Co. Ltd.,Shree Krishna Securities Ltd.,20,499.0,9980.0,2025-07-16 14:09:18.783754
2025-07-16,30909,2025071603014727,KSBBL,Naasa Securities Co. Ltd.,Midas Stock Broking Company Private Limited,11,499.0,5489.0,2025-07-16 14:09:19.579638
2025-07-16,30788,2025071603014761,KSBBL,Naasa Securities Co. Ltd.,Midas Stock Broking Company Private Limited,48,498.5,23928.0,2025-07-16 14:09:54.733584
2025-07-16,30698,2025071603014790,KSBBL,Ashutosh Brokerage & Securities (PVT) Ltd.,Asian Securities Private Ltd.,223,498.2,111098.6,2025-07-16 14:10:10.284352
2025-07-16,30697,2025071603014791,KSBBL,Aryatara Investment & Securities,Asian Securities Private Ltd.,277,498.2,138001.4,2025-07-16 14:10:10.284680
2025-07-16,30694,2025071603014792,KSBBL,Aryatara Investment & Securities,Neev Securities Pvt. Ltd.,23,498.2,11458.6,2025-07-16 14:10:10.988477
2025-07-16,30598,2025071603014825,KSBBL,Dipshikha Dhitopatra Karobar Co. Pvt Ltd.,Neev Securities Pvt. Ltd.,10,498.1,4981.0,2025-07-16 14:10:24.040085
2025-07-16,30362,2025071603014909,KSBBL,Dipshikha Dhitopatra Karobar Co. Pvt Ltd.,Midas Stock Broking Company Private Limited,137,498.1,68239.7,2025-07-16 14:11:11.153314
2025-07-16,30026,2025071603014994,KSBBL,Vision Securities Pvt. Ltd,Dipshikha Dhitopatra Karobar Co. Pvt Ltd.,50,499.5,24975.0,2025-07-16 14:11:59.746155
2025-07-16,30025,2025071603014995,KSBBL,Vision Securities Pvt. Ltd,South Asian Bulls Pvt. Ltd.,24,499.9,11997.6,2025-07-16 14:11:59.746279
2025-07-16,30024,2025071603014996,KSBBL,Vision Securities Pvt. Ltd,Imperial Securities Company Pvt. Ltd.,50,499.9,24995.0,2025-07-16 14:11:59.746355
2025-07-16,30023,2025071603014997,KSBBL,Vision Securities Pvt. Ltd,Linch Stock Market Ltd.,76,500.0,38000.0,2025-07-16 14:11:59.746430
2025-07-16,30010,2025071603015000,KSBBL,Dipshikha Dhitopatra Karobar Co. Pvt Ltd.,Linch Stock Market Ltd.,150,500.0,75000.0,2025-07-16 14:12:03.342806
2025-07-16,29575,2025071603015121,KSBBL,Dipshikha Dhitopatra Karobar Co. Pvt Ltd.,Aakashbhairab Securities Ltd.,353,498.1,175829.3,2025-07-16 14:13:12.092374
2025-07-16,29574,2025071603015122,KSBBL,Dipshikha Dhitopatra Karobar Co. Pvt Ltd.,Aakashbhairab Securities Ltd.,300,498.1,149430.0,2025-07-16 14:13:12.092971
2025-07-16,29573,2025071603015123,KSBBL,Magnet Securities and Investment Company Private Limited,Aakashbhairab Securities Ltd.,500,498.1,249050.0,2025-07-16 14:13:12.093414
2025-07-16,29572,2025071603015124,KSBBL,Shree Krishna Securities Ltd.,Aakashbhairab Securities Ltd.,1000,498.0,498000.0,2025-07-16 14:13:12.093803
2025-07-16,29571,2025071603015125,KSBBL,Opal Securities Investment (PVT) Ltd.,Aakashbhairab Securities Ltd.,250,498.0,124500.0,2025-07-16 14:13:12.094197
2025-07-16,29570,2025071603015126,KSBBL,Market Securities & Exchange (PVT) Ltd.,Aakashbhairab Securities Ltd.,50,498.0,24900.0,2025-07-16 14:13:12.094588
2025-07-16,29569,2025071603015127,KSBBL,Himalayan Brokerage Company Limited,Aakashbhairab Securities Ltd.,500,498.0,249000.0,2025-07-16 14:13:12.094970
2025-07-16,29563,2025071603015128,KSBBL,Bhrikuti Stock Broking Co. Pvt. Ltd.,Aakashbhairab Securities Ltd.,47,498.0,23406.0,2025-07-16 14:13:13.516195
2025-07-16,29460,2025071603015148,KSBBL,Dipshikha Dhitopatra Karobar Co. Pvt Ltd.,J.F. Securites (PVT) Ltd.,50,499.5,24975.0,2025-07-16 14:13:37.367366
2025-07-16,29196,2025071603015204,KSBBL,Asian Securities Private Ltd.,J.F. Securites (PVT) Ltd.,50,499.5,24975.0,2025-07-16 14:14:21.458140
2025-07-16,29195,2025071603015205,KSBBL,Asian Securities Private Ltd.,ABC Securities Private Limited,22,499.5,10989.0,2025-07-16 14:14:21.458199
2025-07-16,29194,2025071603015206,KSBBL,Asian Securities Private Ltd.,Linch Stock Market Ltd.,80,500.0,40000.0,2025-07-16 14:14:21.458230
2025-07-16,28562,2025071603015354,KSBBL,Sani Securities Company Ltd.,Aakashbhairab Securities Ltd.,20,499.0,9980.0,2025-07-16 14:16:05.563834
2025-07-16,28561,2025071603015355,KSBBL,Bhrikuti Stock Broking Co. Pvt. Ltd.,Aakashbhairab Securities Ltd.,980,499.0,489020.0,2025-07-16 14:16:05.564154
2025-07-16,28517,2025071603015359,KSBBL,Bhrikuti Stock Broking Co. Pvt. Ltd.,Capital Max Securities Ltd,500,499.0,249500.0,2025-07-16 14:16:15.627884
2025-07-16,28487,2025071603015369,KSBBL,Bhrikuti Stock Broking Co. Pvt. Ltd.,Aakashbhairab Securities Ltd.,473,499.0,236027.0,2025-07-16 14:16:21.613688
2025-07-16,28486,2025071603015370,KSBBL,Primo Securities (PVT) Ltd.,Aakashbhairab Securities Ltd.,100,499.0,49900.0,2025-07-16 14:16:21.613985
2025-07-16,27847,2025071603015490,KSBBL,South Asian Bulls Pvt. Ltd.,Linch Stock Market Ltd.,2599,498.2,1294821.8,2025-07-16 14:18:03.672923
2025-07-16,27699,2025071603015519,KSBBL,South Asian Bulls Pvt. Ltd.,Linch Stock Market Ltd.,2401,498.2,1196178.2,2025-07-16 14:18:33.698226
2025-07-16,27698,2025071603015520,KSBBL,N.M.B. SECURITIES LIMITED,Linch Stock Market Ltd.,1000,498.0,498000.0,2025-07-16 14:18:33.698848
2025-07-16,27697,2025071603015521,KSBBL,Nepal Investment And Securities Trading Private Limited,Linch Stock Market Ltd.,250,498.0,124500.0,2025-07-16 14:18:33.699259
2025-07-16,27696,2025071603015522,KSBBL,Naasa Securities Co. Ltd.,Linch Stock Market Ltd.,100,497.9,49790.0,2025-07-16 14:18:33.699641
2025-07-16,27695,2025071603015523,KSBBL,Midas Stock Broking Company Private Limited,Linch Stock Market Ltd.,500,497.6,248800.0,2025-07-16 14:18:33.700019
2025-07-16,27694,2025071603015524,KSBBL,Sharepro Securities Private Limited,Linch Stock Market Ltd.,749,497.5,372627.5,2025-07-16 14:18:33.700421
2025-07-16,27461,2025071603015588,KSBBL,Sharepro Securities Private Limited,Aakashbhairab Securities Ltd.,427,499.0,213073.0,2025-07-16 14:19:15.949345
2025-07-16,27460,2025071603015589,KSBBL,Sharepro Securities Private Limited,Aakashbhairab Securities Ltd.,498,499.0,248502.0,2025-07-16 14:19:15.949398
2025-07-16,26550,2025071603015824,KSBBL,Neev Securities Pvt. Ltd.,Aryatara Investment & Securities,67,499.0,33433.0,2025-07-16 14:22:02.293436
2025-07-16,26166,2025071603015918,KSBBL,Neev Securities Pvt. Ltd.,Sweta Securities Private Limited,74,499.0,36926.0,2025-07-16 14:22:59.459329
2025-07-16,25970,2025071603015969,KSBBL,Miyo Securities Pvt Ltd,KALASH STOCK MARKET PVT. LTD.,1000,500.0,500000.0,2025-07-16 14:23:25.500036
2025-07-16,25969,2025071603015970,KSBBL,Miyo Securities Pvt Ltd,KALASH STOCK MARKET PVT. LTD.,1000,500.0,500000.0,2025-07-16 14:23:25.500114
2025-07-16,25968,2025071603015971,KSBBL,Miyo Securities Pvt Ltd,KALASH STOCK MARKET PVT. LTD.,1000,500.0,500000.0,2025-07-16 14:23:25.500142
2025-07-16,25967,2025071603015972,KSBBL,Miyo Securities Pvt Ltd,Sani Securities Company Ltd.,16,500.0,8000.0,2025-07-16 14:23:25.500166
2025-07-16,25966,2025071603015973,KSBBL,Neev Securities Pvt. Ltd.,Himalayan Brokerage Company Limited,59,499.0,29441.0,2025-07-16 14:23:25.508553
2025-07-16,25745,2025071603016025,KSBBL,Prabhu Stock Market Limited,Dynamic Money Managers Securities Pvt. Ltd.,11,498.3,5481.3,2025-07-16 14:23:51.007180
2025-07-16,25703,2025071603016030,KSBBL,Prabhu Stock Market Limited,Himalayan Brokerage Company Limited,101,498.3,50328.3,2025-07-16 14:23:57.629177
2025-07-16,25127,2025071603016159,KSBBL,Deevyaa Securities & Stock House Pvt. Ltd,Cristal Kanchanjanga Securites Pvt. Ltd.,24,500.0,12000.0,2025-07-16 14:25:34.606086
2025-07-16,25126,2025071603016160,KSBBL,Deevyaa Securities & Stock House Pvt. Ltd,Vision Securities Pvt. Ltd,476,500.0,238000.0,2025-07-16 14:25:34.606397
2025-07-16,24763,2025071603016231,KSBBL,Deevyaa Securities & Stock House Pvt. Ltd,Vision Securities Pvt. Ltd,24,500.0,12000.0,2025-07-16 14:26:29.897884
2025-07-16,24762,2025071603016232,KSBBL,Deevyaa Securities & Stock House Pvt. Ltd,Vision Securities Pvt. Ltd,500,500.0,250000.0,2025-07-16 14:26:29.898208
2025-07-16,24761,2025071603016233,KSBBL,Deevyaa Securities & Stock House Pvt. Ltd,Shree Krishna Securities Ltd.,100,500.0,50000.0,2025-07-16 14:26:29.898339
2025-07-16,24760,2025071603016234,KSBBL,Deevyaa Securities & Stock House Pvt. Ltd,KALASH STOCK MARKET PVT. LTD.,500,500.0,250000.0,2025-07-16 14:26:29.898464
2025-07-16,24695,2025071603016252,KSBBL,Deevyaa Securities & Stock House Pvt. Ltd,Secured Securities Ltd.,29,500.0,14500.0,2025-07-16 14:26:39.790304
2025-07-16,24603,2025071603016273,KSBBL,Deevyaa Securities & Stock House Pvt. Ltd,Sani Securities Company Ltd.,366,500.0,183000.0,2025-07-16 14:26:54.575863
2025-07-16,24560,2025071603016292,KSBBL,Shree Krishna Securities Ltd.,Nepal Stock House (PVT) Ltd.,10,501.0,5010.0,2025-07-16 14:26:57.627745
2025-07-16,24525,2025071603016297,KSBBL,Deevyaa Securities & Stock House Pvt. Ltd,Shree Krishna Securities Ltd.,100,500.0,50000.0,2025-07-16 14:27:04.660565
2025-07-16,24418,2025071603016316,KSBBL,Deevyaa Securities & Stock House Pvt. Ltd,Vision Securities Pvt. Ltd,381,500.0,190500.0,2025-07-16 14:27:19.184981
2025-07-16,24315,2025071603016341,KSBBL,South Asian Bulls Pvt. Ltd.,Vision Securities Pvt. Ltd,100,500.0,50000.0,2025-07-16 14:27:40.378194
2025-07-16,24157,2025071603016370,KSBBL,Shree Krishna Securities Ltd.,Vision Securities Pvt. Ltd,519,498.6,258773.4,2025-07-16 14:28:03.766845
2025-07-16,23645,2025071603016485,KSBBL,Shree Krishna Securities Ltd.,Miyo Securities Pvt Ltd,481,498.6,239826.6,2025-07-16 14:29:16.788301
2025-07-16,23644,2025071603016486,KSBBL,Dipshikha Dhitopatra Karobar Co. Pvt Ltd.,Miyo Securities Pvt Ltd,500,498.6,249300.0,2025-07-16 14:29:16.788582
2025-07-16,23534,2025071603016505,KSBBL,Prabhu Stock Market Limited,Miyo Securities Pvt Ltd,1004,498.5,500494.0,2025-07-16 14:29:30.850325
2025-07-16,23069,2025071603016642,KSBBL,Deevyaa Securities & Stock House Pvt. Ltd,Miyo Securities Pvt Ltd,19,498.6,9473.4,2025-07-16 14:30:42.334354
2025-07-16,23068,2025071603016643,KSBBL,Deevyaa Securities & Stock House Pvt. Ltd,Indira securities pvt. ltd,223,500.0,111500.0,2025-07-16 14:30:42.334936
2025-07-16,23067,2025071603016644,KSBBL,Deevyaa Securities & Stock House Pvt. Ltd,Cristal Kanchanjanga Securites Pvt. Ltd.,50,500.0,25000.0,2025-07-16 14:30:42.335341
