Date,S.N.,Contract ID,Symbol,Buyer Broker,Seller Broker,volume,rate,amount,transaction_time
2025-07-16,99194,2025071604000100,MEN,Opal Securities Investment (PVT) Ltd.,Online Securities Pvt. Ltd.,10,633.0,6330.0,2025-07-16 11:01:28.992946
2025-07-16,98994,2025071604000173,MEN,Naasa Securities Co. Ltd.,Naasa Securities Co. Ltd.,10,632.0,6320.0,2025-07-16 11:02:29.547969
2025-07-16,98993,2025071604000174,MEN,Naasa Securities Co. Ltd.,R.B.B. Securities Company Ltd,2190,632.9,1386051.0,2025-07-16 11:02:29.548060
2025-07-16,98844,2025071604000220,MEN,Cristal Kanchanjanga Securites Pvt. Ltd.,Secured Securities Ltd.,200,627.1,125420.0,2025-07-16 11:03:00.788680
2025-07-16,98622,2025071604000264,MEN,Cristal Kanchanjanga Securites Pvt. Ltd.,Vision Securities Pvt. Ltd,100,627.1,62710.0,2025-07-16 11:03:31.448842
2025-07-16,98621,2025071604000265,MEN,Sharepro Securities Private Limited,Vision Securities Pvt. Ltd,100,627.0,62700.0,2025-07-16 11:03:31.448945
2025-07-16,98574,2025071604000273,MEN,Deevyaa Securities & Stock House Pvt. Ltd,R.B.B. Securities Company Ltd,10,627.0,6270.0,2025-07-16 11:03:45.733481
2025-07-16,98047,2025071604000403,MEN,Ashutosh Brokerage & Securities (PVT) Ltd.,Premier Securities Company Ltd.,200,628.0,125600.0,2025-07-16 11:05:42.622828
2025-07-16,97371,2025071604000584,MEN,Linch Stock Market Ltd.,Linch Stock Market Ltd.,90,628.1,56529.0,2025-07-16 11:07:46.388168
2025-07-16,97370,2025071604000585,MEN,Ashutosh Brokerage & Securities (PVT) Ltd.,Linch Stock Market Ltd.,281,628.0,176468.0,2025-07-16 11:07:46.388275
2025-07-16,96942,2025071604000686,MEN,Ashutosh Brokerage & Securities (PVT) Ltd.,Property Wiard Limited,19,628.0,11932.0,2025-07-16 11:08:49.567757
2025-07-16,96941,2025071604000687,MEN,Siprabi Securities Pvt. Ltd.,Property Wiard Limited,10,628.0,6280.0,2025-07-16 11:08:49.567944
2025-07-16,96940,2025071604000688,MEN,Deevyaa Securities & Stock House Pvt. Ltd,Property Wiard Limited,190,627.0,119130.0,2025-07-16 11:08:49.568064
2025-07-16,96939,2025071604000689,MEN,Siprabi Securities Pvt. Ltd.,Property Wiard Limited,10,627.0,6270.0,2025-07-16 11:08:49.568181
2025-07-16,96938,2025071604000690,MEN,Sharepro Securities Private Limited,Property Wiard Limited,71,626.0,44446.0,2025-07-16 11:08:49.568305
2025-07-16,96863,2025071604000699,MEN,Naasa Securities Co. Ltd.,Aryatara Investment & Securities,300,628.1,188430.0,2025-07-16 11:09:00.930409
2025-07-16,96862,2025071604000700,MEN,Naasa Securities Co. Ltd.,Aryatara Investment & Securities,200,629.0,125800.0,2025-07-16 11:09:00.930508
2025-07-16,96080,2025071604000912,MEN,Linch Stock Market Ltd.,Infinity Securities Limited,100,627.0,62700.0,2025-07-16 11:11:24.042879
2025-07-16,95851,2025071604000969,MEN,Market Securities & Exchange (PVT) Ltd.,Infinity Securities Limited,100,627.0,62700.0,2025-07-16 11:11:54.347867
2025-07-16,95445,2025071604001052,MEN,Primo Securities (PVT) Ltd.,Neev Securities Pvt. Ltd.,167,629.7,105159.9,2025-07-16 11:12:41.325565
2025-07-16,95392,2025071604001058,MEN,Aryatara Investment & Securities,Opal Securities Investment (PVT) Ltd.,100,626.1,62610.0,2025-07-16 11:12:49.551385
2025-07-16,95391,2025071604001059,MEN,Sharepro Securities Private Limited,Opal Securities Investment (PVT) Ltd.,29,626.0,18154.0,2025-07-16 11:12:49.551463
2025-07-16,95390,2025071604001060,MEN,Siprabi Securities Pvt. Ltd.,Opal Securities Investment (PVT) Ltd.,10,626.0,6260.0,2025-07-16 11:12:49.551487
2025-07-16,95389,2025071604001061,MEN,Naasa Securities Co. Ltd.,Opal Securities Investment (PVT) Ltd.,61,626.0,38186.0,2025-07-16 11:12:49.551507
2025-07-16,94948,2025071604001177,MEN,Naasa Securities Co. Ltd.,Nabil Stock Dealer Ltd.,39,626.0,24414.0,2025-07-16 11:14:05.213850
2025-07-16,94947,2025071604001178,MEN,Linch Stock Market Ltd.,Nabil Stock Dealer Ltd.,61,626.0,38186.0,2025-07-16 11:14:05.213971
2025-07-16,94901,2025071604001195,MEN,ABC Securities Private Limited,ABC Securities Private Limited,90000,626.1,56349000.0,2025-07-16 11:14:11.060606
2025-07-16,94713,2025071604001237,MEN,Elite Stock House Limited,Bhrikuti Stock Broking Co. Pvt. Ltd.,500,627.0,313500.0,2025-07-16 11:14:41.971327
2025-07-16,94712,2025071604001238,MEN,Elite Stock House Limited,Bhrikuti Stock Broking Co. Pvt. Ltd.,500,626.2,313100.0,2025-07-16 11:14:41.971369
2025-07-16,94643,2025071604001253,MEN,Kohinoor Investment & Securities Pvt. Ltd.,Dynamic Money Managers Securities Pvt. Ltd.,1000,627.9,627900.0,2025-07-16 11:14:54.914670
2025-07-16,94529,2025071604001277,MEN,Cristal Kanchanjanga Securites Pvt. Ltd.,Sanima Securities Limited,200,629.0,125800.0,2025-07-16 11:15:13.214575
2025-07-16,94431,2025071604001309,MEN,Imperial Securities Company Pvt. Ltd.,Citizens Share Broker Limited,237,629.8,149262.6,2025-07-16 11:15:30.423126
2025-07-16,94430,2025071604001310,MEN,Imperial Securities Company Pvt. Ltd.,Neev Securities Pvt. Ltd.,123,629.9,77477.7,2025-07-16 11:15:30.423371
2025-07-16,94429,2025071604001311,MEN,Imperial Securities Company Pvt. Ltd.,Swarna Laxmi Securities Pvt. Ltd.,200,630.0,126000.0,2025-07-16 11:15:30.423529
2025-07-16,94428,2025071604001312,MEN,Imperial Securities Company Pvt. Ltd.,Hatemalo Financial Services Private Limited,440,630.0,277200.0,2025-07-16 11:15:30.423679
2025-07-16,93638,2025071604001518,MEN,Primo Securities (PVT) Ltd.,Hatemalo Financial Services Private Limited,60,630.0,37800.0,2025-07-16 11:17:36.565115
2025-07-16,93637,2025071604001519,MEN,Primo Securities (PVT) Ltd.,Dynamic Money Managers Securities Pvt. Ltd.,65,630.0,40950.0,2025-07-16 11:17:36.565305
2025-07-16,93636,2025071604001520,MEN,Primo Securities (PVT) Ltd.,Dynamic Money Managers Securities Pvt. Ltd.,100,630.0,63000.0,2025-07-16 11:17:36.565372
2025-07-16,93635,2025071604001521,MEN,Primo Securities (PVT) Ltd.,Aryatara Investment & Securities,13,630.0,8190.0,2025-07-16 11:17:36.565458
2025-07-16,93634,2025071604001522,MEN,Primo Securities (PVT) Ltd.,Imperial Securities Company Pvt. Ltd.,100,630.9,63090.0,2025-07-16 11:17:36.565509
2025-07-16,93633,2025071604001523,MEN,Primo Securities (PVT) Ltd.,Sani Securities Company Ltd.,100,631.0,63100.0,2025-07-16 11:17:36.565563
2025-07-16,93632,2025071604001524,MEN,Primo Securities (PVT) Ltd.,Sweta Securities Private Limited,100,632.0,63200.0,2025-07-16 11:17:36.565615
2025-07-16,93631,2025071604001525,MEN,Primo Securities (PVT) Ltd.,Dynamic Money Managers Securities Pvt. Ltd.,400,632.0,252800.0,2025-07-16 11:17:36.565668
2025-07-16,93630,2025071604001526,MEN,Primo Securities (PVT) Ltd.,Online Securities Pvt. Ltd.,62,633.0,39246.0,2025-07-16 11:17:36.565720
2025-07-16,93485,2025071604001570,MEN,Primo Securities (PVT) Ltd.,Online Securities Pvt. Ltd.,61,633.0,38613.0,2025-07-16 11:18:06.698083
2025-07-16,93484,2025071604001571,MEN,Primo Securities (PVT) Ltd.,Naasa Securities Co. Ltd.,100,633.0,63300.0,2025-07-16 11:18:06.698371
2025-07-16,93483,2025071604001572,MEN,Primo Securities (PVT) Ltd.,Sundhara Securities Limited,100,633.0,63300.0,2025-07-16 11:18:06.698528
2025-07-16,93482,2025071604001573,MEN,Primo Securities (PVT) Ltd.,Kohinoor Investment & Securities Pvt. Ltd.,10,634.0,6340.0,2025-07-16 11:18:06.698686
2025-07-16,93481,2025071604001574,MEN,Primo Securities (PVT) Ltd.,Siprabi Securities Pvt. Ltd.,100,634.9,63490.0,2025-07-16 11:18:06.698838
2025-07-16,93480,2025071604001575,MEN,Primo Securities (PVT) Ltd.,Sani Securities Company Ltd.,330,635.0,209550.0,2025-07-16 11:18:06.698997
2025-07-16,93479,2025071604001576,MEN,Primo Securities (PVT) Ltd.,Naasa Securities Co. Ltd.,10,635.0,6350.0,2025-07-16 11:18:06.699195
2025-07-16,93478,2025071604001577,MEN,Primo Securities (PVT) Ltd.,Aryatara Investment & Securities,145,635.0,92075.0,2025-07-16 11:18:06.699405
2025-07-16,93477,2025071604001578,MEN,Primo Securities (PVT) Ltd.,Opal Securities Investment (PVT) Ltd.,10,635.0,6350.0,2025-07-16 11:18:06.699619
2025-07-16,93476,2025071604001579,MEN,Primo Securities (PVT) Ltd.,Online Securities Pvt. Ltd.,40,635.0,25400.0,2025-07-16 11:18:06.699803
2025-07-16,93475,2025071604001580,MEN,Primo Securities (PVT) Ltd.,Sani Securities Company Ltd.,94,635.0,59690.0,2025-07-16 11:18:06.699967
2025-07-16,93242,2025071604001639,MEN,Imperial Securities Company Pvt. Ltd.,Nepal Stock House (PVT) Ltd.,500,634.0,317000.0,2025-07-16 11:18:49.542262
2025-07-16,92938,2025071604001716,MEN,Imperial Securities Company Pvt. Ltd.,Dipshikha Dhitopatra Karobar Co. Pvt Ltd.,50,634.0,31700.0,2025-07-16 11:19:52.402130
2025-07-16,92937,2025071604001717,MEN,Imperial Securities Company Pvt. Ltd.,BHOLE GANESH SECURITIES LTD,50,634.0,31700.0,2025-07-16 11:19:52.402274
2025-07-16,92936,2025071604001718,MEN,Imperial Securities Company Pvt. Ltd.,Nagarik Stock Dealer ,400,634.0,253600.0,2025-07-16 11:19:52.402343
2025-07-16,92933,2025071604001719,MEN,Thrive Brokerage House Pvt. Ltd,Nagarik Stock Dealer ,100,634.0,63400.0,2025-07-16 11:19:53.019117
2025-07-16,92914,2025071604001722,MEN,Sani Securities Company Ltd.,Neev Securities Pvt. Ltd.,10,633.0,6330.0,2025-07-16 11:19:55.213366
2025-07-16,92875,2025071604001733,MEN,Sani Securities Company Ltd.,Agrawal Securities (PVT) Ltd.,251,633.0,158883.0,2025-07-16 11:20:04.487787
2025-07-16,92827,2025071604001755,MEN,Sani Securities Company Ltd.,Agrawal Securities (PVT) Ltd.,500,633.0,316500.0,2025-07-16 11:20:15.895322
2025-07-16,92747,2025071604001778,MEN,Linch Stock Market Ltd.,Agrawal Securities (PVT) Ltd.,249,633.0,157617.0,2025-07-16 11:20:33.314068
2025-07-16,92684,2025071604001799,MEN,Linch Stock Market Ltd.,Primo Securities (PVT) Ltd.,190,633.0,120270.0,2025-07-16 11:20:42.559682
2025-07-16,92544,2025071604001826,MEN,Trishakti Securities Public Limited,Primo Securities (PVT) Ltd.,110,633.0,69630.0,2025-07-16 11:21:03.589834
2025-07-16,92450,2025071604001850,MEN,Trishakti Securities Public Limited,Online Securities Pvt. Ltd.,90,633.0,56970.0,2025-07-16 11:21:22.617477
2025-07-16,92239,2025071604001884,MEN,Sani Securities Company Ltd.,Aryatara Investment & Securities,50,633.0,31650.0,2025-07-16 11:21:55.634893
2025-07-16,92238,2025071604001885,MEN,Secured Securities Ltd.,Aryatara Investment & Securities,20,633.0,12660.0,2025-07-16 11:21:55.635066
2025-07-16,92236,2025071604001886,MEN,Asian Securities Private Ltd.,Aryatara Investment & Securities,130,633.0,82290.0,2025-07-16 11:21:56.709940
2025-07-16,92235,2025071604001887,MEN,Asian Securities Private Ltd.,Sumeru Securities Pvt. Ltd.,370,633.9,234543.0,2025-07-16 11:21:56.710103
2025-07-16,92123,2025071604001918,MEN,ABC Securities Private Limited,Sumeru Securities Pvt. Ltd.,130,633.9,82407.0,2025-07-16 11:22:16.563268
2025-07-16,92122,2025071604001919,MEN,ABC Securities Private Limited,Nagarik Stock Dealer ,70,634.0,44380.0,2025-07-16 11:22:16.563605
2025-07-16,92004,2025071604001938,MEN,Capital Hub P. Ltd,Nagarik Stock Dealer ,1930,634.0,1223620.0,2025-07-16 11:22:33.258376
2025-07-16,92003,2025071604001939,MEN,Capital Hub P. Ltd,Sani Securities Company Ltd.,56,635.0,35560.0,2025-07-16 11:22:33.258426
2025-07-16,92002,2025071604001940,MEN,Capital Hub P. Ltd,Vision Securities Pvt. Ltd,108,635.0,68580.0,2025-07-16 11:22:33.258454
2025-07-16,92001,2025071604001941,MEN,Capital Hub P. Ltd,South Asian Bulls Pvt. Ltd.,100,635.0,63500.0,2025-07-16 11:22:33.258477
2025-07-16,92000,2025071604001942,MEN,Capital Hub P. Ltd,Aryatara Investment & Securities,50,635.0,31750.0,2025-07-16 11:22:33.258503
2025-07-16,91999,2025071604001943,MEN,Capital Hub P. Ltd,Sani Securities Company Ltd.,10,635.0,6350.0,2025-07-16 11:22:33.258550
2025-07-16,91998,2025071604001944,MEN,Capital Hub P. Ltd,Sani Securities Company Ltd.,25,635.0,15875.0,2025-07-16 11:22:33.258573
2025-07-16,91997,2025071604001945,MEN,Capital Hub P. Ltd,Aryatara Investment & Securities,10,635.3,6353.0,2025-07-16 11:22:33.258604
2025-07-16,91996,2025071604001946,MEN,Capital Hub P. Ltd,Naasa Securities Co. Ltd.,10,636.0,6360.0,2025-07-16 11:22:33.258636
2025-07-16,91995,2025071604001947,MEN,Capital Hub P. Ltd,Prabhu Stock Market Limited,150,636.0,95400.0,2025-07-16 11:22:33.258668
2025-07-16,91994,2025071604001948,MEN,Capital Hub P. Ltd,Siprabi Securities Pvt. Ltd.,29,636.0,18444.0,2025-07-16 11:22:33.258692
2025-07-16,91993,2025071604001949,MEN,Capital Hub P. Ltd,Arun Securities (PVT) Ltd.,522,636.9,332461.8,2025-07-16 11:22:33.258713
2025-07-16,91474,2025071604002129,MEN,Nepal Stock House (PVT) Ltd.,Aryatara Investment & Securities,13,635.0,8255.0,2025-07-16 11:23:53.300415
2025-07-16,91349,2025071604002157,MEN,Bhrikuti Stock Broking Co. Pvt. Ltd.,Aryatara Investment & Securities,39,635.0,24765.0,2025-07-16 11:24:14.615998
2025-07-16,90755,2025071604002331,MEN,Vision Securities Pvt. Ltd,Linch Stock Market Ltd.,50,634.0,31700.0,2025-07-16 11:26:00.497554
2025-07-16,90754,2025071604002332,MEN,Vision Securities Pvt. Ltd,Aryatara Investment & Securities,48,635.0,30480.0,2025-07-16 11:26:00.497751
2025-07-16,90753,2025071604002333,MEN,Vision Securities Pvt. Ltd,South Asian Bulls Pvt. Ltd.,250,635.0,158750.0,2025-07-16 11:26:00.497824
2025-07-16,90752,2025071604002334,MEN,Vision Securities Pvt. Ltd,Agrawal Securities (PVT) Ltd.,1000,635.0,635000.0,2025-07-16 11:26:00.497888
2025-07-16,90751,2025071604002335,MEN,Vision Securities Pvt. Ltd,Investment Management Nepal Pvt. Ltd.,115,635.0,73025.0,2025-07-16 11:26:00.497949
2025-07-16,90750,2025071604002336,MEN,Vision Securities Pvt. Ltd,Imperial Securities Company Pvt. Ltd.,200,635.4,127080.0,2025-07-16 11:26:00.498012
2025-07-16,90749,2025071604002337,MEN,Vision Securities Pvt. Ltd,Vision Securities Pvt. Ltd,100,635.5,63550.0,2025-07-16 11:26:00.498073
2025-07-16,90748,2025071604002338,MEN,Vision Securities Pvt. Ltd,Sumeru Securities Pvt. Ltd.,500,635.9,317950.0,2025-07-16 11:26:00.498134
2025-07-16,90747,2025071604002339,MEN,Vision Securities Pvt. Ltd,SUN SECURITIES PVT LTD,92,636.0,58512.0,2025-07-16 11:26:00.498199
2025-07-16,90679,2025071604002370,MEN,Vision Securities Pvt. Ltd,Sweta Securities Private Limited,100,636.0,63600.0,2025-07-16 11:26:11.134435
2025-07-16,90661,2025071604002373,MEN,Vision Securities Pvt. Ltd,Nepal Stock House (PVT) Ltd.,300,636.0,190800.0,2025-07-16 11:26:15.299676
2025-07-16,90606,2025071604002389,MEN,Vision Securities Pvt. Ltd,Arun Securities (PVT) Ltd.,245,636.9,156040.5,2025-07-16 11:26:22.542675
2025-07-16,90593,2025071604002391,MEN,Dipshikha Dhitopatra Karobar Co. Pvt Ltd.,Arun Securities (PVT) Ltd.,2000,636.9,1273800.0,2025-07-16 11:26:24.109842
2025-07-16,90486,2025071604002422,MEN,Linch Stock Market Ltd.,Online Securities Pvt. Ltd.,50,635.0,31750.0,2025-07-16 11:26:36.445480
2025-07-16,89860,2025071604002566,MEN,Naasa Securities Co. Ltd.,Arun Securities (PVT) Ltd.,2233,632.3,1411925.9,2025-07-16 11:28:03.052222
2025-07-16,89678,2025071604002629,MEN,Naasa Securities Co. Ltd.,Dipshikha Dhitopatra Karobar Co. Pvt Ltd.,500,632.3,316150.0,2025-07-16 11:28:29.865902
2025-07-16,89641,2025071604002639,MEN,Naasa Securities Co. Ltd.,Vision Securities Pvt. Ltd,234,632.3,147958.2,2025-07-16 11:28:35.769107
2025-07-16,89566,2025071604002663,MEN,Asian Securities Private Ltd.,Dipshikha Dhitopatra Karobar Co. Pvt Ltd.,200,632.4,126480.0,2025-07-16 11:28:44.980263
2025-07-16,89520,2025071604002680,MEN,Asian Securities Private Ltd.,Dynamic Money Managers Securities Pvt. Ltd.,300,632.4,189720.0,2025-07-16 11:28:52.562779
2025-07-16,89519,2025071604002681,MEN,Naasa Securities Co. Ltd.,Dynamic Money Managers Securities Pvt. Ltd.,33,632.3,20865.9,2025-07-16 11:28:52.562983
2025-07-16,89518,2025071604002682,MEN,Trishakti Securities Public Limited,Dynamic Money Managers Securities Pvt. Ltd.,667,632.2,421677.4,2025-07-16 11:28:52.563117
2025-07-16,89425,2025071604002710,MEN,Trishakti Securities Public Limited,Magnet Securities and Investment Company Private Limited,200,632.2,126440.0,2025-07-16 11:29:08.577487
2025-07-16,89307,2025071604002737,MEN,ABC Securities Private Limited,South Asian Bulls Pvt. Ltd.,1000,632.5,632500.0,2025-07-16 11:29:27.592632
2025-07-16,88908,2025071604002813,MEN,Trishakti Securities Public Limited,Dipshikha Dhitopatra Karobar Co. Pvt Ltd.,100,632.2,63220.0,2025-07-16 11:30:34.222029
2025-07-16,88340,2025071604002929,MEN,Trishakti Securities Public Limited,Sweta Securities Private Limited,13,632.2,8218.6,2025-07-16 11:31:55.583977
2025-07-16,88295,2025071604002933,MEN,Trishakti Securities Public Limited,Sani Securities Company Ltd.,20,632.2,12644.0,2025-07-16 11:32:01.298762
2025-07-16,88294,2025071604002934,MEN,Naasa Securities Co. Ltd.,Sani Securities Company Ltd.,60,632.2,37932.0,2025-07-16 11:32:01.298921
2025-07-16,88293,2025071604002935,MEN,Asian Securities Private Ltd.,Sani Securities Company Ltd.,20,632.2,12644.0,2025-07-16 11:32:01.299030
2025-07-16,88066,2025071604002989,MEN,Asian Securities Private Ltd.,Primo Securities (PVT) Ltd.,30,632.2,18966.0,2025-07-16 11:32:30.723321
2025-07-16,88065,2025071604002990,MEN,APPLE SECURITIES PRIVATE LIMITED,Primo Securities (PVT) Ltd.,470,632.0,297040.0,2025-07-16 11:32:30.723541
2025-07-16,87904,2025071604003047,MEN,APPLE SECURITIES PRIVATE LIMITED,Asian Securities Private Ltd.,13,632.0,8216.0,2025-07-16 11:32:52.463262
2025-07-16,87874,2025071604003052,MEN,Sharepro Securities Private Limited,Aryatara Investment & Securities,50,634.0,31700.0,2025-07-16 11:32:56.183838
2025-07-16,87873,2025071604003053,MEN,Sharepro Securities Private Limited,Agrawal Securities (PVT) Ltd.,46,634.0,29164.0,2025-07-16 11:32:56.184169
2025-07-16,87872,2025071604003054,MEN,Sharepro Securities Private Limited,Siprabi Securities Pvt. Ltd.,100,634.5,63450.0,2025-07-16 11:32:56.184405
2025-07-16,87871,2025071604003055,MEN,Sharepro Securities Private Limited,Imperial Securities Company Pvt. Ltd.,673,634.9,427287.7,2025-07-16 11:32:56.184632
2025-07-16,87870,2025071604003056,MEN,Sharepro Securities Private Limited,Imperial Securities Company Pvt. Ltd.,200,635.0,127000.0,2025-07-16 11:32:56.184907
2025-07-16,87869,2025071604003057,MEN,Sharepro Securities Private Limited,ABC Securities Private Limited,100,635.0,63500.0,2025-07-16 11:32:56.185165
2025-07-16,87868,2025071604003058,MEN,Sharepro Securities Private Limited,Imperial Securities Company Pvt. Ltd.,100,635.0,63500.0,2025-07-16 11:32:56.185405
2025-07-16,87370,2025071604003141,MEN,Sharepro Securities Private Limited,Nepal Stock House (PVT) Ltd.,85,635.0,53975.0,2025-07-16 11:34:11.764813
2025-07-16,87192,2025071604003189,MEN,Sharepro Securities Private Limited,Asian Securities Private Ltd.,100,635.0,63500.0,2025-07-16 11:34:44.615181
2025-07-16,86966,2025071604003224,MEN,Aryatara Investment & Securities,Nepal Stock House (PVT) Ltd.,116,636.6,73845.6,2025-07-16 11:35:21.208807
2025-07-16,86965,2025071604003225,MEN,Aryatara Investment & Securities,ABC Securities Private Limited,50,636.7,31835.0,2025-07-16 11:35:21.209041
2025-07-16,86964,2025071604003226,MEN,Aryatara Investment & Securities,South Asian Bulls Pvt. Ltd.,34,636.8,21651.2,2025-07-16 11:35:21.209122
2025-07-16,86735,2025071604003273,MEN,Agrawal Securities (PVT) Ltd.,South Asian Bulls Pvt. Ltd.,50,636.8,31840.0,2025-07-16 11:35:58.987940
2025-07-16,86685,2025071604003289,MEN,Sharepro Securities Private Limited,Aryatara Investment & Securities,20,635.0,12700.0,2025-07-16 11:36:05.747294
2025-07-16,86592,2025071604003310,MEN,Sharepro Securities Private Limited,Asian Securities Private Ltd.,13,635.0,8255.0,2025-07-16 11:36:24.217942
2025-07-16,86480,2025071604003328,MEN,South Asian Bulls Pvt. Ltd.,South Asian Bulls Pvt. Ltd.,100,636.8,63680.0,2025-07-16 11:36:39.324506
2025-07-16,86435,2025071604003340,MEN,Sharepro Securities Private Limited,Aryatara Investment & Securities,20,635.0,12700.0,2025-07-16 11:36:46.115912
2025-07-16,86339,2025071604003370,MEN,Sharepro Securities Private Limited,Kumari Securities Private Limited,63,635.0,40005.0,2025-07-16 11:36:59.692837
2025-07-16,85968,2025071604003459,MEN,Blue Chip Securities Ltd,Sundhara Securities Limited,50,633.0,31650.0,2025-07-16 11:37:59.353054
2025-07-16,85278,2025071604003580,MEN,Opal Securities Investment (PVT) Ltd.,SUN SECURITIES PVT LTD,10,636.0,6360.0,2025-07-16 11:39:22.269247
2025-07-16,85252,2025071604003583,MEN,Vision Securities Pvt. Ltd,Aryatara Investment & Securities,127,635.0,80645.0,2025-07-16 11:39:22.963190
2025-07-16,85251,2025071604003584,MEN,Blue Chip Securities Ltd,Aryatara Investment & Securities,23,633.0,14559.0,2025-07-16 11:39:22.963424
2025-07-16,84877,2025071604003648,MEN,Opal Securities Investment (PVT) Ltd.,SUN SECURITIES PVT LTD,10,636.0,6360.0,2025-07-16 11:40:12.598378
2025-07-16,84723,2025071604003663,MEN,Primo Securities (PVT) Ltd.,K.B.L. Securities Limited ,1000,636.7,636700.0,2025-07-16 11:40:26.046131
2025-07-16,84213,2025071604003766,MEN,Online Securities Pvt. Ltd.,South Asian Bulls Pvt. Ltd.,16,636.8,10188.8,2025-07-16 11:41:37.451782
2025-07-16,84212,2025071604003767,MEN,Online Securities Pvt. Ltd.,Siprabi Securities Pvt. Ltd.,25,636.8,15920.0,2025-07-16 11:41:37.452014
2025-07-16,84211,2025071604003768,MEN,Online Securities Pvt. Ltd.,Oxford Securities Pvt. Ltd.,500,636.8,318400.0,2025-07-16 11:41:37.452092
2025-07-16,84210,2025071604003769,MEN,Online Securities Pvt. Ltd.,Imperial Securities Company Pvt. Ltd.,459,636.9,292337.1,2025-07-16 11:41:37.452190
2025-07-16,84181,2025071604003776,MEN,Imperial Securities Company Pvt. Ltd.,Pragyan Securities (PVT) Ltd.,100,636.8,63680.0,2025-07-16 11:41:42.881381
2025-07-16,84127,2025071604003784,MEN,Primo Securities (PVT) Ltd.,Imperial Securities Company Pvt. Ltd.,41,636.9,26112.9,2025-07-16 11:41:48.585946
2025-07-16,84126,2025071604003785,MEN,Primo Securities (PVT) Ltd.,Neev Securities Pvt. Ltd.,10,637.0,6370.0,2025-07-16 11:41:48.586294
2025-07-16,84125,2025071604003786,MEN,Primo Securities (PVT) Ltd.,Hatemalo Financial Services Private Limited,100,637.0,63700.0,2025-07-16 11:41:48.586537
2025-07-16,84124,2025071604003787,MEN,Primo Securities (PVT) Ltd.,Hatemalo Financial Services Private Limited,500,637.0,318500.0,2025-07-16 11:41:48.586750
2025-07-16,83924,2025071604003824,MEN,Blue Chip Securities Ltd,Midas Stock Broking Company Private Limited,20,637.5,12750.0,2025-07-16 11:42:04.789713
2025-07-16,83858,2025071604003838,MEN,Online Securities Pvt. Ltd.,Sumeru Securities Pvt. Ltd.,100,638.5,63850.0,2025-07-16 11:42:10.879341
2025-07-16,83857,2025071604003839,MEN,Online Securities Pvt. Ltd.,Naasa Securities Co. Ltd.,100,638.6,63860.0,2025-07-16 11:42:10.879522
2025-07-16,83856,2025071604003840,MEN,Online Securities Pvt. Ltd.,Dynamic Money Managers Securities Pvt. Ltd.,100,639.0,63900.0,2025-07-16 11:42:10.879597
2025-07-16,83855,2025071604003841,MEN,Online Securities Pvt. Ltd.,Vision Securities Pvt. Ltd,450,639.0,287550.0,2025-07-16 11:42:10.879671
2025-07-16,83854,2025071604003842,MEN,Online Securities Pvt. Ltd.,Agrawal Securities (PVT) Ltd.,250,639.0,159750.0,2025-07-16 11:42:10.879744
2025-07-16,83788,2025071604003855,MEN,Naasa Securities Co. Ltd.,Agrawal Securities (PVT) Ltd.,750,639.0,479250.0,2025-07-16 11:42:18.415581
2025-07-16,83787,2025071604003856,MEN,Naasa Securities Co. Ltd.,Imperial Securities Company Pvt. Ltd.,500,639.5,319750.0,2025-07-16 11:42:18.415637
2025-07-16,83786,2025071604003857,MEN,Naasa Securities Co. Ltd.,Naasa Securities Co. Ltd.,500,639.5,319750.0,2025-07-16 11:42:18.415672
2025-07-16,83785,2025071604003858,MEN,Naasa Securities Co. Ltd.,Nepal Investment And Securities Trading Private Limited,100,639.5,63950.0,2025-07-16 11:42:18.415697
2025-07-16,83784,2025071604003859,MEN,Naasa Securities Co. Ltd.,Naasa Securities Co. Ltd.,150,639.5,95925.0,2025-07-16 11:42:18.415724
2025-07-16,83688,2025071604003872,MEN,Imperial Securities Company Pvt. Ltd.,Naasa Securities Co. Ltd.,90,639.5,57555.0,2025-07-16 11:42:31.233370
2025-07-16,83636,2025071604003880,MEN,Imperial Securities Company Pvt. Ltd.,Primo Securities (PVT) Ltd.,100,638.5,63850.0,2025-07-16 11:42:37.019291
2025-07-16,83635,2025071604003881,MEN,Primo Securities (PVT) Ltd.,Primo Securities (PVT) Ltd.,349,637.0,222313.0,2025-07-16 11:42:37.019413
2025-07-16,83634,2025071604003882,MEN,Premier Securities Company Ltd.,Primo Securities (PVT) Ltd.,200,634.0,126800.0,2025-07-16 11:42:37.019511
2025-07-16,83633,2025071604003883,MEN,Primo Securities (PVT) Ltd.,Primo Securities (PVT) Ltd.,100,633.1,63310.0,2025-07-16 11:42:37.019637
2025-07-16,83632,2025071604003884,MEN,SHUBHAKAMANA SECURITIES PVT. LTD,Primo Securities (PVT) Ltd.,200,632.1,126420.0,2025-07-16 11:42:37.019716
2025-07-16,83631,2025071604003885,MEN,APPLE SECURITIES PRIVATE LIMITED,Primo Securities (PVT) Ltd.,17,632.0,10744.0,2025-07-16 11:42:37.019793
2025-07-16,83630,2025071604003886,MEN,Imperial Securities Company Pvt. Ltd.,Primo Securities (PVT) Ltd.,500,632.0,316000.0,2025-07-16 11:42:37.019865
2025-07-16,83629,2025071604003887,MEN,Primo Securities (PVT) Ltd.,Primo Securities (PVT) Ltd.,534,632.0,337488.0,2025-07-16 11:42:37.019935
2025-07-16,83575,2025071604003895,MEN,Imperial Securities Company Pvt. Ltd.,Vision Securities Pvt. Ltd,50,639.3,31965.0,2025-07-16 11:42:43.391330
2025-07-16,83405,2025071604003942,MEN,Imperial Securities Company Pvt. Ltd.,Opal Securities Investment (PVT) Ltd.,10,639.0,6390.0,2025-07-16 11:43:05.682893
2025-07-16,82690,2025071604004068,MEN,Imperial Securities Company Pvt. Ltd.,Sani Securities Company Ltd.,13,634.0,8242.0,2025-07-16 11:44:34.939253
2025-07-16,81594,2025071604004326,MEN,Imperial Securities Company Pvt. Ltd.,Primo Securities (PVT) Ltd.,87,634.0,55158.0,2025-07-16 11:46:38.210638
2025-07-16,81228,2025071604004410,MEN,Sumeru Securities Pvt. Ltd.,Aryatara Investment & Securities,15,633.0,9495.0,2025-07-16 11:47:25.162204
2025-07-16,80772,2025071604004488,MEN,Imperial Securities Company Pvt. Ltd.,Miyo Securities Pvt Ltd,19,634.0,12046.0,2025-07-16 11:48:34.432438
2025-07-16,80734,2025071604004496,MEN,Imperial Securities Company Pvt. Ltd.,Asian Securities Private Ltd.,81,634.0,51354.0,2025-07-16 11:48:41.264829
2025-07-16,80488,2025071604004561,MEN,Asian Securities Private Ltd.,Asian Securities Private Ltd.,19,634.0,12046.0,2025-07-16 11:49:20.456151
2025-07-16,80247,2025071604004608,MEN,Investment Management Nepal Pvt. Ltd.,Miyo Securities Pvt Ltd,100,635.0,63500.0,2025-07-16 11:50:01.984608
2025-07-16,80194,2025071604004616,MEN,Asian Securities Private Ltd.,Primo Securities (PVT) Ltd.,181,634.0,114754.0,2025-07-16 11:50:07.531229
2025-07-16,80147,2025071604004624,MEN,Sumeru Securities Pvt. Ltd.,Primo Securities (PVT) Ltd.,610,633.0,386130.0,2025-07-16 11:50:14.564607
2025-07-16,80146,2025071604004625,MEN,Trishakti Securities Public Limited,Primo Securities (PVT) Ltd.,1390,633.0,879870.0,2025-07-16 11:50:14.564669
2025-07-16,80142,2025071604004627,MEN,Investment Management Nepal Pvt. Ltd.,Primo Securities (PVT) Ltd.,100,634.0,63400.0,2025-07-16 11:50:15.063805
2025-07-16,80058,2025071604004641,MEN,Imperial Securities Company Pvt. Ltd.,Primo Securities (PVT) Ltd.,32,634.0,20288.0,2025-07-16 11:50:28.156518
2025-07-16,79830,2025071604004691,MEN,Investment Management Nepal Pvt. Ltd.,Miyo Securities Pvt Ltd,100,635.0,63500.0,2025-07-16 11:50:58.320062
2025-07-16,79711,2025071604004709,MEN,Bhrikuti Stock Broking Co. Pvt. Ltd.,Miyo Securities Pvt Ltd,3400,635.0,2159000.0,2025-07-16 11:51:11.691521
2025-07-16,79479,2025071604004772,MEN,Opal Securities Investment (PVT) Ltd.,Property Wiard Limited,10,638.0,6380.0,2025-07-16 11:51:45.271731
2025-07-16,77500,2025071604005263,MEN,Imperial Securities Company Pvt. Ltd.,Imperial Securities Company Pvt. Ltd.,68,634.0,43112.0,2025-07-16 11:57:02.092791
2025-07-16,77499,2025071604005264,MEN,Naasa Securities Co. Ltd.,Imperial Securities Company Pvt. Ltd.,200,634.0,126800.0,2025-07-16 11:57:02.093265
2025-07-16,77413,2025071604005291,MEN,Trishakti Securities Public Limited,Imperial Securities Company Pvt. Ltd.,334,633.0,211422.0,2025-07-16 11:57:17.242828
2025-07-16,77410,2025071604005292,MEN,Trishakti Securities Public Limited,Magnet Securities and Investment Company Private Limited,276,633.0,174708.0,2025-07-16 11:57:18.106039
2025-07-16,77409,2025071604005293,MEN,Agrawal Securities (PVT) Ltd.,Magnet Securities and Investment Company Private Limited,20,632.1,12642.0,2025-07-16 11:57:18.106334
2025-07-16,77408,2025071604005294,MEN,Primo Securities (PVT) Ltd.,Magnet Securities and Investment Company Private Limited,404,632.0,255328.0,2025-07-16 11:57:18.106442
2025-07-16,77391,2025071604005297,MEN,Capital Hub P. Ltd,Nepal Stock House (PVT) Ltd.,25,636.0,15900.0,2025-07-16 11:57:20.366843
2025-07-16,77390,2025071604005298,MEN,Capital Hub P. Ltd,Sweta Securities Private Limited,50,636.0,31800.0,2025-07-16 11:57:20.366905
2025-07-16,77389,2025071604005299,MEN,Capital Hub P. Ltd,Naasa Securities Co. Ltd.,200,636.9,127380.0,2025-07-16 11:57:20.366960
2025-07-16,77388,2025071604005300,MEN,Capital Hub P. Ltd,Malla & Malla Stock Broking Company Pvt. Limited,250,637.0,159250.0,2025-07-16 11:57:20.366997
2025-07-16,77387,2025071604005301,MEN,Capital Hub P. Ltd,Imperial Securities Company Pvt. Ltd.,500,637.8,318900.0,2025-07-16 11:57:20.367040
2025-07-16,77386,2025071604005302,MEN,Capital Hub P. Ltd,Bhrikuti Stock Broking Co. Pvt. Ltd.,250,637.9,159475.0,2025-07-16 11:57:20.367087
2025-07-16,77385,2025071604005303,MEN,Capital Hub P. Ltd,Property Wiard Limited,15,638.0,9570.0,2025-07-16 11:57:20.367125
2025-07-16,77384,2025071604005304,MEN,Capital Hub P. Ltd,Siprabi Securities Pvt. Ltd.,100,638.0,63800.0,2025-07-16 11:57:20.367163
2025-07-16,77383,2025071604005305,MEN,Capital Hub P. Ltd,Midas Stock Broking Company Private Limited,50,638.0,31900.0,2025-07-16 11:57:20.367217
2025-07-16,77382,2025071604005306,MEN,Capital Hub P. Ltd,Imperial Securities Company Pvt. Ltd.,60,638.0,38280.0,2025-07-16 11:57:20.367271
2025-07-16,77195,2025071604005368,MEN,S.P.S.A. Securities Limited,Kohinoor Investment & Securities Pvt. Ltd.,60,637.0,38220.0,2025-07-16 11:57:58.680571
2025-07-16,77194,2025071604005369,MEN,Primo Securities (PVT) Ltd.,Kohinoor Investment & Securities Pvt. Ltd.,62,632.0,39184.0,2025-07-16 11:57:58.680827
2025-07-16,77193,2025071604005370,MEN,Market Securities & Exchange (PVT) Ltd.,Kohinoor Investment & Securities Pvt. Ltd.,200,631.1,126220.0,2025-07-16 11:57:58.680923
2025-07-16,77192,2025071604005371,MEN,Naasa Securities Co. Ltd.,Kohinoor Investment & Securities Pvt. Ltd.,178,631.1,112335.8,2025-07-16 11:57:58.681018
2025-07-16,76031,2025071604005657,MEN,K.B.L. Securities Limited ,Kumari Securities Private Limited,10,632.3,6323.0,2025-07-16 12:00:45.095216
2025-07-16,76024,2025071604005659,MEN,K.B.L. Securities Limited ,ABC Securities Private Limited,90,632.3,56907.0,2025-07-16 12:00:50.151493
2025-07-16,76000,2025071604005663,MEN,ABC Securities Private Limited,ABC Securities Private Limited,10,632.3,6323.0,2025-07-16 12:00:55.189462
2025-07-16,75975,2025071604005664,MEN,ABC Securities Private Limited,KALASH STOCK MARKET PVT. LTD.,990,633.0,626670.0,2025-07-16 12:00:56.712657
2025-07-16,75974,2025071604005665,MEN,Imperial Securities Company Pvt. Ltd.,KALASH STOCK MARKET PVT. LTD.,100,632.2,63220.0,2025-07-16 12:00:56.713111
2025-07-16,75973,2025071604005666,MEN,Imperial Securities Company Pvt. Ltd.,KALASH STOCK MARKET PVT. LTD.,100,632.1,63210.0,2025-07-16 12:00:56.713434
2025-07-16,75972,2025071604005667,MEN,Imperial Securities Company Pvt. Ltd.,KALASH STOCK MARKET PVT. LTD.,50,632.0,31600.0,2025-07-16 12:00:56.713730
2025-07-16,75971,2025071604005668,MEN,Naasa Securities Co. Ltd.,KALASH STOCK MARKET PVT. LTD.,22,631.1,13884.2,2025-07-16 12:00:56.714044
2025-07-16,75970,2025071604005669,MEN,Investment Management Nepal Pvt. Ltd.,KALASH STOCK MARKET PVT. LTD.,200,631.0,126200.0,2025-07-16 12:00:56.714357
2025-07-16,75969,2025071604005670,MEN,Midas Stock Broking Company Private Limited,KALASH STOCK MARKET PVT. LTD.,10,631.0,6310.0,2025-07-16 12:00:56.714667
2025-07-16,75968,2025071604005671,MEN,Naasa Securities Co. Ltd.,KALASH STOCK MARKET PVT. LTD.,100,631.0,63100.0,2025-07-16 12:00:56.714954
2025-07-16,75967,2025071604005672,MEN,Aryatara Investment & Securities,KALASH STOCK MARKET PVT. LTD.,1000,630.0,630000.0,2025-07-16 12:00:56.715241
2025-07-16,75966,2025071604005673,MEN,Opal Securities Investment (PVT) Ltd.,KALASH STOCK MARKET PVT. LTD.,1220,630.0,768600.0,2025-07-16 12:00:56.715542
2025-07-16,75801,2025071604005701,MEN,Opal Securities Investment (PVT) Ltd.,Sharepro Securities Private Limited,780,630.0,491400.0,2025-07-16 12:01:24.350510
2025-07-16,75800,2025071604005702,MEN,Malla & Malla Stock Broking Company Pvt. Limited,Sharepro Securities Private Limited,190,630.0,119700.0,2025-07-16 12:01:24.350765
2025-07-16,75490,2025071604005768,MEN,K.B.L. Securities Limited ,Sharepro Securities Private Limited,30,630.0,18900.0,2025-07-16 12:02:12.838733
2025-07-16,75489,2025071604005769,MEN,K.B.L. Securities Limited ,ABC Securities Private Limited,20,630.0,12600.0,2025-07-16 12:02:12.838989
2025-07-16,75404,2025071604005780,MEN,ABC Securities Private Limited,ABC Securities Private Limited,180,629.5,113310.0,2025-07-16 12:02:28.097482
2025-07-16,75392,2025071604005786,MEN,ABC Securities Private Limited,Kumari Securities Private Limited,13,629.5,8183.5,2025-07-16 12:02:30.982606
2025-07-16,74531,2025071604006004,MEN,ABC Securities Private Limited,Sundhara Securities Limited,50,629.5,31475.0,2025-07-16 12:04:33.546369
2025-07-16,74455,2025071604006027,MEN,Nepal Stock House (PVT) Ltd.,Sundhara Securities Limited,50,629.9,31495.0,2025-07-16 12:04:44.481086
2025-07-16,73848,2025071604006303,MEN,K.B.L. Securities Limited ,Sundhara Securities Limited,50,629.6,31480.0,2025-07-16 12:06:06.993872
2025-07-16,73813,2025071604006313,MEN,K.B.L. Securities Limited ,Dynamic Money Managers Securities Pvt. Ltd.,30,629.6,18888.0,2025-07-16 12:06:14.100050
2025-07-16,73276,2025071604006491,MEN,Blue Chip Securities Ltd,Sundhara Securities Limited,50,629.7,31485.0,2025-07-16 12:07:44.431249
2025-07-16,72264,2025071604006746,MEN,Agrawal Securities (PVT) Ltd.,Kumari Securities Private Limited,250,630.0,157500.0,2025-07-16 12:10:46.826643
2025-07-16,71896,2025071604006854,MEN,Market Securities & Exchange (PVT) Ltd.,Naasa Securities Co. Ltd.,100,631.0,63100.0,2025-07-16 12:11:42.775963
2025-07-16,70907,2025071604007159,MEN,Dakshinkali Investment & Securities Pvt. Ltd.,Naasa Securities Co. Ltd.,40,631.0,25240.0,2025-07-16 12:14:56.658474
2025-07-16,70868,2025071604007174,MEN,Dipshikha Dhitopatra Karobar Co. Pvt Ltd.,Siprabi Securities Pvt. Ltd.,100,631.9,63190.0,2025-07-16 12:15:03.004149
2025-07-16,70867,2025071604007175,MEN,Dipshikha Dhitopatra Karobar Co. Pvt Ltd.,Imperial Securities Company Pvt. Ltd.,100,631.9,63190.0,2025-07-16 12:15:03.004454
2025-07-16,70550,2025071604007224,MEN,Sweta Securities Private Limited,Imperial Securities Company Pvt. Ltd.,900,631.9,568710.0,2025-07-16 12:16:12.969931
2025-07-16,70549,2025071604007225,MEN,Sweta Securities Private Limited,Online Securities Pvt. Ltd.,83,632.0,52456.0,2025-07-16 12:16:12.970227
2025-07-16,70548,2025071604007226,MEN,Sweta Securities Private Limited,Nepal Stock House (PVT) Ltd.,1000,632.0,632000.0,2025-07-16 12:16:12.970355
2025-07-16,70547,2025071604007227,MEN,Sweta Securities Private Limited,Nagarik Stock Dealer ,390,632.0,246480.0,2025-07-16 12:16:12.970466
2025-07-16,70546,2025071604007228,MEN,Sweta Securities Private Limited,Linch Stock Market Ltd.,13,632.0,8216.0,2025-07-16 12:16:12.970575
2025-07-16,70507,2025071604007241,MEN,Sweta Securities Private Limited,Primo Securities (PVT) Ltd.,114,632.0,72048.0,2025-07-16 12:16:19.489733
2025-07-16,70202,2025071604007316,MEN,Dakshinkali Investment & Securities Pvt. Ltd.,Primo Securities (PVT) Ltd.,60,631.9,37914.0,2025-07-16 12:17:17.996729
2025-07-16,69757,2025071604007399,MEN,Agrawal Securities (PVT) Ltd.,Malla & Malla Stock Broking Company Pvt. Limited,250,630.0,157500.0,2025-07-16 12:18:48.646002
2025-07-16,69562,2025071604007449,MEN,Sweta Securities Private Limited,Imperial Securities Company Pvt. Ltd.,126,631.0,79506.0,2025-07-16 12:19:33.306739
2025-07-16,69389,2025071604007479,MEN,Naasa Securities Co. Ltd.,Imperial Securities Company Pvt. Ltd.,274,631.0,172894.0,2025-07-16 12:20:06.620370
2025-07-16,69388,2025071604007480,MEN,Naasa Securities Co. Ltd.,Primo Securities (PVT) Ltd.,126,631.9,79619.4,2025-07-16 12:20:06.620471
2025-07-16,69387,2025071604007481,MEN,Naasa Securities Co. Ltd.,Imperial Securities Company Pvt. Ltd.,90,632.0,56880.0,2025-07-16 12:20:06.620505
2025-07-16,69386,2025071604007482,MEN,Naasa Securities Co. Ltd.,Sundhara Securities Limited,10,634.0,6340.0,2025-07-16 12:20:06.620536
2025-07-16,69173,2025071604007507,MEN,Agrawal Securities (PVT) Ltd.,Trishakti Securities Public Limited,1500,630.0,945000.0,2025-07-16 12:20:49.688155
2025-07-16,69172,2025071604007508,MEN,Kumari Securities Private Limited,Trishakti Securities Public Limited,150,630.0,94500.0,2025-07-16 12:20:49.688488
2025-07-16,69171,2025071604007509,MEN,Malla & Malla Stock Broking Company Pvt. Limited,Trishakti Securities Public Limited,150,630.0,94500.0,2025-07-16 12:20:49.688600
2025-07-16,68796,2025071604007582,MEN,K.B.L. Securities Limited ,Deevyaa Securities & Stock House Pvt. Ltd,20,629.6,12592.0,2025-07-16 12:22:20.134011
2025-07-16,68607,2025071604007629,MEN,ABC Securities Private Limited,Shree Krishna Securities Ltd.,100,629.5,62950.0,2025-07-16 12:22:59.995717
2025-07-16,68588,2025071604007634,MEN,Market Securities & Exchange (PVT) Ltd.,Deevyaa Securities & Stock House Pvt. Ltd,280,629.6,176288.0,2025-07-16 12:23:05.534156
2025-07-16,67531,2025071604007856,MEN,Prabhu Stock Market Limited,Kumari Securities Private Limited,250,630.0,157500.0,2025-07-16 12:26:13.666482
2025-07-16,66689,2025071604008037,MEN,Magnet Securities and Investment Company Private Limited,Naasa Securities Co. Ltd.,200,633.0,126600.0,2025-07-16 12:29:05.342143
2025-07-16,64849,2025071604008358,MEN,Capital Hub P. Ltd,Dipshikha Dhitopatra Karobar Co. Pvt Ltd.,100,633.9,63390.0,2025-07-16 12:34:30.381634
2025-07-16,64848,2025071604008359,MEN,Capital Hub P. Ltd,Primo Securities (PVT) Ltd.,13,633.9,8240.7,2025-07-16 12:34:30.381761
2025-07-16,64847,2025071604008360,MEN,Capital Hub P. Ltd,BHOLE GANESH SECURITIES LTD,20,634.0,12680.0,2025-07-16 12:34:30.381856
2025-07-16,64846,2025071604008361,MEN,Capital Hub P. Ltd,Trishakti Securities Public Limited,200,634.0,126800.0,2025-07-16 12:34:30.381931
2025-07-16,64845,2025071604008362,MEN,Capital Hub P. Ltd,ABC Securities Private Limited,200,634.9,126980.0,2025-07-16 12:34:30.382007
2025-07-16,64844,2025071604008363,MEN,Capital Hub P. Ltd,Nagarik Stock Dealer ,150,634.9,95235.0,2025-07-16 12:34:30.382084
2025-07-16,64843,2025071604008364,MEN,Capital Hub P. Ltd,Siprabi Securities Pvt. Ltd.,400,635.0,254000.0,2025-07-16 12:34:30.382182
2025-07-16,64842,2025071604008365,MEN,Capital Hub P. Ltd,Vision Securities Pvt. Ltd,1000,635.0,635000.0,2025-07-16 12:34:30.382256
2025-07-16,64841,2025071604008366,MEN,Capital Hub P. Ltd,Nagarik Stock Dealer ,411,635.0,260985.0,2025-07-16 12:34:30.382371
2025-07-16,64840,2025071604008367,MEN,Capital Hub P. Ltd,Imperial Securities Company Pvt. Ltd.,10,636.0,6360.0,2025-07-16 12:34:30.382459
2025-07-16,64839,2025071604008368,MEN,Capital Hub P. Ltd,Dynamic Money Managers Securities Pvt. Ltd.,100,636.0,63600.0,2025-07-16 12:34:30.382536
2025-07-16,64838,2025071604008369,MEN,Capital Hub P. Ltd,Bhrikuti Stock Broking Co. Pvt. Ltd.,396,637.0,252252.0,2025-07-16 12:34:30.382613
2025-07-16,64238,2025071604008485,MEN,Deevyaa Securities & Stock House Pvt. Ltd,Bhrikuti Stock Broking Co. Pvt. Ltd.,18,637.0,11466.0,2025-07-16 12:35:49.854241
2025-07-16,64237,2025071604008486,MEN,Deevyaa Securities & Stock House Pvt. Ltd,Naasa Securities Co. Ltd.,25,637.0,15925.0,2025-07-16 12:35:49.854521
2025-07-16,64236,2025071604008487,MEN,Deevyaa Securities & Stock House Pvt. Ltd,J.F. Securites (PVT) Ltd.,157,637.0,100009.0,2025-07-16 12:35:49.854643
2025-07-16,63890,2025071604008558,MEN,Online Securities Pvt. Ltd.,Sumeru Securities Pvt. Ltd.,100,632.0,63200.0,2025-07-16 12:36:58.281447
2025-07-16,62859,2025071604008721,MEN,Opal Securities Investment (PVT) Ltd.,Linch Stock Market Ltd.,10,636.7,6367.0,2025-07-16 12:39:35.022786
2025-07-16,62667,2025071604008758,MEN,Capital Max Securities Ltd,Sipla Securities Private Limited,100,635.0,63500.0,2025-07-16 12:40:07.948834
2025-07-16,62267,2025071604008846,MEN,Capital Max Securities Ltd,Online Securities Pvt. Ltd.,10,635.0,6350.0,2025-07-16 12:41:14.903273
2025-07-16,62264,2025071604008848,MEN,Capital Max Securities Ltd,Naasa Securities Co. Ltd.,10,635.0,6350.0,2025-07-16 12:41:15.878464
2025-07-16,61397,2025071604009074,MEN,Capital Max Securities Ltd,Nagarik Stock Dealer ,30,635.0,19050.0,2025-07-16 12:43:32.448139
2025-07-16,60974,2025071604009163,MEN,Nabil Stock Dealer Ltd.,SUN SECURITIES PVT LTD,20,635.0,12700.0,2025-07-16 12:44:40.310626
2025-07-16,60731,2025071604009197,MEN,Online Securities Pvt. Ltd.,Malla & Malla Stock Broking Company Pvt. Limited,400,633.2,253280.0,2025-07-16 12:45:24.674855
2025-07-16,60730,2025071604009198,MEN,Kohinoor Investment & Securities Pvt. Ltd.,Malla & Malla Stock Broking Company Pvt. Limited,425,633.1,269067.5,2025-07-16 12:45:24.675210
2025-07-16,60729,2025071604009199,MEN,Kalika Securities Pvt. Ltd.,Malla & Malla Stock Broking Company Pvt. Limited,40,633.0,25320.0,2025-07-16 12:45:24.675435
2025-07-16,60728,2025071604009200,MEN,Magnet Securities and Investment Company Private Limited,Malla & Malla Stock Broking Company Pvt. Limited,135,633.0,85455.0,2025-07-16 12:45:24.675610
2025-07-16,60582,2025071604009226,MEN,ABC Securities Private Limited,Investment Management Nepal Pvt. Ltd.,30,635.0,19050.0,2025-07-16 12:45:50.925605
2025-07-16,60240,2025071604009365,MEN,Magnet Securities and Investment Company Private Limited,Oxford Securities Pvt. Ltd.,165,633.0,104445.0,2025-07-16 12:46:41.504024
2025-07-16,60239,2025071604009366,MEN,Sweta Securities Private Limited,Oxford Securities Pvt. Ltd.,335,633.0,212055.0,2025-07-16 12:46:41.504638
2025-07-16,60150,2025071604009384,MEN,Sweta Securities Private Limited,Oxford Securities Pvt. Ltd.,165,633.0,104445.0,2025-07-16 12:46:56.572278
2025-07-16,60149,2025071604009385,MEN,Kohinoor Investment & Securities Pvt. Ltd.,Oxford Securities Pvt. Ltd.,50,633.0,31650.0,2025-07-16 12:46:56.572587
2025-07-16,59965,2025071604009445,MEN,Swarna Laxmi Securities Pvt. Ltd.,Oxford Securities Pvt. Ltd.,285,634.9,180946.5,2025-07-16 12:47:29.186516
2025-07-16,59964,2025071604009446,MEN,Swarna Laxmi Securities Pvt. Ltd.,SUN SECURITIES PVT LTD,60,635.0,38100.0,2025-07-16 12:47:29.186598
2025-07-16,59963,2025071604009447,MEN,Swarna Laxmi Securities Pvt. Ltd.,Sundhara Securities Limited,50,635.5,31775.0,2025-07-16 12:47:29.186628
2025-07-16,59962,2025071604009448,MEN,Swarna Laxmi Securities Pvt. Ltd.,Oxford Securities Pvt. Ltd.,34,635.9,21620.6,2025-07-16 12:47:29.186656
2025-07-16,59274,2025071604009672,MEN,Opal Securities Investment (PVT) Ltd.,Linch Stock Market Ltd.,117,635.0,74295.0,2025-07-16 12:49:26.370587
2025-07-16,59273,2025071604009673,MEN,Opal Securities Investment (PVT) Ltd.,Vision Securities Pvt. Ltd,883,635.0,560705.0,2025-07-16 12:49:26.370878
2025-07-16,59183,2025071604009696,MEN,ABC Securities Private Limited,Vision Securities Pvt. Ltd,117,635.0,74295.0,2025-07-16 12:49:47.645014
2025-07-16,59182,2025071604009697,MEN,ABC Securities Private Limited,Oxford Securities Pvt. Ltd.,673,635.9,427960.7,2025-07-16 12:49:47.645371
2025-07-16,58058,2025071604009952,MEN,Sweta Securities Private Limited,Roadshow securities limited,1000,632.0,632000.0,2025-07-16 12:53:27.521637
2025-07-16,58057,2025071604009953,MEN,Arun Securities (PVT) Ltd.,Roadshow securities limited,70,632.0,44240.0,2025-07-16 12:53:27.521697
2025-07-16,58056,2025071604009954,MEN,Siprabi Securities Pvt. Ltd.,Roadshow securities limited,196,631.1,123695.6,2025-07-16 12:53:27.521726
2025-07-16,57222,2025071604010180,MEN,Creative Securities Pvt Ltd,Sajilo Broker Limited,50,631.0,31550.0,2025-07-16 12:56:15.725222
2025-07-16,57077,2025071604010210,MEN,Creative Securities Pvt Ltd,Nepal Stock House (PVT) Ltd.,80,631.0,50480.0,2025-07-16 12:56:52.546552
2025-07-16,57076,2025071604010211,MEN,Primo Securities (PVT) Ltd.,Nepal Stock House (PVT) Ltd.,920,631.0,580520.0,2025-07-16 12:56:52.546884
2025-07-16,56716,2025071604010351,MEN,Siprabi Securities Pvt. Ltd.,Bhrikuti Stock Broking Co. Pvt. Ltd.,145,631.1,91509.5,2025-07-16 12:57:56.449229
2025-07-16,55604,2025071604010609,MEN,Primo Securities (PVT) Ltd.,Sajilo Broker Limited,50,634.7,31735.0,2025-07-16 13:00:49.276741
2025-07-16,55603,2025071604010610,MEN,Primo Securities (PVT) Ltd.,Vision Securities Pvt. Ltd,148,634.9,93965.2,2025-07-16 13:00:49.277044
2025-07-16,55602,2025071604010611,MEN,Primo Securities (PVT) Ltd.,Sundhara Securities Limited,1000,634.9,634900.0,2025-07-16 13:00:49.277166
2025-07-16,55601,2025071604010612,MEN,Primo Securities (PVT) Ltd.,Sumeru Securities Pvt. Ltd.,500,635.0,317500.0,2025-07-16 13:00:49.277306
2025-07-16,55600,2025071604010613,MEN,Primo Securities (PVT) Ltd.,Siprabi Securities Pvt. Ltd.,435,635.0,276225.0,2025-07-16 13:00:49.277441
2025-07-16,55599,2025071604010614,MEN,Primo Securities (PVT) Ltd.,Thrive Brokerage House Pvt. Ltd,380,635.0,241300.0,2025-07-16 13:00:49.277561
2025-07-16,55300,2025071604010725,MEN,Primo Securities (PVT) Ltd.,Sweta Securities Private Limited,100,635.0,63500.0,2025-07-16 13:01:34.098543
2025-07-16,55160,2025071604010756,MEN,Primo Securities (PVT) Ltd.,Oxford Securities Pvt. Ltd.,98,635.0,62230.0,2025-07-16 13:02:03.894397
2025-07-16,55130,2025071604010762,MEN,Primo Securities (PVT) Ltd.,KALASH STOCK MARKET PVT. LTD.,1500,635.0,952500.0,2025-07-16 13:02:08.889085
2025-07-16,55054,2025071604010793,MEN,Primo Securities (PVT) Ltd.,Sweta Securities Private Limited,100,635.0,63500.0,2025-07-16 13:02:21.322564
2025-07-16,55053,2025071604010794,MEN,Primo Securities (PVT) Ltd.,Sweta Securities Private Limited,248,635.0,157480.0,2025-07-16 13:02:21.324787
2025-07-16,54941,2025071604010837,MEN,Primo Securities (PVT) Ltd.,Online Securities Pvt. Ltd.,300,635.0,190500.0,2025-07-16 13:02:42.664674
2025-07-16,54304,2025071604011084,MEN,Primo Securities (PVT) Ltd.,Cristal Kanchanjanga Securites Pvt. Ltd.,141,635.0,89535.0,2025-07-16 13:04:45.695070
2025-07-16,54094,2025071604011179,MEN,Primo Securities (PVT) Ltd.,Bhrikuti Stock Broking Co. Pvt. Ltd.,5000,635.0,3175000.0,2025-07-16 13:05:28.338413
2025-07-16,54002,2025071604011207,MEN,ABC Securities Private Limited,Sundhara Securities Limited,100,635.5,63550.0,2025-07-16 13:05:43.343849
2025-07-16,54001,2025071604011208,MEN,ABC Securities Private Limited,Nagarik Stock Dealer ,100,635.7,63570.0,2025-07-16 13:05:43.344200
2025-07-16,54000,2025071604011209,MEN,ABC Securities Private Limited,Oxford Securities Pvt. Ltd.,500,635.8,317900.0,2025-07-16 13:05:43.344347
2025-07-16,53999,2025071604011210,MEN,ABC Securities Private Limited,Oxford Securities Pvt. Ltd.,300,635.9,190770.0,2025-07-16 13:05:43.344473
2025-07-16,53859,2025071604011231,MEN,ABC Securities Private Limited,Oxford Securities Pvt. Ltd.,103,635.9,65497.7,2025-07-16 13:06:12.613024
2025-07-16,53858,2025071604011232,MEN,ABC Securities Private Limited,Online Securities Pvt. Ltd.,200,636.0,127200.0,2025-07-16 13:06:12.613385
2025-07-16,53857,2025071604011233,MEN,ABC Securities Private Limited,Naasa Securities Co. Ltd.,100,636.0,63600.0,2025-07-16 13:06:12.613513
2025-07-16,53856,2025071604011234,MEN,ABC Securities Private Limited,Kumari Securities Private Limited,500,636.0,318000.0,2025-07-16 13:06:12.613633
2025-07-16,53855,2025071604011235,MEN,ABC Securities Private Limited,Nepal Stock House (PVT) Ltd.,20,636.0,12720.0,2025-07-16 13:06:12.613790
2025-07-16,53854,2025071604011236,MEN,ABC Securities Private Limited,Sharepro Securities Private Limited,1000,636.7,636700.0,2025-07-16 13:06:12.613912
2025-07-16,53853,2025071604011237,MEN,ABC Securities Private Limited,J.F. Securites (PVT) Ltd.,343,637.0,218491.0,2025-07-16 13:06:12.614035
2025-07-16,53852,2025071604011238,MEN,ABC Securities Private Limited,Imperial Securities Company Pvt. Ltd.,300,637.0,191100.0,2025-07-16 13:06:12.614156
2025-07-16,53851,2025071604011239,MEN,ABC Securities Private Limited,Dynamic Money Managers Securities Pvt. Ltd.,50,637.0,31850.0,2025-07-16 13:06:12.614276
2025-07-16,53850,2025071604011240,MEN,ABC Securities Private Limited,Online Securities Pvt. Ltd.,40,637.5,25500.0,2025-07-16 13:06:12.614440
2025-07-16,53849,2025071604011241,MEN,ABC Securities Private Limited,K.B.L. Securities Limited ,1344,637.8,857203.2,2025-07-16 13:06:12.614567
2025-07-16,53806,2025071604011252,MEN,Aryatara Investment & Securities,Vision Securities Pvt. Ltd,5,635.0,3175.0,2025-07-16 13:06:25.010182
2025-07-16,53677,2025071604011285,MEN,Naasa Securities Co. Ltd.,Kohinoor Investment & Securities Pvt. Ltd.,200,635.2,127040.0,2025-07-16 13:06:54.956377
2025-07-16,53671,2025071604011288,MEN,SUN SECURITIES PVT LTD,K.B.L. Securities Limited ,1000,637.8,637800.0,2025-07-16 13:06:56.284674
2025-07-16,53458,2025071604011340,MEN,ABC Securities Private Limited,K.B.L. Securities Limited ,300,637.9,191370.0,2025-07-16 13:07:43.726619
2025-07-16,53443,2025071604011349,MEN,Vision Securities Pvt. Ltd,K.B.L. Securities Limited ,300,637.9,191370.0,2025-07-16 13:07:45.401096
2025-07-16,53236,2025071604011401,MEN,Thrive Brokerage House Pvt. Ltd,K.B.L. Securities Limited ,14,637.9,8930.6,2025-07-16 13:08:23.335567
2025-07-16,52160,2025071604011625,MEN,Siprabi Securities Pvt. Ltd.,Neev Securities Pvt. Ltd.,20,637.0,12740.0,2025-07-16 13:11:22.237052
2025-07-16,52159,2025071604011626,MEN,Siprabi Securities Pvt. Ltd.,Trishakti Securities Public Limited,30,637.8,19134.0,2025-07-16 13:11:22.237132
2025-07-16,51675,2025071604011768,MEN,Primo Securities (PVT) Ltd.,Trishakti Securities Public Limited,120,637.8,76536.0,2025-07-16 13:12:30.145659
2025-07-16,51674,2025071604011769,MEN,Primo Securities (PVT) Ltd.,Vision Securities Pvt. Ltd,177,637.8,112890.6,2025-07-16 13:12:30.146369
2025-07-16,51673,2025071604011770,MEN,Primo Securities (PVT) Ltd.,Property Wiard Limited,100,637.8,63780.0,2025-07-16 13:12:30.146839
2025-07-16,51672,2025071604011771,MEN,Primo Securities (PVT) Ltd.,K.B.L. Securities Limited ,2042,637.9,1302591.8,2025-07-16 13:12:30.147388
2025-07-16,51671,2025071604011772,MEN,Primo Securities (PVT) Ltd.,Aryatara Investment & Securities,34,637.9,21688.6,2025-07-16 13:12:30.147826
2025-07-16,51670,2025071604011773,MEN,Primo Securities (PVT) Ltd.,Sani Securities Company Ltd.,10,637.9,6379.0,2025-07-16 13:12:30.148248
2025-07-16,51669,2025071604011774,MEN,Primo Securities (PVT) Ltd.,Imperial Securities Company Pvt. Ltd.,440,638.0,280720.0,2025-07-16 13:12:30.148713
2025-07-16,51668,2025071604011775,MEN,Primo Securities (PVT) Ltd.,Nabil Stock Dealer Ltd.,6280,638.0,4006640.0,2025-07-16 13:12:30.149146
2025-07-16,51667,2025071604011776,MEN,Primo Securities (PVT) Ltd.,Siprabi Securities Pvt. Ltd.,95,638.0,60610.0,2025-07-16 13:12:30.149597
2025-07-16,51666,2025071604011777,MEN,Primo Securities (PVT) Ltd.,Primo Securities (PVT) Ltd.,200,638.0,127600.0,2025-07-16 13:12:30.150023
2025-07-16,51665,2025071604011778,MEN,Primo Securities (PVT) Ltd.,Nepal Investment And Securities Trading Private Limited,250,638.0,159500.0,2025-07-16 13:12:30.150489
2025-07-16,51143,2025071604011948,MEN,Opal Securities Investment (PVT) Ltd.,Naasa Securities Co. Ltd.,140,639.0,89460.0,2025-07-16 13:13:52.657826
2025-07-16,51079,2025071604011958,MEN,Naasa Securities Co. Ltd.,Siprabi Securities Pvt. Ltd.,210,639.0,134190.0,2025-07-16 13:13:59.727463
2025-07-16,50863,2025071604012033,MEN,ABC Securities Private Limited,Siprabi Securities Pvt. Ltd.,90,639.0,57510.0,2025-07-16 13:14:36.855064
2025-07-16,50862,2025071604012034,MEN,ABC Securities Private Limited,Siprabi Securities Pvt. Ltd.,10,639.0,6390.0,2025-07-16 13:14:36.855428
2025-07-16,50861,2025071604012035,MEN,ABC Securities Private Limited,Market Securities & Exchange (PVT) Ltd.,32,639.0,20448.0,2025-07-16 13:14:36.855555
2025-07-16,50860,2025071604012036,MEN,ABC Securities Private Limited,Nepal Stock House (PVT) Ltd.,200,639.3,127860.0,2025-07-16 13:14:36.855676
2025-07-16,50859,2025071604012037,MEN,ABC Securities Private Limited,Dynamic Money Managers Securities Pvt. Ltd.,11,639.5,7034.5,2025-07-16 13:14:36.855797
2025-07-16,50858,2025071604012038,MEN,ABC Securities Private Limited,Trishakti Securities Public Limited,200,639.5,127900.0,2025-07-16 13:14:36.855915
2025-07-16,50857,2025071604012039,MEN,ABC Securities Private Limited,Bhrikuti Stock Broking Co. Pvt. Ltd.,207,639.9,132459.3,2025-07-16 13:14:36.856039
2025-07-16,50823,2025071604012050,MEN,ABC Securities Private Limited,Bhrikuti Stock Broking Co. Pvt. Ltd.,750,639.9,479925.0,2025-07-16 13:14:42.949065
2025-07-16,50761,2025071604012071,MEN,ABC Securities Private Limited,K.B.L. Securities Limited ,500,639.8,319900.0,2025-07-16 13:14:49.033372
2025-07-16,50737,2025071604012081,MEN,ABC Securities Private Limited,K.B.L. Securities Limited ,500,639.8,319900.0,2025-07-16 13:14:56.119144
2025-07-16,50561,2025071604012156,MEN,Opal Securities Investment (PVT) Ltd.,Bhrikuti Stock Broking Co. Pvt. Ltd.,200,639.0,127800.0,2025-07-16 13:15:27.583331
2025-07-16,50185,2025071604012351,MEN,Infinity Securities Limited,Deevyaa Securities & Stock House Pvt. Ltd,13,637.0,8281.0,2025-07-16 13:16:25.192753
2025-07-16,49762,2025071604012517,MEN,Property Wiard Limited,South Asian Bulls Pvt. Ltd.,30,638.0,19140.0,2025-07-16 13:17:21.573860
2025-07-16,49761,2025071604012518,MEN,Infinity Securities Limited,South Asian Bulls Pvt. Ltd.,170,637.0,108290.0,2025-07-16 13:17:21.574193
2025-07-16,49534,2025071604012593,MEN,Imperial Securities Company Pvt. Ltd.,Shree Krishna Securities Ltd.,50,639.0,31950.0,2025-07-16 13:17:57.785387
2025-07-16,48873,2025071604012828,MEN,Opal Securities Investment (PVT) Ltd.,Naasa Securities Co. Ltd.,100,638.0,63800.0,2025-07-16 13:19:52.362960
2025-07-16,48395,2025071604013006,MEN,Asian Securities Private Ltd.,Naasa Securities Co. Ltd.,300,638.0,191400.0,2025-07-16 13:21:16.967458
2025-07-16,48239,2025071604013080,MEN,Infinity Securities Limited,Vision Securities Pvt. Ltd,10,637.0,6370.0,2025-07-16 13:21:42.564775
2025-07-16,48238,2025071604013081,MEN,Infinity Securities Limited,Secured Securities Ltd.,197,637.0,125489.0,2025-07-16 13:21:43.098375
2025-07-16,47975,2025071604013164,MEN,Primo Securities (PVT) Ltd.,Secured Securities Ltd.,803,636.0,510708.0,2025-07-16 13:22:33.089750
2025-07-16,47181,2025071604013442,MEN,Sri Hari Securities Pvt. Ltd.,Imperial Securities Company Pvt. Ltd.,20,637.0,12740.0,2025-07-16 13:24:59.518162
2025-07-16,47032,2025071604013485,MEN,Primo Securities (PVT) Ltd.,Pragyan Securities (PVT) Ltd.,13,636.0,8268.0,2025-07-16 13:25:21.694959
2025-07-16,46979,2025071604013499,MEN,Primo Securities (PVT) Ltd.,Imperial Securities Company Pvt. Ltd.,300,636.0,190800.0,2025-07-16 13:25:34.356265
2025-07-16,46669,2025071604013649,MEN,Primo Securities (PVT) Ltd.,Sundhara Securities Limited,20,636.0,12720.0,2025-07-16 13:26:23.180041
2025-07-16,46180,2025071604013805,MEN,ABC Securities Private Limited,Naasa Securities Co. Ltd.,50,637.0,31850.0,2025-07-16 13:27:54.062401
2025-07-16,46179,2025071604013806,MEN,ABC Securities Private Limited,Sundhara Securities Limited,100,637.1,63710.0,2025-07-16 13:27:54.062703
2025-07-16,46178,2025071604013807,MEN,ABC Securities Private Limited,Premier Securities Company Ltd.,150,637.9,95685.0,2025-07-16 13:27:54.062829
2025-07-16,44915,2025071604014110,MEN,Vision Securities Pvt. Ltd,Linch Stock Market Ltd.,30,637.0,19110.0,2025-07-16 13:31:44.833724
2025-07-16,44650,2025071604014153,MEN,Vision Securities Pvt. Ltd,Thrive Brokerage House Pvt. Ltd,100,637.0,63700.0,2025-07-16 13:32:29.183108
2025-07-16,44478,2025071604014196,MEN,Vision Securities Pvt. Ltd,Asian Securities Private Ltd.,65,637.0,41405.0,2025-07-16 13:32:57.604227
2025-07-16,44477,2025071604014197,MEN,Vision Securities Pvt. Ltd,Asian Securities Private Ltd.,135,637.0,85995.0,2025-07-16 13:32:57.604611
2025-07-16,44412,2025071604014229,MEN,Vision Securities Pvt. Ltd,Blue Chip Securities Ltd,25,637.0,15925.0,2025-07-16 13:33:07.781613
2025-07-16,44008,2025071604014312,MEN,Elite Stock House Limited,Naasa Securities Co. Ltd.,500,638.0,319000.0,2025-07-16 13:34:14.011675
2025-07-16,43715,2025071604014402,MEN,Primo Securities (PVT) Ltd.,Vision Securities Pvt. Ltd,10,638.0,6380.0,2025-07-16 13:35:04.756513
2025-07-16,43714,2025071604014403,MEN,Primo Securities (PVT) Ltd.,Naasa Securities Co. Ltd.,100,638.8,63880.0,2025-07-16 13:35:04.756833
2025-07-16,43713,2025071604014404,MEN,Primo Securities (PVT) Ltd.,Arun Securities (PVT) Ltd.,500,638.9,319450.0,2025-07-16 13:35:04.756965
2025-07-16,43712,2025071604014405,MEN,Primo Securities (PVT) Ltd.,Agrawal Securities (PVT) Ltd.,50,639.0,31950.0,2025-07-16 13:35:04.757094
2025-07-16,43711,2025071604014406,MEN,Primo Securities (PVT) Ltd.,Nagarik Stock Dealer ,1100,639.0,702900.0,2025-07-16 13:35:04.757222
2025-07-16,43710,2025071604014407,MEN,Primo Securities (PVT) Ltd.,Agrawal Securities (PVT) Ltd.,500,639.0,319500.0,2025-07-16 13:35:04.757360
2025-07-16,43709,2025071604014408,MEN,Primo Securities (PVT) Ltd.,Opal Securities Investment (PVT) Ltd.,13,639.0,8307.0,2025-07-16 13:35:04.757490
2025-07-16,43708,2025071604014409,MEN,Primo Securities (PVT) Ltd.,Shree Krishna Securities Ltd.,290,639.0,185310.0,2025-07-16 13:35:04.757623
2025-07-16,43707,2025071604014410,MEN,Primo Securities (PVT) Ltd.,Premier Securities Company Ltd.,300,639.0,191700.0,2025-07-16 13:35:04.757754
2025-07-16,43706,2025071604014411,MEN,Primo Securities (PVT) Ltd.,Naasa Securities Co. Ltd.,50,639.0,31950.0,2025-07-16 13:35:04.757927
2025-07-16,43705,2025071604014412,MEN,Primo Securities (PVT) Ltd.,Imperial Securities Company Pvt. Ltd.,100,639.0,63900.0,2025-07-16 13:35:04.758079
2025-07-16,43704,2025071604014413,MEN,Primo Securities (PVT) Ltd.,Naasa Securities Co. Ltd.,10,639.0,6390.0,2025-07-16 13:35:04.758203
2025-07-16,43703,2025071604014414,MEN,Primo Securities (PVT) Ltd.,Property Wiard Limited,100,639.0,63900.0,2025-07-16 13:35:04.758347
2025-07-16,43088,2025071604014587,MEN,Primo Securities (PVT) Ltd.,Sagarmatha Securities Private Limited,1877,637.5,1196587.5,2025-07-16 13:36:48.671700
2025-07-16,43087,2025071604014588,MEN,Naasa Securities Co. Ltd.,Sagarmatha Securities Private Limited,423,637.3,269577.9,2025-07-16 13:36:48.672032
2025-07-16,40741,2025071604015192,MEN,Naasa Securities Co. Ltd.,Capital Max Securities Ltd,135,637.5,86062.5,2025-07-16 13:43:09.768599
2025-07-16,39540,2025071604015554,MEN,Naasa Securities Co. Ltd.,Stoxkarts Securities Limited,21,637.5,13387.5,2025-07-16 13:46:44.163908
2025-07-16,39539,2025071604015555,MEN,Vision Securities Pvt. Ltd,Stoxkarts Securities Limited,300,637.5,191250.0,2025-07-16 13:46:44.164230
2025-07-16,38934,2025071604015748,MEN,Naasa Securities Co. Ltd.,Premier Securities Company Ltd.,77,637.3,49072.1,2025-07-16 13:48:03.716833
2025-07-16,38933,2025071604015749,MEN,Online Securities Pvt. Ltd.,Premier Securities Company Ltd.,23,637.3,14657.9,2025-07-16 13:48:03.717180
2025-07-16,38805,2025071604015800,MEN,Online Securities Pvt. Ltd.,Naasa Securities Co. Ltd.,50,637.3,31865.0,2025-07-16 13:48:22.014396
2025-07-16,38742,2025071604015824,MEN,Online Securities Pvt. Ltd.,Imperial Securities Company Pvt. Ltd.,19,637.3,12108.7,2025-07-16 13:48:36.768296
2025-07-16,38323,2025071604015950,MEN,Online Securities Pvt. Ltd.,Trishakti Securities Public Limited,49,637.3,31227.7,2025-07-16 13:49:34.662885
2025-07-16,38322,2025071604015951,MEN,Vision Securities Pvt. Ltd,Trishakti Securities Public Limited,40,637.0,25480.0,2025-07-16 13:49:34.663562
2025-07-16,38321,2025071604015952,MEN,Market Securities & Exchange (PVT) Ltd.,Trishakti Securities Public Limited,500,636.2,318100.0,2025-07-16 13:49:34.663902
2025-07-16,38320,2025071604015953,MEN,Capital Max Securities Ltd,Trishakti Securities Public Limited,100,636.2,63620.0,2025-07-16 13:49:34.664510
2025-07-16,38319,2025071604015954,MEN,Primo Securities (PVT) Ltd.,Trishakti Securities Public Limited,116,636.0,73776.0,2025-07-16 13:49:34.664902
2025-07-16,38318,2025071604015955,MEN,Capital Max Securities Ltd,Trishakti Securities Public Limited,100,636.0,63600.0,2025-07-16 13:49:34.665276
2025-07-16,38317,2025071604015956,MEN,Online Securities Pvt. Ltd.,Trishakti Securities Public Limited,65,636.0,41340.0,2025-07-16 13:49:34.665683
2025-07-16,37529,2025071604016157,MEN,Primo Securities (PVT) Ltd.,Stoxkarts Securities Limited,200,635.0,127000.0,2025-07-16 13:51:40.002040
2025-07-16,37528,2025071604016158,MEN,Shree Krishna Securities Ltd.,Stoxkarts Securities Limited,100,635.0,63500.0,2025-07-16 13:51:40.002357
2025-07-16,37527,2025071604016159,MEN,Premier Securities Company Ltd.,Stoxkarts Securities Limited,157,635.0,99695.0,2025-07-16 13:51:40.002498
2025-07-16,37526,2025071604016160,MEN,Sundhara Securities Limited,Stoxkarts Securities Limited,100,635.0,63500.0,2025-07-16 13:51:40.002633
2025-07-16,37525,2025071604016161,MEN,ABC Securities Private Limited,Stoxkarts Securities Limited,1122,635.0,712470.0,2025-07-16 13:51:40.002821
2025-07-16,37373,2025071604016213,MEN,Imperial Securities Company Pvt. Ltd.,Trishakti Securities Public Limited,250,636.0,159000.0,2025-07-16 13:51:57.708581
2025-07-16,37127,2025071604016262,MEN,Elite Stock House Limited,Trishakti Securities Public Limited,780,636.0,496080.0,2025-07-16 13:52:36.331196
2025-07-16,37126,2025071604016263,MEN,Elite Stock House Limited,Cristal Kanchanjanga Securites Pvt. Ltd.,500,636.0,318000.0,2025-07-16 13:52:36.331548
2025-07-16,37047,2025071604016279,MEN,Elite Stock House Limited,Midas Stock Broking Company Private Limited,60,636.0,38160.0,2025-07-16 13:52:49.672408
2025-07-16,36901,2025071604016322,MEN,Elite Stock House Limited,Infinity Securities Limited,300,636.0,190800.0,2025-07-16 13:53:16.063530
2025-07-16,36521,2025071604016405,MEN,Elite Stock House Limited,Aryatara Investment & Securities,90,636.0,57240.0,2025-07-16 13:54:09.212904
2025-07-16,36308,2025071604016461,MEN,Elite Stock House Limited,Midas Stock Broking Company Private Limited,135,636.0,85860.0,2025-07-16 13:54:47.202261
2025-07-16,34782,2025071604016900,MEN,Elite Stock House Limited,Oxford Securities Pvt. Ltd.,13,636.0,8268.0,2025-07-16 13:58:06.596242
2025-07-16,34579,2025071604016954,MEN,Elite Stock House Limited,Dynamic Money Managers Securities Pvt. Ltd.,552,636.0,351072.0,2025-07-16 13:58:45.615183
2025-07-16,33905,2025071604017099,MEN,Malla & Malla Stock Broking Company Pvt. Limited,Naasa Securities Co. Ltd.,70,636.5,44555.0,2025-07-16 14:00:37.407227
2025-07-16,33904,2025071604017100,MEN,Malla & Malla Stock Broking Company Pvt. Limited,Sewa Securities Pvt. Ltd.,20,636.9,12738.0,2025-07-16 14:00:37.407584
2025-07-16,33469,2025071604017217,MEN,Primo Securities (PVT) Ltd.,Citizens Share Broker Limited,1000,636.1,636100.0,2025-07-16 14:01:56.405066
2025-07-16,33457,2025071604017222,MEN,Online Securities Pvt. Ltd.,Sewa Securities Pvt. Ltd.,80,636.9,50952.0,2025-07-16 14:01:58.482321
2025-07-16,33395,2025071604017241,MEN,Primo Securities (PVT) Ltd.,Trishakti Securities Public Limited,4000,636.1,2544400.0,2025-07-16 14:02:11.276490
2025-07-16,33394,2025071604017242,MEN,Elite Stock House Limited,Trishakti Securities Public Limited,2000,636.0,1272000.0,2025-07-16 14:02:11.276807
2025-07-16,33163,2025071604017287,MEN,Elite Stock House Limited,Sundhara Securities Limited,20,636.0,12720.0,2025-07-16 14:02:47.263882
2025-07-16,33159,2025071604017288,MEN,Elite Stock House Limited,Vision Securities Pvt. Ltd,550,636.0,349800.0,2025-07-16 14:02:48.853429
2025-07-16,31994,2025071604017540,MEN,Creative Securities Pvt Ltd,Naasa Securities Co. Ltd.,13,635.2,8257.6,2025-07-16 14:06:00.809909
2025-07-16,31823,2025071604017585,MEN,Creative Securities Pvt Ltd,Kumari Securities Private Limited,387,635.2,245822.4,2025-07-16 14:06:32.609599
2025-07-16,31822,2025071604017586,MEN,Kohinoor Investment & Securities Pvt. Ltd.,Kumari Securities Private Limited,113,635.2,71777.6,2025-07-16 14:06:32.609934
2025-07-16,31728,2025071604017601,MEN,Kohinoor Investment & Securities Pvt. Ltd.,Sani Securities Company Ltd.,20,635.2,12704.0,2025-07-16 14:06:44.124921
2025-07-16,31000,2025071604017761,MEN,Siprabi Securities Pvt. Ltd.,Nagarik Stock Dealer ,100,636.0,63600.0,2025-07-16 14:09:03.296213
2025-07-16,30999,2025071604017762,MEN,Siprabi Securities Pvt. Ltd.,Vision Securities Pvt. Ltd,10,636.0,6360.0,2025-07-16 14:09:03.296564
2025-07-16,30736,2025071604017819,MEN,Siprabi Securities Pvt. Ltd.,Magnet Securities and Investment Company Private Limited,90,635.6,57204.0,2025-07-16 14:10:02.978214
2025-07-16,30548,2025071604017867,MEN,Siprabi Securities Pvt. Ltd.,Magnet Securities and Investment Company Private Limited,10,635.5,6355.0,2025-07-16 14:10:37.083589
2025-07-16,30432,2025071604017884,MEN,Siprabi Securities Pvt. Ltd.,Sajilo Broker Limited,40,635.5,25420.0,2025-07-16 14:11:01.640434
2025-07-16,29925,2025071604017995,MEN,Siprabi Securities Pvt. Ltd.,Sajilo Broker Limited,60,635.5,38130.0,2025-07-16 14:12:16.869561
2025-07-16,29603,2025071604018077,MEN,Investment Management Nepal Pvt. Ltd.,Vision Securities Pvt. Ltd,100,636.0,63600.0,2025-07-16 14:13:08.024726
2025-07-16,29524,2025071604018098,MEN,Investment Management Nepal Pvt. Ltd.,Vision Securities Pvt. Ltd,100,636.0,63600.0,2025-07-16 14:13:23.087542
2025-07-16,29230,2025071604018189,MEN,Sweta Securities Private Limited,Vision Securities Pvt. Ltd,300,636.0,190800.0,2025-07-16 14:14:18.187951
2025-07-16,28533,2025071604018388,MEN,Neev Securities Pvt. Ltd.,Online Securities Pvt. Ltd.,78,636.9,49678.2,2025-07-16 14:16:11.966829
2025-07-16,28532,2025071604018389,MEN,Neev Securities Pvt. Ltd.,Sweta Securities Private Limited,10,636.9,6369.0,2025-07-16 14:16:11.967177
2025-07-16,28531,2025071604018390,MEN,Neev Securities Pvt. Ltd.,Siprabi Securities Pvt. Ltd.,30,636.9,19107.0,2025-07-16 14:16:11.967310
2025-07-16,28437,2025071604018420,MEN,Magnet Securities and Investment Company Private Limited,Sundhara Securities Limited,100,637.0,63700.0,2025-07-16 14:16:28.239399
2025-07-16,28436,2025071604018421,MEN,Magnet Securities and Investment Company Private Limited,Malla & Malla Stock Broking Company Pvt. Limited,30,637.0,19110.0,2025-07-16 14:16:28.239708
2025-07-16,28435,2025071604018422,MEN,Magnet Securities and Investment Company Private Limited,Vision Securities Pvt. Ltd,1000,637.0,637000.0,2025-07-16 14:16:28.239852
2025-07-16,28434,2025071604018423,MEN,Magnet Securities and Investment Company Private Limited,Kohinoor Investment & Securities Pvt. Ltd.,40,637.0,25480.0,2025-07-16 14:16:28.239985
2025-07-16,28433,2025071604018424,MEN,Magnet Securities and Investment Company Private Limited,Sundhara Securities Limited,100,637.0,63700.0,2025-07-16 14:16:28.240118
2025-07-16,28432,2025071604018425,MEN,Magnet Securities and Investment Company Private Limited,Dipshikha Dhitopatra Karobar Co. Pvt Ltd.,150,637.0,95550.0,2025-07-16 14:16:28.240255
2025-07-16,28431,2025071604018426,MEN,Magnet Securities and Investment Company Private Limited,Naasa Securities Co. Ltd.,80,637.4,50992.0,2025-07-16 14:16:28.240396
2025-07-16,28430,2025071604018427,MEN,Magnet Securities and Investment Company Private Limited,Ashutosh Brokerage & Securities (PVT) Ltd.,500,637.4,318700.0,2025-07-16 14:16:28.240547
2025-07-16,27568,2025071604018786,MEN,Cristal Kanchanjanga Securites Pvt. Ltd.,Property Wiard Limited,200,637.0,127400.0,2025-07-16 14:18:58.071103
2025-07-16,26531,2025071604019023,MEN,Dipshikha Dhitopatra Karobar Co. Pvt Ltd.,Trisul Securities & Invt. Ltd.,700,637.0,445900.0,2025-07-16 14:22:06.601491
2025-07-16,26478,2025071604019044,MEN,Dipshikha Dhitopatra Karobar Co. Pvt Ltd.,Property Wiard Limited,300,637.0,191100.0,2025-07-16 14:22:14.769809
2025-07-16,25395,2025071604019361,MEN,Dipshikha Dhitopatra Karobar Co. Pvt Ltd.,Vision Securities Pvt. Ltd,171,636.9,108909.9,2025-07-16 14:24:52.897130
2025-07-16,25394,2025071604019362,MEN,Dipshikha Dhitopatra Karobar Co. Pvt Ltd.,Dynamic Money Managers Securities Pvt. Ltd.,60,637.0,38220.0,2025-07-16 14:24:52.897480
2025-07-16,25393,2025071604019363,MEN,Dipshikha Dhitopatra Karobar Co. Pvt Ltd.,Primo Securities (PVT) Ltd.,500,637.0,318500.0,2025-07-16 14:24:52.897620
2025-07-16,24685,2025071604019574,MEN,Creative Securities Pvt Ltd,Primo Securities (PVT) Ltd.,500,637.1,318550.0,2025-07-16 14:26:41.187957
2025-07-16,24448,2025071604019642,MEN,Creative Securities Pvt Ltd,Investment Management Nepal Pvt. Ltd.,100,637.1,63710.0,2025-07-16 14:27:13.008700
2025-07-16,24447,2025071604019643,MEN,Dipshikha Dhitopatra Karobar Co. Pvt Ltd.,Investment Management Nepal Pvt. Ltd.,269,637.0,171353.0,2025-07-16 14:27:13.009040
2025-07-16,24029,2025071604019799,MEN,Neev Securities Pvt. Ltd.,Imperial Securities Company Pvt. Ltd.,10,636.6,6366.0,2025-07-16 14:28:29.482174
2025-07-16,24028,2025071604019800,MEN,Deevyaa Securities & Stock House Pvt. Ltd,Imperial Securities Company Pvt. Ltd.,10,636.6,6366.0,2025-07-16 14:28:29.482782
2025-07-16,24027,2025071604019801,MEN,Primo Securities (PVT) Ltd.,Imperial Securities Company Pvt. Ltd.,50,636.2,31810.0,2025-07-16 14:28:29.483194
2025-07-16,24026,2025071604019802,MEN,Arun Securities (PVT) Ltd.,Imperial Securities Company Pvt. Ltd.,230,636.2,146326.0,2025-07-16 14:28:29.483630
2025-07-16,23889,2025071604019848,MEN,Arun Securities (PVT) Ltd.,Indira securities pvt. ltd,270,636.2,171774.0,2025-07-16 14:28:43.305649
2025-07-16,23888,2025071604019849,MEN,Online Securities Pvt. Ltd.,Indira securities pvt. ltd,297,636.1,188921.7,2025-07-16 14:28:43.305998
2025-07-16,23887,2025071604019850,MEN,Sweta Securities Private Limited,Indira securities pvt. ltd,4433,636.0,2819388.0,2025-07-16 14:28:43.306140
2025-07-16,23788,2025071604019873,MEN,Sweta Securities Private Limited,Aryatara Investment & Securities,267,636.0,169812.0,2025-07-16 14:28:57.052197
2025-07-16,23772,2025071604019878,MEN,Siprabi Securities Pvt. Ltd.,Vision Securities Pvt. Ltd,200,635.3,127060.0,2025-07-16 14:28:59.559698
2025-07-16,23771,2025071604019879,MEN,Kohinoor Investment & Securities Pvt. Ltd.,Vision Securities Pvt. Ltd,242,635.2,153718.4,2025-07-16 14:28:59.559998
2025-07-16,23770,2025071604019880,MEN,ABC Securities Private Limited,Vision Securities Pvt. Ltd,200,635.2,127040.0,2025-07-16 14:28:59.560146
2025-07-16,23769,2025071604019881,MEN,Primo Securities (PVT) Ltd.,Vision Securities Pvt. Ltd,358,635.1,227365.8,2025-07-16 14:28:59.560275
2025-07-16,23516,2025071604019963,MEN,Primo Securities (PVT) Ltd.,Indira securities pvt. ltd,4000,635.1,2540400.0,2025-07-16 14:29:34.457393
2025-07-16,23378,2025071604020001,MEN,Primo Securities (PVT) Ltd.,Cristal Kanchanjanga Securites Pvt. Ltd.,642,635.1,407734.2,2025-07-16 14:29:56.631529
2025-07-16,23377,2025071604020002,MEN,ABC Securities Private Limited,Cristal Kanchanjanga Securites Pvt. Ltd.,508,635.0,322580.0,2025-07-16 14:29:56.632155
2025-07-16,22483,2025071604020248,MEN,Sweta Securities Private Limited,Indira securities pvt. ltd,2511,635.1,1594736.1,2025-07-16 14:32:03.887122
2025-07-16,22031,2025071604020330,MEN,Arun Securities (PVT) Ltd.,Aryatara Investment & Securities,225,636.0,143100.0,2025-07-16 14:33:03.491817
2025-07-16,22030,2025071604020331,MEN,Arun Securities (PVT) Ltd.,Sri Hari Securities Pvt. Ltd.,100,636.0,63600.0,2025-07-16 14:33:03.492530
2025-07-16,22029,2025071604020332,MEN,Arun Securities (PVT) Ltd.,Vision Securities Pvt. Ltd,11,636.0,6996.0,2025-07-16 14:33:03.492976
2025-07-16,22028,2025071604020333,MEN,Arun Securities (PVT) Ltd.,Trishakti Securities Public Limited,50,636.0,31800.0,2025-07-16 14:33:03.493439
2025-07-16,21899,2025071604020370,MEN,Naasa Securities Co. Ltd.,Investment Management Nepal Pvt. Ltd.,125,637.0,79625.0,2025-07-16 14:33:19.115243
2025-07-16,21898,2025071604020371,MEN,Naasa Securities Co. Ltd.,Dipshikha Dhitopatra Karobar Co. Pvt Ltd.,140,637.0,89180.0,2025-07-16 14:33:19.115589
2025-07-16,21897,2025071604020372,MEN,Naasa Securities Co. Ltd.,Cristal Kanchanjanga Securites Pvt. Ltd.,50,637.0,31850.0,2025-07-16 14:33:19.115724
2025-07-16,21896,2025071604020373,MEN,Naasa Securities Co. Ltd.,Sweta Securities Private Limited,100,637.4,63740.0,2025-07-16 14:33:19.115857
2025-07-16,21895,2025071604020374,MEN,Naasa Securities Co. Ltd.,Sani Securities Company Ltd.,30,637.4,19122.0,2025-07-16 14:33:19.115994
2025-07-16,21894,2025071604020375,MEN,Naasa Securities Co. Ltd.,Dynamic Money Managers Securities Pvt. Ltd.,100,637.9,63790.0,2025-07-16 14:33:19.116128
2025-07-16,21753,2025071604020415,MEN,Naasa Securities Co. Ltd.,Kumari Securities Private Limited,455,638.0,290290.0,2025-07-16 14:33:42.643172
2025-07-16,21574,2025071604020500,MEN,Naasa Securities Co. Ltd.,Indira securities pvt. ltd,400,637.9,255160.0,2025-07-16 14:34:11.991893
2025-07-16,21520,2025071604020513,MEN,Naasa Securities Co. Ltd.,Kumari Securities Private Limited,45,638.0,28710.0,2025-07-16 14:34:22.138931
2025-07-16,21519,2025071604020514,MEN,Naasa Securities Co. Ltd.,Naasa Securities Co. Ltd.,140,638.0,89320.0,2025-07-16 14:34:22.139595
2025-07-16,21518,2025071604020515,MEN,Naasa Securities Co. Ltd.,INDEX SECURITIES LIMITED,115,638.0,73370.0,2025-07-16 14:34:22.140071
2025-07-16,21164,2025071604020611,MEN,Naasa Securities Co. Ltd.,Naasa Securities Co. Ltd.,100,637.0,63700.0,2025-07-16 14:35:15.336432
2025-07-16,21161,2025071604020614,MEN,Arun Securities (PVT) Ltd.,Trisul Securities & Invt. Ltd.,13,636.0,8268.0,2025-07-16 14:35:15.842147
2025-07-16,20836,2025071604020704,MEN,Aryatara Investment & Securities,Sundhara Securities Limited,20,637.5,12750.0,2025-07-16 14:36:03.232032
2025-07-16,20835,2025071604020705,MEN,Aryatara Investment & Securities,Indira securities pvt. ltd,115,637.7,73335.5,2025-07-16 14:36:03.232373
2025-07-16,20484,2025071604020786,MEN,Naasa Securities Co. Ltd.,Indira securities pvt. ltd,100,637.7,63770.0,2025-07-16 14:36:45.968214
2025-07-16,19647,2025071604020997,MEN,Sani Securities Company Ltd.,Dynamic Money Managers Securities Pvt. Ltd.,50,636.2,31810.0,2025-07-16 14:38:22.205998
2025-07-16,19518,2025071604021033,MEN,Asian Securities Private Ltd.,Indira securities pvt. ltd,1000,636.1,636100.0,2025-07-16 14:38:39.016497
2025-07-16,19477,2025071604021039,MEN,Dipshikha Dhitopatra Karobar Co. Pvt Ltd.,Cristal Kanchanjanga Securites Pvt. Ltd.,400,636.1,254440.0,2025-07-16 14:38:47.640324
2025-07-16,19476,2025071604021040,MEN,Dipshikha Dhitopatra Karobar Co. Pvt Ltd.,Cristal Kanchanjanga Securites Pvt. Ltd.,100,636.1,63610.0,2025-07-16 14:38:47.640654
2025-07-16,19374,2025071604021057,MEN,Dipshikha Dhitopatra Karobar Co. Pvt Ltd.,Indira securities pvt. ltd,300,636.1,190830.0,2025-07-16 14:38:55.095718
2025-07-16,19346,2025071604021066,MEN,Asian Securities Private Ltd.,Indira securities pvt. ltd,200,636.1,127220.0,2025-07-16 14:39:00.277925
2025-07-16,19196,2025071604021104,MEN,Asian Securities Private Ltd.,Cristal Kanchanjanga Securites Pvt. Ltd.,100,636.1,63610.0,2025-07-16 14:39:20.832402
2025-07-16,19148,2025071604021120,MEN,Asian Securities Private Ltd.,Premier Securities Company Ltd.,500,636.1,318050.0,2025-07-16 14:39:24.796533
2025-07-16,19145,2025071604021122,MEN,Asian Securities Private Ltd.,Dynamic Money Managers Securities Pvt. Ltd.,950,636.2,604390.0,2025-07-16 14:39:26.433990
2025-07-16,18986,2025071604021177,MEN,Asian Securities Private Ltd.,Opal Securities Investment (PVT) Ltd.,44,636.1,27988.4,2025-07-16 14:39:45.291926
2025-07-16,17809,2025071604021527,MEN,Asian Securities Private Ltd.,Nepal Stock House (PVT) Ltd.,156,636.1,99231.6,2025-07-16 14:42:04.219501
2025-07-16,17808,2025071604021528,MEN,Asian Securities Private Ltd.,Nepal Stock House (PVT) Ltd.,50,636.1,31805.0,2025-07-16 14:42:04.219858
2025-07-16,17701,2025071604021555,MEN,Arun Securities (PVT) Ltd.,Sharepro Securities Private Limited,601,636.0,382236.0,2025-07-16 14:42:15.284972
2025-07-16,17700,2025071604021556,MEN,Naasa Securities Co. Ltd.,Sharepro Securities Private Limited,200,636.0,127200.0,2025-07-16 14:42:15.285628
2025-07-16,17699,2025071604021557,MEN,Deevyaa Securities & Stock House Pvt. Ltd,Sharepro Securities Private Limited,699,636.0,444564.0,2025-07-16 14:42:15.285922
2025-07-16,17527,2025071604021617,MEN,Imperial Securities Company Pvt. Ltd.,Nepal Stock House (PVT) Ltd.,94,636.1,59793.4,2025-07-16 14:42:36.831122
2025-07-16,16576,2025071604021863,MEN,Opal Securities Investment (PVT) Ltd.,Imperial Securities Company Pvt. Ltd.,10,636.9,6369.0,2025-07-16 14:44:15.394976
2025-07-16,16223,2025071604021912,MEN,Imperial Securities Company Pvt. Ltd.,Dynamic Money Managers Securities Pvt. Ltd.,156,636.1,99231.6,2025-07-16 14:44:32.982455
2025-07-16,16222,2025071604021913,MEN,Linch Stock Market Ltd.,Dynamic Money Managers Securities Pvt. Ltd.,100,636.1,63610.0,2025-07-16 14:44:32.983101
2025-07-16,15923,2025071604022036,MEN,Deevyaa Securities & Stock House Pvt. Ltd,Imperial Securities Company Pvt. Ltd.,90,636.0,57240.0,2025-07-16 14:44:52.594377
2025-07-16,15700,2025071604022068,MEN,Imperial Securities Company Pvt. Ltd.,Dynamic Money Managers Securities Pvt. Ltd.,250,636.1,159025.0,2025-07-16 14:45:04.781789
2025-07-16,15511,2025071604022095,MEN,Imperial Securities Company Pvt. Ltd.,Dynamic Money Managers Securities Pvt. Ltd.,294,636.1,187013.4,2025-07-16 14:45:14.977628
2025-07-16,15408,2025071604022121,MEN,Naasa Securities Co. Ltd.,Dipshikha Dhitopatra Karobar Co. Pvt Ltd.,50,637.0,31850.0,2025-07-16 14:45:22.190031
2025-07-16,15407,2025071604022122,MEN,Naasa Securities Co. Ltd.,Naasa Securities Co. Ltd.,170,637.0,108290.0,2025-07-16 14:45:22.190430
2025-07-16,15406,2025071604022123,MEN,Naasa Securities Co. Ltd.,Sumeru Securities Pvt. Ltd.,13,637.0,8281.0,2025-07-16 14:45:22.190574
2025-07-16,15405,2025071604022124,MEN,Naasa Securities Co. Ltd.,INDEX SECURITIES LIMITED,385,637.0,245245.0,2025-07-16 14:45:22.190737
2025-07-16,15404,2025071604022125,MEN,Naasa Securities Co. Ltd.,Online Securities Pvt. Ltd.,100,637.0,63700.0,2025-07-16 14:45:22.190924
2025-07-16,15403,2025071604022126,MEN,Naasa Securities Co. Ltd.,Dakshinkali Investment & Securities Pvt. Ltd.,600,637.0,382200.0,2025-07-16 14:45:22.191112
2025-07-16,15110,2025071604022190,MEN,Naasa Securities Co. Ltd.,Aryatara Investment & Securities,282,637.0,179634.0,2025-07-16 14:45:43.266011
2025-07-16,14262,2025071604022409,MEN,ABC Securities Private Limited,Dakshinkali Investment & Securities Pvt. Ltd.,325,636.3,206797.5,2025-07-16 14:46:53.044118
2025-07-16,14261,2025071604022410,MEN,Sri Hari Securities Pvt. Ltd.,Dakshinkali Investment & Securities Pvt. Ltd.,20,636.3,12726.0,2025-07-16 14:46:53.044508
2025-07-16,14260,2025071604022411,MEN,Nepal Stock House (PVT) Ltd.,Dakshinkali Investment & Securities Pvt. Ltd.,100,636.3,63630.0,2025-07-16 14:46:53.044676
2025-07-16,14259,2025071604022412,MEN,Cristal Kanchanjanga Securites Pvt. Ltd.,Dakshinkali Investment & Securities Pvt. Ltd.,55,636.2,34991.0,2025-07-16 14:46:53.044845
2025-07-16,13932,2025071604022473,MEN,Primo Securities (PVT) Ltd.,Aryatara Investment & Securities,18,637.0,11466.0,2025-07-16 14:47:18.764689
2025-07-16,13931,2025071604022474,MEN,Primo Securities (PVT) Ltd.,Naasa Securities Co. Ltd.,415,637.0,264355.0,2025-07-16 14:47:18.765005
2025-07-16,13930,2025071604022475,MEN,Primo Securities (PVT) Ltd.,Dipshikha Dhitopatra Karobar Co. Pvt Ltd.,13,637.0,8281.0,2025-07-16 14:47:18.765152
2025-07-16,13583,2025071604022543,MEN,Primo Securities (PVT) Ltd.,KALASH STOCK MARKET PVT. LTD.,237,637.2,151016.4,2025-07-16 14:47:39.876163
2025-07-16,13582,2025071604022544,MEN,Primo Securities (PVT) Ltd.,Online Securities Pvt. Ltd.,60,637.4,38244.0,2025-07-16 14:47:39.876494
2025-07-16,13581,2025071604022545,MEN,Primo Securities (PVT) Ltd.,Naasa Securities Co. Ltd.,200,637.5,127500.0,2025-07-16 14:47:39.876629
2025-07-16,13580,2025071604022546,MEN,Primo Securities (PVT) Ltd.,Sumeru Securities Pvt. Ltd.,100,637.7,63770.0,2025-07-16 14:47:39.876790
2025-07-16,13579,2025071604022547,MEN,Primo Securities (PVT) Ltd.,Online Securities Pvt. Ltd.,290,638.0,185020.0,2025-07-16 14:47:39.876924
2025-07-16,13578,2025071604022548,MEN,Primo Securities (PVT) Ltd.,Imperial Securities Company Pvt. Ltd.,100,638.0,63800.0,2025-07-16 14:47:39.877077
2025-07-16,13577,2025071604022549,MEN,Primo Securities (PVT) Ltd.,Premier Securities Company Ltd.,13,638.0,8294.0,2025-07-16 14:47:39.877228
2025-07-16,13537,2025071604022565,MEN,Primo Securities (PVT) Ltd.,Imperial Securities Company Pvt. Ltd.,100,637.0,63700.0,2025-07-16 14:47:45.287773
2025-07-16,13390,2025071604022596,MEN,Deevyaa Securities & Stock House Pvt. Ltd,Premier Securities Company Ltd.,187,638.0,119306.0,2025-07-16 14:47:57.902030
2025-07-16,13389,2025071604022597,MEN,Deevyaa Securities & Stock House Pvt. Ltd,KALASH STOCK MARKET PVT. LTD.,160,638.9,102224.0,2025-07-16 14:47:57.902342
2025-07-16,13388,2025071604022598,MEN,Deevyaa Securities & Stock House Pvt. Ltd,Kohinoor Investment & Securities Pvt. Ltd.,130,639.0,83070.0,2025-07-16 14:47:57.902482
2025-07-16,13387,2025071604022599,MEN,Deevyaa Securities & Stock House Pvt. Ltd,Imperial Securities Company Pvt. Ltd.,100,639.0,63900.0,2025-07-16 14:47:57.902646
2025-07-16,13386,2025071604022600,MEN,Deevyaa Securities & Stock House Pvt. Ltd,Cristal Kanchanjanga Securites Pvt. Ltd.,50,639.0,31950.0,2025-07-16 14:47:57.902778
2025-07-16,13385,2025071604022601,MEN,Deevyaa Securities & Stock House Pvt. Ltd,Imperial Securities Company Pvt. Ltd.,15,639.0,9585.0,2025-07-16 14:47:57.902924
2025-07-16,13384,2025071604022602,MEN,Deevyaa Securities & Stock House Pvt. Ltd,Naasa Securities Co. Ltd.,100,639.0,63900.0,2025-07-16 14:47:57.903062
2025-07-16,13383,2025071604022603,MEN,Deevyaa Securities & Stock House Pvt. Ltd,Capital Max Securities Ltd,200,639.0,127800.0,2025-07-16 14:47:57.903197
2025-07-16,13382,2025071604022604,MEN,Deevyaa Securities & Stock House Pvt. Ltd,Sundhara Securities Limited,500,639.0,319500.0,2025-07-16 14:47:57.903345
2025-07-16,13381,2025071604022605,MEN,Deevyaa Securities & Stock House Pvt. Ltd,ABC Securities Private Limited,400,639.0,255600.0,2025-07-16 14:47:57.903487
2025-07-16,13380,2025071604022606,MEN,Deevyaa Securities & Stock House Pvt. Ltd,Malla & Malla Stock Broking Company Pvt. Limited,750,639.0,479250.0,2025-07-16 14:47:57.903628
2025-07-16,13276,2025071604022633,MEN,Deevyaa Securities & Stock House Pvt. Ltd,Nepal Stock House (PVT) Ltd.,230,639.0,146970.0,2025-07-16 14:48:03.972365
2025-07-16,13159,2025071604022650,MEN,Sri Hari Securities Pvt. Ltd.,Agrawal Securities (PVT) Ltd.,20,639.1,12782.0,2025-07-16 14:48:14.524990
2025-07-16,13158,2025071604022651,MEN,Deevyaa Securities & Stock House Pvt. Ltd,Agrawal Securities (PVT) Ltd.,30,639.0,19170.0,2025-07-16 14:48:14.525336
2025-07-16,12864,2025071604022722,MEN,Cristal Kanchanjanga Securites Pvt. Ltd.,Primo Securities (PVT) Ltd.,945,639.1,603949.5,2025-07-16 14:48:43.393254
2025-07-16,11037,2025071604023272,MEN,Deevyaa Securities & Stock House Pvt. Ltd,Primo Securities (PVT) Ltd.,53,639.0,33867.0,2025-07-16 14:51:08.749247
2025-07-16,11036,2025071604023273,MEN,Deevyaa Securities & Stock House Pvt. Ltd,Siprabi Securities Pvt. Ltd.,31,639.0,19809.0,2025-07-16 14:51:08.749902
2025-07-16,11035,2025071604023274,MEN,Deevyaa Securities & Stock House Pvt. Ltd,Aryatara Investment & Securities,300,639.0,191700.0,2025-07-16 14:51:08.750359
2025-07-16,11034,2025071604023275,MEN,Deevyaa Securities & Stock House Pvt. Ltd,Aryatara Investment & Securities,11,639.0,7029.0,2025-07-16 14:51:08.750767
2025-07-16,11033,2025071604023276,MEN,Deevyaa Securities & Stock House Pvt. Ltd,Bhrikuti Stock Broking Co. Pvt. Ltd.,200,639.0,127800.0,2025-07-16 14:51:08.751146
2025-07-16,11032,2025071604023277,MEN,Deevyaa Securities & Stock House Pvt. Ltd,Nagarik Stock Dealer ,764,639.0,488196.0,2025-07-16 14:51:08.751645
2025-07-16,10828,2025071604023367,MEN,Sri Hari Securities Pvt. Ltd.,Imperial Securities Company Pvt. Ltd.,20,638.1,12762.0,2025-07-16 14:51:21.747411
2025-07-16,8973,2025071604023921,MEN,J.F. Securites (PVT) Ltd.,Creative Securities Pvt Ltd,10,638.0,6380.0,2025-07-16 14:53:26.120590
2025-07-16,8972,2025071604023922,MEN,Sani Securities Company Ltd.,Creative Securities Pvt Ltd,49,637.5,31237.5,2025-07-16 14:53:26.120717
2025-07-16,8971,2025071604023923,MEN,Asian Securities Private Ltd.,Creative Securities Pvt Ltd,441,637.4,281093.4,2025-07-16 14:53:26.120802
2025-07-16,8618,2025071604024065,MEN,Online Securities Pvt. Ltd.,Cristal Kanchanjanga Securites Pvt. Ltd.,50,638.0,31900.0,2025-07-16 14:53:49.886156
2025-07-16,8214,2025071604024184,MEN,Online Securities Pvt. Ltd.,Creative Securities Pvt Ltd,128,638.0,81664.0,2025-07-16 14:54:11.507685
2025-07-16,8185,2025071604024188,MEN,Trishakti Securities Public Limited,Midas Stock Broking Company Private Limited,50,638.5,31925.0,2025-07-16 14:54:13.718896
2025-07-16,8184,2025071604024189,MEN,Trishakti Securities Public Limited,Imperial Securities Company Pvt. Ltd.,13,638.9,8305.7,2025-07-16 14:54:13.718937
2025-07-16,8183,2025071604024190,MEN,Trishakti Securities Public Limited,Nagarik Stock Dealer ,336,639.0,214704.0,2025-07-16 14:54:13.718960
2025-07-16,8182,2025071604024191,MEN,Trishakti Securities Public Limited,BHOLE GANESH SECURITIES LTD,101,639.0,64539.0,2025-07-16 14:54:13.718987
2025-07-16,8125,2025071604024206,MEN,Online Securities Pvt. Ltd.,Online Securities Pvt. Ltd.,16,638.0,10208.0,2025-07-16 14:54:18.839750
2025-07-16,7903,2025071604024264,MEN,Naasa Securities Co. Ltd.,BHOLE GANESH SECURITIES LTD,100,639.0,63900.0,2025-07-16 14:54:35.245868
2025-07-16,7521,2025071604024379,MEN,Online Securities Pvt. Ltd.,Property Wiard Limited,90,638.0,57420.0,2025-07-16 14:54:53.007175
2025-07-16,7397,2025071604024392,MEN,Vision Securities Pvt. Ltd,BHOLE GANESH SECURITIES LTD,449,639.0,286911.0,2025-07-16 14:54:59.201070
2025-07-16,7396,2025071604024393,MEN,Vision Securities Pvt. Ltd,Sumeru Securities Pvt. Ltd.,300,639.0,191700.0,2025-07-16 14:54:59.201387
2025-07-16,7395,2025071604024394,MEN,Vision Securities Pvt. Ltd,Imperial Securities Company Pvt. Ltd.,20,639.6,12792.0,2025-07-16 14:54:59.201536
2025-07-16,7394,2025071604024395,MEN,Vision Securities Pvt. Ltd,Citizens Share Broker Limited,1000,639.7,639700.0,2025-07-16 14:54:59.201683
2025-07-16,7393,2025071604024396,MEN,Vision Securities Pvt. Ltd,K.B.L. Securities Limited ,231,639.8,147793.8,2025-07-16 14:54:59.201834
2025-07-16,7372,2025071604024406,MEN,Online Securities Pvt. Ltd.,Nepal Stock House (PVT) Ltd.,936,638.0,597168.0,2025-07-16 14:55:00.783130
2025-07-16,7371,2025071604024407,MEN,Naasa Securities Co. Ltd.,Nepal Stock House (PVT) Ltd.,64,638.0,40832.0,2025-07-16 14:55:00.783460
2025-07-16,6621,2025071604024650,MEN,Naasa Securities Co. Ltd.,Bhrikuti Stock Broking Co. Pvt. Ltd.,136,638.0,86768.0,2025-07-16 14:55:51.208889
2025-07-16,6620,2025071604024651,MEN,Dynamic Money Managers Securities Pvt. Ltd.,Bhrikuti Stock Broking Co. Pvt. Ltd.,64,638.0,40832.0,2025-07-16 14:55:51.209219
2025-07-16,5914,2025071604024940,MEN,N.M.B. SECURITIES LIMITED,Imperial Securities Company Pvt. Ltd.,200,638.9,127780.0,2025-07-16 14:56:25.596087
2025-07-16,5913,2025071604024941,MEN,N.M.B. SECURITIES LIMITED,Vision Securities Pvt. Ltd,65,639.0,41535.0,2025-07-16 14:56:25.596430
2025-07-16,5070,2025071604025241,MEN,Arun Securities (PVT) Ltd.,Vision Securities Pvt. Ltd,35,639.0,22365.0,2025-07-16 14:57:12.409428
2025-07-16,5069,2025071604025242,MEN,Arun Securities (PVT) Ltd.,INDEX SECURITIES LIMITED,500,639.0,319500.0,2025-07-16 14:57:12.410091
2025-07-16,5068,2025071604025243,MEN,Arun Securities (PVT) Ltd.,Agrawal Securities (PVT) Ltd.,50,639.7,31985.0,2025-07-16 14:57:12.410609
2025-07-16,5067,2025071604025244,MEN,Arun Securities (PVT) Ltd.,Naasa Securities Co. Ltd.,20,639.7,12794.0,2025-07-16 14:57:12.410901
2025-07-16,5066,2025071604025245,MEN,Arun Securities (PVT) Ltd.,K.B.L. Securities Limited ,1395,639.8,892521.0,2025-07-16 14:57:12.411066
2025-07-16,4874,2025071604025325,MEN,Dynamic Money Managers Securities Pvt. Ltd.,Trishakti Securities Public Limited,100,638.0,63800.0,2025-07-16 14:57:23.217807
2025-07-16,4359,2025071604025479,MEN,Dynamic Money Managers Securities Pvt. Ltd.,Aryatara Investment & Securities,200,638.0,127600.0,2025-07-16 14:57:46.996010
2025-07-16,4311,2025071604025495,MEN,Deevyaa Securities & Stock House Pvt. Ltd,Online Securities Pvt. Ltd.,100,639.7,63970.0,2025-07-16 14:57:50.273628
2025-07-16,4310,2025071604025496,MEN,Deevyaa Securities & Stock House Pvt. Ltd,K.B.L. Securities Limited ,1900,639.8,1215620.0,2025-07-16 14:57:50.274188
2025-07-16,4138,2025071604025538,MEN,Dynamic Money Managers Securities Pvt. Ltd.,Nagarik Stock Dealer ,300,638.0,191400.0,2025-07-16 14:57:59.726674
2025-07-16,3859,2025071604025616,MEN,Dynamic Money Managers Securities Pvt. Ltd.,Bhrikuti Stock Broking Co. Pvt. Ltd.,200,638.0,127600.0,2025-07-16 14:58:09.175594
2025-07-16,3795,2025071604025641,MEN,Vision Securities Pvt. Ltd,Arun Securities (PVT) Ltd.,5000,639.7,3198500.0,2025-07-16 14:58:13.136940
2025-07-16,3725,2025071604025663,MEN,Dynamic Money Managers Securities Pvt. Ltd.,Aryatara Investment & Securities,100,638.0,63800.0,2025-07-16 14:58:15.646298
2025-07-16,3590,2025071604025698,MEN,Prabhu Stock Market Limited,K.B.L. Securities Limited ,500,639.8,319900.0,2025-07-16 14:58:23.149908
2025-07-16,3452,2025071604025721,MEN,ABC Securities Private Limited,K.B.L. Securities Limited ,1274,639.8,815105.2,2025-07-16 14:58:25.990741
2025-07-16,3451,2025071604025722,MEN,ABC Securities Private Limited,Bhrikuti Stock Broking Co. Pvt. Ltd.,43,639.9,27515.7,2025-07-16 14:58:25.991038
2025-07-16,3450,2025071604025723,MEN,ABC Securities Private Limited,Sani Securities Company Ltd.,100,639.9,63990.0,2025-07-16 14:58:25.991169
2025-07-16,3449,2025071604025724,MEN,ABC Securities Private Limited,Trisul Securities & Invt. Ltd.,100,639.9,63990.0,2025-07-16 14:58:25.991300
2025-07-16,3448,2025071604025725,MEN,ABC Securities Private Limited,Nepal Investment And Securities Trading Private Limited,10,640.0,6400.0,2025-07-16 14:58:25.991459
2025-07-16,3447,2025071604025726,MEN,ABC Securities Private Limited,Nepal Investment And Securities Trading Private Limited,100,640.0,64000.0,2025-07-16 14:58:25.991578
2025-07-16,3446,2025071604025727,MEN,ABC Securities Private Limited,Nepal Stock House (PVT) Ltd.,500,640.0,320000.0,2025-07-16 14:58:25.991701
2025-07-16,3445,2025071604025728,MEN,ABC Securities Private Limited,Deevyaa Securities & Stock House Pvt. Ltd,200,640.0,128000.0,2025-07-16 14:58:25.991825
2025-07-16,3444,2025071604025729,MEN,ABC Securities Private Limited,Dakshinkali Investment & Securities Pvt. Ltd.,43,640.0,27520.0,2025-07-16 14:58:25.991947
2025-07-16,3431,2025071604025733,MEN,Market Securities & Exchange (PVT) Ltd.,Thrive Brokerage House Pvt. Ltd,82,639.8,52463.6,2025-07-16 14:58:26.851052
2025-07-16,3377,2025071604025753,MEN,Market Securities & Exchange (PVT) Ltd.,Sweta Securities Private Limited,118,639.8,75496.4,2025-07-16 14:58:29.256149
2025-07-16,3312,2025071604025773,MEN,ABC Securities Private Limited,Sweta Securities Private Limited,282,639.6,180367.2,2025-07-16 14:58:31.057602
2025-07-16,3311,2025071604025774,MEN,ABC Securities Private Limited,Dakshinkali Investment & Securities Pvt. Ltd.,457,640.0,292480.0,2025-07-16 14:58:31.057933
2025-07-16,3310,2025071604025775,MEN,ABC Securities Private Limited,Agrawal Securities (PVT) Ltd.,50,640.0,32000.0,2025-07-16 14:58:31.058068
2025-07-16,3309,2025071604025776,MEN,ABC Securities Private Limited,Opal Securities Investment (PVT) Ltd.,50,640.0,32000.0,2025-07-16 14:58:31.058190
2025-07-16,3308,2025071604025777,MEN,ABC Securities Private Limited,Kalika Securities Pvt. Ltd.,13,640.0,8320.0,2025-07-16 14:58:31.058310
2025-07-16,3307,2025071604025778,MEN,ABC Securities Private Limited,Imperial Securities Company Pvt. Ltd.,61,640.0,39040.0,2025-07-16 14:58:31.058471
2025-07-16,3306,2025071604025779,MEN,ABC Securities Private Limited,Naasa Securities Co. Ltd.,87,640.0,55680.0,2025-07-16 14:58:31.058629
2025-07-16,3184,2025071604025832,MEN,Deevyaa Securities & Stock House Pvt. Ltd,SHUBHAKAMANA SECURITIES PVT. LTD,500,639.7,319850.0,2025-07-16 14:58:35.039180
2025-07-16,3183,2025071604025833,MEN,Deevyaa Securities & Stock House Pvt. Ltd,Naasa Securities Co. Ltd.,523,640.0,334720.0,2025-07-16 14:58:35.039455
2025-07-16,3182,2025071604025834,MEN,Deevyaa Securities & Stock House Pvt. Ltd,KALASH STOCK MARKET PVT. LTD.,500,640.0,320000.0,2025-07-16 14:58:35.039608
2025-07-16,3181,2025071604025835,MEN,Deevyaa Securities & Stock House Pvt. Ltd,Aryatara Investment & Securities,500,640.0,320000.0,2025-07-16 14:58:35.039762
2025-07-16,3180,2025071604025836,MEN,Deevyaa Securities & Stock House Pvt. Ltd,Aryatara Investment & Securities,500,640.0,320000.0,2025-07-16 14:58:35.039914
2025-07-16,3179,2025071604025837,MEN,Deevyaa Securities & Stock House Pvt. Ltd,Siprabi Securities Pvt. Ltd.,100,640.0,64000.0,2025-07-16 14:58:35.040073
2025-07-16,3178,2025071604025838,MEN,Deevyaa Securities & Stock House Pvt. Ltd,Dipshikha Dhitopatra Karobar Co. Pvt Ltd.,100,640.0,64000.0,2025-07-16 14:58:35.040221
2025-07-16,3177,2025071604025839,MEN,Deevyaa Securities & Stock House Pvt. Ltd,Bhrikuti Stock Broking Co. Pvt. Ltd.,39,640.0,24960.0,2025-07-16 14:58:35.040371
2025-07-16,3176,2025071604025840,MEN,Deevyaa Securities & Stock House Pvt. Ltd,Naasa Securities Co. Ltd.,238,640.0,152320.0,2025-07-16 14:58:35.040518
2025-07-16,3164,2025071604025841,MEN,Prabhu Stock Market Limited,Naasa Securities Co. Ltd.,262,640.0,167680.0,2025-07-16 14:58:35.226073
2025-07-16,3163,2025071604025842,MEN,Prabhu Stock Market Limited,Oxford Securities Pvt. Ltd.,35,640.0,22400.0,2025-07-16 14:58:35.226407
2025-07-16,3162,2025071604025843,MEN,Prabhu Stock Market Limited,Vision Securities Pvt. Ltd,203,640.0,129920.0,2025-07-16 14:58:35.226527
2025-07-16,3043,2025071604025875,MEN,ABC Securities Private Limited,Vision Securities Pvt. Ltd,797,640.0,510080.0,2025-07-16 14:58:41.196477
2025-07-16,3042,2025071604025876,MEN,ABC Securities Private Limited,Ashutosh Brokerage & Securities (PVT) Ltd.,500,640.0,320000.0,2025-07-16 14:58:41.196730
2025-07-16,3041,2025071604025877,MEN,ABC Securities Private Limited,Malla & Malla Stock Broking Company Pvt. Limited,30,640.0,19200.0,2025-07-16 14:58:41.196843
2025-07-16,3040,2025071604025878,MEN,ABC Securities Private Limited,Naasa Securities Co. Ltd.,13,640.0,8320.0,2025-07-16 14:58:41.196950
2025-07-16,3039,2025071604025879,MEN,ABC Securities Private Limited,Shree Krishna Securities Ltd.,50,640.0,32000.0,2025-07-16 14:58:41.197055
2025-07-16,3038,2025071604025880,MEN,ABC Securities Private Limited,Aryatara Investment & Securities,10,640.0,6400.0,2025-07-16 14:58:41.197162
2025-07-16,3037,2025071604025881,MEN,ABC Securities Private Limited,Imperial Securities Company Pvt. Ltd.,500,640.0,320000.0,2025-07-16 14:58:41.197268
2025-07-16,3036,2025071604025882,MEN,ABC Securities Private Limited,Oxford Securities Pvt. Ltd.,100,640.0,64000.0,2025-07-16 14:58:41.197381
2025-07-16,3035,2025071604025883,MEN,ABC Securities Private Limited,Sani Securities Company Ltd.,150,640.0,96000.0,2025-07-16 14:58:41.197491
2025-07-16,3034,2025071604025884,MEN,ABC Securities Private Limited,Primo Securities (PVT) Ltd.,200,640.0,128000.0,2025-07-16 14:58:41.197591
2025-07-16,3033,2025071604025885,MEN,ABC Securities Private Limited,Vision Securities Pvt. Ltd,253,640.0,161920.0,2025-07-16 14:58:41.197695
2025-07-16,3032,2025071604025886,MEN,ABC Securities Private Limited,Nepal Stock House (PVT) Ltd.,13,640.0,8320.0,2025-07-16 14:58:41.197802
2025-07-16,3031,2025071604025887,MEN,ABC Securities Private Limited,Imperial Securities Company Pvt. Ltd.,384,640.0,245760.0,2025-07-16 14:58:41.197904
2025-07-16,2879,2025071604025946,MEN,ABC Securities Private Limited,Imperial Securities Company Pvt. Ltd.,221,640.0,141440.0,2025-07-16 14:58:47.289774
2025-07-16,2878,2025071604025947,MEN,ABC Securities Private Limited,Trishakti Securities Public Limited,500,640.0,320000.0,2025-07-16 14:58:47.290071
2025-07-16,2785,2025071604025956,MEN,ABC Securities Private Limited,Primo Securities (PVT) Ltd.,279,640.0,178560.0,2025-07-16 14:58:50.303620
2025-07-16,2398,2025071604026112,MEN,Dynamic Money Managers Securities Pvt. Ltd.,Bhrikuti Stock Broking Co. Pvt. Ltd.,36,638.0,22968.0,2025-07-16 14:59:05.068004
2025-07-16,2397,2025071604026113,MEN,Property Wiard Limited,Bhrikuti Stock Broking Co. Pvt. Ltd.,264,638.0,168432.0,2025-07-16 14:59:05.068497
2025-07-16,2363,2025071604026126,MEN,Vision Securities Pvt. Ltd,Nagarik Stock Dealer ,500,640.0,320000.0,2025-07-16 14:59:06.466438
2025-07-16,2362,2025071604026127,MEN,Vision Securities Pvt. Ltd,Primo Securities (PVT) Ltd.,151,640.9,96775.9,2025-07-16 14:59:06.466704
2025-07-16,2361,2025071604026128,MEN,Vision Securities Pvt. Ltd,Pragyan Securities (PVT) Ltd.,349,641.0,223709.0,2025-07-16 14:59:06.466816
2025-07-16,1003,2025071604026498,MEN,Neev Securities Pvt. Ltd.,Naasa Securities Co. Ltd.,200,639.0,127800.0,2025-07-16 14:59:39.999159
