Date,S.N.,contract_id,symbol,buyer_broker,seller_broker,volume,price,amount,transaction_time
2025-07-16,99126,2025071603000041,MLBL,Oxford Securities Pvt. Ltd.,Bhrikuti Stock Broking Co. Pvt. Ltd.,247,403.0,99541.0,2025-07-16 11:01:50.843620
2025-07-16,98556,2025071603000115,MLBL,Oxford Securities Pvt. Ltd.,Dynamic Money Managers Securities Pvt. Ltd.,500,400.0,200000.0,2025-07-16 11:03:48.544121
2025-07-16,98528,2025071603000118,MLBL,MILKY WAY SHARE BROKER COMPANY LTD ,Premier Securities Company Ltd.,100,401.8,40180.0,2025-07-16 11:03:57.422711
2025-07-16,98527,2025071603000119,MLBL,MILKY WAY SHARE BROKER COMPANY LTD ,Imperial Securities Company Pvt. Ltd.,100,402.0,40200.0,2025-07-16 11:03:57.422776
2025-07-16,98485,2025071603000139,MLBL,MILKY WAY SHARE BROKER COMPANY LTD ,Dynamic Money Managers Securities Pvt. Ltd.,500,402.0,201000.0,2025-07-16 11:04:12.326047
2025-07-16,98474,2025071603000141,MLBL,Sumeru Securities Pvt. Ltd.,Nepal Stock House (PVT) Ltd.,100,403.0,40300.0,2025-07-16 11:04:13.719197
2025-07-16,98473,2025071603000142,MLBL,Sumeru Securities Pvt. Ltd.,Vision Securities Pvt. Ltd,400,403.9,161560.0,2025-07-16 11:04:13.719242
2025-07-16,98434,2025071603000154,MLBL,Dipshikha Dhitopatra Karobar Co. Pvt Ltd.,Vision Securities Pvt. Ltd,600,403.9,242340.0,2025-07-16 11:04:24.022916
2025-07-16,98433,2025071603000155,MLBL,Dipshikha Dhitopatra Karobar Co. Pvt Ltd.,Vision Securities Pvt. Ltd,30,403.9,12117.0,2025-07-16 11:04:24.022976
2025-07-16,98432,2025071603000156,MLBL,Dipshikha Dhitopatra Karobar Co. Pvt Ltd.,Primo Securities (PVT) Ltd.,1000,404.0,404000.0,2025-07-16 11:04:24.023008
2025-07-16,97334,2025071603000360,MLBL,Oxford Securities Pvt. Ltd.,Dakshinkali Investment & Securities Pvt. Ltd.,500,402.1,201050.0,2025-07-16 11:07:51.995336
2025-07-16,97247,2025071603000390,MLBL,Oxford Securities Pvt. Ltd.,Vision Securities Pvt. Ltd,500,402.1,201050.0,2025-07-16 11:08:03.007401
2025-07-16,97175,2025071603000407,MLBL,Dipshikha Dhitopatra Karobar Co. Pvt Ltd.,Online Securities Pvt. Ltd.,200,402.1,80420.0,2025-07-16 11:08:11.191434
2025-07-16,97174,2025071603000408,MLBL,MILKY WAY SHARE BROKER COMPANY LTD ,Online Securities Pvt. Ltd.,100,402.0,40200.0,2025-07-16 11:08:11.191540
2025-07-16,97140,2025071603000420,MLBL,MILKY WAY SHARE BROKER COMPANY LTD ,Vision Securities Pvt. Ltd,500,402.0,201000.0,2025-07-16 11:08:16.144080
2025-07-16,97095,2025071603000431,MLBL,Sagarmatha Securities Private Limited,Opal Securities Investment (PVT) Ltd.,100,402.0,40200.0,2025-07-16 11:08:26.361617
2025-07-16,96565,2025071603000508,MLBL,Kalika Securities Pvt. Ltd.,Sumeru Securities Pvt. Ltd.,200,400.0,80000.0,2025-07-16 11:09:55.668478
2025-07-16,96564,2025071603000509,MLBL,Aryatara Investment & Securities,Sumeru Securities Pvt. Ltd.,100,400.0,40000.0,2025-07-16 11:09:55.668660
2025-07-16,96340,2025071603000539,MLBL,Vision Securities Pvt. Ltd,Sumeru Securities Pvt. Ltd.,10,400.0,4000.0,2025-07-16 11:10:36.868492
2025-07-16,95625,2025071603000724,MLBL,Dipshikha Dhitopatra Karobar Co. Pvt Ltd.,Sumeru Securities Pvt. Ltd.,190,400.0,76000.0,2025-07-16 11:12:21.369069
2025-07-16,94979,2025071603000871,MLBL,Siprabi Securities Pvt. Ltd.,Siprabi Securities Pvt. Ltd.,16,402.4,6438.4,2025-07-16 11:13:57.958368
2025-07-16,94574,2025071603000939,MLBL,Dipshikha Dhitopatra Karobar Co. Pvt Ltd.,Midas Stock Broking Company Private Limited,46,400.0,18400.0,2025-07-16 11:15:07.517419
2025-07-16,94465,2025071603000966,MLBL,Dipshikha Dhitopatra Karobar Co. Pvt Ltd.,Midas Stock Broking Company Private Limited,700,400.0,280000.0,2025-07-16 11:15:23.574689
2025-07-16,94164,2025071603001008,MLBL,Blue Chip Securities Ltd,Nepal Investment And Securities Trading Private Limited,10,401.0,4010.0,2025-07-16 11:16:22.038168
2025-07-16,93838,2025071603001048,MLBL,Siprabi Securities Pvt. Ltd.,Nepal Investment And Securities Trading Private Limited,500,401.0,200500.0,2025-07-16 11:17:04.513118
2025-07-16,93818,2025071603001050,MLBL,Dipshikha Dhitopatra Karobar Co. Pvt Ltd.,Sweta Securities Private Limited,58,400.0,23200.0,2025-07-16 11:17:09.696681
2025-07-16,93690,2025071603001072,MLBL,Dipshikha Dhitopatra Karobar Co. Pvt Ltd.,Nepal Investment And Securities Trading Private Limited,490,401.0,196490.0,2025-07-16 11:17:27.673815
2025-07-16,93241,2025071603001166,MLBL,Online Securities Pvt. Ltd.,Nepal Investment And Securities Trading Private Limited,1000,401.0,401000.0,2025-07-16 11:18:49.764433
2025-07-16,93127,2025071603001183,MLBL,Online Securities Pvt. Ltd.,Aryatara Investment & Securities,100,401.9,40190.0,2025-07-16 11:19:16.046377
2025-07-16,93126,2025071603001184,MLBL,Online Securities Pvt. Ltd.,Nagarik Stock Dealer ,900,402.0,361800.0,2025-07-16 11:19:16.046477
2025-07-16,92872,2025071603001266,MLBL,Online Securities Pvt. Ltd.,Dynamic Money Managers Securities Pvt. Ltd.,1000,401.0,401000.0,2025-07-16 11:20:04.975538
2025-07-16,92816,2025071603001274,MLBL,Dakshinkali Investment & Securities Pvt. Ltd.,Dynamic Money Managers Securities Pvt. Ltd.,200,401.0,80200.0,2025-07-16 11:20:17.031717
2025-07-16,92807,2025071603001276,MLBL,Online Securities Pvt. Ltd.,Dynamic Money Managers Securities Pvt. Ltd.,1000,401.0,401000.0,2025-07-16 11:20:18.626046
2025-07-16,92786,2025071603001280,MLBL,Online Securities Pvt. Ltd.,Dynamic Money Managers Securities Pvt. Ltd.,52,401.0,20852.0,2025-07-16 11:20:23.701271
2025-07-16,92762,2025071603001286,MLBL,Online Securities Pvt. Ltd.,Dynamic Money Managers Securities Pvt. Ltd.,1000,401.0,401000.0,2025-07-16 11:20:28.790212
2025-07-16,92706,2025071603001297,MLBL,Online Securities Pvt. Ltd.,Dynamic Money Managers Securities Pvt. Ltd.,1000,401.0,401000.0,2025-07-16 11:20:38.880310
2025-07-16,92691,2025071603001301,MLBL,Kohinoor Investment & Securities Pvt. Ltd.,Dynamic Money Managers Securities Pvt. Ltd.,748,401.0,299948.0,2025-07-16 11:20:40.182278
2025-07-16,92298,2025071603001377,MLBL,Online Securities Pvt. Ltd.,Nagarik Stock Dealer ,200,402.0,80400.0,2025-07-16 11:21:39.740433
2025-07-16,92279,2025071603001379,MLBL,Midas Stock Broking Company Private Limited,Nepal Investment And Securities Trading Private Limited,500,401.1,200550.0,2025-07-16 11:21:42.584152
2025-07-16,92243,2025071603001388,MLBL,Shree Krishna Securities Ltd.,Nagarik Stock Dealer ,200,402.0,80400.0,2025-07-16 11:21:55.532256
2025-07-16,92158,2025071603001392,MLBL,Shree Krishna Securities Ltd.,Siprabi Securities Pvt. Ltd.,50,402.4,20120.0,2025-07-16 11:22:08.592652
2025-07-16,91872,2025071603001464,MLBL,Online Securities Pvt. Ltd.,Nepal Investment And Securities Trading Private Limited,2000,401.1,802200.0,2025-07-16 11:22:49.334314
2025-07-16,91276,2025071603001608,MLBL,Kumari Securities Private Limited,Nepal Investment And Securities Trading Private Limited,200,401.0,80200.0,2025-07-16 11:24:28.099473
2025-07-16,91073,2025071603001658,MLBL,Midas Stock Broking Company Private Limited,Nepal Investment And Securities Trading Private Limited,100,401.0,40100.0,2025-07-16 11:25:03.005146
2025-07-16,90985,2025071603001676,MLBL,Siprabi Securities Pvt. Ltd.,Dynamic Money Managers Securities Pvt. Ltd.,500,402.0,201000.0,2025-07-16 11:25:16.704643
2025-07-16,90882,2025071603001687,MLBL,Sani Securities Company Ltd.,Dynamic Money Managers Securities Pvt. Ltd.,2000,402.0,804000.0,2025-07-16 11:25:34.459882
2025-07-16,90844,2025071603001693,MLBL,Midas Stock Broking Company Private Limited,Nepal Investment And Securities Trading Private Limited,30,401.0,12030.0,2025-07-16 11:25:38.785616
2025-07-16,90445,2025071603001788,MLBL,Miyo Securities Pvt Ltd,Dynamic Money Managers Securities Pvt. Ltd.,500,402.0,201000.0,2025-07-16 11:26:44.123147
2025-07-16,90277,2025071603001844,MLBL,Naasa Securities Co. Ltd.,Dynamic Money Managers Securities Pvt. Ltd.,39,402.0,15678.0,2025-07-16 11:27:11.827675
2025-07-16,90007,2025071603001921,MLBL,Ashutosh Brokerage & Securities (PVT) Ltd.,Siprabi Securities Pvt. Ltd.,59,402.4,23741.6,2025-07-16 11:27:40.285744
2025-07-16,89989,2025071603001929,MLBL,Trishakti Securities Public Limited,Shree Krishna Securities Ltd.,228,402.5,91770.0,2025-07-16 11:27:43.572841
2025-07-16,89988,2025071603001930,MLBL,Trishakti Securities Public Limited,Trishakti Securities Public Limited,125,403.5,50437.5,2025-07-16 11:27:43.573138
2025-07-16,89987,2025071603001931,MLBL,Trishakti Securities Public Limited,Vision Securities Pvt. Ltd,502,403.9,202757.8,2025-07-16 11:27:43.573314
2025-07-16,89986,2025071603001932,MLBL,Trishakti Securities Public Limited,Primo Securities (PVT) Ltd.,145,404.0,58580.0,2025-07-16 11:27:43.573497
2025-07-16,89791,2025071603001974,MLBL,Siprabi Securities Pvt. Ltd.,Aryatara Investment & Securities,100,402.5,40250.0,2025-07-16 11:28:17.855321
2025-07-16,89737,2025071603001985,MLBL,Dipshikha Dhitopatra Karobar Co. Pvt Ltd.,Primo Securities (PVT) Ltd.,855,404.0,345420.0,2025-07-16 11:28:23.818941
2025-07-16,89736,2025071603001986,MLBL,Dipshikha Dhitopatra Karobar Co. Pvt Ltd.,Agrawal Securities (PVT) Ltd.,50,404.0,20200.0,2025-07-16 11:28:23.819205
2025-07-16,89735,2025071603001987,MLBL,Dipshikha Dhitopatra Karobar Co. Pvt Ltd.,Aakashbhairab Securities Ltd.,95,404.0,38380.0,2025-07-16 11:28:23.819366
2025-07-16,89674,2025071603002003,MLBL,Dipshikha Dhitopatra Karobar Co. Pvt Ltd.,Aakashbhairab Securities Ltd.,505,404.0,204020.0,2025-07-16 11:28:30.875397
2025-07-16,89673,2025071603002004,MLBL,Dipshikha Dhitopatra Karobar Co. Pvt Ltd.,Asian Securities Private Ltd.,42,404.0,16968.0,2025-07-16 11:28:30.875531
2025-07-16,89289,2025071603002086,MLBL,Sani Securities Company Ltd.,Imperial Securities Company Pvt. Ltd.,20,404.0,8080.0,2025-07-16 11:29:32.287262
2025-07-16,89164,2025071603002132,MLBL,Siprabi Securities Pvt. Ltd.,Sundhara Securities Limited,500,403.1,201550.0,2025-07-16 11:29:53.264777
2025-07-16,89055,2025071603002156,MLBL,Naasa Securities Co. Ltd.,Imperial Securities Company Pvt. Ltd.,80,404.0,32320.0,2025-07-16 11:30:11.043676
2025-07-16,88937,2025071603002179,MLBL,Naasa Securities Co. Ltd.,Imperial Securities Company Pvt. Ltd.,100,404.0,40400.0,2025-07-16 11:30:30.099481
2025-07-16,88844,2025071603002184,MLBL,Naasa Securities Co. Ltd.,Naasa Securities Co. Ltd.,470,404.0,189880.0,2025-07-16 11:30:39.362870
2025-07-16,88744,2025071603002221,MLBL,Trishakti Securities Public Limited,Vision Securities Pvt. Ltd,20,404.8,8096.0,2025-07-16 11:30:53.703860
2025-07-16,88743,2025071603002222,MLBL,Trishakti Securities Public Limited,Kumari Securities Private Limited,150,404.9,60735.0,2025-07-16 11:30:53.704001
2025-07-16,88742,2025071603002223,MLBL,Trishakti Securities Public Limited,Linch Stock Market Ltd.,30,404.9,12147.0,2025-07-16 11:30:53.704073
2025-07-16,88736,2025071603002225,MLBL,Capital Max Securities Ltd,Linch Stock Market Ltd.,70,404.9,28343.0,2025-07-16 11:30:55.160845
2025-07-16,88735,2025071603002226,MLBL,Capital Max Securities Ltd,Vision Securities Pvt. Ltd,10,405.0,4050.0,2025-07-16 11:30:55.160978
2025-07-16,88734,2025071603002227,MLBL,Capital Max Securities Ltd,Dipshikha Dhitopatra Karobar Co. Pvt Ltd.,128,405.0,51840.0,2025-07-16 11:30:55.161085
2025-07-16,88733,2025071603002228,MLBL,Capital Max Securities Ltd,South Asian Bulls Pvt. Ltd.,50,405.0,20250.0,2025-07-16 11:30:55.161134
2025-07-16,88732,2025071603002229,MLBL,Capital Max Securities Ltd,Dakshinkali Investment & Securities Pvt. Ltd.,300,405.0,121500.0,2025-07-16 11:30:55.161189
2025-07-16,88731,2025071603002230,MLBL,Capital Max Securities Ltd,Thrive Brokerage House Pvt. Ltd,107,405.0,43335.0,2025-07-16 11:30:55.161240
2025-07-16,88730,2025071603002231,MLBL,Capital Max Securities Ltd,Aryatara Investment & Securities,100,405.0,40500.0,2025-07-16 11:30:55.161291
2025-07-16,88729,2025071603002232,MLBL,Capital Max Securities Ltd,Aryatara Investment & Securities,235,405.0,95175.0,2025-07-16 11:30:55.161343
2025-07-16,88511,2025071603002273,MLBL,Siprabi Securities Pvt. Ltd.,Sundhara Securities Limited,40,405.0,16200.0,2025-07-16 11:31:25.465540
2025-07-16,88474,2025071603002281,MLBL,Sumeru Securities Pvt. Ltd.,Aryatara Investment & Securities,2000,405.8,811600.0,2025-07-16 11:31:33.491381
2025-07-16,88414,2025071603002296,MLBL,Trishakti Securities Public Limited,Aryatara Investment & Securities,30,405.8,12174.0,2025-07-16 11:31:44.958422
2025-07-16,88404,2025071603002298,MLBL,Sumeru Securities Pvt. Ltd.,Aryatara Investment & Securities,1200,405.8,486960.0,2025-07-16 11:31:45.541941
2025-07-16,88115,2025071603002361,MLBL,Sweta Securities Private Limited,Aryatara Investment & Securities,1000,405.8,405800.0,2025-07-16 11:32:23.729636
2025-07-16,87768,2025071603002436,MLBL,Imperial Securities Company Pvt. Ltd.,Shree Krishna Securities Ltd.,79,405.1,32002.9,2025-07-16 11:33:14.795702
2025-07-16,87767,2025071603002437,MLBL,Siprabi Securities Pvt. Ltd.,Shree Krishna Securities Ltd.,221,405.0,89505.0,2025-07-16 11:33:14.795808
2025-07-16,87766,2025071603002438,MLBL,Thrive Brokerage House Pvt. Ltd,Aryatara Investment & Securities,500,405.8,202900.0,2025-07-16 11:33:15.069411
2025-07-16,87550,2025071603002513,MLBL,Siprabi Securities Pvt. Ltd.,Shree Krishna Securities Ltd.,139,405.0,56295.0,2025-07-16 11:33:43.926801
2025-07-16,87549,2025071603002514,MLBL,Online Securities Pvt. Ltd.,Shree Krishna Securities Ltd.,158,405.0,63990.0,2025-07-16 11:33:43.926843
2025-07-16,87228,2025071603002608,MLBL,Online Securities Pvt. Ltd.,SUN SECURITIES PVT LTD,1000,405.0,405000.0,2025-07-16 11:34:35.273052
2025-07-16,87194,2025071603002616,MLBL,Vision Securities Pvt. Ltd,Aryatara Investment & Securities,35,405.8,14203.0,2025-07-16 11:34:44.584481
2025-07-16,87193,2025071603002617,MLBL,Vision Securities Pvt. Ltd,Dynamic Money Managers Securities Pvt. Ltd.,73,405.9,29630.7,2025-07-16 11:34:44.584564
2025-07-16,87176,2025071603002622,MLBL,Online Securities Pvt. Ltd.,Dynamic Money Managers Securities Pvt. Ltd.,842,405.0,341010.0,2025-07-16 11:34:47.859606
2025-07-16,87175,2025071603002623,MLBL,Asian Securities Private Ltd.,Dynamic Money Managers Securities Pvt. Ltd.,50,405.0,20250.0,2025-07-16 11:34:47.859762
2025-07-16,87174,2025071603002624,MLBL,Trisul Securities & Invt. Ltd.,Dynamic Money Managers Securities Pvt. Ltd.,550,405.0,222750.0,2025-07-16 11:34:47.859832
2025-07-16,87099,2025071603002646,MLBL,BHOLE GANESH SECURITIES LTD,Dynamic Money Managers Securities Pvt. Ltd.,3500,405.0,1417500.0,2025-07-16 11:34:58.109561
2025-07-16,86999,2025071603002682,MLBL,Ashutosh Brokerage & Securities (PVT) Ltd.,Dynamic Money Managers Securities Pvt. Ltd.,120,404.9,48588.0,2025-07-16 11:35:13.424264
2025-07-16,86577,2025071603002791,MLBL,Neev Securities Pvt. Ltd.,Dynamic Money Managers Securities Pvt. Ltd.,58,405.0,23490.0,2025-07-16 11:36:27.160617
2025-07-16,86576,2025071603002792,MLBL,Neev Securities Pvt. Ltd.,Oxford Securities Pvt. Ltd.,42,405.0,17010.0,2025-07-16 11:36:27.160772
2025-07-16,86450,2025071603002815,MLBL,Sumeru Securities Pvt. Ltd.,Investment Management Nepal Pvt. Ltd.,500,405.0,202500.0,2025-07-16 11:36:43.619069
2025-07-16,86200,2025071603002888,MLBL,Cristal Kanchanjanga Securites Pvt. Ltd.,Dynamic Money Managers Securities Pvt. Ltd.,500,405.0,202500.0,2025-07-16 11:37:22.197597
2025-07-16,86049,2025071603002927,MLBL,Online Securities Pvt. Ltd.,Sewa Securities Pvt. Ltd.,120,404.9,48588.0,2025-07-16 11:37:51.347911
2025-07-16,86048,2025071603002928,MLBL,Online Securities Pvt. Ltd.,Dynamic Money Managers Securities Pvt. Ltd.,1880,405.0,761400.0,2025-07-16 11:37:51.348078
2025-07-16,85903,2025071603002978,MLBL,Capital Hub P. Ltd,Dynamic Money Managers Securities Pvt. Ltd.,400,405.0,162000.0,2025-07-16 11:38:11.656607
2025-07-16,85637,2025071603003016,MLBL,Thrive Brokerage House Pvt. Ltd,Imperial Securities Company Pvt. Ltd.,100,404.9,40490.0,2025-07-16 11:38:31.348407
2025-07-16,85519,2025071603003078,MLBL,Dipshikha Dhitopatra Karobar Co. Pvt Ltd.,Sundhara Securities Limited,200,404.8,80960.0,2025-07-16 11:38:43.813302
2025-07-16,85467,2025071603003095,MLBL,Midas Stock Broking Company Private Limited,Sundhara Securities Limited,870,404.8,352176.0,2025-07-16 11:38:54.209463
2025-07-16,85382,2025071603003117,MLBL,Sumeru Securities Pvt. Ltd.,Sundhara Securities Limited,20,404.8,8096.0,2025-07-16 11:39:06.662728
2025-07-16,85381,2025071603003118,MLBL,Sumeru Securities Pvt. Ltd.,Imperial Securities Company Pvt. Ltd.,80,404.9,32392.0,2025-07-16 11:39:06.662863
2025-07-16,85362,2025071603003126,MLBL,Aryatara Investment & Securities,Imperial Securities Company Pvt. Ltd.,130,404.9,52637.0,2025-07-16 11:39:09.854864
2025-07-16,85361,2025071603003127,MLBL,Aryatara Investment & Securities,Dynamic Money Managers Securities Pvt. Ltd.,370,405.0,149850.0,2025-07-16 11:39:09.855033
2025-07-16,85312,2025071603003135,MLBL,Sani Securities Company Ltd.,Dynamic Money Managers Securities Pvt. Ltd.,1200,405.0,486000.0,2025-07-16 11:39:15.638535
2025-07-16,85234,2025071603003148,MLBL,Capital Hub P. Ltd,Dynamic Money Managers Securities Pvt. Ltd.,210,405.0,85050.0,2025-07-16 11:39:27.048915
2025-07-16,85233,2025071603003149,MLBL,Capital Hub P. Ltd,Investment Management Nepal Pvt. Ltd.,90,405.0,36450.0,2025-07-16 11:39:27.049221
2025-07-16,85219,2025071603003151,MLBL,KALASH STOCK MARKET PVT. LTD.,Investment Management Nepal Pvt. Ltd.,410,405.0,166050.0,2025-07-16 11:39:29.647878
2025-07-16,85218,2025071603003152,MLBL,KALASH STOCK MARKET PVT. LTD.,Thrive Brokerage House Pvt. Ltd,590,405.0,238950.0,2025-07-16 11:39:29.648219
2025-07-16,85159,2025071603003159,MLBL,Primo Securities (PVT) Ltd.,Thrive Brokerage House Pvt. Ltd,410,405.0,166050.0,2025-07-16 11:39:35.817216
2025-07-16,85158,2025071603003160,MLBL,Primo Securities (PVT) Ltd.,Deevyaa Securities & Stock House Pvt. Ltd,90,405.0,36450.0,2025-07-16 11:39:35.817476
2025-07-16,85094,2025071603003163,MLBL,Dipshikha Dhitopatra Karobar Co. Pvt Ltd.,Deevyaa Securities & Stock House Pvt. Ltd,92,405.0,37260.0,2025-07-16 11:39:39.414955
2025-07-16,85093,2025071603003164,MLBL,Dipshikha Dhitopatra Karobar Co. Pvt Ltd.,Online Securities Pvt. Ltd.,31,405.0,12555.0,2025-07-16 11:39:39.415095
2025-07-16,84629,2025071603003248,MLBL,Dipshikha Dhitopatra Karobar Co. Pvt Ltd.,SUN SECURITIES PVT LTD,77,405.0,31185.0,2025-07-16 11:40:39.375202
2025-07-16,84628,2025071603003249,MLBL,Sani Securities Company Ltd.,SUN SECURITIES PVT LTD,160,405.0,64800.0,2025-07-16 11:40:39.375374
2025-07-16,84489,2025071603003282,MLBL,Naasa Securities Co. Ltd.,SUN SECURITIES PVT LTD,79,405.0,31995.0,2025-07-16 11:41:01.746557
2025-07-16,84321,2025071603003317,MLBL,Vision Securities Pvt. Ltd,SUN SECURITIES PVT LTD,184,405.0,74520.0,2025-07-16 11:41:24.051218
2025-07-16,84320,2025071603003318,MLBL,Vision Securities Pvt. Ltd,SHUBHAKAMANA SECURITIES PVT. LTD,188,405.0,76140.0,2025-07-16 11:41:24.051381
2025-07-16,83886,2025071603003402,MLBL,Blue Chip Securities Ltd,SHUBHAKAMANA SECURITIES PVT. LTD,812,405.0,328860.0,2025-07-16 11:42:07.802145
2025-07-16,83885,2025071603003403,MLBL,Blue Chip Securities Ltd,Sani Securities Company Ltd.,188,405.5,76234.0,2025-07-16 11:42:07.802235
2025-07-16,83842,2025071603003414,MLBL,KALASH STOCK MARKET PVT. LTD.,Agrawal Securities (PVT) Ltd.,100,405.0,40500.0,2025-07-16 11:42:13.083888
2025-07-16,83712,2025071603003448,MLBL,Linch Stock Market Ltd.,Sani Securities Company Ltd.,312,405.5,126516.0,2025-07-16 11:42:28.941388
2025-07-16,83711,2025071603003449,MLBL,Linch Stock Market Ltd.,Imperial Securities Company Pvt. Ltd.,200,405.8,81160.0,2025-07-16 11:42:28.941540
2025-07-16,83710,2025071603003450,MLBL,Linch Stock Market Ltd.,Dynamic Money Managers Securities Pvt. Ltd.,227,405.9,92139.3,2025-07-16 11:42:28.941603
2025-07-16,83494,2025071603003499,MLBL,Linch Stock Market Ltd.,Dynamic Money Managers Securities Pvt. Ltd.,261,406.8,106174.8,2025-07-16 11:42:55.161971
2025-07-16,82927,2025071603003614,MLBL,Midas Stock Broking Company Private Limited,Sani Securities Company Ltd.,350,406.0,142100.0,2025-07-16 11:44:07.825332
2025-07-16,82770,2025071603003649,MLBL,Vision Securities Pvt. Ltd,Aryatara Investment & Securities,100,407.0,40700.0,2025-07-16 11:44:27.240988
2025-07-16,82769,2025071603003650,MLBL,Vision Securities Pvt. Ltd,Malla & Malla Stock Broking Company Pvt. Limited,445,407.0,181115.0,2025-07-16 11:44:27.241173
2025-07-16,82768,2025071603003651,MLBL,Vision Securities Pvt. Ltd,Vision Securities Pvt. Ltd,20,407.9,8158.0,2025-07-16 11:44:27.241241
2025-07-16,82767,2025071603003652,MLBL,Vision Securities Pvt. Ltd,Nagarik Stock Dealer ,200,407.9,81580.0,2025-07-16 11:44:27.241304
2025-07-16,82766,2025071603003653,MLBL,Vision Securities Pvt. Ltd,Trishakti Securities Public Limited,100,408.0,40800.0,2025-07-16 11:44:27.241363
2025-07-16,82765,2025071603003654,MLBL,Vision Securities Pvt. Ltd,Vision Securities Pvt. Ltd,135,408.0,55080.0,2025-07-16 11:44:27.241426
2025-07-16,82677,2025071603003667,MLBL,Vision Securities Pvt. Ltd,Siprabi Securities Pvt. Ltd.,500,407.9,203950.0,2025-07-16 11:44:37.338453
2025-07-16,82676,2025071603003668,MLBL,Vision Securities Pvt. Ltd,Vision Securities Pvt. Ltd,365,408.0,148920.0,2025-07-16 11:44:37.338601
2025-07-16,82675,2025071603003669,MLBL,Vision Securities Pvt. Ltd,Sani Securities Company Ltd.,20,408.0,8160.0,2025-07-16 11:44:37.338669
2025-07-16,82674,2025071603003670,MLBL,Vision Securities Pvt. Ltd,Siprabi Securities Pvt. Ltd.,50,408.0,20400.0,2025-07-16 11:44:37.338729
2025-07-16,82673,2025071603003671,MLBL,Vision Securities Pvt. Ltd,Sundhara Securities Limited,65,408.0,26520.0,2025-07-16 11:44:37.338790
2025-07-16,82499,2025071603003702,MLBL,Vision Securities Pvt. Ltd,Sundhara Securities Limited,135,408.0,55080.0,2025-07-16 11:44:55.544157
2025-07-16,82498,2025071603003703,MLBL,Vision Securities Pvt. Ltd,Vision Securities Pvt. Ltd,165,408.0,67320.0,2025-07-16 11:44:55.544440
2025-07-16,82080,2025071603003798,MLBL,Trishakti Securities Public Limited,Trishakti Securities Public Limited,500,407.9,203950.0,2025-07-16 11:45:45.828801
2025-07-16,82069,2025071603003799,MLBL,Vision Securities Pvt. Ltd,Vision Securities Pvt. Ltd,835,408.0,340680.0,2025-07-16 11:45:47.033643
2025-07-16,82068,2025071603003800,MLBL,Vision Securities Pvt. Ltd,Bhrikuti Stock Broking Co. Pvt. Ltd.,100,408.0,40800.0,2025-07-16 11:45:47.033945
2025-07-16,81816,2025071603003853,MLBL,Sundhara Securities Limited,Midas Stock Broking Company Private Limited,1000,409.0,409000.0,2025-07-16 11:46:17.000203
2025-07-16,81815,2025071603003854,MLBL,Sundhara Securities Limited,J.F. Securites (PVT) Ltd.,100,409.0,40900.0,2025-07-16 11:46:17.000508
2025-07-16,81814,2025071603003855,MLBL,Sundhara Securities Limited,Sundhara Securities Limited,500,409.0,204500.0,2025-07-16 11:46:17.000690
2025-07-16,81813,2025071603003856,MLBL,Sundhara Securities Limited,Midas Stock Broking Company Private Limited,50,409.0,20450.0,2025-07-16 11:46:17.000873
2025-07-16,81812,2025071603003857,MLBL,Sundhara Securities Limited,Sumeru Securities Pvt. Ltd.,100,409.0,40900.0,2025-07-16 11:46:17.001051
2025-07-16,81811,2025071603003858,MLBL,Sundhara Securities Limited,Aryatara Investment & Securities,47,409.0,19223.0,2025-07-16 11:46:17.001233
2025-07-16,81702,2025071603003890,MLBL,Sundhara Securities Limited,Investment Management Nepal Pvt. Ltd.,203,409.0,83027.0,2025-07-16 11:46:25.126655
2025-07-16,81686,2025071603003901,MLBL,Vision Securities Pvt. Ltd,Investment Management Nepal Pvt. Ltd.,65,409.0,26585.0,2025-07-16 11:46:26.457769
2025-07-16,81542,2025071603003952,MLBL,Opal Securities Investment (PVT) Ltd.,Investment Management Nepal Pvt. Ltd.,100,409.0,40900.0,2025-07-16 11:46:44.370640
2025-07-16,81421,2025071603003983,MLBL,Capital Max Securities Ltd,Investment Management Nepal Pvt. Ltd.,500,409.0,204500.0,2025-07-16 11:47:01.447594
2025-07-16,81399,2025071603003995,MLBL,Trishakti Securities Public Limited,Siprabi Securities Pvt. Ltd.,18,408.0,7344.0,2025-07-16 11:47:05.615312
2025-07-16,81182,2025071603004053,MLBL,Online Securities Pvt. Ltd.,Dynamic Money Managers Securities Pvt. Ltd.,10,408.0,4080.0,2025-07-16 11:47:31.533726
2025-07-16,81181,2025071603004054,MLBL,Trishakti Securities Public Limited,Dynamic Money Managers Securities Pvt. Ltd.,1000,408.0,408000.0,2025-07-16 11:47:31.533998
2025-07-16,80839,2025071603004164,MLBL,SHUBHAKAMANA SECURITIES PVT. LTD,Vision Securities Pvt. Ltd,500,407.9,203950.0,2025-07-16 11:48:26.536618
2025-07-16,80690,2025071603004220,MLBL,Sri Hari Securities Pvt. Ltd.,Vision Securities Pvt. Ltd,300,407.9,122370.0,2025-07-16 11:48:49.795144
2025-07-16,80647,2025071603004223,MLBL,Vision Securities Pvt. Ltd,Vision Securities Pvt. Ltd,50,407.9,20395.0,2025-07-16 11:48:53.936274
2025-07-16,80583,2025071603004236,MLBL,Neev Securities Pvt. Ltd.,Sumeru Securities Pvt. Ltd.,100,407.0,40700.0,2025-07-16 11:49:04.452249
2025-07-16,80582,2025071603004237,MLBL,KALASH STOCK MARKET PVT. LTD.,Sumeru Securities Pvt. Ltd.,400,406.1,162440.0,2025-07-16 11:49:04.452426
2025-07-16,80538,2025071603004245,MLBL,Cristal Kanchanjanga Securites Pvt. Ltd.,Sumeru Securities Pvt. Ltd.,500,406.0,203000.0,2025-07-16 11:49:12.222635
2025-07-16,80537,2025071603004246,MLBL,Cristal Kanchanjanga Securites Pvt. Ltd.,Vision Securities Pvt. Ltd,150,407.9,61185.0,2025-07-16 11:49:12.222928
2025-07-16,80536,2025071603004247,MLBL,Cristal Kanchanjanga Securites Pvt. Ltd.,Dynamic Money Managers Securities Pvt. Ltd.,350,408.0,142800.0,2025-07-16 11:49:12.223131
2025-07-16,80367,2025071603004286,MLBL,Trishakti Securities Public Limited,Sewa Securities Pvt. Ltd.,10,407.7,4077.0,2025-07-16 11:49:41.706209
2025-07-16,79394,2025071603004495,MLBL,Sri Hari Securities Pvt. Ltd.,Sewa Securities Pvt. Ltd.,10,407.7,4077.0,2025-07-16 11:51:57.330213
2025-07-16,79170,2025071603004544,MLBL,Secured Securities Ltd.,Ashutosh Brokerage & Securities (PVT) Ltd.,11,407.0,4477.0,2025-07-16 11:52:30.328655
2025-07-16,79169,2025071603004545,MLBL,Secured Securities Ltd.,Sewa Securities Pvt. Ltd.,80,407.7,32616.0,2025-07-16 11:52:30.328837
2025-07-16,79168,2025071603004546,MLBL,Secured Securities Ltd.,Vision Securities Pvt. Ltd,25,407.7,10192.5,2025-07-16 11:52:30.328914
2025-07-16,79167,2025071603004547,MLBL,Secured Securities Ltd.,ABC Securities Private Limited,50,407.7,20385.0,2025-07-16 11:52:30.328982
2025-07-16,79166,2025071603004548,MLBL,Secured Securities Ltd.,Siprabi Securities Pvt. Ltd.,50,407.8,20390.0,2025-07-16 11:52:30.329060
2025-07-16,79165,2025071603004549,MLBL,Secured Securities Ltd.,Sunrise Securities Limited,1000,407.9,407900.0,2025-07-16 11:52:30.329130
2025-07-16,79164,2025071603004550,MLBL,Secured Securities Ltd.,Dynamic Money Managers Securities Pvt. Ltd.,3640,408.0,1485120.0,2025-07-16 11:52:30.329202
2025-07-16,79163,2025071603004551,MLBL,Secured Securities Ltd.,Sundhara Securities Limited,144,408.0,58752.0,2025-07-16 11:52:30.329272
2025-07-16,79030,2025071603004593,MLBL,Dipshikha Dhitopatra Karobar Co. Pvt Ltd.,Vision Securities Pvt. Ltd,500,407.6,203800.0,2025-07-16 11:52:55.926939
2025-07-16,78210,2025071603004792,MLBL,Sri Hari Securities Pvt. Ltd.,SHUBHAKAMANA SECURITIES PVT. LTD,110,407.0,44770.0,2025-07-16 11:55:08.281710
2025-07-16,78094,2025071603004813,MLBL,Sri Hari Securities Pvt. Ltd.,SHUBHAKAMANA SECURITIES PVT. LTD,10,407.0,4070.0,2025-07-16 11:55:26.570576
2025-07-16,77988,2025071603004832,MLBL,Sundhara Securities Limited,Blue Chip Securities Ltd,47,405.4,19053.8,2025-07-16 11:55:42.912502
2025-07-16,77987,2025071603004833,MLBL,Cristal Kanchanjanga Securites Pvt. Ltd.,Blue Chip Securities Ltd,500,405.3,202650.0,2025-07-16 11:55:42.912591
2025-07-16,77986,2025071603004834,MLBL,Capital Hub P. Ltd,Blue Chip Securities Ltd,200,405.2,81040.0,2025-07-16 11:55:42.912659
2025-07-16,77985,2025071603004835,MLBL,Sundhara Securities Limited,Blue Chip Securities Ltd,500,405.1,202550.0,2025-07-16 11:55:42.912723
2025-07-16,77984,2025071603004836,MLBL,Kohinoor Investment & Securities Pvt. Ltd.,Blue Chip Securities Ltd,50,405.1,20255.0,2025-07-16 11:55:42.912853
2025-07-16,77983,2025071603004837,MLBL,Cristal Kanchanjanga Securites Pvt. Ltd.,Blue Chip Securities Ltd,100,405.0,40500.0,2025-07-16 11:55:42.912919
2025-07-16,77982,2025071603004838,MLBL,Naasa Securities Co. Ltd.,Blue Chip Securities Ltd,123,405.0,49815.0,2025-07-16 11:55:42.912977
2025-07-16,77981,2025071603004839,MLBL,Dipshikha Dhitopatra Karobar Co. Pvt Ltd.,Blue Chip Securities Ltd,50,405.0,20250.0,2025-07-16 11:55:42.913057
2025-07-16,77980,2025071603004840,MLBL,Naasa Securities Co. Ltd.,Blue Chip Securities Ltd,430,405.0,174150.0,2025-07-16 11:55:42.913108
2025-07-16,77897,2025071603004855,MLBL,Naasa Securities Co. Ltd.,Blue Chip Securities Ltd,1500,405.0,607500.0,2025-07-16 11:55:57.960605
2025-07-16,77787,2025071603004877,MLBL,Blue Chip Securities Ltd,Creative Securities Pvt Ltd,10,406.9,4069.0,2025-07-16 11:56:09.990558
2025-07-16,77682,2025071603004897,MLBL,Naasa Securities Co. Ltd.,Aryatara Investment & Securities,70,405.0,28350.0,2025-07-16 11:56:34.008852
2025-07-16,77504,2025071603004941,MLBL,Naasa Securities Co. Ltd.,Aryatara Investment & Securities,130,405.0,52650.0,2025-07-16 11:57:00.607625
2025-07-16,77334,2025071603004964,MLBL,Capital Hub P. Ltd,Dipshikha Dhitopatra Karobar Co. Pvt Ltd.,10,404.5,4045.0,2025-07-16 11:57:35.466864
2025-07-16,77126,2025071603005017,MLBL,Naasa Securities Co. Ltd.,Aryatara Investment & Securities,10,405.0,4050.0,2025-07-16 11:58:07.529190
2025-07-16,76905,2025071603005066,MLBL,Naasa Securities Co. Ltd.,Aryatara Investment & Securities,107,405.0,43335.0,2025-07-16 11:58:37.466337
2025-07-16,76705,2025071603005102,MLBL,Naasa Securities Co. Ltd.,Blue Chip Securities Ltd,54,405.0,21870.0,2025-07-16 11:59:07.420482
2025-07-16,76618,2025071603005118,MLBL,ABC Securities Private Limited,Shree Krishna Securities Ltd.,10,406.4,4064.0,2025-07-16 11:59:21.962614
2025-07-16,76617,2025071603005119,MLBL,ABC Securities Private Limited,Cristal Kanchanjanga Securites Pvt. Ltd.,100,406.5,40650.0,2025-07-16 11:59:21.962846
2025-07-16,76616,2025071603005120,MLBL,ABC Securities Private Limited,Siprabi Securities Pvt. Ltd.,50,406.5,20325.0,2025-07-16 11:59:21.962917
2025-07-16,76615,2025071603005121,MLBL,ABC Securities Private Limited,Creative Securities Pvt Ltd,190,406.9,77311.0,2025-07-16 11:59:21.962990
2025-07-16,76614,2025071603005122,MLBL,ABC Securities Private Limited,SHUBHAKAMANA SECURITIES PVT. LTD,150,407.0,61050.0,2025-07-16 11:59:21.963073
2025-07-16,76480,2025071603005182,MLBL,Naasa Securities Co. Ltd.,Naasa Securities Co. Ltd.,29,405.0,11745.0,2025-07-16 11:59:39.185755
2025-07-16,76479,2025071603005183,MLBL,Trishakti Securities Public Limited,Naasa Securities Co. Ltd.,126,405.0,51030.0,2025-07-16 11:59:39.186087
2025-07-16,75860,2025071603005352,MLBL,Trishakti Securities Public Limited,Kohinoor Investment & Securities Pvt. Ltd.,290,405.0,117450.0,2025-07-16 12:01:16.207883
2025-07-16,75797,2025071603005366,MLBL,Trishakti Securities Public Limited,Sundhara Securities Limited,84,405.0,34020.0,2025-07-16 12:01:24.455910
2025-07-16,75609,2025071603005392,MLBL,SUN SECURITIES PVT LTD,Sundhara Securities Limited,100,405.0,40500.0,2025-07-16 12:01:53.426321
2025-07-16,75581,2025071603005400,MLBL,Capital Hub P. Ltd,INDEX SECURITIES LIMITED,190,404.5,76855.0,2025-07-16 12:01:58.062477
2025-07-16,75580,2025071603005401,MLBL,Midas Stock Broking Company Private Limited,INDEX SECURITIES LIMITED,310,404.1,125271.0,2025-07-16 12:01:58.062583
2025-07-16,75459,2025071603005424,MLBL,Midas Stock Broking Company Private Limited,Oxford Securities Pvt. Ltd.,692,404.1,279637.2,2025-07-16 12:02:19.942244
2025-07-16,75458,2025071603005425,MLBL,Naasa Securities Co. Ltd.,Oxford Securities Pvt. Ltd.,308,404.0,124432.0,2025-07-16 12:02:19.942464
2025-07-16,75235,2025071603005471,MLBL,Sani Securities Company Ltd.,Sundhara Securities Limited,16,405.0,6480.0,2025-07-16 12:02:52.823423
2025-07-16,75234,2025071603005472,MLBL,Sani Securities Company Ltd.,Cristal Kanchanjanga Securites Pvt. Ltd.,10,405.0,4050.0,2025-07-16 12:02:52.823791
2025-07-16,75233,2025071603005473,MLBL,Sani Securities Company Ltd.,SHUBHAKAMANA SECURITIES PVT. LTD,224,406.0,90944.0,2025-07-16 12:02:52.824013
2025-07-16,74983,2025071603005514,MLBL,Capital Max Securities Ltd,Dipshikha Dhitopatra Karobar Co. Pvt Ltd.,90,405.5,36495.0,2025-07-16 12:03:25.286103
2025-07-16,74764,2025071603005571,MLBL,Ashutosh Brokerage & Securities (PVT) Ltd.,Vision Securities Pvt. Ltd,47,403.2,18950.4,2025-07-16 12:03:57.431145
2025-07-16,74668,2025071603005577,MLBL,Capital Max Securities Ltd,Dipshikha Dhitopatra Karobar Co. Pvt Ltd.,12,405.5,4866.0,2025-07-16 12:04:11.527505
2025-07-16,74459,2025071603005609,MLBL,Ashutosh Brokerage & Securities (PVT) Ltd.,Linch Stock Market Ltd.,15,403.2,6048.0,2025-07-16 12:04:44.374858
2025-07-16,73471,2025071603005790,MLBL,Naasa Securities Co. Ltd.,Dipshikha Dhitopatra Karobar Co. Pvt Ltd.,168,405.5,68124.0,2025-07-16 12:07:14.458133
2025-07-16,73470,2025071603005791,MLBL,Naasa Securities Co. Ltd.,SHUBHAKAMANA SECURITIES PVT. LTD,5832,406.0,2367792.0,2025-07-16 12:07:14.458402
2025-07-16,73205,2025071603005836,MLBL,Sweta Securities Private Limited,SHUBHAKAMANA SECURITIES PVT. LTD,174,404.2,70330.8,2025-07-16 12:07:56.555995
2025-07-16,72963,2025071603005896,MLBL,Trishakti Securities Public Limited,Linch Stock Market Ltd.,10,406.0,4060.0,2025-07-16 12:08:44.595312
2025-07-16,72826,2025071603005911,MLBL,Sweta Securities Private Limited,Malla & Malla Stock Broking Company Pvt. Limited,17,404.2,6871.4,2025-07-16 12:09:04.453287
2025-07-16,72641,2025071603005965,MLBL,Neev Securities Pvt. Ltd.,Vision Securities Pvt. Ltd,20,405.9,8118.0,2025-07-16 12:09:33.498758
2025-07-16,72640,2025071603005966,MLBL,Neev Securities Pvt. Ltd.,Linch Stock Market Ltd.,980,406.0,397880.0,2025-07-16 12:09:33.498994
2025-07-16,72593,2025071603005979,MLBL,Trishakti Securities Public Limited,Linch Stock Market Ltd.,10,406.0,4060.0,2025-07-16 12:09:46.168713
2025-07-16,72592,2025071603005980,MLBL,Trishakti Securities Public Limited,ABC Securities Private Limited,10,406.5,4065.0,2025-07-16 12:09:46.168845
2025-07-16,72249,2025071603006049,MLBL,Nepal Stock House (PVT) Ltd.,Sri Hari Securities Pvt. Ltd.,200,405.0,81000.0,2025-07-16 12:10:47.830509
2025-07-16,71921,2025071603006107,MLBL,Imperial Securities Company Pvt. Ltd.,Trisul Securities & Invt. Ltd.,400,405.0,162000.0,2025-07-16 12:11:37.471057
2025-07-16,71919,2025071603006108,MLBL,Sharepro Securities Private Limited,Naasa Securities Co. Ltd.,1000,406.0,406000.0,2025-07-16 12:11:38.915897
2025-07-16,71918,2025071603006109,MLBL,Sharepro Securities Private Limited,Investment Management Nepal Pvt. Ltd.,465,406.0,188790.0,2025-07-16 12:11:38.916302
2025-07-16,71824,2025071603006128,MLBL,Sharepro Securities Private Limited,Online Securities Pvt. Ltd.,35,406.0,14210.0,2025-07-16 12:11:55.558514
2025-07-16,71537,2025071603006168,MLBL,Dipshikha Dhitopatra Karobar Co. Pvt Ltd.,Imperial Securities Company Pvt. Ltd.,8,398.0,3184.0,2025-07-16 12:12:59.610594
2025-07-16,71348,2025071603006188,MLBL,Naasa Securities Co. Ltd.,Online Securities Pvt. Ltd.,165,405.5,66907.5,2025-07-16 12:13:37.996154
2025-07-16,71347,2025071603006189,MLBL,Naasa Securities Co. Ltd.,ABC Securities Private Limited,273,406.5,110974.5,2025-07-16 12:13:37.996563
2025-07-16,69919,2025071603006429,MLBL,Nepal Stock House (PVT) Ltd.,South Asian Bulls Pvt. Ltd.,40,406.4,16256.0,2025-07-16 12:18:22.283584
2025-07-16,69726,2025071603006489,MLBL,Nepal Stock House (PVT) Ltd.,Linch Stock Market Ltd.,12,406.4,4876.8,2025-07-16 12:18:54.945758
2025-07-16,69698,2025071603006497,MLBL,Nepal Stock House (PVT) Ltd.,Naasa Securities Co. Ltd.,30,406.4,12192.0,2025-07-16 12:19:00.728760
2025-07-16,69684,2025071603006499,MLBL,Nepal Stock House (PVT) Ltd.,Vision Securities Pvt. Ltd,118,406.4,47955.2,2025-07-16 12:19:07.327202
2025-07-16,69364,2025071603006565,MLBL,Sweta Securities Private Limited,Vision Securities Pvt. Ltd,20,406.4,8128.0,2025-07-16 12:20:11.490212
2025-07-16,68473,2025071603006783,MLBL,Secured Securities Ltd.,Creative Securities Pvt Ltd,52,406.0,21112.0,2025-07-16 12:23:18.815755
2025-07-16,68383,2025071603006794,MLBL,Secured Securities Ltd.,Aryatara Investment & Securities,23,406.0,9338.0,2025-07-16 12:23:33.763144
2025-07-16,68154,2025071603006830,MLBL,Capital Hub P. Ltd,Bhrikuti Stock Broking Co. Pvt. Ltd.,18,406.3,7313.4,2025-07-16 12:24:17.635162
2025-07-16,68153,2025071603006831,MLBL,Capital Hub P. Ltd,Vision Securities Pvt. Ltd,262,406.4,106476.8,2025-07-16 12:24:17.635380
2025-07-16,68152,2025071603006832,MLBL,Capital Hub P. Ltd,Siprabi Securities Pvt. Ltd.,603,406.4,245059.2,2025-07-16 12:24:17.635465
2025-07-16,68151,2025071603006833,MLBL,Capital Hub P. Ltd,ABC Securities Private Limited,217,406.5,88210.5,2025-07-16 12:24:17.635556
2025-07-16,68150,2025071603006834,MLBL,Capital Hub P. Ltd,Vision Securities Pvt. Ltd,1570,407.0,638990.0,2025-07-16 12:24:17.635642
2025-07-16,68149,2025071603006835,MLBL,Capital Hub P. Ltd,Online Securities Pvt. Ltd.,15,407.0,6105.0,2025-07-16 12:24:17.635731
2025-07-16,68148,2025071603006836,MLBL,Capital Hub P. Ltd,Capital Max Securities Ltd,200,407.0,81400.0,2025-07-16 12:24:17.635820
2025-07-16,68147,2025071603006837,MLBL,Capital Hub P. Ltd,Agrawal Securities (PVT) Ltd.,400,407.0,162800.0,2025-07-16 12:24:17.635906
2025-07-16,67956,2025071603006880,MLBL,Capital Hub P. Ltd,Creative Securities Pvt Ltd,82,406.1,33300.2,2025-07-16 12:24:49.327851
2025-07-16,67836,2025071603006920,MLBL,Trishakti Securities Public Limited,Vision Securities Pvt. Ltd,20,407.9,8158.0,2025-07-16 12:25:18.649309
2025-07-16,67835,2025071603006921,MLBL,Trishakti Securities Public Limited,Primo Securities (PVT) Ltd.,980,408.0,399840.0,2025-07-16 12:25:18.649545
2025-07-16,67638,2025071603006965,MLBL,Sani Securities Company Ltd.,Primo Securities (PVT) Ltd.,20,408.0,8160.0,2025-07-16 12:25:57.157857
2025-07-16,67637,2025071603006966,MLBL,Sani Securities Company Ltd.,Kohinoor Investment & Securities Pvt. Ltd.,80,408.0,32640.0,2025-07-16 12:25:57.158078
2025-07-16,66816,2025071603007205,MLBL,Dipshikha Dhitopatra Karobar Co. Pvt Ltd.,Siprabi Securities Pvt. Ltd.,200,408.0,81600.0,2025-07-16 12:28:43.004088
2025-07-16,66777,2025071603007206,MLBL,Ashutosh Brokerage & Securities (PVT) Ltd.,Dakshinkali Investment & Securities Pvt. Ltd.,35,408.0,14280.0,2025-07-16 12:28:48.923855
2025-07-16,66759,2025071603007217,MLBL,Midas Stock Broking Company Private Limited,Dakshinkali Investment & Securities Pvt. Ltd.,65,408.0,26520.0,2025-07-16 12:28:51.417207
2025-07-16,66758,2025071603007218,MLBL,Midas Stock Broking Company Private Limited,Sharepro Securities Private Limited,150,408.0,61200.0,2025-07-16 12:28:51.417649
2025-07-16,66730,2025071603007221,MLBL,Midas Stock Broking Company Private Limited,Dakshinkali Investment & Securities Pvt. Ltd.,85,408.0,34680.0,2025-07-16 12:28:57.662796
2025-07-16,66729,2025071603007222,MLBL,Blue Chip Securities Ltd,Dakshinkali Investment & Securities Pvt. Ltd.,100,407.0,40700.0,2025-07-16 12:28:57.663044
2025-07-16,66728,2025071603007223,MLBL,Capital Max Securities Ltd,Dakshinkali Investment & Securities Pvt. Ltd.,15,407.0,6105.0,2025-07-16 12:28:57.663135
2025-07-16,65963,2025071603007358,MLBL,Trishakti Securities Public Limited,Vision Securities Pvt. Ltd,10,408.0,4080.0,2025-07-16 12:31:24.005840
2025-07-16,65962,2025071603007359,MLBL,Naasa Securities Co. Ltd.,Shree Krishna Securities Ltd.,13,407.3,5294.9,2025-07-16 12:31:24.177049
2025-07-16,65874,2025071603007382,MLBL,Aryatara Investment & Securities,Dakshinkali Investment & Securities Pvt. Ltd.,30,407.5,12225.0,2025-07-16 12:31:41.709987
2025-07-16,65870,2025071603007383,MLBL,Capital Max Securities Ltd,Vision Securities Pvt. Ltd,700,408.0,285600.0,2025-07-16 12:31:42.947677
2025-07-16,65353,2025071603007437,MLBL,Deevyaa Securities & Stock House Pvt. Ltd,Malla & Malla Stock Broking Company Pvt. Limited,50,408.3,20415.0,2025-07-16 12:33:04.882769
2025-07-16,65352,2025071603007438,MLBL,Deevyaa Securities & Stock House Pvt. Ltd,Sumeru Securities Pvt. Ltd.,32,408.5,13072.0,2025-07-16 12:33:04.883045
2025-07-16,65351,2025071603007439,MLBL,Deevyaa Securities & Stock House Pvt. Ltd,Premier Securities Company Ltd.,50,408.6,20430.0,2025-07-16 12:33:04.883149
2025-07-16,65350,2025071603007440,MLBL,Deevyaa Securities & Stock House Pvt. Ltd,Cristal Kanchanjanga Securites Pvt. Ltd.,1000,408.7,408700.0,2025-07-16 12:33:04.883240
2025-07-16,65349,2025071603007441,MLBL,Deevyaa Securities & Stock House Pvt. Ltd,Cristal Kanchanjanga Securites Pvt. Ltd.,200,408.7,81740.0,2025-07-16 12:33:04.883327
2025-07-16,65348,2025071603007442,MLBL,Deevyaa Securities & Stock House Pvt. Ltd,Dynamic Money Managers Securities Pvt. Ltd.,168,408.7,68661.6,2025-07-16 12:33:04.883415
2025-07-16,64980,2025071603007531,MLBL,Capital Max Securities Ltd,Dynamic Money Managers Securities Pvt. Ltd.,95,408.7,38826.5,2025-07-16 12:34:07.684626
2025-07-16,64964,2025071603007532,MLBL,Capital Max Securities Ltd,Dynamic Money Managers Securities Pvt. Ltd.,37,408.7,15121.9,2025-07-16 12:34:09.714369
2025-07-16,64963,2025071603007533,MLBL,Capital Max Securities Ltd,Cristal Kanchanjanga Securites Pvt. Ltd.,100,408.7,40870.0,2025-07-16 12:34:09.714806
2025-07-16,64962,2025071603007534,MLBL,Capital Max Securities Ltd,Pragyan Securities (PVT) Ltd.,163,408.8,66634.4,2025-07-16 12:34:09.715113
2025-07-16,64229,2025071603007726,MLBL,Secured Securities Ltd.,Pragyan Securities (PVT) Ltd.,25,408.8,10220.0,2025-07-16 12:35:51.064908
2025-07-16,64022,2025071603007782,MLBL,Dipshikha Dhitopatra Karobar Co. Pvt Ltd.,Pragyan Securities (PVT) Ltd.,97,408.8,39653.6,2025-07-16 12:36:31.524256
2025-07-16,63896,2025071603007808,MLBL,Dakshinkali Investment & Securities Pvt. Ltd.,Sewa Securities Pvt. Ltd.,15,408.3,6124.5,2025-07-16 12:36:57.527620
2025-07-16,63895,2025071603007809,MLBL,Kumari Securities Private Limited,Sewa Securities Pvt. Ltd.,200,408.2,81640.0,2025-07-16 12:36:57.527841
2025-07-16,63857,2025071603007814,MLBL,Naasa Securities Co. Ltd.,Sewa Securities Pvt. Ltd.,42,408.2,17144.4,2025-07-16 12:37:02.911829
2025-07-16,63856,2025071603007815,MLBL,Naasa Securities Co. Ltd.,Pragyan Securities (PVT) Ltd.,15,408.8,6132.0,2025-07-16 12:37:02.912094
2025-07-16,63422,2025071603007924,MLBL,Naasa Securities Co. Ltd.,Cristal Kanchanjanga Securites Pvt. Ltd.,300,408.8,122640.0,2025-07-16 12:38:06.687558
2025-07-16,63239,2025071603007971,MLBL,Naasa Securities Co. Ltd.,Kumari Securities Private Limited,70,408.8,28616.0,2025-07-16 12:38:38.482087
2025-07-16,62944,2025071603008040,MLBL,Siprabi Securities Pvt. Ltd.,Vision Securities Pvt. Ltd,200,408.9,81780.0,2025-07-16 12:39:21.992083
2025-07-16,62670,2025071603008092,MLBL,Online Securities Pvt. Ltd.,Vision Securities Pvt. Ltd,100,408.9,40890.0,2025-07-16 12:40:07.454298
2025-07-16,62608,2025071603008097,MLBL,Agrawal Securities (PVT) Ltd.,Vision Securities Pvt. Ltd,700,408.9,286230.0,2025-07-16 12:40:15.573045
2025-07-16,62607,2025071603008098,MLBL,Agrawal Securities (PVT) Ltd.,Vision Securities Pvt. Ltd,300,408.9,122670.0,2025-07-16 12:40:15.573267
2025-07-16,62533,2025071603008121,MLBL,Naasa Securities Co. Ltd.,Dynamic Money Managers Securities Pvt. Ltd.,160,408.8,65408.0,2025-07-16 12:40:27.804064
2025-07-16,62176,2025071603008182,MLBL,Sundhara Securities Limited,Vision Securities Pvt. Ltd,700,408.9,286230.0,2025-07-16 12:41:27.227778
2025-07-16,62175,2025071603008183,MLBL,Sundhara Securities Limited,Investment Management Nepal Pvt. Ltd.,132,409.0,53988.0,2025-07-16 12:41:27.227824
2025-07-16,62174,2025071603008184,MLBL,Sundhara Securities Limited,Thrive Brokerage House Pvt. Ltd,44,409.0,17996.0,2025-07-16 12:41:27.227847
2025-07-16,62173,2025071603008185,MLBL,Sundhara Securities Limited,Asian Securities Private Ltd.,10,409.0,4090.0,2025-07-16 12:41:27.227869
2025-07-16,62172,2025071603008186,MLBL,Sundhara Securities Limited,Bhrikuti Stock Broking Co. Pvt. Ltd.,114,409.0,46626.0,2025-07-16 12:41:27.227891
2025-07-16,61953,2025071603008215,MLBL,Creative Securities Pvt Ltd,Bhrikuti Stock Broking Co. Pvt. Ltd.,100,409.0,40900.0,2025-07-16 12:42:00.773156
2025-07-16,61574,2025071603008287,MLBL,Aryatara Investment & Securities,Sani Securities Company Ltd.,500,408.5,204250.0,2025-07-16 12:43:08.708727
2025-07-16,61391,2025071603008332,MLBL,Deevyaa Securities & Stock House Pvt. Ltd,Sani Securities Company Ltd.,250,408.8,102200.0,2025-07-16 12:43:34.835509
2025-07-16,61035,2025071603008375,MLBL,Linch Stock Market Ltd.,Bhrikuti Stock Broking Co. Pvt. Ltd.,500,409.0,204500.0,2025-07-16 12:44:29.474914
2025-07-16,60987,2025071603008383,MLBL,Sumeru Securities Pvt. Ltd.,Bhrikuti Stock Broking Co. Pvt. Ltd.,386,409.0,157874.0,2025-07-16 12:44:38.405927
2025-07-16,60986,2025071603008384,MLBL,Sumeru Securities Pvt. Ltd.,Aryatara Investment & Securities,100,409.0,40900.0,2025-07-16 12:44:38.406397
2025-07-16,60985,2025071603008385,MLBL,Sumeru Securities Pvt. Ltd.,Miyo Securities Pvt Ltd,14,409.0,5726.0,2025-07-16 12:44:38.406735
2025-07-16,60967,2025071603008389,MLBL,Online Securities Pvt. Ltd.,Indira securities pvt. ltd,50,408.8,20440.0,2025-07-16 12:44:42.755889
2025-07-16,60902,2025071603008398,MLBL,Primo Securities (PVT) Ltd.,Miyo Securities Pvt Ltd,326,409.0,133334.0,2025-07-16 12:44:56.321305
2025-07-16,60901,2025071603008399,MLBL,Primo Securities (PVT) Ltd.,Sewa Securities Pvt. Ltd.,200,409.0,81800.0,2025-07-16 12:44:56.321572
2025-07-16,60900,2025071603008400,MLBL,Primo Securities (PVT) Ltd.,Sani Securities Company Ltd.,206,409.0,84254.0,2025-07-16 12:44:56.321665
2025-07-16,60834,2025071603008414,MLBL,Primo Securities (PVT) Ltd.,Aryatara Investment & Securities,268,409.0,109612.0,2025-07-16 12:45:08.155292
2025-07-16,60833,2025071603008415,MLBL,Aryatara Investment & Securities,Aryatara Investment & Securities,20,408.5,8170.0,2025-07-16 12:45:08.155504
2025-07-16,60832,2025071603008416,MLBL,Deevyaa Securities & Stock House Pvt. Ltd,Aryatara Investment & Securities,50,408.4,20420.0,2025-07-16 12:45:08.155598
2025-07-16,60831,2025071603008417,MLBL,South Asian Bulls Pvt. Ltd.,Aryatara Investment & Securities,700,408.3,285810.0,2025-07-16 12:45:08.155688
2025-07-16,60830,2025071603008418,MLBL,Kohinoor Investment & Securities Pvt. Ltd.,Aryatara Investment & Securities,123,408.0,50184.0,2025-07-16 12:45:08.155776
2025-07-16,60829,2025071603008419,MLBL,Dipshikha Dhitopatra Karobar Co. Pvt Ltd.,Aryatara Investment & Securities,490,408.0,199920.0,2025-07-16 12:45:08.155882
2025-07-16,60746,2025071603008446,MLBL,Linch Stock Market Ltd.,Aryatara Investment & Securities,300,408.0,122400.0,2025-07-16 12:45:21.266152
2025-07-16,60641,2025071603008486,MLBL,Trisul Securities & Invt. Ltd.,Aryatara Investment & Securities,49,408.0,19992.0,2025-07-16 12:45:40.240011
2025-07-16,60260,2025071603008560,MLBL,Trisul Securities & Invt. Ltd.,Sumeru Securities Pvt. Ltd.,200,408.0,81600.0,2025-07-16 12:46:37.034529
2025-07-16,60002,2025071603008609,MLBL,Trisul Securities & Invt. Ltd.,Indira securities pvt. ltd,50,408.0,20400.0,2025-07-16 12:47:24.206480
2025-07-16,59418,2025071603008718,MLBL,Neev Securities Pvt. Ltd.,Sani Securities Company Ltd.,259,408.9,105905.1,2025-07-16 12:48:56.696501
2025-07-16,59417,2025071603008719,MLBL,Neev Securities Pvt. Ltd.,Cristal Kanchanjanga Securites Pvt. Ltd.,100,409.0,40900.0,2025-07-16 12:48:56.696750
2025-07-16,59416,2025071603008720,MLBL,Neev Securities Pvt. Ltd.,Thrive Brokerage House Pvt. Ltd,138,409.0,56442.0,2025-07-16 12:48:56.696845
2025-07-16,59415,2025071603008721,MLBL,Neev Securities Pvt. Ltd.,Imperial Securities Company Pvt. Ltd.,500,409.0,204500.0,2025-07-16 12:48:56.696930
2025-07-16,58902,2025071603008844,MLBL,Trishakti Securities Public Limited,Sewa Securities Pvt. Ltd.,10,409.6,4096.0,2025-07-16 12:50:37.967732
2025-07-16,58387,2025071603008917,MLBL,Siprabi Securities Pvt. Ltd.,Hatemalo Financial Services Private Limited,40,408.0,16320.0,2025-07-16 12:52:27.694470
2025-07-16,57924,2025071603008989,MLBL,Trishakti Securities Public Limited,Sewa Securities Pvt. Ltd.,10,409.2,4092.0,2025-07-16 12:53:52.500489
2025-07-16,57537,2025071603009056,MLBL,Aryatara Investment & Securities,Sewa Securities Pvt. Ltd.,30,409.2,12276.0,2025-07-16 12:55:09.154471
2025-07-16,57536,2025071603009057,MLBL,Aryatara Investment & Securities,Aryatara Investment & Securities,241,409.2,98617.2,2025-07-16 12:55:09.154550
2025-07-16,57535,2025071603009058,MLBL,Aryatara Investment & Securities,Himalayan Brokerage Company Limited,200,409.3,81860.0,2025-07-16 12:55:09.154579
2025-07-16,57534,2025071603009059,MLBL,Aryatara Investment & Securities,Naasa Securities Co. Ltd.,353,409.4,144518.2,2025-07-16 12:55:09.154604
2025-07-16,57533,2025071603009060,MLBL,Aryatara Investment & Securities,Shree Krishna Securities Ltd.,250,409.5,102375.0,2025-07-16 12:55:09.154631
2025-07-16,57532,2025071603009061,MLBL,Aryatara Investment & Securities,Linch Stock Market Ltd.,172,409.7,70468.4,2025-07-16 12:55:09.154666
2025-07-16,57531,2025071603009062,MLBL,Aryatara Investment & Securities,Cristal Kanchanjanga Securites Pvt. Ltd.,100,409.7,40970.0,2025-07-16 12:55:09.154693
2025-07-16,57530,2025071603009063,MLBL,Aryatara Investment & Securities,Trishakti Securities Public Limited,154,409.9,63124.6,2025-07-16 12:55:09.154719
2025-07-16,57292,2025071603009133,MLBL,Siprabi Securities Pvt. Ltd.,Trisul Securities & Invt. Ltd.,10,408.0,4080.0,2025-07-16 12:56:00.209487
2025-07-16,56928,2025071603009198,MLBL,Miyo Securities Pvt Ltd,Capital Max Securities Ltd,140,408.1,57134.0,2025-07-16 12:57:26.873694
2025-07-16,56419,2025071603009322,MLBL,Miyo Securities Pvt Ltd,Linch Stock Market Ltd.,360,408.1,146916.0,2025-07-16 12:58:52.300505
2025-07-16,56418,2025071603009323,MLBL,Siprabi Securities Pvt. Ltd.,Linch Stock Market Ltd.,140,408.0,57120.0,2025-07-16 12:58:52.300731
2025-07-16,56109,2025071603009344,MLBL,Sri Hari Securities Pvt. Ltd.,Deevyaa Securities & Stock House Pvt. Ltd,97,409.0,39673.0,2025-07-16 12:59:30.730047
2025-07-16,53882,2025071603009760,MLBL,Siprabi Securities Pvt. Ltd.,Agrawal Securities (PVT) Ltd.,200,408.0,81600.0,2025-07-16 13:06:09.508203
2025-07-16,53878,2025071603009761,MLBL,Blue Chip Securities Ltd,Agrawal Securities (PVT) Ltd.,10,408.9,4089.0,2025-07-16 13:06:11.117105
2025-07-16,53877,2025071603009762,MLBL,Blue Chip Securities Ltd,Deevyaa Securities & Stock House Pvt. Ltd,253,409.0,103477.0,2025-07-16 13:06:11.117349
2025-07-16,53876,2025071603009763,MLBL,Blue Chip Securities Ltd,Cristal Kanchanjanga Securites Pvt. Ltd.,100,409.0,40900.0,2025-07-16 13:06:11.117447
2025-07-16,53875,2025071603009764,MLBL,Blue Chip Securities Ltd,Imperial Securities Company Pvt. Ltd.,137,409.0,56033.0,2025-07-16 13:06:11.117541
2025-07-16,53522,2025071603009811,MLBL,Siprabi Securities Pvt. Ltd.,Market Securities & Exchange (PVT) Ltd.,400,408.0,163200.0,2025-07-16 13:07:29.483084
2025-07-16,53146,2025071603009888,MLBL,Trishakti Securities Public Limited,Imperial Securities Company Pvt. Ltd.,10,409.0,4090.0,2025-07-16 13:08:35.863244
2025-07-16,52434,2025071603010062,MLBL,Siprabi Securities Pvt. Ltd.,Bhrikuti Stock Broking Co. Pvt. Ltd.,10,408.0,4080.0,2025-07-16 13:10:42.771494
2025-07-16,52433,2025071603010063,MLBL,Machhapuchchhre Securities Limited,Bhrikuti Stock Broking Co. Pvt. Ltd.,90,408.0,36720.0,2025-07-16 13:10:42.771741
2025-07-16,51883,2025071603010151,MLBL,Machhapuchchhre Securities Limited,Trisul Securities & Invt. Ltd.,84,408.0,34272.0,2025-07-16 13:12:03.772370
2025-07-16,51454,2025071603010213,MLBL,Thrive Brokerage House Pvt. Ltd,Imperial Securities Company Pvt. Ltd.,100,408.1,40810.0,2025-07-16 13:13:06.934877
2025-07-16,51453,2025071603010214,MLBL,Machhapuchchhre Securities Limited,Imperial Securities Company Pvt. Ltd.,193,408.0,78744.0,2025-07-16 13:13:06.935456
2025-07-16,51097,2025071603010276,MLBL,Prabhu Stock Market Limited,Himalayan Brokerage Company Limited,100,408.8,40880.0,2025-07-16 13:13:59.014491
2025-07-16,51096,2025071603010277,MLBL,Prabhu Stock Market Limited,Vision Securities Pvt. Ltd,1000,408.9,408900.0,2025-07-16 13:13:59.014771
2025-07-16,51094,2025071603010278,MLBL,Prabhu Stock Market Limited,KALASH STOCK MARKET PVT. LTD.,50,409.0,20450.0,2025-07-16 13:13:59.014874
2025-07-16,51093,2025071603010279,MLBL,Prabhu Stock Market Limited,Sajilo Broker Limited,300,409.0,122700.0,2025-07-16 13:13:59.014970
2025-07-16,51092,2025071603010280,MLBL,Prabhu Stock Market Limited,Nepal Stock House (PVT) Ltd.,208,409.0,85072.0,2025-07-16 13:13:59.015078
2025-07-16,51091,2025071603010281,MLBL,Prabhu Stock Market Limited,South Asian Bulls Pvt. Ltd.,36,409.0,14724.0,2025-07-16 13:13:59.015174
2025-07-16,51090,2025071603010282,MLBL,Prabhu Stock Market Limited,Naasa Securities Co. Ltd.,500,409.0,204500.0,2025-07-16 13:13:59.015267
2025-07-16,51089,2025071603010283,MLBL,Prabhu Stock Market Limited,Kohinoor Investment & Securities Pvt. Ltd.,1805,409.0,738245.0,2025-07-16 13:13:59.015363
2025-07-16,51088,2025071603010284,MLBL,Prabhu Stock Market Limited,Linch Stock Market Ltd.,610,409.0,249490.0,2025-07-16 13:13:59.015470
2025-07-16,51087,2025071603010285,MLBL,Prabhu Stock Market Limited,Sundhara Securities Limited,135,409.8,55323.0,2025-07-16 13:13:59.015569
2025-07-16,51086,2025071603010286,MLBL,Prabhu Stock Market Limited,Trishakti Securities Public Limited,256,409.9,104934.4,2025-07-16 13:13:59.015663
2025-07-16,50423,2025071603010396,MLBL,Opal Securities Investment (PVT) Ltd.,Vision Securities Pvt. Ltd,200,409.0,81800.0,2025-07-16 13:15:52.411121
2025-07-16,50304,2025071603010407,MLBL,Cristal Kanchanjanga Securites Pvt. Ltd.,Vision Securities Pvt. Ltd,15,409.0,6135.0,2025-07-16 13:16:06.898091
2025-07-16,50208,2025071603010420,MLBL,Agrawal Securities (PVT) Ltd.,Vision Securities Pvt. Ltd,122,409.0,49898.0,2025-07-16 13:16:19.432678
2025-07-16,49729,2025071603010487,MLBL,Asian Securities Private Ltd.,Vision Securities Pvt. Ltd,1000,408.9,408900.0,2025-07-16 13:17:25.342238
2025-07-16,49716,2025071603010488,MLBL,Prabhu Stock Market Limited,Dipshikha Dhitopatra Karobar Co. Pvt Ltd.,200,408.7,81740.0,2025-07-16 13:17:26.760713
2025-07-16,49285,2025071603010583,MLBL,Opal Securities Investment (PVT) Ltd.,Online Securities Pvt. Ltd.,50,408.8,20440.0,2025-07-16 13:18:35.600417
2025-07-16,49284,2025071603010584,MLBL,Prabhu Stock Market Limited,Online Securities Pvt. Ltd.,50,408.7,20435.0,2025-07-16 13:18:35.600944
2025-07-16,49104,2025071603010597,MLBL,Primo Securities (PVT) Ltd.,Vision Securities Pvt. Ltd,100,409.0,40900.0,2025-07-16 13:19:07.373461
2025-07-16,48799,2025071603010625,MLBL,Sweta Securities Private Limited,Vision Securities Pvt. Ltd,563,409.0,230267.0,2025-07-16 13:20:09.726154
2025-07-16,48798,2025071603010626,MLBL,Sweta Securities Private Limited,Cristal Kanchanjanga Securites Pvt. Ltd.,500,409.0,204500.0,2025-07-16 13:20:09.726619
2025-07-16,48135,2025071603010753,MLBL,Blue Chip Securities Ltd,Nepal Investment And Securities Trading Private Limited,10,409.0,4090.0,2025-07-16 13:21:59.792856
2025-07-16,48082,2025071603010767,MLBL,Blue Chip Securities Ltd,Online Securities Pvt. Ltd.,50,409.0,20450.0,2025-07-16 13:22:17.097916
2025-07-16,47916,2025071603010797,MLBL,Blue Chip Securities Ltd,Trishakti Securities Public Limited,40,409.0,16360.0,2025-07-16 13:22:44.049467
2025-07-16,47914,2025071603010798,MLBL,Thrive Brokerage House Pvt. Ltd,Cristal Kanchanjanga Securites Pvt. Ltd.,200,409.5,81900.0,2025-07-16 13:22:44.615948
2025-07-16,47554,2025071603010868,MLBL,Prabhu Stock Market Limited,APPLE SECURITIES PRIVATE LIMITED,50,408.8,20440.0,2025-07-16 13:23:45.651611
2025-07-16,47553,2025071603010869,MLBL,Sani Securities Company Ltd.,APPLE SECURITIES PRIVATE LIMITED,100,408.7,40870.0,2025-07-16 13:23:45.652168
2025-07-16,47211,2025071603010927,MLBL,Imperial Securities Company Pvt. Ltd.,Kalika Securities Pvt. Ltd.,200,409.3,81860.0,2025-07-16 13:24:58.027504
2025-07-16,47210,2025071603010928,MLBL,Imperial Securities Company Pvt. Ltd.,Aryatara Investment & Securities,720,409.4,294768.0,2025-07-16 13:24:58.027763
2025-07-16,47198,2025071603010930,MLBL,Imperial Securities Company Pvt. Ltd.,Imperial Securities Company Pvt. Ltd.,30,409.4,12282.0,2025-07-16 13:24:59.050597
2025-07-16,47197,2025071603010931,MLBL,Sani Securities Company Ltd.,Imperial Securities Company Pvt. Ltd.,170,408.7,69479.0,2025-07-16 13:24:59.050885
2025-07-16,47159,2025071603010936,MLBL,Imperial Securities Company Pvt. Ltd.,Cristal Kanchanjanga Securites Pvt. Ltd.,300,409.5,122850.0,2025-07-16 13:25:06.151559
2025-07-16,47158,2025071603010937,MLBL,Imperial Securities Company Pvt. Ltd.,Cristal Kanchanjanga Securites Pvt. Ltd.,10,409.5,4095.0,2025-07-16 13:25:06.151837
2025-07-16,47157,2025071603010938,MLBL,Imperial Securities Company Pvt. Ltd.,APPLE SECURITIES PRIVATE LIMITED,400,409.6,163840.0,2025-07-16 13:25:06.151959
2025-07-16,47156,2025071603010939,MLBL,Imperial Securities Company Pvt. Ltd.,Investment Management Nepal Pvt. Ltd.,2000,409.7,819400.0,2025-07-16 13:25:06.152089
2025-07-16,47155,2025071603010940,MLBL,Imperial Securities Company Pvt. Ltd.,Imperial Securities Company Pvt. Ltd.,50,409.8,20490.0,2025-07-16 13:25:06.152250
2025-07-16,47154,2025071603010941,MLBL,Imperial Securities Company Pvt. Ltd.,Vision Securities Pvt. Ltd,100,409.8,40980.0,2025-07-16 13:25:06.152382
2025-07-16,47153,2025071603010942,MLBL,Imperial Securities Company Pvt. Ltd.,Online Securities Pvt. Ltd.,100,409.8,40980.0,2025-07-16 13:25:06.152515
2025-07-16,47152,2025071603010943,MLBL,Imperial Securities Company Pvt. Ltd.,Trishakti Securities Public Limited,90,409.9,36891.0,2025-07-16 13:25:06.152645
2025-07-16,47151,2025071603010944,MLBL,Imperial Securities Company Pvt. Ltd.,Kumari Securities Private Limited,150,409.9,61485.0,2025-07-16 13:25:06.152752
2025-07-16,47150,2025071603010945,MLBL,Imperial Securities Company Pvt. Ltd.,ABC Securities Private Limited,100,409.9,40990.0,2025-07-16 13:25:06.152852
2025-07-16,47149,2025071603010946,MLBL,Imperial Securities Company Pvt. Ltd.,Imperial Securities Company Pvt. Ltd.,150,409.9,61485.0,2025-07-16 13:25:06.152978
2025-07-16,47148,2025071603010947,MLBL,Imperial Securities Company Pvt. Ltd.,Oxford Securities Pvt. Ltd.,1000,409.9,409900.0,2025-07-16 13:25:06.153132
2025-07-16,47147,2025071603010948,MLBL,Imperial Securities Company Pvt. Ltd.,Vision Securities Pvt. Ltd,1000,409.9,409900.0,2025-07-16 13:25:06.153245
2025-07-16,47146,2025071603010949,MLBL,Imperial Securities Company Pvt. Ltd.,Dynamic Money Managers Securities Pvt. Ltd.,431,410.0,176710.0,2025-07-16 13:25:06.153363
2025-07-16,47145,2025071603010950,MLBL,Imperial Securities Company Pvt. Ltd.,Online Securities Pvt. Ltd.,50,410.0,20500.0,2025-07-16 13:25:06.153484
2025-07-16,47144,2025071603010951,MLBL,Imperial Securities Company Pvt. Ltd.,Creative Securities Pvt Ltd,100,410.0,41000.0,2025-07-16 13:25:06.153585
2025-07-16,47143,2025071603010952,MLBL,Imperial Securities Company Pvt. Ltd.,Vision Securities Pvt. Ltd,500,410.0,205000.0,2025-07-16 13:25:06.153742
2025-07-16,47142,2025071603010953,MLBL,Imperial Securities Company Pvt. Ltd.,Online Securities Pvt. Ltd.,50,410.0,20500.0,2025-07-16 13:25:06.153847
2025-07-16,47141,2025071603010954,MLBL,Imperial Securities Company Pvt. Ltd.,Aryatara Investment & Securities,500,410.0,205000.0,2025-07-16 13:25:06.153973
2025-07-16,47140,2025071603010955,MLBL,Imperial Securities Company Pvt. Ltd.,Vision Securities Pvt. Ltd,30,410.0,12300.0,2025-07-16 13:25:06.154094
2025-07-16,47139,2025071603010956,MLBL,Imperial Securities Company Pvt. Ltd.,Dynamic Money Managers Securities Pvt. Ltd.,1000,410.0,410000.0,2025-07-16 13:25:06.154235
2025-07-16,47138,2025071603010957,MLBL,Imperial Securities Company Pvt. Ltd.,Oxford Securities Pvt. Ltd.,1000,410.0,410000.0,2025-07-16 13:25:06.154379
2025-07-16,47137,2025071603010958,MLBL,Imperial Securities Company Pvt. Ltd.,Malla & Malla Stock Broking Company Pvt. Limited,50,410.0,20500.0,2025-07-16 13:25:06.154519
2025-07-16,47136,2025071603010959,MLBL,Imperial Securities Company Pvt. Ltd.,Naasa Securities Co. Ltd.,300,410.0,123000.0,2025-07-16 13:25:06.154628
2025-07-16,47135,2025071603010960,MLBL,Imperial Securities Company Pvt. Ltd.,Dakshinkali Investment & Securities Pvt. Ltd.,293,410.0,120130.0,2025-07-16 13:25:06.154724
2025-07-16,47134,2025071603010961,MLBL,Imperial Securities Company Pvt. Ltd.,Agrawal Securities (PVT) Ltd.,40,410.0,16400.0,2025-07-16 13:25:06.154822
2025-07-16,47133,2025071603010962,MLBL,Imperial Securities Company Pvt. Ltd.,Trisul Securities & Invt. Ltd.,45,410.0,18450.0,2025-07-16 13:25:06.154913
2025-07-16,47132,2025071603010963,MLBL,Imperial Securities Company Pvt. Ltd.,Kohinoor Investment & Securities Pvt. Ltd.,161,410.0,66010.0,2025-07-16 13:25:06.155004
2025-07-16,46688,2025071603011019,MLBL,Asian Securities Private Ltd.,Primo Securities (PVT) Ltd.,200,409.9,81980.0,2025-07-16 13:26:19.533421
2025-07-16,46687,2025071603011020,MLBL,Asian Securities Private Ltd.,Kohinoor Investment & Securities Pvt. Ltd.,1003,410.0,411230.0,2025-07-16 13:26:19.533722
2025-07-16,46686,2025071603011021,MLBL,Asian Securities Private Ltd.,Imperial Securities Company Pvt. Ltd.,79,410.0,32390.0,2025-07-16 13:26:19.533854
2025-07-16,46685,2025071603011022,MLBL,Asian Securities Private Ltd.,Dakshinkali Investment & Securities Pvt. Ltd.,100,410.0,41000.0,2025-07-16 13:26:19.533946
2025-07-16,46684,2025071603011023,MLBL,Asian Securities Private Ltd.,Aryatara Investment & Securities,250,410.0,102500.0,2025-07-16 13:26:19.534053
2025-07-16,46683,2025071603011024,MLBL,Asian Securities Private Ltd.,Imperial Securities Company Pvt. Ltd.,100,410.0,41000.0,2025-07-16 13:26:19.534150
2025-07-16,46682,2025071603011025,MLBL,Asian Securities Private Ltd.,Naasa Securities Co. Ltd.,10,410.0,4100.0,2025-07-16 13:26:19.534257
2025-07-16,46681,2025071603011026,MLBL,Asian Securities Private Ltd.,Dipshikha Dhitopatra Karobar Co. Pvt Ltd.,322,410.0,132020.0,2025-07-16 13:26:19.534362
2025-07-16,46680,2025071603011027,MLBL,Asian Securities Private Ltd.,Agrawal Securities (PVT) Ltd.,100,410.0,41000.0,2025-07-16 13:26:19.534487
2025-07-16,46679,2025071603011028,MLBL,Asian Securities Private Ltd.,Cristal Kanchanjanga Securites Pvt. Ltd.,836,410.0,342760.0,2025-07-16 13:26:19.534590
2025-07-16,46599,2025071603011043,MLBL,Imperial Securities Company Pvt. Ltd.,Cristal Kanchanjanga Securites Pvt. Ltd.,164,410.0,67240.0,2025-07-16 13:26:36.529697
2025-07-16,46598,2025071603011044,MLBL,Imperial Securities Company Pvt. Ltd.,Bhrikuti Stock Broking Co. Pvt. Ltd.,100,410.0,41000.0,2025-07-16 13:26:36.530189
2025-07-16,46597,2025071603011045,MLBL,Imperial Securities Company Pvt. Ltd.,Market Securities & Exchange (PVT) Ltd.,200,410.0,82000.0,2025-07-16 13:26:36.530567
2025-07-16,46418,2025071603011098,MLBL,Asian Securities Private Ltd.,Dakshinkali Investment & Securities Pvt. Ltd.,300,410.0,123000.0,2025-07-16 13:27:10.400448
2025-07-16,46205,2025071603011145,MLBL,Magnet Securities and Investment Company Private Limited,J.F. Securites (PVT) Ltd.,31,410.4,12722.4,2025-07-16 13:27:51.110139
2025-07-16,46204,2025071603011146,MLBL,Magnet Securities and Investment Company Private Limited,Pragyan Securities (PVT) Ltd.,200,410.8,82160.0,2025-07-16 13:27:51.110254
2025-07-16,46203,2025071603011147,MLBL,Magnet Securities and Investment Company Private Limited,Nepal Investment And Securities Trading Private Limited,53,411.0,21783.0,2025-07-16 13:27:51.110350
2025-07-16,46202,2025071603011148,MLBL,Magnet Securities and Investment Company Private Limited,Pragyan Securities (PVT) Ltd.,16,411.0,6576.0,2025-07-16 13:27:51.110439
2025-07-16,46009,2025071603011207,MLBL,Kumari Securities Private Limited,Pragyan Securities (PVT) Ltd.,200,411.0,82200.0,2025-07-16 13:28:25.779421
2025-07-16,46007,2025071603011209,MLBL,SHUBHAKAMANA SECURITIES PVT. LTD,Pragyan Securities (PVT) Ltd.,184,411.0,75624.0,2025-07-16 13:28:26.228199
2025-07-16,46006,2025071603011210,MLBL,SHUBHAKAMANA SECURITIES PVT. LTD,Aryatara Investment & Securities,223,411.0,91653.0,2025-07-16 13:28:26.228442
2025-07-16,46005,2025071603011211,MLBL,SHUBHAKAMANA SECURITIES PVT. LTD,Naasa Securities Co. Ltd.,20,411.0,8220.0,2025-07-16 13:28:26.228542
2025-07-16,46004,2025071603011212,MLBL,SHUBHAKAMANA SECURITIES PVT. LTD,Online Securities Pvt. Ltd.,10,411.0,4110.0,2025-07-16 13:28:26.228674
2025-07-16,46003,2025071603011213,MLBL,SHUBHAKAMANA SECURITIES PVT. LTD,Dynamic Money Managers Securities Pvt. Ltd.,500,411.8,205900.0,2025-07-16 13:28:26.228805
2025-07-16,46002,2025071603011214,MLBL,SHUBHAKAMANA SECURITIES PVT. LTD,Kumari Securities Private Limited,150,412.0,61800.0,2025-07-16 13:28:26.228938
2025-07-16,46001,2025071603011215,MLBL,SHUBHAKAMANA SECURITIES PVT. LTD,KALASH STOCK MARKET PVT. LTD.,210,412.0,86520.0,2025-07-16 13:28:26.229044
2025-07-16,46000,2025071603011216,MLBL,SHUBHAKAMANA SECURITIES PVT. LTD,Nepal Stock House (PVT) Ltd.,64,412.0,26368.0,2025-07-16 13:28:26.229168
2025-07-16,45999,2025071603011217,MLBL,SHUBHAKAMANA SECURITIES PVT. LTD,Sumeru Securities Pvt. Ltd.,100,412.0,41200.0,2025-07-16 13:28:26.229291
2025-07-16,45998,2025071603011218,MLBL,SHUBHAKAMANA SECURITIES PVT. LTD,Sani Securities Company Ltd.,350,412.0,144200.0,2025-07-16 13:28:26.229418
2025-07-16,45997,2025071603011219,MLBL,SHUBHAKAMANA SECURITIES PVT. LTD,Kumari Securities Private Limited,10,412.0,4120.0,2025-07-16 13:28:26.229543
2025-07-16,45996,2025071603011220,MLBL,SHUBHAKAMANA SECURITIES PVT. LTD,Premier Securities Company Ltd.,179,412.0,73748.0,2025-07-16 13:28:26.229646
2025-07-16,45766,2025071603011265,MLBL,Trishakti Securities Public Limited,Secured Securities Ltd.,50,411.9,20595.0,2025-07-16 13:29:12.493784
2025-07-16,45765,2025071603011266,MLBL,Trishakti Securities Public Limited,Premier Securities Company Ltd.,21,412.0,8652.0,2025-07-16 13:29:12.493993
2025-07-16,45764,2025071603011267,MLBL,Trishakti Securities Public Limited,Trisul Securities & Invt. Ltd.,50,412.0,20600.0,2025-07-16 13:29:12.494094
2025-07-16,45763,2025071603011268,MLBL,Trishakti Securities Public Limited,Naasa Securities Co. Ltd.,100,412.0,41200.0,2025-07-16 13:29:12.494180
2025-07-16,45762,2025071603011269,MLBL,Trishakti Securities Public Limited,ABC Securities Private Limited,10,412.0,4120.0,2025-07-16 13:29:12.494286
2025-07-16,45761,2025071603011270,MLBL,Trishakti Securities Public Limited,Bhrikuti Stock Broking Co. Pvt. Ltd.,10,412.0,4120.0,2025-07-16 13:29:12.494401
2025-07-16,45760,2025071603011271,MLBL,Trishakti Securities Public Limited,Siprabi Securities Pvt. Ltd.,30,412.0,12360.0,2025-07-16 13:29:12.494492
2025-07-16,45759,2025071603011272,MLBL,Trishakti Securities Public Limited,Vision Securities Pvt. Ltd,229,412.0,94348.0,2025-07-16 13:29:12.494593
2025-07-16,45648,2025071603011303,MLBL,Trishakti Securities Public Limited,Vision Securities Pvt. Ltd,771,412.0,317652.0,2025-07-16 13:29:27.591213
2025-07-16,45647,2025071603011304,MLBL,Trishakti Securities Public Limited,Trishakti Securities Public Limited,642,413.0,265146.0,2025-07-16 13:29:27.591735
2025-07-16,45646,2025071603011305,MLBL,Trishakti Securities Public Limited,Sani Securities Company Ltd.,106,413.0,43778.0,2025-07-16 13:29:27.592137
2025-07-16,45645,2025071603011306,MLBL,Trishakti Securities Public Limited,Aryatara Investment & Securities,481,413.0,198653.0,2025-07-16 13:29:27.592497
2025-07-16,45362,2025071603011383,MLBL,Shree Krishna Securities Ltd.,Trisul Securities & Invt. Ltd.,11,411.5,4526.5,2025-07-16 13:30:27.432423
2025-07-16,45162,2025071603011429,MLBL,Deevyaa Securities & Stock House Pvt. Ltd,Primo Securities (PVT) Ltd.,50,411.9,20595.0,2025-07-16 13:31:07.307396
2025-07-16,45140,2025071603011433,MLBL,Prabhu Stock Market Limited,Imperial Securities Company Pvt. Ltd.,20,411.4,8228.0,2025-07-16 13:31:12.198841
2025-07-16,45139,2025071603011434,MLBL,Imperial Securities Company Pvt. Ltd.,Imperial Securities Company Pvt. Ltd.,280,411.3,115164.0,2025-07-16 13:31:12.199080
2025-07-16,45115,2025071603011435,MLBL,Opal Securities Investment (PVT) Ltd.,Primo Securities (PVT) Ltd.,50,411.9,20595.0,2025-07-16 13:31:16.884006
2025-07-16,44617,2025071603011575,MLBL,Elite Stock House Limited,Kalika Securities Pvt. Ltd.,200,411.5,82300.0,2025-07-16 13:32:34.800326
2025-07-16,44337,2025071603011620,MLBL,Trishakti Securities Public Limited,Investment Management Nepal Pvt. Ltd.,10,412.0,4120.0,2025-07-16 13:33:11.781419
2025-07-16,44038,2025071603011681,MLBL,Thrive Brokerage House Pvt. Ltd,Online Securities Pvt. Ltd.,149,411.9,61373.1,2025-07-16 13:34:08.657020
2025-07-16,44037,2025071603011682,MLBL,Thrive Brokerage House Pvt. Ltd,Investment Management Nepal Pvt. Ltd.,651,412.0,268212.0,2025-07-16 13:34:08.657259
2025-07-16,43878,2025071603011705,MLBL,Prabhu Stock Market Limited,Primo Securities (PVT) Ltd.,10,411.4,4114.0,2025-07-16 13:34:38.550704
2025-07-16,43877,2025071603011706,MLBL,Imperial Securities Company Pvt. Ltd.,Primo Securities (PVT) Ltd.,90,411.3,37017.0,2025-07-16 13:34:38.550932
2025-07-16,43847,2025071603011710,MLBL,SHUBHAKAMANA SECURITIES PVT. LTD,South Asian Bulls Pvt. Ltd.,50,411.9,20595.0,2025-07-16 13:34:46.601882
2025-07-16,43846,2025071603011711,MLBL,SHUBHAKAMANA SECURITIES PVT. LTD,Imperial Securities Company Pvt. Ltd.,150,411.9,61785.0,2025-07-16 13:34:46.602130
2025-07-16,43519,2025071603011808,MLBL,Online Securities Pvt. Ltd.,Imperial Securities Company Pvt. Ltd.,350,411.9,144165.0,2025-07-16 13:35:37.278581
2025-07-16,43518,2025071603011809,MLBL,Online Securities Pvt. Ltd.,Investment Management Nepal Pvt. Ltd.,70,412.0,28840.0,2025-07-16 13:35:37.278847
2025-07-16,43469,2025071603011816,MLBL,Imperial Securities Company Pvt. Ltd.,Sani Securities Company Ltd.,10,411.3,4113.0,2025-07-16 13:35:44.587062
2025-07-16,43395,2025071603011834,MLBL,Pragyan Securities (PVT) Ltd.,Investment Management Nepal Pvt. Ltd.,100,412.0,41200.0,2025-07-16 13:35:55.246504
2025-07-16,43224,2025071603011867,MLBL,Aryatara Investment & Securities,Investment Management Nepal Pvt. Ltd.,169,412.0,69628.0,2025-07-16 13:36:22.109207
2025-07-16,43223,2025071603011868,MLBL,Aryatara Investment & Securities,Online Securities Pvt. Ltd.,50,412.0,20600.0,2025-07-16 13:36:22.109453
2025-07-16,43222,2025071603011869,MLBL,Aryatara Investment & Securities,Vision Securities Pvt. Ltd,781,412.9,322474.9,2025-07-16 13:36:22.109551
2025-07-16,43158,2025071603011878,MLBL,Imperial Securities Company Pvt. Ltd.,Naasa Securities Co. Ltd.,296,411.3,121744.8,2025-07-16 13:36:34.560428
2025-07-16,43152,2025071603011881,MLBL,Aryatara Investment & Securities,Siprabi Securities Pvt. Ltd.,53,412.8,21878.4,2025-07-16 13:36:36.232615
2025-07-16,43151,2025071603011882,MLBL,Aryatara Investment & Securities,Vision Securities Pvt. Ltd,219,412.9,90425.1,2025-07-16 13:36:36.232835
2025-07-16,43150,2025071603011883,MLBL,Aryatara Investment & Securities,Vision Securities Pvt. Ltd,728,412.9,300591.2,2025-07-16 13:36:36.232928
2025-07-16,42835,2025071603011977,MLBL,Ashutosh Brokerage & Securities (PVT) Ltd.,Sani Securities Company Ltd.,100,412.0,41200.0,2025-07-16 13:37:23.805202
2025-07-16,42769,2025071603011989,MLBL,K.B.L. Securities Limited ,Sani Securities Company Ltd.,50,412.0,20600.0,2025-07-16 13:37:33.419934
2025-07-16,42768,2025071603011990,MLBL,K.B.L. Securities Limited ,Sani Securities Company Ltd.,500,412.5,206250.0,2025-07-16 13:37:33.420203
2025-07-16,42767,2025071603011991,MLBL,K.B.L. Securities Limited ,Vision Securities Pvt. Ltd,173,412.9,71431.7,2025-07-16 13:37:33.420297
2025-07-16,42766,2025071603011992,MLBL,K.B.L. Securities Limited ,Cristal Kanchanjanga Securites Pvt. Ltd.,277,412.9,114373.3,2025-07-16 13:37:33.420386
2025-07-16,42409,2025071603012054,MLBL,Dynamic Money Managers Securities Pvt. Ltd.,Cristal Kanchanjanga Securites Pvt. Ltd.,100,412.5,41250.0,2025-07-16 13:38:27.928418
2025-07-16,42329,2025071603012063,MLBL,Imperial Securities Company Pvt. Ltd.,Cristal Kanchanjanga Securites Pvt. Ltd.,23,412.9,9496.7,2025-07-16 13:38:37.645171
2025-07-16,42328,2025071603012064,MLBL,Imperial Securities Company Pvt. Ltd.,Aryatara Investment & Securities,19,413.0,7847.0,2025-07-16 13:38:37.645401
2025-07-16,42327,2025071603012065,MLBL,Imperial Securities Company Pvt. Ltd.,Trishakti Securities Public Limited,200,413.0,82600.0,2025-07-16 13:38:37.645493
2025-07-16,42326,2025071603012066,MLBL,Imperial Securities Company Pvt. Ltd.,Kohinoor Investment & Securities Pvt. Ltd.,106,413.0,43778.0,2025-07-16 13:38:37.645582
2025-07-16,42325,2025071603012067,MLBL,Imperial Securities Company Pvt. Ltd.,Aryatara Investment & Securities,50,413.0,20650.0,2025-07-16 13:38:37.645667
2025-07-16,42324,2025071603012068,MLBL,Imperial Securities Company Pvt. Ltd.,Sani Securities Company Ltd.,41,413.0,16933.0,2025-07-16 13:38:37.645761
2025-07-16,42323,2025071603012069,MLBL,Imperial Securities Company Pvt. Ltd.,Linch Stock Market Ltd.,500,413.0,206500.0,2025-07-16 13:38:37.645847
2025-07-16,42322,2025071603012070,MLBL,Imperial Securities Company Pvt. Ltd.,Market Securities & Exchange (PVT) Ltd.,50,413.0,20650.0,2025-07-16 13:38:37.645933
2025-07-16,42321,2025071603012071,MLBL,Imperial Securities Company Pvt. Ltd.,Midas Stock Broking Company Private Limited,500,413.0,206500.0,2025-07-16 13:38:37.646019
2025-07-16,42320,2025071603012072,MLBL,Imperial Securities Company Pvt. Ltd.,Sajilo Broker Limited,258,413.0,106554.0,2025-07-16 13:38:37.646111
2025-07-16,42319,2025071603012073,MLBL,Imperial Securities Company Pvt. Ltd.,Asian Securities Private Ltd.,400,413.0,165200.0,2025-07-16 13:38:37.646199
2025-07-16,42318,2025071603012074,MLBL,Imperial Securities Company Pvt. Ltd.,Opal Securities Investment (PVT) Ltd.,1000,413.1,413100.0,2025-07-16 13:38:37.646298
2025-07-16,42317,2025071603012075,MLBL,Imperial Securities Company Pvt. Ltd.,Oxford Securities Pvt. Ltd.,1000,413.4,413400.0,2025-07-16 13:38:37.646384
2025-07-16,42316,2025071603012076,MLBL,Imperial Securities Company Pvt. Ltd.,South Asian Bulls Pvt. Ltd.,50,413.5,20675.0,2025-07-16 13:38:37.646470
2025-07-16,42315,2025071603012077,MLBL,Imperial Securities Company Pvt. Ltd.,Investment Management Nepal Pvt. Ltd.,210,413.7,86877.0,2025-07-16 13:38:37.646555
2025-07-16,42314,2025071603012078,MLBL,Imperial Securities Company Pvt. Ltd.,Dakshinkali Investment & Securities Pvt. Ltd.,100,413.9,41390.0,2025-07-16 13:38:37.646641
2025-07-16,42313,2025071603012079,MLBL,Imperial Securities Company Pvt. Ltd.,Aryatara Investment & Securities,50,414.0,20700.0,2025-07-16 13:38:37.646726
2025-07-16,42312,2025071603012080,MLBL,Imperial Securities Company Pvt. Ltd.,Aryatara Investment & Securities,100,414.0,41400.0,2025-07-16 13:38:37.646811
2025-07-16,42311,2025071603012081,MLBL,Imperial Securities Company Pvt. Ltd.,Opal Securities Investment (PVT) Ltd.,80,414.0,33120.0,2025-07-16 13:38:37.646895
2025-07-16,42310,2025071603012082,MLBL,Imperial Securities Company Pvt. Ltd.,Agrawal Securities (PVT) Ltd.,500,414.0,207000.0,2025-07-16 13:38:37.646976
2025-07-16,42309,2025071603012083,MLBL,Imperial Securities Company Pvt. Ltd.,Sani Securities Company Ltd.,299,414.0,123786.0,2025-07-16 13:38:37.647062
2025-07-16,41531,2025071603012280,MLBL,Cristal Kanchanjanga Securites Pvt. Ltd.,Dipshikha Dhitopatra Karobar Co. Pvt Ltd.,100,412.2,41220.0,2025-07-16 13:40:59.360558
2025-07-16,41457,2025071603012286,MLBL,Kumari Securities Private Limited,Dipshikha Dhitopatra Karobar Co. Pvt Ltd.,100,412.2,41220.0,2025-07-16 13:41:10.777534
2025-07-16,41263,2025071603012376,MLBL,SUN SECURITIES PVT LTD,Dipshikha Dhitopatra Karobar Co. Pvt Ltd.,300,412.0,123600.0,2025-07-16 13:41:37.811285
2025-07-16,41163,2025071603012400,MLBL,Nepal Investment And Securities Trading Private Limited,Market Securities & Exchange (PVT) Ltd.,200,412.2,82440.0,2025-07-16 13:41:53.642390
2025-07-16,41157,2025071603012401,MLBL,Nepal Investment And Securities Trading Private Limited,Bhrikuti Stock Broking Co. Pvt. Ltd.,100,412.2,41220.0,2025-07-16 13:41:55.609161
2025-07-16,41095,2025071603012418,MLBL,Nepal Investment And Securities Trading Private Limited,Online Securities Pvt. Ltd.,100,412.2,41220.0,2025-07-16 13:42:10.357895
2025-07-16,40883,2025071603012457,MLBL,Nepal Investment And Securities Trading Private Limited,Dynamic Money Managers Securities Pvt. Ltd.,600,412.2,247320.0,2025-07-16 13:42:43.680941
2025-07-16,40882,2025071603012458,MLBL,SUN SECURITIES PVT LTD,Dynamic Money Managers Securities Pvt. Ltd.,100,412.0,41200.0,2025-07-16 13:42:43.681191
2025-07-16,40507,2025071603012556,MLBL,Trishakti Securities Public Limited,South Asian Bulls Pvt. Ltd.,10,413.9,4139.0,2025-07-16 13:43:51.415854
2025-07-16,39892,2025071603012703,MLBL,Imperial Securities Company Pvt. Ltd.,Dynamic Money Managers Securities Pvt. Ltd.,100,413.8,41380.0,2025-07-16 13:45:48.282828
2025-07-16,39609,2025071603012784,MLBL,Kohinoor Investment & Securities Pvt. Ltd.,Asian Securities Private Ltd.,100,413.5,41350.0,2025-07-16 13:46:33.514705
2025-07-16,39472,2025071603012832,MLBL,SUN SECURITIES PVT LTD,Linch Stock Market Ltd.,80,412.0,32960.0,2025-07-16 13:46:51.621657
2025-07-16,39336,2025071603012853,MLBL,SUN SECURITIES PVT LTD,Trishakti Securities Public Limited,20,412.0,8240.0,2025-07-16 13:47:09.175187
2025-07-16,39335,2025071603012854,MLBL,Aryatara Investment & Securities,Trishakti Securities Public Limited,480,412.0,197760.0,2025-07-16 13:47:09.175690
2025-07-16,39334,2025071603012855,MLBL,Sajilo Broker Limited,Trishakti Securities Public Limited,15,412.0,6180.0,2025-07-16 13:47:09.175995
2025-07-16,39333,2025071603012856,MLBL,Imperial Securities Company Pvt. Ltd.,Trishakti Securities Public Limited,97,411.3,39896.1,2025-07-16 13:47:09.176308
2025-07-16,39332,2025071603012857,MLBL,J.F. Securites (PVT) Ltd.,Trishakti Securities Public Limited,388,411.1,159506.8,2025-07-16 13:47:09.176616
2025-07-16,39137,2025071603012884,MLBL,Linch Stock Market Ltd.,Trishakti Securities Public Limited,500,412.0,206000.0,2025-07-16 13:47:30.675327
2025-07-16,39136,2025071603012885,MLBL,Linch Stock Market Ltd.,Asian Securities Private Ltd.,400,413.5,165400.0,2025-07-16 13:47:30.675836
2025-07-16,39135,2025071603012886,MLBL,Linch Stock Market Ltd.,Dynamic Money Managers Securities Pvt. Ltd.,100,413.8,41380.0,2025-07-16 13:47:30.676167
2025-07-16,39134,2025071603012887,MLBL,Linch Stock Market Ltd.,Vision Securities Pvt. Ltd,506,413.8,209382.8,2025-07-16 13:47:30.676455
2025-07-16,39133,2025071603012888,MLBL,Linch Stock Market Ltd.,South Asian Bulls Pvt. Ltd.,20,413.9,8278.0,2025-07-16 13:47:30.676757
2025-07-16,39132,2025071603012889,MLBL,Linch Stock Market Ltd.,Kalika Securities Pvt. Ltd.,100,413.9,41390.0,2025-07-16 13:47:30.677040
2025-07-16,39131,2025071603012890,MLBL,Linch Stock Market Ltd.,Online Securities Pvt. Ltd.,50,413.9,20695.0,2025-07-16 13:47:30.677323
2025-07-16,39130,2025071603012891,MLBL,Linch Stock Market Ltd.,Nagarik Stock Dealer ,900,413.9,372510.0,2025-07-16 13:47:30.677619
2025-07-16,39129,2025071603012892,MLBL,Linch Stock Market Ltd.,Thrive Brokerage House Pvt. Ltd,20,414.0,8280.0,2025-07-16 13:47:30.677901
2025-07-16,39128,2025071603012893,MLBL,Linch Stock Market Ltd.,Premier Securities Company Ltd.,200,414.0,82800.0,2025-07-16 13:47:30.678203
2025-07-16,39127,2025071603012894,MLBL,Linch Stock Market Ltd.,Investment Management Nepal Pvt. Ltd.,704,414.0,291456.0,2025-07-16 13:47:30.678478
2025-07-16,38869,2025071603012945,MLBL,Kohinoor Investment & Securities Pvt. Ltd.,Market Securities & Exchange (PVT) Ltd.,10,413.9,4139.0,2025-07-16 13:48:14.233997
2025-07-16,38595,2025071603012990,MLBL,Naasa Securities Co. Ltd.,Market Securities & Exchange (PVT) Ltd.,190,413.9,78641.0,2025-07-16 13:48:53.205231
2025-07-16,38594,2025071603012991,MLBL,Naasa Securities Co. Ltd.,Imperial Securities Company Pvt. Ltd.,410,413.9,169699.0,2025-07-16 13:48:53.205275
2025-07-16,38346,2025071603013035,MLBL,Cristal Kanchanjanga Securites Pvt. Ltd.,Sundhara Securities Limited,65,411.2,26728.0,2025-07-16 13:49:31.800535
2025-07-16,38081,2025071603013101,MLBL,Opal Securities Investment (PVT) Ltd.,Asian Securities Private Ltd.,20,411.3,8226.0,2025-07-16 13:50:10.974814
2025-07-16,37774,2025071603013186,MLBL,Imperial Securities Company Pvt. Ltd.,Siprabi Securities Pvt. Ltd.,10,413.7,4137.0,2025-07-16 13:51:02.930617
2025-07-16,37773,2025071603013187,MLBL,Imperial Securities Company Pvt. Ltd.,Vision Securities Pvt. Ltd,20,413.8,8276.0,2025-07-16 13:51:02.931212
2025-07-16,37772,2025071603013188,MLBL,Imperial Securities Company Pvt. Ltd.,Imperial Securities Company Pvt. Ltd.,880,413.9,364232.0,2025-07-16 13:51:02.931567
2025-07-16,37771,2025071603013189,MLBL,Imperial Securities Company Pvt. Ltd.,Investment Management Nepal Pvt. Ltd.,90,414.0,37260.0,2025-07-16 13:51:02.931874
2025-07-16,37689,2025071603013200,MLBL,Trishakti Securities Public Limited,Investment Management Nepal Pvt. Ltd.,10,414.0,4140.0,2025-07-16 13:51:11.576976
2025-07-16,37465,2025071603013261,MLBL,Imperial Securities Company Pvt. Ltd.,Investment Management Nepal Pvt. Ltd.,196,414.0,81144.0,2025-07-16 13:51:50.640725
2025-07-16,37464,2025071603013262,MLBL,Imperial Securities Company Pvt. Ltd.,Kohinoor Investment & Securities Pvt. Ltd.,204,414.0,84456.0,2025-07-16 13:51:50.640990
2025-07-16,37305,2025071603013303,MLBL,Imperial Securities Company Pvt. Ltd.,Kohinoor Investment & Securities Pvt. Ltd.,96,414.0,39744.0,2025-07-16 13:52:11.946855
2025-07-16,37304,2025071603013304,MLBL,Imperial Securities Company Pvt. Ltd.,Linch Stock Market Ltd.,100,414.0,41400.0,2025-07-16 13:52:11.947115
2025-07-16,37303,2025071603013305,MLBL,Imperial Securities Company Pvt. Ltd.,Cristal Kanchanjanga Securites Pvt. Ltd.,300,414.0,124200.0,2025-07-16 13:52:11.947222
2025-07-16,37302,2025071603013306,MLBL,Imperial Securities Company Pvt. Ltd.,Aryatara Investment & Securities,504,414.0,208656.0,2025-07-16 13:52:11.947362
2025-07-16,36016,2025071603013589,MLBL,Ashutosh Brokerage & Securities (PVT) Ltd.,Trishakti Securities Public Limited,100,411.5,41150.0,2025-07-16 13:55:18.562747
2025-07-16,36015,2025071603013590,MLBL,Capital Max Securities Ltd,Trishakti Securities Public Limited,200,411.5,82300.0,2025-07-16 13:55:18.562791
2025-07-16,36014,2025071603013591,MLBL,Naasa Securities Co. Ltd.,Trishakti Securities Public Limited,200,411.4,82280.0,2025-07-16 13:55:18.562819
2025-07-16,35741,2025071603013609,MLBL,Trishakti Securities Public Limited,Oxford Securities Pvt. Ltd.,10,413.0,4130.0,2025-07-16 13:55:58.904462
2025-07-16,35412,2025071603013667,MLBL,Naasa Securities Co. Ltd.,Imperial Securities Company Pvt. Ltd.,100,411.4,41140.0,2025-07-16 13:56:40.386928
2025-07-16,35232,2025071603013698,MLBL,Naasa Securities Co. Ltd.,MILKY WAY SHARE BROKER COMPANY LTD ,200,411.4,82280.0,2025-07-16 13:57:05.272340
2025-07-16,35231,2025071603013699,MLBL,Online Securities Pvt. Ltd.,MILKY WAY SHARE BROKER COMPANY LTD ,1000,411.4,411400.0,2025-07-16 13:57:05.272582
2025-07-16,35000,2025071603013768,MLBL,Kalika Securities Pvt. Ltd.,Online Securities Pvt. Ltd.,100,411.3,41130.0,2025-07-16 13:57:33.112290
2025-07-16,34953,2025071603013776,MLBL,Kalika Securities Pvt. Ltd.,Imperial Securities Company Pvt. Ltd.,900,411.3,370170.0,2025-07-16 13:57:38.135632
2025-07-16,34952,2025071603013777,MLBL,Cristal Kanchanjanga Securites Pvt. Ltd.,Imperial Securities Company Pvt. Ltd.,100,411.2,41120.0,2025-07-16 13:57:38.136160
2025-07-16,34822,2025071603013800,MLBL,Cristal Kanchanjanga Securites Pvt. Ltd.,Magnet Securities and Investment Company Private Limited,135,411.2,55512.0,2025-07-16 13:57:59.742760
2025-07-16,34821,2025071603013801,MLBL,Online Securities Pvt. Ltd.,Magnet Securities and Investment Company Private Limited,500,411.2,205600.0,2025-07-16 13:57:59.743079
2025-07-16,34820,2025071603013802,MLBL,J.F. Securites (PVT) Ltd.,Magnet Securities and Investment Company Private Limited,365,411.1,150051.5,2025-07-16 13:57:59.743306
2025-07-16,34748,2025071603013822,MLBL,J.F. Securites (PVT) Ltd.,MILKY WAY SHARE BROKER COMPANY LTD ,300,411.4,123420.0,2025-07-16 13:58:12.853723
2025-07-16,34686,2025071603013842,MLBL,Trishakti Securities Public Limited,Vision Securities Pvt. Ltd,50,412.0,20600.0,2025-07-16 13:58:24.226536
2025-07-16,34678,2025071603013844,MLBL,Trishakti Securities Public Limited,Sundhara Securities Limited,73,412.0,30076.0,2025-07-16 13:58:26.845220
2025-07-16,34182,2025071603013939,MLBL,Trishakti Securities Public Limited,Midas Stock Broking Company Private Limited,377,412.9,155663.3,2025-07-16 13:59:52.959048
2025-07-16,33731,2025071603014070,MLBL,Sani Securities Company Ltd.,Kalika Securities Pvt. Ltd.,95,412.0,39140.0,2025-07-16 14:01:04.063713
2025-07-16,33517,2025071603014098,MLBL,Infinity Securities Limited,Midas Stock Broking Company Private Limited,83,412.9,34270.7,2025-07-16 14:01:46.488471
2025-07-16,33516,2025071603014099,MLBL,Infinity Securities Limited,Midas Stock Broking Company Private Limited,395,412.9,163095.5,2025-07-16 14:01:46.489002
2025-07-16,33507,2025071603014101,MLBL,Dakshinkali Investment & Securities Pvt. Ltd.,Sundhara Securities Limited,100,412.0,41200.0,2025-07-16 14:01:48.871041
2025-07-16,33425,2025071603014123,MLBL,Infinity Securities Limited,Oxford Securities Pvt. Ltd.,40,413.0,16520.0,2025-07-16 14:02:07.585712
2025-07-16,33424,2025071603014124,MLBL,Infinity Securities Limited,Online Securities Pvt. Ltd.,100,413.0,41300.0,2025-07-16 14:02:07.586069
2025-07-16,33423,2025071603014125,MLBL,Infinity Securities Limited,Sri Hari Securities Pvt. Ltd.,360,413.0,148680.0,2025-07-16 14:02:07.586247
2025-07-16,33385,2025071603014132,MLBL,Trishakti Securities Public Limited,Sri Hari Securities Pvt. Ltd.,10,413.0,4130.0,2025-07-16 14:02:14.499938
2025-07-16,33354,2025071603014138,MLBL,Infinity Securities Limited,Sri Hari Securities Pvt. Ltd.,100,413.0,41300.0,2025-07-16 14:02:23.595595
2025-07-16,32812,2025071603014220,MLBL,Dakshinkali Investment & Securities Pvt. Ltd.,Asian Securities Private Ltd.,185,412.0,76220.0,2025-07-16 14:03:35.559620
2025-07-16,32759,2025071603014232,MLBL,ABC Securities Private Limited,Vision Securities Pvt. Ltd,10,412.8,4128.0,2025-07-16 14:03:48.558382
2025-07-16,32758,2025071603014233,MLBL,ABC Securities Private Limited,Aryatara Investment & Securities,1000,412.9,412900.0,2025-07-16 14:03:48.558913
2025-07-16,32757,2025071603014234,MLBL,ABC Securities Private Limited,Sri Hari Securities Pvt. Ltd.,30,413.0,12390.0,2025-07-16 14:03:48.559262
2025-07-16,32756,2025071603014235,MLBL,ABC Securities Private Limited,Secured Securities Ltd.,250,413.0,103250.0,2025-07-16 14:03:48.559571
2025-07-16,32755,2025071603014236,MLBL,ABC Securities Private Limited,Primo Securities (PVT) Ltd.,50,413.0,20650.0,2025-07-16 14:03:48.559882
2025-07-16,32754,2025071603014237,MLBL,ABC Securities Private Limited,ABC Securities Private Limited,65,413.0,26845.0,2025-07-16 14:03:48.560209
2025-07-16,32753,2025071603014238,MLBL,ABC Securities Private Limited,Linch Stock Market Ltd.,130,413.0,53690.0,2025-07-16 14:03:48.560512
2025-07-16,32752,2025071603014239,MLBL,ABC Securities Private Limited,Aryatara Investment & Securities,300,413.0,123900.0,2025-07-16 14:03:48.560824
2025-07-16,32735,2025071603014241,MLBL,ABC Securities Private Limited,Online Securities Pvt. Ltd.,100,413.0,41300.0,2025-07-16 14:03:50.593867
2025-07-16,32469,2025071603014329,MLBL,ABC Securities Private Limited,SHUBHAKAMANA SECURITIES PVT. LTD,25,413.3,10332.5,2025-07-16 14:04:43.099523
2025-07-16,32468,2025071603014330,MLBL,ABC Securities Private Limited,Oxford Securities Pvt. Ltd.,100,413.3,41330.0,2025-07-16 14:04:43.099875
2025-07-16,32467,2025071603014331,MLBL,ABC Securities Private Limited,South Asian Bulls Pvt. Ltd.,40,413.4,16536.0,2025-07-16 14:04:43.100002
2025-07-16,32466,2025071603014332,MLBL,ABC Securities Private Limited,Trishakti Securities Public Limited,200,413.4,82680.0,2025-07-16 14:04:43.100128
2025-07-16,32465,2025071603014333,MLBL,ABC Securities Private Limited,Blue Chip Securities Ltd,1005,413.5,415567.5,2025-07-16 14:04:43.100253
2025-07-16,32464,2025071603014334,MLBL,ABC Securities Private Limited,SHUBHAKAMANA SECURITIES PVT. LTD,25,413.8,10345.0,2025-07-16 14:04:43.100399
2025-07-16,32463,2025071603014335,MLBL,ABC Securities Private Limited,MILKY WAY SHARE BROKER COMPANY LTD ,1500,413.9,620850.0,2025-07-16 14:04:43.100526
2025-07-16,32462,2025071603014336,MLBL,ABC Securities Private Limited,Aryatara Investment & Securities,1496,414.0,619344.0,2025-07-16 14:04:43.100643
2025-07-16,32461,2025071603014337,MLBL,ABC Securities Private Limited,Ashutosh Brokerage & Securities (PVT) Ltd.,200,414.0,82800.0,2025-07-16 14:04:43.100763
2025-07-16,32460,2025071603014338,MLBL,ABC Securities Private Limited,Dakshinkali Investment & Securities Pvt. Ltd.,250,414.0,103500.0,2025-07-16 14:04:43.100883
2025-07-16,32459,2025071603014339,MLBL,ABC Securities Private Limited,Trishakti Securities Public Limited,240,414.0,99360.0,2025-07-16 14:04:43.101006
2025-07-16,32458,2025071603014340,MLBL,ABC Securities Private Limited,Naasa Securities Co. Ltd.,15,414.0,6210.0,2025-07-16 14:04:43.101119
2025-07-16,32457,2025071603014341,MLBL,ABC Securities Private Limited,Vision Securities Pvt. Ltd,50,414.0,20700.0,2025-07-16 14:04:43.101218
2025-07-16,32456,2025071603014342,MLBL,ABC Securities Private Limited,Aryatara Investment & Securities,100,414.0,41400.0,2025-07-16 14:04:43.101320
2025-07-16,32455,2025071603014343,MLBL,ABC Securities Private Limited,Vision Securities Pvt. Ltd,64,414.0,26496.0,2025-07-16 14:04:43.101420
2025-07-16,32448,2025071603014345,MLBL,ABC Securities Private Limited,Naasa Securities Co. Ltd.,100,414.0,41400.0,2025-07-16 14:04:44.996407
2025-07-16,32278,2025071603014383,MLBL,Infinity Securities Limited,Vision Securities Pvt. Ltd,1000,414.1,414100.0,2025-07-16 14:05:16.090315
2025-07-16,32200,2025071603014411,MLBL,ABC Securities Private Limited,Online Securities Pvt. Ltd.,24,414.0,9936.0,2025-07-16 14:05:25.950013
2025-07-16,32199,2025071603014412,MLBL,ABC Securities Private Limited,Online Securities Pvt. Ltd.,79,413.0,32627.0,2025-07-16 14:05:25.950529
2025-07-16,31498,2025071603014562,MLBL,Trishakti Securities Public Limited,Linch Stock Market Ltd.,10,414.5,4145.0,2025-07-16 14:07:27.416699
2025-07-16,31441,2025071603014569,MLBL,Bhrikuti Stock Broking Co. Pvt. Ltd.,Neev Securities Pvt. Ltd.,45,413.1,18589.5,2025-07-16 14:07:36.245134
2025-07-16,31200,2025071603014648,MLBL,Trishakti Securities Public Limited,Dipshikha Dhitopatra Karobar Co. Pvt Ltd.,10,414.3,4143.0,2025-07-16 14:08:28.915238
2025-07-16,30706,2025071603014789,MLBL,J.F. Securites (PVT) Ltd.,Online Securities Pvt. Ltd.,500,414.0,207000.0,2025-07-16 14:10:08.634809
2025-07-16,30623,2025071603014805,MLBL,Dakshinkali Investment & Securities Pvt. Ltd.,Dipshikha Dhitopatra Karobar Co. Pvt Ltd.,40,414.3,16572.0,2025-07-16 14:10:22.541741
2025-07-16,30622,2025071603014806,MLBL,Dakshinkali Investment & Securities Pvt. Ltd.,South Asian Bulls Pvt. Ltd.,30,414.4,12432.0,2025-07-16 14:10:22.542283
2025-07-16,30621,2025071603014807,MLBL,Dakshinkali Investment & Securities Pvt. Ltd.,Linch Stock Market Ltd.,790,414.5,327455.0,2025-07-16 14:10:22.542638
2025-07-16,30620,2025071603014808,MLBL,Dakshinkali Investment & Securities Pvt. Ltd.,Imperial Securities Company Pvt. Ltd.,10,414.5,4145.0,2025-07-16 14:10:22.543012
2025-07-16,30619,2025071603014809,MLBL,Dakshinkali Investment & Securities Pvt. Ltd.,Online Securities Pvt. Ltd.,100,414.5,41450.0,2025-07-16 14:10:22.543359
2025-07-16,30618,2025071603014810,MLBL,Dakshinkali Investment & Securities Pvt. Ltd.,Himalayan Securities Limited,500,414.6,207300.0,2025-07-16 14:10:22.543684
2025-07-16,30616,2025071603014811,MLBL,Dakshinkali Investment & Securities Pvt. Ltd.,Oxford Securities Pvt. Ltd.,100,414.9,41490.0,2025-07-16 14:10:22.544003
2025-07-16,30615,2025071603014812,MLBL,Dakshinkali Investment & Securities Pvt. Ltd.,Malla & Malla Stock Broking Company Pvt. Limited,20,414.9,8298.0,2025-07-16 14:10:22.544341
2025-07-16,30614,2025071603014813,MLBL,Dakshinkali Investment & Securities Pvt. Ltd.,Kumari Securities Private Limited,150,414.9,62235.0,2025-07-16 14:10:22.544664
2025-07-16,30613,2025071603014814,MLBL,Dakshinkali Investment & Securities Pvt. Ltd.,Cristal Kanchanjanga Securites Pvt. Ltd.,500,414.9,207450.0,2025-07-16 14:10:22.544973
2025-07-16,30612,2025071603014815,MLBL,Dakshinkali Investment & Securities Pvt. Ltd.,Online Securities Pvt. Ltd.,40,415.0,16600.0,2025-07-16 14:10:22.545357
2025-07-16,30611,2025071603014816,MLBL,Dakshinkali Investment & Securities Pvt. Ltd.,Siprabi Securities Pvt. Ltd.,30,415.0,12450.0,2025-07-16 14:10:22.545683
2025-07-16,30610,2025071603014817,MLBL,Dakshinkali Investment & Securities Pvt. Ltd.,Primo Securities (PVT) Ltd.,150,415.0,62250.0,2025-07-16 14:10:22.546003
2025-07-16,30609,2025071603014818,MLBL,Dakshinkali Investment & Securities Pvt. Ltd.,Thrive Brokerage House Pvt. Ltd,300,415.0,124500.0,2025-07-16 14:10:22.546349
2025-07-16,30608,2025071603014819,MLBL,Dakshinkali Investment & Securities Pvt. Ltd.,Primo Securities (PVT) Ltd.,1000,415.0,415000.0,2025-07-16 14:10:22.546648
2025-07-16,30607,2025071603014820,MLBL,Dakshinkali Investment & Securities Pvt. Ltd.,Vision Securities Pvt. Ltd,151,415.0,62665.0,2025-07-16 14:10:22.547000
2025-07-16,30606,2025071603014821,MLBL,Dakshinkali Investment & Securities Pvt. Ltd.,Agrawal Securities (PVT) Ltd.,89,415.0,36935.0,2025-07-16 14:10:22.547342
2025-07-16,30569,2025071603014834,MLBL,Kohinoor Investment & Securities Pvt. Ltd.,Agrawal Securities (PVT) Ltd.,100,415.0,41500.0,2025-07-16 14:10:30.909006
2025-07-16,30468,2025071603014855,MLBL,J.F. Securites (PVT) Ltd.,Kalika Securities Pvt. Ltd.,15,414.0,6210.0,2025-07-16 14:10:56.171797
2025-07-16,30361,2025071603014910,MLBL,J.F. Securites (PVT) Ltd.,Magnet Securities and Investment Company Private Limited,485,414.0,200790.0,2025-07-16 14:11:11.196786
2025-07-16,30360,2025071603014911,MLBL,ABC Securities Private Limited,Magnet Securities and Investment Company Private Limited,115,414.0,47610.0,2025-07-16 14:11:11.196881
2025-07-16,30314,2025071603014921,MLBL,KALASH STOCK MARKET PVT. LTD.,Sewa Securities Pvt. Ltd.,30,414.9,12447.0,2025-07-16 14:11:17.620563
2025-07-16,30313,2025071603014922,MLBL,KALASH STOCK MARKET PVT. LTD.,Cristal Kanchanjanga Securites Pvt. Ltd.,2000,414.9,829800.0,2025-07-16 14:11:17.620830
2025-07-16,30312,2025071603014923,MLBL,KALASH STOCK MARKET PVT. LTD.,Miyo Securities Pvt Ltd,476,414.9,197492.4,2025-07-16 14:11:17.620934
2025-07-16,30311,2025071603014924,MLBL,KALASH STOCK MARKET PVT. LTD.,Agrawal Securities (PVT) Ltd.,111,415.0,46065.0,2025-07-16 14:11:17.621072
2025-07-16,30310,2025071603014925,MLBL,KALASH STOCK MARKET PVT. LTD.,Aryatara Investment & Securities,100,415.0,41500.0,2025-07-16 14:11:17.621184
2025-07-16,30309,2025071603014926,MLBL,KALASH STOCK MARKET PVT. LTD.,Vision Securities Pvt. Ltd,100,415.0,41500.0,2025-07-16 14:11:17.621290
2025-07-16,30308,2025071603014927,MLBL,KALASH STOCK MARKET PVT. LTD.,Oxford Securities Pvt. Ltd.,100,415.0,41500.0,2025-07-16 14:11:17.621463
2025-07-16,30307,2025071603014928,MLBL,KALASH STOCK MARKET PVT. LTD.,Dakshinkali Investment & Securities Pvt. Ltd.,20,415.0,8300.0,2025-07-16 14:11:17.621613
2025-07-16,30306,2025071603014929,MLBL,KALASH STOCK MARKET PVT. LTD.,Secured Securities Ltd.,1100,415.0,456500.0,2025-07-16 14:11:17.621763
2025-07-16,30305,2025071603014930,MLBL,KALASH STOCK MARKET PVT. LTD.,Dynamic Money Managers Securities Pvt. Ltd.,10,415.0,4150.0,2025-07-16 14:11:17.621915
2025-07-16,30304,2025071603014931,MLBL,KALASH STOCK MARKET PVT. LTD.,ABC Securities Private Limited,900,415.0,373500.0,2025-07-16 14:11:17.622077
2025-07-16,30303,2025071603014932,MLBL,KALASH STOCK MARKET PVT. LTD.,Naasa Securities Co. Ltd.,53,415.0,21995.0,2025-07-16 14:11:17.622210
2025-07-16,30293,2025071603014935,MLBL,Trishakti Securities Public Limited,Naasa Securities Co. Ltd.,10,415.0,4150.0,2025-07-16 14:11:20.227383
2025-07-16,30254,2025071603014942,MLBL,KALASH STOCK MARKET PVT. LTD.,Naasa Securities Co. Ltd.,37,415.0,15355.0,2025-07-16 14:11:29.670812
2025-07-16,30253,2025071603014943,MLBL,KALASH STOCK MARKET PVT. LTD.,Aryatara Investment & Securities,100,415.0,41500.0,2025-07-16 14:11:29.671126
2025-07-16,30252,2025071603014944,MLBL,KALASH STOCK MARKET PVT. LTD.,Kohinoor Investment & Securities Pvt. Ltd.,500,415.0,207500.0,2025-07-16 14:11:29.671230
2025-07-16,30251,2025071603014945,MLBL,KALASH STOCK MARKET PVT. LTD.,Thrive Brokerage House Pvt. Ltd,20,415.0,8300.0,2025-07-16 14:11:29.671329
2025-07-16,30250,2025071603014946,MLBL,KALASH STOCK MARKET PVT. LTD.,Agrawal Securities (PVT) Ltd.,100,415.0,41500.0,2025-07-16 14:11:29.671425
2025-07-16,30249,2025071603014947,MLBL,KALASH STOCK MARKET PVT. LTD.,Sani Securities Company Ltd.,53,415.0,21995.0,2025-07-16 14:11:29.671523
2025-07-16,30248,2025071603014948,MLBL,KALASH STOCK MARKET PVT. LTD.,Shree Krishna Securities Ltd.,1290,415.0,535350.0,2025-07-16 14:11:29.671778
2025-07-16,30247,2025071603014949,MLBL,KALASH STOCK MARKET PVT. LTD.,Shree Krishna Securities Ltd.,500,415.0,207500.0,2025-07-16 14:11:29.671885
2025-07-16,30246,2025071603014950,MLBL,KALASH STOCK MARKET PVT. LTD.,Elite Stock House Limited,900,415.6,374040.0,2025-07-16 14:11:29.672000
2025-07-16,30245,2025071603014951,MLBL,KALASH STOCK MARKET PVT. LTD.,Aryatara Investment & Securities,50,415.8,20790.0,2025-07-16 14:11:29.672110
2025-07-16,30244,2025071603014952,MLBL,KALASH STOCK MARKET PVT. LTD.,Sani Securities Company Ltd.,20,416.0,8320.0,2025-07-16 14:11:29.672210
2025-07-16,30243,2025071603014953,MLBL,KALASH STOCK MARKET PVT. LTD.,Sumeru Securities Pvt. Ltd.,100,416.0,41600.0,2025-07-16 14:11:29.672308
2025-07-16,30242,2025071603014954,MLBL,KALASH STOCK MARKET PVT. LTD.,Shree Krishna Securities Ltd.,100,416.0,41600.0,2025-07-16 14:11:29.672398
2025-07-16,30241,2025071603014955,MLBL,KALASH STOCK MARKET PVT. LTD.,Premier Securities Company Ltd.,200,416.0,83200.0,2025-07-16 14:11:29.672492
2025-07-16,30240,2025071603014956,MLBL,KALASH STOCK MARKET PVT. LTD.,Nepal Investment And Securities Trading Private Limited,10,416.0,4160.0,2025-07-16 14:11:29.672589
2025-07-16,30239,2025071603014957,MLBL,KALASH STOCK MARKET PVT. LTD.,Online Securities Pvt. Ltd.,100,416.0,41600.0,2025-07-16 14:11:29.672684
2025-07-16,30238,2025071603014958,MLBL,KALASH STOCK MARKET PVT. LTD.,Sani Securities Company Ltd.,200,416.0,83200.0,2025-07-16 14:11:29.672778
2025-07-16,30237,2025071603014959,MLBL,KALASH STOCK MARKET PVT. LTD.,Naasa Securities Co. Ltd.,500,416.0,208000.0,2025-07-16 14:11:29.672871
2025-07-16,30236,2025071603014960,MLBL,KALASH STOCK MARKET PVT. LTD.,Shree Krishna Securities Ltd.,220,416.0,91520.0,2025-07-16 14:11:29.672967
2025-07-16,30154,2025071603014976,MLBL,Sri Hari Securities Pvt. Ltd.,Deevyaa Securities & Stock House Pvt. Ltd,44,414.4,18233.6,2025-07-16 14:11:45.502295
2025-07-16,30120,2025071603014980,MLBL,Nagarik Stock Dealer ,Creative Securities Pvt Ltd,320,414.5,132640.0,2025-07-16 14:11:52.846980
2025-07-16,30119,2025071603014981,MLBL,Nagarik Stock Dealer ,Naasa Securities Co. Ltd.,680,415.0,282200.0,2025-07-16 14:11:52.847237
2025-07-16,29974,2025071603015008,MLBL,Himalayan Brokerage Company Limited,Naasa Securities Co. Ltd.,200,415.0,83000.0,2025-07-16 14:12:09.229359
2025-07-16,29926,2025071603015022,MLBL,Neev Securities Pvt. Ltd.,Naasa Securities Co. Ltd.,616,415.0,255640.0,2025-07-16 14:12:16.688187
2025-07-16,29916,2025071603015025,MLBL,J.F. Securites (PVT) Ltd.,Naasa Securities Co. Ltd.,19,415.0,7885.0,2025-07-16 14:12:19.822538
2025-07-16,29915,2025071603015026,MLBL,J.F. Securites (PVT) Ltd.,Oxford Securities Pvt. Ltd.,59,415.0,24485.0,2025-07-16 14:12:19.823007
2025-07-16,29882,2025071603015029,MLBL,Kohinoor Investment & Securities Pvt. Ltd.,Shree Krishna Securities Ltd.,30,416.0,12480.0,2025-07-16 14:12:26.843131
2025-07-16,29881,2025071603015030,MLBL,Kohinoor Investment & Securities Pvt. Ltd.,Sumeru Securities Pvt. Ltd.,11,416.0,4576.0,2025-07-16 14:12:26.843601
2025-07-16,29880,2025071603015031,MLBL,Kohinoor Investment & Securities Pvt. Ltd.,Dynamic Money Managers Securities Pvt. Ltd.,159,416.0,66144.0,2025-07-16 14:12:26.843914
2025-07-16,29826,2025071603015044,MLBL,South Asian Bulls Pvt. Ltd.,Dynamic Money Managers Securities Pvt. Ltd.,431,416.0,179296.0,2025-07-16 14:12:34.588307
