Date,S.N.,contract_id,symbol,buyer_broker,seller_broker,volume,price,amount,transaction_time
2025-07-16,97179,2025071603000405,MNBBL,Sunrise Securities Limited,Opal Securities Investment (PVT) Ltd.,150,392.2,58830.0,2025-07-16 11:08:10.290077
2025-07-16,96278,2025071603000549,MNBBL,Sagarmatha Securities Private Limited,Vision Securities Pvt. Ltd,90,396.0,35640.0,2025-07-16 11:10:48.155464
2025-07-16,96277,2025071603000550,MNBBL,Sagarmatha Securities Private Limited,Nagarik Stock Dealer ,2000,398.0,796000.0,2025-07-16 11:10:48.155533
2025-07-16,96276,2025071603000551,MNBBL,Sagarmatha Securities Private Limited,Asian Securities Private Ltd.,100,398.0,39800.0,2025-07-16 11:10:48.155566
2025-07-16,95919,2025071603000633,MNBBL,Sagarmatha Securities Private Limited,SHUBHAKAMANA SECURITIES PVT. LTD,500,398.0,199000.0,2025-07-16 11:11:43.662953
2025-07-16,95344,2025071603000802,MNBBL,Online Securities Pvt. Ltd.,Opal Securities Investment (PVT) Ltd.,10,397.0,3970.0,2025-07-16 11:12:58.621341
2025-07-16,95343,2025071603000803,MNBBL,ABC Securities Private Limited,Opal Securities Investment (PVT) Ltd.,10,395.0,3950.0,2025-07-16 11:12:58.621436
2025-07-16,95342,2025071603000804,MNBBL,Dynamic Money Managers Securities Pvt. Ltd.,Opal Securities Investment (PVT) Ltd.,166,394.1,65420.6,2025-07-16 11:12:58.621507
2025-07-16,94179,2025071603001006,MNBBL,Dynamic Money Managers Securities Pvt. Ltd.,pahiinvestment,10,394.1,3941.0,2025-07-16 11:16:19.100749
2025-07-16,91192,2025071603001637,MNBBL,Bhrikuti Stock Broking Co. Pvt. Ltd.,SHUBHAKAMANA SECURITIES PVT. LTD,10,396.0,3960.0,2025-07-16 11:24:42.032519
2025-07-16,91191,2025071603001638,MNBBL,Dynamic Money Managers Securities Pvt. Ltd.,SHUBHAKAMANA SECURITIES PVT. LTD,324,395.1,128012.4,2025-07-16 11:24:42.032729
2025-07-16,91190,2025071603001639,MNBBL,Kohinoor Investment & Securities Pvt. Ltd.,SHUBHAKAMANA SECURITIES PVT. LTD,166,395.0,65570.0,2025-07-16 11:24:42.032870
2025-07-16,90067,2025071603001912,MNBBL,Kohinoor Investment & Securities Pvt. Ltd.,Aryatara Investment & Securities,200,398.1,79620.0,2025-07-16 11:27:33.981930
2025-07-16,89734,2025071603001988,MNBBL,Naasa Securities Co. Ltd.,Aryatara Investment & Securities,13,398.1,5175.3,2025-07-16 11:28:23.995142
2025-07-16,89176,2025071603002131,MNBBL,Bhrikuti Stock Broking Co. Pvt. Ltd.,Sani Securities Company Ltd.,10,397.0,3970.0,2025-07-16 11:29:49.502833
2025-07-16,87655,2025071603002468,MNBBL,Kohinoor Investment & Securities Pvt. Ltd.,Aryatara Investment & Securities,74,398.1,29459.4,2025-07-16 11:33:32.061604
2025-07-16,87654,2025071603002469,MNBBL,Kohinoor Investment & Securities Pvt. Ltd.,Premier Securities Company Ltd.,500,399.0,199500.0,2025-07-16 11:33:32.061654
2025-07-16,87653,2025071603002470,MNBBL,Kohinoor Investment & Securities Pvt. Ltd.,Cristal Kanchanjanga Securites Pvt. Ltd.,426,399.0,169974.0,2025-07-16 11:33:32.061677
2025-07-16,87075,2025071603002663,MNBBL,Naasa Securities Co. Ltd.,Sani Securities Company Ltd.,10,397.0,3970.0,2025-07-16 11:35:02.628784
2025-07-16,86788,2025071603002747,MNBBL,Naasa Securities Co. Ltd.,Cristal Kanchanjanga Securites Pvt. Ltd.,74,397.0,29378.0,2025-07-16 11:35:51.706474
2025-07-16,86437,2025071603002817,MNBBL,Naasa Securities Co. Ltd.,Naasa Securities Co. Ltd.,100,399.8,39980.0,2025-07-16 11:36:45.996585
2025-07-16,86436,2025071603002818,MNBBL,Naasa Securities Co. Ltd.,Imperial Securities Company Pvt. Ltd.,100,399.8,39980.0,2025-07-16 11:36:45.996747
2025-07-16,85658,2025071603003003,MNBBL,Nepal Stock House (PVT) Ltd.,Naasa Securities Co. Ltd.,100,399.7,39970.0,2025-07-16 11:38:27.575450
2025-07-16,85657,2025071603003004,MNBBL,Nepal Stock House (PVT) Ltd.,Deevyaa Securities & Stock House Pvt. Ltd,300,399.8,119940.0,2025-07-16 11:38:27.575589
2025-07-16,85656,2025071603003005,MNBBL,Nepal Stock House (PVT) Ltd.,Imperial Securities Company Pvt. Ltd.,100,399.8,39980.0,2025-07-16 11:38:27.575652
2025-07-16,85655,2025071603003006,MNBBL,Nepal Stock House (PVT) Ltd.,Secured Securities Ltd.,50,399.8,19990.0,2025-07-16 11:38:27.575704
2025-07-16,85654,2025071603003007,MNBBL,Nepal Stock House (PVT) Ltd.,Sweta Securities Private Limited,450,399.9,179955.0,2025-07-16 11:38:27.575759
2025-07-16,84518,2025071603003273,MNBBL,Online Securities Pvt. Ltd.,Siprabi Securities Pvt. Ltd.,14,399.0,5586.0,2025-07-16 11:40:59.069085
2025-07-16,84517,2025071603003274,MNBBL,Online Securities Pvt. Ltd.,Naasa Securities Co. Ltd.,36,399.8,14392.8,2025-07-16 11:40:59.069391
2025-07-16,83878,2025071603003406,MNBBL,Ashutosh Brokerage & Securities (PVT) Ltd.,Online Securities Pvt. Ltd.,50,397.7,19885.0,2025-07-16 11:42:09.864045
2025-07-16,83877,2025071603003407,MNBBL,Trishakti Securities Public Limited,Online Securities Pvt. Ltd.,300,397.6,119280.0,2025-07-16 11:42:09.864209
2025-07-16,83876,2025071603003408,MNBBL,Nepal Stock House (PVT) Ltd.,Online Securities Pvt. Ltd.,1000,397.5,397500.0,2025-07-16 11:42:09.864271
2025-07-16,83875,2025071603003409,MNBBL,Naasa Securities Co. Ltd.,Online Securities Pvt. Ltd.,16,397.0,6352.0,2025-07-16 11:42:09.864328
2025-07-16,83874,2025071603003410,MNBBL,Online Securities Pvt. Ltd.,Online Securities Pvt. Ltd.,10,397.0,3970.0,2025-07-16 11:42:09.864388
2025-07-16,83873,2025071603003411,MNBBL,Nepal Stock House (PVT) Ltd.,Online Securities Pvt. Ltd.,1000,397.0,397000.0,2025-07-16 11:42:09.864447
2025-07-16,83872,2025071603003412,MNBBL,Thrive Brokerage House Pvt. Ltd,Online Securities Pvt. Ltd.,50,397.0,19850.0,2025-07-16 11:42:09.864524
2025-07-16,83871,2025071603003413,MNBBL,Sweta Securities Private Limited,Online Securities Pvt. Ltd.,1574,397.0,624878.0,2025-07-16 11:42:09.864582
2025-07-16,82531,2025071603003687,MNBBL,Sundhara Securities Limited,Naasa Securities Co. Ltd.,100,397.1,39710.0,2025-07-16 11:44:50.903589
2025-07-16,82394,2025071603003731,MNBBL,Sundhara Securities Limited,Naasa Securities Co. Ltd.,90,397.1,35739.0,2025-07-16 11:45:06.039387
2025-07-16,82297,2025071603003748,MNBBL,Sundhara Securities Limited,Online Securities Pvt. Ltd.,810,397.1,321651.0,2025-07-16 11:45:19.619373
2025-07-16,82296,2025071603003749,MNBBL,Sweta Securities Private Limited,Online Securities Pvt. Ltd.,190,397.0,75430.0,2025-07-16 11:45:19.619509
2025-07-16,82116,2025071603003791,MNBBL,Sweta Securities Private Limited,Online Securities Pvt. Ltd.,20,397.0,7940.0,2025-07-16 11:45:38.737568
2025-07-16,81499,2025071603003964,MNBBL,Bhrikuti Stock Broking Co. Pvt. Ltd.,Pragyan Securities (PVT) Ltd.,20,399.0,7980.0,2025-07-16 11:46:49.716846
2025-07-16,81450,2025071603003975,MNBBL,Primo Securities (PVT) Ltd.,Pragyan Securities (PVT) Ltd.,980,399.0,391020.0,2025-07-16 11:46:56.511168
2025-07-16,80918,2025071603004139,MNBBL,Dakshinkali Investment & Securities Pvt. Ltd.,J.F. Securites (PVT) Ltd.,100,399.7,39970.0,2025-07-16 11:48:14.058833
2025-07-16,80869,2025071603004150,MNBBL,Kohinoor Investment & Securities Pvt. Ltd.,J.F. Securites (PVT) Ltd.,100,399.7,39970.0,2025-07-16 11:48:22.371635
2025-07-16,80387,2025071603004283,MNBBL,Primo Securities (PVT) Ltd.,Kumari Securities Private Limited,20,399.0,7980.0,2025-07-16 11:49:37.745720
2025-07-16,79257,2025071603004528,MNBBL,Asian Securities Private Ltd.,Sumeru Securities Pvt. Ltd.,100,398.0,39800.0,2025-07-16 11:52:18.442540
2025-07-16,79256,2025071603004529,MNBBL,Imperial Securities Company Pvt. Ltd.,Sumeru Securities Pvt. Ltd.,100,398.0,39800.0,2025-07-16 11:52:18.442855
2025-07-16,79077,2025071603004571,MNBBL,Sani Securities Company Ltd.,Naasa Securities Co. Ltd.,100,398.9,39890.0,2025-07-16 11:52:47.957161
2025-07-16,79076,2025071603004572,MNBBL,Sani Securities Company Ltd.,Online Securities Pvt. Ltd.,50,399.0,19950.0,2025-07-16 11:52:47.957487
2025-07-16,78827,2025071603004640,MNBBL,Naasa Securities Co. Ltd.,Online Securities Pvt. Ltd.,250,399.0,99750.0,2025-07-16 11:53:33.551614
2025-07-16,77833,2025071603004866,MNBBL,Agrawal Securities (PVT) Ltd.,Naasa Securities Co. Ltd.,100,398.9,39890.0,2025-07-16 11:56:03.797921
2025-07-16,77832,2025071603004867,MNBBL,Agrawal Securities (PVT) Ltd.,Online Securities Pvt. Ltd.,900,399.0,359100.0,2025-07-16 11:56:03.798278
2025-07-16,76763,2025071603005097,MNBBL,Bhrikuti Stock Broking Co. Pvt. Ltd.,Dynamic Money Managers Securities Pvt. Ltd.,20,398.5,7970.0,2025-07-16 11:58:57.306070
2025-07-16,76220,2025071603005271,MNBBL,KALASH STOCK MARKET PVT. LTD.,Dynamic Money Managers Securities Pvt. Ltd.,500,398.1,199050.0,2025-07-16 12:00:13.577750
2025-07-16,76102,2025071603005287,MNBBL,Nepal Investment And Securities Trading Private Limited,Dynamic Money Managers Securities Pvt. Ltd.,76,398.0,30248.0,2025-07-16 12:00:33.038092
2025-07-16,75156,2025071603005486,MNBBL,Imperial Securities Company Pvt. Ltd.,Trishakti Securities Public Limited,500,398.0,199000.0,2025-07-16 12:03:03.680290
2025-07-16,74664,2025071603005578,MNBBL,Trishakti Securities Public Limited,SUN SECURITIES PVT LTD,20,397.3,7946.0,2025-07-16 12:04:11.910329
2025-07-16,74601,2025071603005584,MNBBL,Linch Stock Market Ltd.,Trishakti Securities Public Limited,100,398.0,39800.0,2025-07-16 12:04:23.261688
2025-07-16,74600,2025071603005585,MNBBL,Linch Stock Market Ltd.,Nagarik Stock Dealer ,900,398.0,358200.0,2025-07-16 12:04:23.262094
2025-07-16,74535,2025071603005591,MNBBL,Trishakti Securities Public Limited,J.F. Securites (PVT) Ltd.,180,397.3,71514.0,2025-07-16 12:04:33.330595
2025-07-16,74534,2025071603005592,MNBBL,Kohinoor Investment & Securities Pvt. Ltd.,J.F. Securites (PVT) Ltd.,320,397.3,127136.0,2025-07-16 12:04:33.330800
2025-07-16,74512,2025071603005596,MNBBL,Nabil Stock Dealer Ltd.,Nagarik Stock Dealer ,100,398.0,39800.0,2025-07-16 12:04:39.378594
2025-07-16,74511,2025071603005597,MNBBL,Nabil Stock Dealer Ltd.,Aryatara Investment & Securities,100,398.7,39870.0,2025-07-16 12:04:39.378795
2025-07-16,74510,2025071603005598,MNBBL,Nabil Stock Dealer Ltd.,Dynamic Money Managers Securities Pvt. Ltd.,296,398.8,118044.8,2025-07-16 12:04:39.378872
2025-07-16,74509,2025071603005599,MNBBL,Nabil Stock Dealer Ltd.,Online Securities Pvt. Ltd.,1800,399.0,718200.0,2025-07-16 12:04:39.378948
2025-07-16,74508,2025071603005600,MNBBL,Nabil Stock Dealer Ltd.,Pragyan Securities (PVT) Ltd.,1000,399.0,399000.0,2025-07-16 12:04:39.379021
2025-07-16,74507,2025071603005601,MNBBL,Nabil Stock Dealer Ltd.,Nagarik Stock Dealer ,200,399.0,79800.0,2025-07-16 12:04:39.379104
2025-07-16,74506,2025071603005602,MNBBL,Nabil Stock Dealer Ltd.,Investment Management Nepal Pvt. Ltd.,20,399.0,7980.0,2025-07-16 12:04:39.379181
2025-07-16,74505,2025071603005603,MNBBL,Nabil Stock Dealer Ltd.,Aryatara Investment & Securities,12,399.0,4788.0,2025-07-16 12:04:39.379256
2025-07-16,74504,2025071603005604,MNBBL,Nabil Stock Dealer Ltd.,Online Securities Pvt. Ltd.,145,399.0,57855.0,2025-07-16 12:04:39.379328
2025-07-16,74503,2025071603005605,MNBBL,Nabil Stock Dealer Ltd.,Arun Securities (PVT) Ltd.,43,399.0,17157.0,2025-07-16 12:04:39.379398
2025-07-16,74163,2025071603005656,MNBBL,Dipshikha Dhitopatra Karobar Co. Pvt Ltd.,Imperial Securities Company Pvt. Ltd.,100,399.0,39900.0,2025-07-16 12:05:29.852573
2025-07-16,74162,2025071603005657,MNBBL,Dipshikha Dhitopatra Karobar Co. Pvt Ltd.,J.F. Securites (PVT) Ltd.,500,399.6,199800.0,2025-07-16 12:05:29.852805
2025-07-16,74161,2025071603005658,MNBBL,Dipshikha Dhitopatra Karobar Co. Pvt Ltd.,Naasa Securities Co. Ltd.,55,399.7,21983.5,2025-07-16 12:05:29.852881
2025-07-16,74160,2025071603005659,MNBBL,Dipshikha Dhitopatra Karobar Co. Pvt Ltd.,Sani Securities Company Ltd.,1400,399.7,559580.0,2025-07-16 12:05:29.852953
2025-07-16,73624,2025071603005770,MNBBL,Kohinoor Investment & Securities Pvt. Ltd.,Aryatara Investment & Securities,175,397.5,69562.5,2025-07-16 12:06:48.136694
2025-07-16,73014,2025071603005884,MNBBL,Nabil Stock Dealer Ltd.,Linch Stock Market Ltd.,67,398.0,26666.0,2025-07-16 12:08:37.738398
2025-07-16,72630,2025071603005968,MNBBL,Nabil Stock Dealer Ltd.,KALASH STOCK MARKET PVT. LTD.,50,398.0,19900.0,2025-07-16 12:09:35.266988
2025-07-16,72564,2025071603005995,MNBBL,Nabil Stock Dealer Ltd.,Naasa Securities Co. Ltd.,110,398.0,43780.0,2025-07-16 12:09:55.932155
2025-07-16,72517,2025071603006011,MNBBL,Sunrise Securities Limited,Sri Hari Securities Pvt. Ltd.,103,399.0,41097.0,2025-07-16 12:10:03.842273
2025-07-16,72516,2025071603006012,MNBBL,Sunrise Securities Limited,Dipshikha Dhitopatra Karobar Co. Pvt Ltd.,100,399.0,39900.0,2025-07-16 12:10:03.842642
2025-07-16,71874,2025071603006120,MNBBL,Sundhara Securities Limited,Kumari Securities Private Limited,500,399.1,199550.0,2025-07-16 12:11:47.180597
2025-07-16,71873,2025071603006121,MNBBL,Sunrise Securities Limited,Kumari Securities Private Limited,297,399.0,118503.0,2025-07-16 12:11:47.180807
2025-07-16,71872,2025071603006122,MNBBL,Oxford Securities Pvt. Ltd.,Kumari Securities Private Limited,30,399.0,11970.0,2025-07-16 12:11:47.180886
2025-07-16,71434,2025071603006181,MNBBL,Arun Securities (PVT) Ltd.,Kumari Securities Private Limited,100,399.0,39900.0,2025-07-16 12:13:19.507473
2025-07-16,71310,2025071603006198,MNBBL,J.F. Securites (PVT) Ltd.,Kumari Securities Private Limited,50,399.0,19950.0,2025-07-16 12:13:48.433191
2025-07-16,71087,2025071603006216,MNBBL,Imperial Securities Company Pvt. Ltd.,Nagarik Stock Dealer ,1000,398.3,398300.0,2025-07-16 12:14:22.580223
2025-07-16,71086,2025071603006217,MNBBL,Sundhara Securities Limited,Nagarik Stock Dealer ,500,398.2,199100.0,2025-07-16 12:14:22.580450
2025-07-16,71085,2025071603006218,MNBBL,Arun Securities (PVT) Ltd.,Nagarik Stock Dealer ,1000,398.1,398100.0,2025-07-16 12:14:22.580537
2025-07-16,71084,2025071603006219,MNBBL,Kohinoor Investment & Securities Pvt. Ltd.,Nagarik Stock Dealer ,200,398.1,79620.0,2025-07-16 12:14:22.580617
2025-07-16,71083,2025071603006220,MNBBL,Nabil Stock Dealer Ltd.,Nagarik Stock Dealer ,4300,398.0,1711400.0,2025-07-16 12:14:22.580696
2025-07-16,70706,2025071603006282,MNBBL,Nabil Stock Dealer Ltd.,Online Securities Pvt. Ltd.,1757,398.0,699286.0,2025-07-16 12:15:39.022336
2025-07-16,70705,2025071603006283,MNBBL,Deevyaa Securities & Stock House Pvt. Ltd,Online Securities Pvt. Ltd.,50,398.0,19900.0,2025-07-16 12:15:39.022709
2025-07-16,70704,2025071603006284,MNBBL,Nepal Stock House (PVT) Ltd.,Online Securities Pvt. Ltd.,193,397.5,76717.5,2025-07-16 12:15:39.022933
2025-07-16,70584,2025071603006299,MNBBL,Bhrikuti Stock Broking Co. Pvt. Ltd.,Kumari Securities Private Limited,23,399.0,9177.0,2025-07-16 12:16:04.674652
2025-07-16,70583,2025071603006300,MNBBL,Bhrikuti Stock Broking Co. Pvt. Ltd.,Imperial Securities Company Pvt. Ltd.,1000,399.0,399000.0,2025-07-16 12:16:04.674879
2025-07-16,70455,2025071603006336,MNBBL,Bhrikuti Stock Broking Co. Pvt. Ltd.,Nagarik Stock Dealer ,1977,399.0,788823.0,2025-07-16 12:16:33.035855
2025-07-16,69325,2025071603006575,MNBBL,Miyo Securities Pvt Ltd,Nagarik Stock Dealer ,23,399.0,9177.0,2025-07-16 12:20:16.375866
2025-07-16,69324,2025071603006576,MNBBL,Miyo Securities Pvt Ltd,Opal Securities Investment (PVT) Ltd.,31,399.0,12369.0,2025-07-16 12:20:16.376069
2025-07-16,69323,2025071603006577,MNBBL,Miyo Securities Pvt Ltd,South Asian Bulls Pvt. Ltd.,40,399.3,15972.0,2025-07-16 12:20:16.376162
2025-07-16,69322,2025071603006578,MNBBL,Miyo Securities Pvt Ltd,Neev Securities Pvt. Ltd.,50,399.3,19965.0,2025-07-16 12:20:16.376241
2025-07-16,69321,2025071603006579,MNBBL,Miyo Securities Pvt Ltd,Naasa Securities Co. Ltd.,100,399.4,39940.0,2025-07-16 12:20:16.376321
2025-07-16,69320,2025071603006580,MNBBL,Miyo Securities Pvt Ltd,Infinity Securities Limited,100,399.5,39950.0,2025-07-16 12:20:16.376400
2025-07-16,69319,2025071603006581,MNBBL,Miyo Securities Pvt Ltd,Nagarik Stock Dealer ,500,399.5,199750.0,2025-07-16 12:20:16.376479
2025-07-16,69318,2025071603006582,MNBBL,Miyo Securities Pvt Ltd,Naasa Securities Co. Ltd.,80,399.6,31968.0,2025-07-16 12:20:16.376557
2025-07-16,69317,2025071603006583,MNBBL,Miyo Securities Pvt Ltd,Sani Securities Company Ltd.,600,399.7,239820.0,2025-07-16 12:20:16.376636
2025-07-16,69316,2025071603006584,MNBBL,Miyo Securities Pvt Ltd,Naasa Securities Co. Ltd.,64,399.8,25587.2,2025-07-16 12:20:16.376740
2025-07-16,69315,2025071603006585,MNBBL,Miyo Securities Pvt Ltd,Naasa Securities Co. Ltd.,100,399.8,39980.0,2025-07-16 12:20:16.376819
2025-07-16,69314,2025071603006586,MNBBL,Miyo Securities Pvt Ltd,Vision Securities Pvt. Ltd,30,399.9,11997.0,2025-07-16 12:20:16.376896
2025-07-16,69313,2025071603006587,MNBBL,Miyo Securities Pvt Ltd,Vision Securities Pvt. Ltd,200,399.9,79980.0,2025-07-16 12:20:16.376972
2025-07-16,69312,2025071603006588,MNBBL,Miyo Securities Pvt Ltd,Imperial Securities Company Pvt. Ltd.,82,399.9,32791.8,2025-07-16 12:20:16.377057
2025-07-16,68518,2025071603006768,MNBBL,Kohinoor Investment & Securities Pvt. Ltd.,Imperial Securities Company Pvt. Ltd.,18,399.9,7198.2,2025-07-16 12:23:10.400783
2025-07-16,68517,2025071603006769,MNBBL,Kohinoor Investment & Securities Pvt. Ltd.,Agrawal Securities (PVT) Ltd.,32,399.9,12796.8,2025-07-16 12:23:10.401001
2025-07-16,67970,2025071603006878,MNBBL,Aryatara Investment & Securities,Imperial Securities Company Pvt. Ltd.,120,399.8,47976.0,2025-07-16 12:24:47.432933
2025-07-16,67766,2025071603006927,MNBBL,Nepal Stock House (PVT) Ltd.,Nagarik Stock Dealer ,1507,399.0,601293.0,2025-07-16 12:25:35.070433
2025-07-16,67765,2025071603006928,MNBBL,Miyo Securities Pvt Ltd,Nagarik Stock Dealer ,333,399.0,132867.0,2025-07-16 12:25:35.070630
2025-07-16,67311,2025071603007032,MNBBL,Trishakti Securities Public Limited,Nagarik Stock Dealer ,160,399.0,63840.0,2025-07-16 12:27:01.198978
2025-07-16,67310,2025071603007033,MNBBL,Trishakti Securities Public Limited,Sewa Securities Pvt. Ltd.,100,399.0,39900.0,2025-07-16 12:27:01.199186
2025-07-16,67309,2025071603007034,MNBBL,Trishakti Securities Public Limited,Imperial Securities Company Pvt. Ltd.,80,399.8,31984.0,2025-07-16 12:27:01.199266
2025-07-16,67308,2025071603007035,MNBBL,Trishakti Securities Public Limited,Agrawal Securities (PVT) Ltd.,68,399.9,27193.2,2025-07-16 12:27:01.199346
2025-07-16,67307,2025071603007036,MNBBL,Trishakti Securities Public Limited,Premier Securities Company Ltd.,25,399.9,9997.5,2025-07-16 12:27:01.199425
2025-07-16,67306,2025071603007037,MNBBL,Trishakti Securities Public Limited,Naasa Securities Co. Ltd.,100,399.9,39990.0,2025-07-16 12:27:01.199504
2025-07-16,67305,2025071603007038,MNBBL,Trishakti Securities Public Limited,Siprabi Securities Pvt. Ltd.,100,399.9,39990.0,2025-07-16 12:27:01.199583
2025-07-16,67304,2025071603007039,MNBBL,Trishakti Securities Public Limited,Online Securities Pvt. Ltd.,11,399.9,4398.9,2025-07-16 12:27:01.199660
2025-07-16,67303,2025071603007040,MNBBL,Trishakti Securities Public Limited,Premier Securities Company Ltd.,75,399.9,29992.5,2025-07-16 12:27:01.199739
2025-07-16,67302,2025071603007041,MNBBL,Trishakti Securities Public Limited,Indira securities pvt. ltd,50,400.0,20000.0,2025-07-16 12:27:01.199817
2025-07-16,67301,2025071603007042,MNBBL,Trishakti Securities Public Limited,Market Securities & Exchange (PVT) Ltd.,100,400.0,40000.0,2025-07-16 12:27:01.199899
2025-07-16,67300,2025071603007043,MNBBL,Trishakti Securities Public Limited,Nagarik Stock Dealer ,2000,400.0,800000.0,2025-07-16 12:27:01.199977
2025-07-16,67299,2025071603007044,MNBBL,Trishakti Securities Public Limited,Thrive Brokerage House Pvt. Ltd,73,400.0,29200.0,2025-07-16 12:27:01.200059
2025-07-16,67298,2025071603007045,MNBBL,Trishakti Securities Public Limited,Aakashbhairab Securities Ltd.,500,400.0,200000.0,2025-07-16 12:27:01.200135
2025-07-16,67297,2025071603007046,MNBBL,Trishakti Securities Public Limited,Asian Securities Private Ltd.,1558,400.0,623200.0,2025-07-16 12:27:01.200212
2025-07-16,65953,2025071603007360,MNBBL,Asian Securities Private Ltd.,Asian Securities Private Ltd.,442,400.0,176800.0,2025-07-16 12:31:26.419833
2025-07-16,65952,2025071603007361,MNBBL,Asian Securities Private Ltd.,Sani Securities Company Ltd.,1018,400.0,407200.0,2025-07-16 12:31:26.420244
2025-07-16,65951,2025071603007362,MNBBL,Asian Securities Private Ltd.,Aryatara Investment & Securities,100,400.0,40000.0,2025-07-16 12:31:26.420493
2025-07-16,65950,2025071603007363,MNBBL,Asian Securities Private Ltd.,Kumari Securities Private Limited,500,400.0,200000.0,2025-07-16 12:31:26.420730
2025-07-16,65949,2025071603007364,MNBBL,Asian Securities Private Ltd.,Aryatara Investment & Securities,500,400.0,200000.0,2025-07-16 12:31:26.420958
2025-07-16,65948,2025071603007365,MNBBL,Asian Securities Private Ltd.,Thrive Brokerage House Pvt. Ltd,180,400.0,72000.0,2025-07-16 12:31:26.421208
2025-07-16,65947,2025071603007366,MNBBL,Asian Securities Private Ltd.,Sani Securities Company Ltd.,10,400.0,4000.0,2025-07-16 12:31:26.421433
2025-07-16,65946,2025071603007367,MNBBL,Asian Securities Private Ltd.,Cristal Kanchanjanga Securites Pvt. Ltd.,500,400.0,200000.0,2025-07-16 12:31:26.421661
2025-07-16,65945,2025071603007368,MNBBL,Asian Securities Private Ltd.,Investment Management Nepal Pvt. Ltd.,100,400.0,40000.0,2025-07-16 12:31:26.421900
2025-07-16,65944,2025071603007369,MNBBL,Asian Securities Private Ltd.,Naasa Securities Co. Ltd.,21,400.0,8400.0,2025-07-16 12:31:26.422146
2025-07-16,65943,2025071603007370,MNBBL,Asian Securities Private Ltd.,Naasa Securities Co. Ltd.,210,400.0,84000.0,2025-07-16 12:31:26.422390
2025-07-16,65942,2025071603007371,MNBBL,Asian Securities Private Ltd.,Swarna Laxmi Securities Pvt. Ltd.,63,400.0,25200.0,2025-07-16 12:31:26.422619
2025-07-16,65941,2025071603007372,MNBBL,Asian Securities Private Ltd.,Premier Securities Company Ltd.,100,400.0,40000.0,2025-07-16 12:31:26.422840
2025-07-16,65940,2025071603007373,MNBBL,Asian Securities Private Ltd.,Thrive Brokerage House Pvt. Ltd,100,400.0,40000.0,2025-07-16 12:31:26.423076
2025-07-16,65939,2025071603007374,MNBBL,Asian Securities Private Ltd.,Agrawal Securities (PVT) Ltd.,25,400.0,10000.0,2025-07-16 12:31:26.423289
2025-07-16,65938,2025071603007375,MNBBL,Asian Securities Private Ltd.,Premier Securities Company Ltd.,131,400.0,52400.0,2025-07-16 12:31:26.423499
2025-07-16,65117,2025071603007481,MNBBL,Sani Securities Company Ltd.,Premier Securities Company Ltd.,150,400.0,60000.0,2025-07-16 12:33:38.458051
2025-07-16,65084,2025071603007499,MNBBL,Neev Securities Pvt. Ltd.,Premier Securities Company Ltd.,219,400.0,87600.0,2025-07-16 12:33:49.396305
2025-07-16,65083,2025071603007500,MNBBL,Neev Securities Pvt. Ltd.,Neev Securities Pvt. Ltd.,100,400.0,40000.0,2025-07-16 12:33:49.396577
2025-07-16,65082,2025071603007501,MNBBL,Neev Securities Pvt. Ltd.,Secured Securities Ltd.,100,400.0,40000.0,2025-07-16 12:33:49.396671
2025-07-16,65081,2025071603007502,MNBBL,Neev Securities Pvt. Ltd.,Primo Securities (PVT) Ltd.,100,400.0,40000.0,2025-07-16 12:33:49.396755
2025-07-16,65080,2025071603007503,MNBBL,Neev Securities Pvt. Ltd.,Naasa Securities Co. Ltd.,100,400.0,40000.0,2025-07-16 12:33:49.396838
2025-07-16,65079,2025071603007504,MNBBL,Neev Securities Pvt. Ltd.,Nagarik Stock Dealer ,381,400.0,152400.0,2025-07-16 12:33:49.396919
2025-07-16,64907,2025071603007546,MNBBL,R.B.B. Securities Company Ltd,Nagarik Stock Dealer ,1000,400.0,400000.0,2025-07-16 12:34:21.982670
2025-07-16,64409,2025071603007636,MNBBL,Bhrikuti Stock Broking Co. Pvt. Ltd.,J.F. Securites (PVT) Ltd.,10,399.8,3998.0,2025-07-16 12:35:24.354847
2025-07-16,64087,2025071603007768,MNBBL,Trishakti Securities Public Limited,J.F. Securites (PVT) Ltd.,145,399.8,57971.0,2025-07-16 12:36:17.016220
2025-07-16,64086,2025071603007769,MNBBL,Trishakti Securities Public Limited,J.F. Securites (PVT) Ltd.,100,399.9,39990.0,2025-07-16 12:36:17.016598
2025-07-16,64085,2025071603007770,MNBBL,Trishakti Securities Public Limited,Nagarik Stock Dealer ,755,400.0,302000.0,2025-07-16 12:36:17.016913
2025-07-16,63456,2025071603007911,MNBBL,Nepal Stock House (PVT) Ltd.,Nagarik Stock Dealer ,2864,400.0,1145600.0,2025-07-16 12:38:01.359048
2025-07-16,63396,2025071603007930,MNBBL,Nepal Stock House (PVT) Ltd.,Naasa Securities Co. Ltd.,136,400.0,54400.0,2025-07-16 12:38:13.888243
2025-07-16,63395,2025071603007931,MNBBL,Himalayan Brokerage Company Limited,Naasa Securities Co. Ltd.,104,400.0,41600.0,2025-07-16 12:38:13.888461
2025-07-16,63094,2025071603008000,MNBBL,Himalayan Brokerage Company Limited,Midas Stock Broking Company Private Limited,200,400.3,80060.0,2025-07-16 12:38:57.504602
2025-07-16,63093,2025071603008001,MNBBL,Himalayan Brokerage Company Limited,Naasa Securities Co. Ltd.,400,400.4,160160.0,2025-07-16 12:38:57.504801
2025-07-16,63092,2025071603008002,MNBBL,Himalayan Brokerage Company Limited,Sani Securities Company Ltd.,10,400.5,4005.0,2025-07-16 12:38:57.504886
2025-07-16,63091,2025071603008003,MNBBL,Himalayan Brokerage Company Limited,Vision Securities Pvt. Ltd,50,401.0,20050.0,2025-07-16 12:38:57.504966
2025-07-16,63090,2025071603008004,MNBBL,Himalayan Brokerage Company Limited,South Asian Bulls Pvt. Ltd.,40,401.0,16040.0,2025-07-16 12:38:57.505055
2025-07-16,63089,2025071603008005,MNBBL,Himalayan Brokerage Company Limited,Investment Management Nepal Pvt. Ltd.,500,401.0,200500.0,2025-07-16 12:38:57.505133
2025-07-16,63088,2025071603008006,MNBBL,Himalayan Brokerage Company Limited,Agrawal Securities (PVT) Ltd.,996,401.0,399396.0,2025-07-16 12:38:57.505210
2025-07-16,63087,2025071603008007,MNBBL,Himalayan Brokerage Company Limited,Trishakti Securities Public Limited,204,401.0,81804.0,2025-07-16 12:38:57.505299
2025-07-16,63086,2025071603008008,MNBBL,Himalayan Brokerage Company Limited,Secured Securities Ltd.,75,401.0,30075.0,2025-07-16 12:38:57.505377
2025-07-16,63085,2025071603008009,MNBBL,Himalayan Brokerage Company Limited,Sani Securities Company Ltd.,50,401.0,20050.0,2025-07-16 12:38:57.505453
2025-07-16,63084,2025071603008010,MNBBL,Himalayan Brokerage Company Limited,Primo Securities (PVT) Ltd.,70,401.0,28070.0,2025-07-16 12:38:57.505531
2025-07-16,63083,2025071603008011,MNBBL,Himalayan Brokerage Company Limited,Sani Securities Company Ltd.,10,401.0,4010.0,2025-07-16 12:38:57.505607
2025-07-16,63082,2025071603008012,MNBBL,Himalayan Brokerage Company Limited,Cristal Kanchanjanga Securites Pvt. Ltd.,370,401.0,148370.0,2025-07-16 12:38:57.505683
2025-07-16,63025,2025071603008019,MNBBL,Himalayan Brokerage Company Limited,Sani Securities Company Ltd.,25,401.0,10025.0,2025-07-16 12:39:07.058400
2025-07-16,63000,2025071603008033,MNBBL,Himalayan Brokerage Company Limited,Siprabi Securities Pvt. Ltd.,261,400.0,104400.0,2025-07-16 12:39:11.894213
2025-07-16,62765,2025071603008073,MNBBL,Himalayan Brokerage Company Limited,Sri Hari Securities Pvt. Ltd.,750,400.0,300000.0,2025-07-16 12:39:53.779782
2025-07-16,62704,2025071603008075,MNBBL,Elite Stock House Limited,Naasa Securities Co. Ltd.,100,400.9,40090.0,2025-07-16 12:40:01.175846
2025-07-16,62703,2025071603008076,MNBBL,Elite Stock House Limited,Sani Securities Company Ltd.,75,401.0,30075.0,2025-07-16 12:40:01.176087
2025-07-16,62702,2025071603008077,MNBBL,Elite Stock House Limited,Agrawal Securities (PVT) Ltd.,56,401.0,22456.0,2025-07-16 12:40:01.176188
2025-07-16,62701,2025071603008078,MNBBL,Elite Stock House Limited,Kohinoor Investment & Securities Pvt. Ltd.,29,401.9,11655.1,2025-07-16 12:40:01.176294
2025-07-16,62700,2025071603008079,MNBBL,Elite Stock House Limited,Sundhara Securities Limited,40,401.9,16076.0,2025-07-16 12:40:01.176394
2025-07-16,62699,2025071603008080,MNBBL,Elite Stock House Limited,Sani Securities Company Ltd.,100,401.9,40190.0,2025-07-16 12:40:01.176482
2025-07-16,62698,2025071603008081,MNBBL,Elite Stock House Limited,Dynamic Money Managers Securities Pvt. Ltd.,145,402.0,58290.0,2025-07-16 12:40:01.176619
2025-07-16,61512,2025071603008298,MNBBL,Imperial Securities Company Pvt. Ltd.,Dipshikha Dhitopatra Karobar Co. Pvt Ltd.,10,401.0,4010.0,2025-07-16 12:43:12.702647
2025-07-16,61339,2025071603008337,MNBBL,Himalayan Brokerage Company Limited,Bhrikuti Stock Broking Co. Pvt. Ltd.,100,400.0,40000.0,2025-07-16 12:43:45.018684
2025-07-16,60675,2025071603008476,MNBBL,Kumari Securities Private Limited,KALASH STOCK MARKET PVT. LTD.,10,400.2,4002.0,2025-07-16 12:45:31.722840
2025-07-16,60674,2025071603008477,MNBBL,Sani Securities Company Ltd.,KALASH STOCK MARKET PVT. LTD.,190,400.2,76038.0,2025-07-16 12:45:31.723328
2025-07-16,60544,2025071603008514,MNBBL,Sweta Securities Private Limited,Dipshikha Dhitopatra Karobar Co. Pvt Ltd.,40,401.0,16040.0,2025-07-16 12:45:55.131038
2025-07-16,60543,2025071603008515,MNBBL,Sweta Securities Private Limited,Imperial Securities Company Pvt. Ltd.,19,401.0,7619.0,2025-07-16 12:45:55.131254
2025-07-16,60220,2025071603008568,MNBBL,Trishakti Securities Public Limited,Naasa Securities Co. Ltd.,100,401.9,40190.0,2025-07-16 12:46:46.312076
2025-07-16,60219,2025071603008569,MNBBL,Trishakti Securities Public Limited,Sani Securities Company Ltd.,1000,402.0,402000.0,2025-07-16 12:46:46.312336
2025-07-16,60218,2025071603008570,MNBBL,Trishakti Securities Public Limited,Imperial Securities Company Pvt. Ltd.,1900,402.0,763800.0,2025-07-16 12:46:46.312419
2025-07-16,59947,2025071603008622,MNBBL,Midas Stock Broking Company Private Limited,Sani Securities Company Ltd.,10,402.0,4020.0,2025-07-16 12:47:32.271702
2025-07-16,59946,2025071603008623,MNBBL,Midas Stock Broking Company Private Limited,Opal Securities Investment (PVT) Ltd.,100,402.0,40200.0,2025-07-16 12:47:32.271966
2025-07-16,59945,2025071603008624,MNBBL,Midas Stock Broking Company Private Limited,Trishakti Securities Public Limited,132,402.0,53064.0,2025-07-16 12:47:32.272061
2025-07-16,59944,2025071603008625,MNBBL,Midas Stock Broking Company Private Limited,Premier Securities Company Ltd.,500,402.0,201000.0,2025-07-16 12:47:32.272146
2025-07-16,59943,2025071603008626,MNBBL,Midas Stock Broking Company Private Limited,Agrawal Securities (PVT) Ltd.,1000,402.0,402000.0,2025-07-16 12:47:32.272257
2025-07-16,59618,2025071603008691,MNBBL,Midas Stock Broking Company Private Limited,Pragyan Securities (PVT) Ltd.,258,402.0,103716.0,2025-07-16 12:48:29.992194
2025-07-16,59432,2025071603008710,MNBBL,Trishakti Securities Public Limited,Agrawal Securities (PVT) Ltd.,100,401.9,40190.0,2025-07-16 12:48:51.417495
2025-07-16,59159,2025071603008792,MNBBL,Online Securities Pvt. Ltd.,Imperial Securities Company Pvt. Ltd.,100,401.1,40110.0,2025-07-16 12:49:50.986334
2025-07-16,58250,2025071603008944,MNBBL,Online Securities Pvt. Ltd.,Sani Securities Company Ltd.,100,401.1,40110.0,2025-07-16 12:52:56.629930
2025-07-16,57223,2025071603009141,MNBBL,Sani Securities Company Ltd.,Arun Securities (PVT) Ltd.,100,401.2,40120.0,2025-07-16 12:56:15.327299
2025-07-16,57056,2025071603009173,MNBBL,Nepal Stock House (PVT) Ltd.,Naasa Securities Co. Ltd.,20,401.8,8036.0,2025-07-16 12:57:00.092205
2025-07-16,56522,2025071603009283,MNBBL,Thrive Brokerage House Pvt. Ltd,Naasa Securities Co. Ltd.,80,401.8,32144.0,2025-07-16 12:58:39.458749
2025-07-16,56521,2025071603009284,MNBBL,Thrive Brokerage House Pvt. Ltd,Agrawal Securities (PVT) Ltd.,100,401.9,40190.0,2025-07-16 12:58:39.458966
2025-07-16,56520,2025071603009285,MNBBL,Thrive Brokerage House Pvt. Ltd,Cristal Kanchanjanga Securites Pvt. Ltd.,120,401.9,48228.0,2025-07-16 12:58:39.459062
2025-07-16,55934,2025071603009392,MNBBL,Online Securities Pvt. Ltd.,Asian Securities Private Ltd.,800,401.1,320880.0,2025-07-16 12:59:53.917656
2025-07-16,55933,2025071603009393,MNBBL,Sweta Securities Private Limited,Asian Securities Private Ltd.,80,401.0,32080.0,2025-07-16 12:59:53.917709
2025-07-16,55932,2025071603009394,MNBBL,Sumeru Securities Pvt. Ltd.,Asian Securities Private Ltd.,100,401.0,40100.0,2025-07-16 12:59:53.917758
2025-07-16,55931,2025071603009395,MNBBL,Sani Securities Company Ltd.,Asian Securities Private Ltd.,239,400.2,95647.8,2025-07-16 12:59:53.917790
2025-07-16,55930,2025071603009396,MNBBL,Vision Securities Pvt. Ltd,Asian Securities Private Ltd.,655,400.1,262065.5,2025-07-16 12:59:53.917816
2025-07-16,55929,2025071603009397,MNBBL,Himalayan Brokerage Company Limited,Asian Securities Private Ltd.,785,400.0,314000.0,2025-07-16 12:59:53.917841
2025-07-16,55928,2025071603009398,MNBBL,Linch Stock Market Ltd.,Asian Securities Private Ltd.,200,400.0,80000.0,2025-07-16 12:59:53.917864
2025-07-16,55927,2025071603009399,MNBBL,Sewa Securities Pvt. Ltd.,Asian Securities Private Ltd.,10,400.0,4000.0,2025-07-16 12:59:53.917888
2025-07-16,55926,2025071603009400,MNBBL,S.P.S.A. Securities Limited,Asian Securities Private Ltd.,10,400.0,4000.0,2025-07-16 12:59:53.917911
2025-07-16,55925,2025071603009401,MNBBL,Capital Max Securities Ltd,Asian Securities Private Ltd.,875,400.0,350000.0,2025-07-16 12:59:53.917933
2025-07-16,55924,2025071603009402,MNBBL,Cristal Kanchanjanga Securites Pvt. Ltd.,Asian Securities Private Ltd.,400,400.0,160000.0,2025-07-16 12:59:53.917957
2025-07-16,55923,2025071603009403,MNBBL,Nepal Stock House (PVT) Ltd.,Asian Securities Private Ltd.,846,398.6,337215.6,2025-07-16 12:59:53.917983
2025-07-16,55898,2025071603009413,MNBBL,Himalayan Brokerage Company Limited,Cristal Kanchanjanga Securites Pvt. Ltd.,880,401.9,353672.0,2025-07-16 12:59:58.868239
2025-07-16,55897,2025071603009414,MNBBL,Himalayan Brokerage Company Limited,Pragyan Securities (PVT) Ltd.,742,402.0,298284.0,2025-07-16 12:59:58.868488
2025-07-16,55896,2025071603009415,MNBBL,Himalayan Brokerage Company Limited,Naasa Securities Co. Ltd.,100,402.0,40200.0,2025-07-16 12:59:58.868582
2025-07-16,55895,2025071603009416,MNBBL,Himalayan Brokerage Company Limited,Himalayan Brokerage Company Limited,200,402.0,80400.0,2025-07-16 12:59:58.868662
2025-07-16,55894,2025071603009417,MNBBL,Himalayan Brokerage Company Limited,Sani Securities Company Ltd.,78,402.0,31356.0,2025-07-16 12:59:58.868739
2025-07-16,55669,2025071603009468,MNBBL,Himalayan Brokerage Company Limited,Investment Management Nepal Pvt. Ltd.,260,400.0,104000.0,2025-07-16 13:00:37.239308
2025-07-16,55243,2025071603009533,MNBBL,Himalayan Brokerage Company Limited,Asian Securities Private Ltd.,400,400.0,160000.0,2025-07-16 13:01:48.613576
2025-07-16,55210,2025071603009545,MNBBL,Himalayan Brokerage Company Limited,Secured Securities Ltd.,50,400.0,20000.0,2025-07-16 13:01:53.762158
2025-07-16,55189,2025071603009546,MNBBL,Himalayan Brokerage Company Limited,Sani Securities Company Ltd.,290,400.0,116000.0,2025-07-16 13:01:55.718206
2025-07-16,55166,2025071603009550,MNBBL,Nepal Stock House (PVT) Ltd.,Asian Securities Private Ltd.,65,398.6,25909.0,2025-07-16 13:02:01.990028
2025-07-16,55103,2025071603009567,MNBBL,Sweta Securities Private Limited,Sani Securities Company Ltd.,260,400.0,104000.0,2025-07-16 13:02:14.295731
2025-07-16,55102,2025071603009568,MNBBL,Sweta Securities Private Limited,Imperial Securities Company Pvt. Ltd.,100,400.0,40000.0,2025-07-16 13:02:14.296170
2025-07-16,54631,2025071603009642,MNBBL,Sweta Securities Private Limited,Imperial Securities Company Pvt. Ltd.,100,401.0,40100.0,2025-07-16 13:03:38.783494
2025-07-16,54630,2025071603009643,MNBBL,Sweta Securities Private Limited,Kalika Securities Pvt. Ltd.,50,401.0,20050.0,2025-07-16 13:03:38.783704
2025-07-16,54308,2025071603009699,MNBBL,Sweta Securities Private Limited,Naasa Securities Co. Ltd.,30,401.0,12030.0,2025-07-16 13:04:44.069435
2025-07-16,54248,2025071603009709,MNBBL,Naasa Securities Co. Ltd.,Naasa Securities Co. Ltd.,70,401.0,28070.0,2025-07-16 13:04:59.155668
2025-07-16,54247,2025071603009710,MNBBL,Naasa Securities Co. Ltd.,Premier Securities Company Ltd.,50,401.9,20095.0,2025-07-16 13:04:59.156084
2025-07-16,54246,2025071603009711,MNBBL,Naasa Securities Co. Ltd.,Vision Securities Pvt. Ltd,400,401.9,160760.0,2025-07-16 13:04:59.156425
2025-07-16,54245,2025071603009712,MNBBL,Naasa Securities Co. Ltd.,Sani Securities Company Ltd.,922,402.0,370644.0,2025-07-16 13:04:59.156805
2025-07-16,54244,2025071603009713,MNBBL,Naasa Securities Co. Ltd.,Creative Securities Pvt Ltd,241,402.0,96882.0,2025-07-16 13:04:59.157233
2025-07-16,54243,2025071603009714,MNBBL,Naasa Securities Co. Ltd.,Pragyan Securities (PVT) Ltd.,94,402.0,37788.0,2025-07-16 13:04:59.157626
2025-07-16,54242,2025071603009715,MNBBL,Naasa Securities Co. Ltd.,Siprabi Securities Pvt. Ltd.,500,402.0,201000.0,2025-07-16 13:04:59.157902
2025-07-16,53687,2025071603009785,MNBBL,Secured Securities Ltd.,Kohinoor Investment & Securities Pvt. Ltd.,200,402.5,80500.0,2025-07-16 13:06:51.936063
2025-07-16,53349,2025071603009855,MNBBL,Imperial Securities Company Pvt. Ltd.,KALASH STOCK MARKET PVT. LTD.,12,402.5,4830.0,2025-07-16 13:08:04.115855
2025-07-16,53169,2025071603009883,MNBBL,Shree Krishna Securities Ltd.,Bhrikuti Stock Broking Co. Pvt. Ltd.,390,402.1,156819.0,2025-07-16 13:08:31.706895
2025-07-16,53168,2025071603009884,MNBBL,Naasa Securities Co. Ltd.,Bhrikuti Stock Broking Co. Pvt. Ltd.,610,402.0,245220.0,2025-07-16 13:08:31.707143
2025-07-16,52922,2025071603009929,MNBBL,Naasa Securities Co. Ltd.,Nagarik Stock Dealer ,2000,402.0,804000.0,2025-07-16 13:09:21.627892
2025-07-16,52879,2025071603009946,MNBBL,Naasa Securities Co. Ltd.,Cristal Kanchanjanga Securites Pvt. Ltd.,113,402.0,45426.0,2025-07-16 13:09:27.038273
2025-07-16,52599,2025071603010020,MNBBL,Capital Max Securities Ltd,Cristal Kanchanjanga Securites Pvt. Ltd.,37,400.1,14803.7,2025-07-16 13:10:07.233842
2025-07-16,52144,2025071603010100,MNBBL,Asian Securities Private Ltd.,Linch Stock Market Ltd.,100,402.0,40200.0,2025-07-16 13:11:27.065508
2025-07-16,51745,2025071603010168,MNBBL,Naasa Securities Co. Ltd.,Linch Stock Market Ltd.,357,402.0,143514.0,2025-07-16 13:12:20.832021
2025-07-16,51639,2025071603010180,MNBBL,Naasa Securities Co. Ltd.,Nagarik Stock Dealer ,4000,402.0,1608000.0,2025-07-16 13:12:32.453083
2025-07-16,51366,2025071603010231,MNBBL,Naasa Securities Co. Ltd.,Linch Stock Market Ltd.,643,402.0,258486.0,2025-07-16 13:13:21.587277
2025-07-16,51146,2025071603010257,MNBBL,South Asian Bulls Pvt. Ltd.,KALASH STOCK MARKET PVT. LTD.,88,402.5,35420.0,2025-07-16 13:13:52.054049
2025-07-16,51145,2025071603010258,MNBBL,South Asian Bulls Pvt. Ltd.,Secured Securities Ltd.,14,402.5,5635.0,2025-07-16 13:13:52.054442
2025-07-16,51144,2025071603010259,MNBBL,South Asian Bulls Pvt. Ltd.,Sani Securities Company Ltd.,148,402.7,59599.6,2025-07-16 13:13:52.054694
2025-07-16,50901,2025071603010313,MNBBL,Naasa Securities Co. Ltd.,Dipshikha Dhitopatra Karobar Co. Pvt Ltd.,30,402.0,12060.0,2025-07-16 13:14:25.862073
2025-07-16,50559,2025071603010362,MNBBL,Naasa Securities Co. Ltd.,Linch Stock Market Ltd.,457,402.0,183714.0,2025-07-16 13:15:27.706820
2025-07-16,50481,2025071603010381,MNBBL,Naasa Securities Co. Ltd.,Nagarik Stock Dealer ,4500,402.0,1809000.0,2025-07-16 13:15:41.009819
2025-07-16,49872,2025071603010462,MNBBL,Naasa Securities Co. Ltd.,Linch Stock Market Ltd.,13,402.0,5226.0,2025-07-16 13:17:05.892549
2025-07-16,49764,2025071603010480,MNBBL,Imperial Securities Company Pvt. Ltd.,ABC Securities Private Limited,10,401.0,4010.0,2025-07-16 13:17:21.456383
2025-07-16,49763,2025071603010481,MNBBL,Agrawal Securities (PVT) Ltd.,ABC Securities Private Limited,140,401.0,56140.0,2025-07-16 13:17:21.456485
2025-07-16,49468,2025071603010541,MNBBL,Hatemalo Financial Services Private Limited,Sani Securities Company Ltd.,13,402.7,5235.1,2025-07-16 13:18:06.540324
2025-07-16,49467,2025071603010542,MNBBL,Hatemalo Financial Services Private Limited,Naasa Securities Co. Ltd.,354,402.8,142591.2,2025-07-16 13:18:06.540512
2025-07-16,49466,2025071603010543,MNBBL,Hatemalo Financial Services Private Limited,Naasa Securities Co. Ltd.,100,402.9,40290.0,2025-07-16 13:18:06.540596
2025-07-16,49465,2025071603010544,MNBBL,Hatemalo Financial Services Private Limited,Primo Securities (PVT) Ltd.,50,402.9,20145.0,2025-07-16 13:18:06.540678
2025-07-16,49464,2025071603010545,MNBBL,Hatemalo Financial Services Private Limited,Agrawal Securities (PVT) Ltd.,30,402.9,12087.0,2025-07-16 13:18:06.540776
2025-07-16,49463,2025071603010546,MNBBL,Hatemalo Financial Services Private Limited,Secured Securities Ltd.,268,403.0,108004.0,2025-07-16 13:18:06.540860
2025-07-16,49462,2025071603010547,MNBBL,Hatemalo Financial Services Private Limited,Malla & Malla Stock Broking Company Pvt. Limited,50,403.0,20150.0,2025-07-16 13:18:06.540942
2025-07-16,49461,2025071603010548,MNBBL,Hatemalo Financial Services Private Limited,Sani Securities Company Ltd.,10,403.0,4030.0,2025-07-16 13:18:06.541021
2025-07-16,49460,2025071603010549,MNBBL,Hatemalo Financial Services Private Limited,Naasa Securities Co. Ltd.,125,403.0,50375.0,2025-07-16 13:18:06.541119
2025-07-16,48324,2025071603010704,MNBBL,Kohinoor Investment & Securities Pvt. Ltd.,Naasa Securities Co. Ltd.,21,403.0,8463.0,2025-07-16 13:21:27.485375
2025-07-16,48323,2025071603010705,MNBBL,Kohinoor Investment & Securities Pvt. Ltd.,Trisul Securities & Invt. Ltd.,79,403.0,31837.0,2025-07-16 13:21:27.485593
2025-07-16,48213,2025071603010735,MNBBL,KALASH STOCK MARKET PVT. LTD.,Trisul Securities & Invt. Ltd.,21,403.0,8463.0,2025-07-16 13:21:46.916759
2025-07-16,48118,2025071603010758,MNBBL,Imperial Securities Company Pvt. Ltd.,Primo Securities (PVT) Ltd.,10,403.5,4035.0,2025-07-16 13:22:05.949764
2025-07-16,47431,2025071603010900,MNBBL,Sumeru Securities Pvt. Ltd.,Naasa Securities Co. Ltd.,20,403.5,8070.0,2025-07-16 13:24:15.806810
2025-07-16,47342,2025071603010907,MNBBL,Agrawal Securities (PVT) Ltd.,Nagarik Stock Dealer ,35,403.0,14105.0,2025-07-16 13:24:30.635068
2025-07-16,47316,2025071603010911,MNBBL,Himalayan Brokerage Company Limited,Nagarik Stock Dealer ,1965,403.0,791895.0,2025-07-16 13:24:37.635348
2025-07-16,46827,2025071603011001,MNBBL,Himalayan Brokerage Company Limited,Opal Securities Investment (PVT) Ltd.,10,403.0,4030.0,2025-07-16 13:25:57.034796
2025-07-16,46801,2025071603011003,MNBBL,KALASH STOCK MARKET PVT. LTD.,Naasa Securities Co. Ltd.,80,403.5,32280.0,2025-07-16 13:26:04.900045
2025-07-16,46800,2025071603011004,MNBBL,KALASH STOCK MARKET PVT. LTD.,Premier Securities Company Ltd.,100,403.6,40360.0,2025-07-16 13:26:04.900272
2025-07-16,46799,2025071603011005,MNBBL,KALASH STOCK MARKET PVT. LTD.,Asian Securities Private Ltd.,50,403.6,20180.0,2025-07-16 13:26:04.900359
2025-07-16,46798,2025071603011006,MNBBL,KALASH STOCK MARKET PVT. LTD.,Online Securities Pvt. Ltd.,514,403.6,207450.4,2025-07-16 13:26:04.900450
2025-07-16,46797,2025071603011007,MNBBL,KALASH STOCK MARKET PVT. LTD.,Dynamic Money Managers Securities Pvt. Ltd.,256,403.7,103347.2,2025-07-16 13:26:04.900539
2025-07-16,46514,2025071603011071,MNBBL,Himalayan Brokerage Company Limited,Dynamic Money Managers Securities Pvt. Ltd.,599,403.7,241816.3,2025-07-16 13:26:52.104599
2025-07-16,46513,2025071603011072,MNBBL,Himalayan Brokerage Company Limited,Primo Securities (PVT) Ltd.,50,403.7,20185.0,2025-07-16 13:26:52.104860
2025-07-16,46512,2025071603011073,MNBBL,Himalayan Brokerage Company Limited,Shree Krishna Securities Ltd.,200,403.9,80780.0,2025-07-16 13:26:52.104949
2025-07-16,46511,2025071603011074,MNBBL,Himalayan Brokerage Company Limited,Himalayan Securities Limited,25,403.9,10097.5,2025-07-16 13:26:52.105041
2025-07-16,46510,2025071603011075,MNBBL,Himalayan Brokerage Company Limited,Online Securities Pvt. Ltd.,500,403.9,201950.0,2025-07-16 13:26:52.105125
2025-07-16,46509,2025071603011076,MNBBL,Himalayan Brokerage Company Limited,Investment Management Nepal Pvt. Ltd.,20,404.0,8080.0,2025-07-16 13:26:52.105206
2025-07-16,46508,2025071603011077,MNBBL,Himalayan Brokerage Company Limited,Online Securities Pvt. Ltd.,50,404.0,20200.0,2025-07-16 13:26:52.105289
2025-07-16,46507,2025071603011078,MNBBL,Himalayan Brokerage Company Limited,Trisul Securities & Invt. Ltd.,500,404.0,202000.0,2025-07-16 13:26:52.105369
2025-07-16,46506,2025071603011079,MNBBL,Himalayan Brokerage Company Limited,Pragyan Securities (PVT) Ltd.,15,404.0,6060.0,2025-07-16 13:26:52.105451
2025-07-16,46505,2025071603011080,MNBBL,Himalayan Brokerage Company Limited,Naasa Securities Co. Ltd.,100,404.0,40400.0,2025-07-16 13:26:52.105530
2025-07-16,46504,2025071603011081,MNBBL,Himalayan Brokerage Company Limited,Sani Securities Company Ltd.,10,404.0,4040.0,2025-07-16 13:26:52.105616
2025-07-16,46503,2025071603011082,MNBBL,Himalayan Brokerage Company Limited,Himalayan Securities Limited,25,404.0,10100.0,2025-07-16 13:26:52.105704
2025-07-16,46502,2025071603011083,MNBBL,Himalayan Brokerage Company Limited,Cristal Kanchanjanga Securites Pvt. Ltd.,300,404.0,121200.0,2025-07-16 13:26:52.105785
2025-07-16,46501,2025071603011084,MNBBL,Himalayan Brokerage Company Limited,J.F. Securites (PVT) Ltd.,200,404.0,80800.0,2025-07-16 13:26:52.105864
2025-07-16,46500,2025071603011085,MNBBL,Himalayan Brokerage Company Limited,ABC Securities Private Limited,125,404.0,50500.0,2025-07-16 13:26:52.105942
2025-07-16,46499,2025071603011086,MNBBL,Himalayan Brokerage Company Limited,Market Securities & Exchange (PVT) Ltd.,100,404.0,40400.0,2025-07-16 13:26:52.106021
2025-07-16,46498,2025071603011087,MNBBL,Himalayan Brokerage Company Limited,Kumari Securities Private Limited,181,404.0,73124.0,2025-07-16 13:26:52.106248
2025-07-16,45909,2025071603011237,MNBBL,Nepal Investment And Securities Trading Private Limited,Naasa Securities Co. Ltd.,100,403.6,40360.0,2025-07-16 13:28:44.083222
2025-07-16,45908,2025071603011238,MNBBL,Nepal Investment And Securities Trading Private Limited,Kumari Securities Private Limited,600,404.0,242400.0,2025-07-16 13:28:44.083677
2025-07-16,45556,2025071603011329,MNBBL,Bhrikuti Stock Broking Co. Pvt. Ltd.,Online Securities Pvt. Ltd.,10,403.8,4038.0,2025-07-16 13:29:48.663071
2025-07-16,45009,2025071603011458,MNBBL,Creative Securities Pvt Ltd,J.F. Securites (PVT) Ltd.,500,403.7,201850.0,2025-07-16 13:31:30.695306
2025-07-16,44997,2025071603011461,MNBBL,Creative Securities Pvt Ltd,Nepal Stock House (PVT) Ltd.,100,403.7,40370.0,2025-07-16 13:31:34.751938
2025-07-16,44871,2025071603011479,MNBBL,Creative Securities Pvt Ltd,Online Securities Pvt. Ltd.,490,403.8,197862.0,2025-07-16 13:31:49.797932
2025-07-16,44870,2025071603011480,MNBBL,Creative Securities Pvt Ltd,Naasa Securities Co. Ltd.,100,403.8,40380.0,2025-07-16 13:31:49.798164
2025-07-16,44856,2025071603011482,MNBBL,Creative Securities Pvt Ltd,Nagarik Stock Dealer ,810,403.8,327078.0,2025-07-16 13:31:53.362807
2025-07-16,44855,2025071603011483,MNBBL,Asian Securities Private Ltd.,Nagarik Stock Dealer ,100,403.1,40310.0,2025-07-16 13:31:53.363040
2025-07-16,44854,2025071603011484,MNBBL,Himalayan Brokerage Company Limited,Nagarik Stock Dealer ,25,403.0,10075.0,2025-07-16 13:31:53.363123
2025-07-16,44062,2025071603011676,MNBBL,Asian Securities Private Ltd.,Online Securities Pvt. Ltd.,10,402.2,4022.0,2025-07-16 13:34:01.686897
2025-07-16,44023,2025071603011683,MNBBL,Sumeru Securities Pvt. Ltd.,Trisul Securities & Invt. Ltd.,10,402.9,4029.0,2025-07-16 13:34:10.822719
2025-07-16,43700,2025071603011758,MNBBL,Asian Securities Private Ltd.,Opal Securities Investment (PVT) Ltd.,10,402.2,4022.0,2025-07-16 13:35:05.001379
2025-07-16,43517,2025071603011810,MNBBL,Siprabi Securities Pvt. Ltd.,Imperial Securities Company Pvt. Ltd.,3,395.0,1185.0,2025-07-16 13:35:37.476096
2025-07-16,43466,2025071603011817,MNBBL,Siprabi Securities Pvt. Ltd.,Naasa Securities Co. Ltd.,4,395.0,1580.0,2025-07-16 13:35:45.558664
2025-07-16,43199,2025071603011871,MNBBL,Kohinoor Investment & Securities Pvt. Ltd.,Trisul Securities & Invt. Ltd.,10,402.9,4029.0,2025-07-16 13:36:26.784716
2025-07-16,43198,2025071603011872,MNBBL,Kohinoor Investment & Securities Pvt. Ltd.,Online Securities Pvt. Ltd.,490,402.9,197421.0,2025-07-16 13:36:26.785013
2025-07-16,43131,2025071603011887,MNBBL,Bhrikuti Stock Broking Co. Pvt. Ltd.,Online Securities Pvt. Ltd.,10,402.9,4029.0,2025-07-16 13:36:41.981222
2025-07-16,42681,2025071603012012,MNBBL,SUN SECURITIES PVT LTD,South Asian Bulls Pvt. Ltd.,40,402.9,16116.0,2025-07-16 13:37:50.644939
2025-07-16,42680,2025071603012013,MNBBL,SUN SECURITIES PVT LTD,Nagarik Stock Dealer ,960,403.0,386880.0,2025-07-16 13:37:50.645223
2025-07-16,42553,2025071603012037,MNBBL,Imperial Securities Company Pvt. Ltd.,Nagarik Stock Dealer ,2000,403.0,806000.0,2025-07-16 13:38:05.547739
2025-07-16,42439,2025071603012049,MNBBL,Siprabi Securities Pvt. Ltd.,Nagarik Stock Dealer ,200,403.0,80600.0,2025-07-16 13:38:20.822321
2025-07-16,42412,2025071603012052,MNBBL,Capital Max Securities Ltd,Nagarik Stock Dealer ,15,403.0,6045.0,2025-07-16 13:38:27.552606
2025-07-16,42296,2025071603012089,MNBBL,Asian Securities Private Ltd.,Naasa Securities Co. Ltd.,80,402.2,32176.0,2025-07-16 13:38:42.241589
2025-07-16,42295,2025071603012090,MNBBL,Aryatara Investment & Securities,Naasa Securities Co. Ltd.,500,402.1,201050.0,2025-07-16 13:38:42.241976
2025-07-16,42294,2025071603012091,MNBBL,Himalayan Brokerage Company Limited,Naasa Securities Co. Ltd.,420,402.1,168882.0,2025-07-16 13:38:42.242319
2025-07-16,42211,2025071603012112,MNBBL,Sipla Securities Private Limited,Nagarik Stock Dealer ,19,403.0,7657.0,2025-07-16 13:39:01.939666
2025-07-16,41873,2025071603012179,MNBBL,Sunrise Securities Limited,Nagarik Stock Dealer ,850,403.0,342550.0,2025-07-16 13:39:53.255185
2025-07-16,41729,2025071603012217,MNBBL,Midas Stock Broking Company Private Limited,Nagarik Stock Dealer ,21,403.0,8463.0,2025-07-16 13:40:15.689133
2025-07-16,41728,2025071603012218,MNBBL,Midas Stock Broking Company Private Limited,Dipshikha Dhitopatra Karobar Co. Pvt Ltd.,79,403.0,31837.0,2025-07-16 13:40:15.689362
2025-07-16,41612,2025071603012254,MNBBL,Aryatara Investment & Securities,Dipshikha Dhitopatra Karobar Co. Pvt Ltd.,116,403.0,46748.0,2025-07-16 13:40:39.617859
2025-07-16,41611,2025071603012255,MNBBL,Aryatara Investment & Securities,Nepal Stock House (PVT) Ltd.,50,403.0,20150.0,2025-07-16 13:40:39.618193
2025-07-16,41147,2025071603012402,MNBBL,Aryatara Investment & Securities,Online Securities Pvt. Ltd.,500,403.9,201950.0,2025-07-16 13:41:56.877231
2025-07-16,40628,2025071603012519,MNBBL,Sani Securities Company Ltd.,Nepal Stock House (PVT) Ltd.,100,403.9,40390.0,2025-07-16 13:43:34.377760
2025-07-16,40627,2025071603012520,MNBBL,Sani Securities Company Ltd.,Naasa Securities Co. Ltd.,100,403.9,40390.0,2025-07-16 13:43:34.378016
2025-07-16,40626,2025071603012521,MNBBL,Sani Securities Company Ltd.,Kumari Securities Private Limited,75,404.0,30300.0,2025-07-16 13:43:34.378135
2025-07-16,40625,2025071603012522,MNBBL,Sani Securities Company Ltd.,Premier Securities Company Ltd.,500,404.0,202000.0,2025-07-16 13:43:34.378220
2025-07-16,40624,2025071603012523,MNBBL,Sani Securities Company Ltd.,Nepal Stock House (PVT) Ltd.,100,404.0,40400.0,2025-07-16 13:43:34.378309
2025-07-16,40623,2025071603012524,MNBBL,Sani Securities Company Ltd.,Aryatara Investment & Securities,50,404.0,20200.0,2025-07-16 13:43:34.378395
2025-07-16,40622,2025071603012525,MNBBL,Sani Securities Company Ltd.,SHUBHAKAMANA SECURITIES PVT. LTD,50,404.0,20200.0,2025-07-16 13:43:34.378500
2025-07-16,40621,2025071603012526,MNBBL,Sani Securities Company Ltd.,Naasa Securities Co. Ltd.,50,404.0,20200.0,2025-07-16 13:43:34.378585
2025-07-16,40620,2025071603012527,MNBBL,Sani Securities Company Ltd.,Nagarik Stock Dealer ,4975,404.0,2009900.0,2025-07-16 13:43:34.378677
2025-07-16,40060,2025071603012674,MNBBL,Sri Hari Securities Pvt. Ltd.,Nagarik Stock Dealer ,25,404.0,10100.0,2025-07-16 13:45:22.078110
2025-07-16,39697,2025071603012740,MNBBL,Sani Securities Company Ltd.,J.F. Securites (PVT) Ltd.,300,404.8,121440.0,2025-07-16 13:46:22.587779
2025-07-16,39696,2025071603012741,MNBBL,Sani Securities Company Ltd.,J.F. Securites (PVT) Ltd.,100,404.9,40490.0,2025-07-16 13:46:22.588209
2025-07-16,39695,2025071603012742,MNBBL,Sani Securities Company Ltd.,Premier Securities Company Ltd.,35,404.9,14171.5,2025-07-16 13:46:22.588458
2025-07-16,39694,2025071603012743,MNBBL,Sani Securities Company Ltd.,Sweta Securities Private Limited,164,404.9,66403.6,2025-07-16 13:46:22.588688
2025-07-16,39693,2025071603012744,MNBBL,Sani Securities Company Ltd.,Sani Securities Company Ltd.,50,404.9,20245.0,2025-07-16 13:46:22.588943
2025-07-16,39692,2025071603012745,MNBBL,Sani Securities Company Ltd.,Sundhara Securities Limited,50,404.9,20245.0,2025-07-16 13:46:22.589207
2025-07-16,39691,2025071603012746,MNBBL,Sani Securities Company Ltd.,Shree Krishna Securities Ltd.,100,404.9,40490.0,2025-07-16 13:46:22.589452
2025-07-16,39690,2025071603012747,MNBBL,Sani Securities Company Ltd.,Primo Securities (PVT) Ltd.,200,404.9,80980.0,2025-07-16 13:46:22.589698
2025-07-16,39689,2025071603012748,MNBBL,Sani Securities Company Ltd.,Swarna Laxmi Securities Pvt. Ltd.,86,405.0,34830.0,2025-07-16 13:46:22.589988
2025-07-16,39688,2025071603012749,MNBBL,Sani Securities Company Ltd.,Nepal Investment And Securities Trading Private Limited,479,405.0,193995.0,2025-07-16 13:46:22.590257
2025-07-16,39687,2025071603012750,MNBBL,Sani Securities Company Ltd.,Premier Securities Company Ltd.,120,405.0,48600.0,2025-07-16 13:46:22.590486
2025-07-16,39686,2025071603012751,MNBBL,Sani Securities Company Ltd.,Sani Securities Company Ltd.,337,405.0,136485.0,2025-07-16 13:46:22.590706
2025-07-16,39685,2025071603012752,MNBBL,Sani Securities Company Ltd.,Neev Securities Pvt. Ltd.,15,405.0,6075.0,2025-07-16 13:46:22.590924
2025-07-16,39684,2025071603012753,MNBBL,Sani Securities Company Ltd.,Sani Securities Company Ltd.,10,405.0,4050.0,2025-07-16 13:46:22.591174
2025-07-16,39683,2025071603012754,MNBBL,Sani Securities Company Ltd.,Naasa Securities Co. Ltd.,200,405.0,81000.0,2025-07-16 13:46:22.591431
2025-07-16,39682,2025071603012755,MNBBL,Sani Securities Company Ltd.,Sani Securities Company Ltd.,76,405.0,30780.0,2025-07-16 13:46:22.591652
2025-07-16,39681,2025071603012756,MNBBL,Sani Securities Company Ltd.,Trisul Securities & Invt. Ltd.,117,405.0,47385.0,2025-07-16 13:46:22.591892
2025-07-16,39680,2025071603012757,MNBBL,Sani Securities Company Ltd.,Sani Securities Company Ltd.,200,405.0,81000.0,2025-07-16 13:46:22.592124
2025-07-16,39679,2025071603012758,MNBBL,Sani Securities Company Ltd.,Agrawal Securities (PVT) Ltd.,124,405.0,50220.0,2025-07-16 13:46:22.592343
2025-07-16,39678,2025071603012759,MNBBL,Sani Securities Company Ltd.,Sundhara Securities Limited,325,405.0,131625.0,2025-07-16 13:46:22.592562
2025-07-16,39677,2025071603012760,MNBBL,Sani Securities Company Ltd.,Naasa Securities Co. Ltd.,645,405.0,261225.0,2025-07-16 13:46:22.592769
2025-07-16,39676,2025071603012761,MNBBL,Sani Securities Company Ltd.,Siprabi Securities Pvt. Ltd.,81,405.0,32805.0,2025-07-16 13:46:22.592983
2025-07-16,39675,2025071603012762,MNBBL,Sani Securities Company Ltd.,Nagarik Stock Dealer ,5000,405.0,2025000.0,2025-07-16 13:46:22.593271
2025-07-16,39674,2025071603012763,MNBBL,Sani Securities Company Ltd.,Naasa Securities Co. Ltd.,100,405.0,40500.0,2025-07-16 13:46:22.593485
2025-07-16,39673,2025071603012764,MNBBL,Sani Securities Company Ltd.,Sani Securities Company Ltd.,20,405.0,8100.0,2025-07-16 13:46:22.593692
2025-07-16,39672,2025071603012765,MNBBL,Sani Securities Company Ltd.,Imperial Securities Company Pvt. Ltd.,80,405.0,32400.0,2025-07-16 13:46:22.593900
2025-07-16,39671,2025071603012766,MNBBL,Sani Securities Company Ltd.,Sri Hari Securities Pvt. Ltd.,42,405.0,17010.0,2025-07-16 13:46:22.594124
2025-07-16,39670,2025071603012767,MNBBL,Sani Securities Company Ltd.,Dynamic Money Managers Securities Pvt. Ltd.,50,405.0,20250.0,2025-07-16 13:46:22.594334
2025-07-16,39669,2025071603012768,MNBBL,Sani Securities Company Ltd.,Primo Securities (PVT) Ltd.,894,405.0,362070.0,2025-07-16 13:46:22.594540
2025-07-16,39530,2025071603012798,MNBBL,Sani Securities Company Ltd.,Sani Securities Company Ltd.,13,404.0,5252.0,2025-07-16 13:46:46.027765
2025-07-16,39407,2025071603012837,MNBBL,Naasa Securities Co. Ltd.,Primo Securities (PVT) Ltd.,106,405.0,42930.0,2025-07-16 13:46:58.959320
2025-07-16,39406,2025071603012838,MNBBL,Naasa Securities Co. Ltd.,Sani Securities Company Ltd.,80,405.0,32400.0,2025-07-16 13:46:58.959519
2025-07-16,39405,2025071603012839,MNBBL,Naasa Securities Co. Ltd.,Naasa Securities Co. Ltd.,49,405.0,19845.0,2025-07-16 13:46:58.959599
2025-07-16,39404,2025071603012840,MNBBL,Naasa Securities Co. Ltd.,Kumari Securities Private Limited,50,405.0,20250.0,2025-07-16 13:46:58.959675
2025-07-16,39403,2025071603012841,MNBBL,Naasa Securities Co. Ltd.,Sundhara Securities Limited,100,405.0,40500.0,2025-07-16 13:46:58.959762
2025-07-16,39402,2025071603012842,MNBBL,Naasa Securities Co. Ltd.,Linch Stock Market Ltd.,50,405.0,20250.0,2025-07-16 13:46:58.959835
2025-07-16,39401,2025071603012843,MNBBL,Naasa Securities Co. Ltd.,Sundhara Securities Limited,180,405.0,72900.0,2025-07-16 13:46:58.959938
2025-07-16,39400,2025071603012844,MNBBL,Naasa Securities Co. Ltd.,J.F. Securites (PVT) Ltd.,205,405.0,83025.0,2025-07-16 13:46:58.960020
2025-07-16,39399,2025071603012845,MNBBL,Naasa Securities Co. Ltd.,Kumari Securities Private Limited,180,405.0,72900.0,2025-07-16 13:46:58.960107
2025-07-16,39222,2025071603012875,MNBBL,Nepal Stock House (PVT) Ltd.,Naasa Securities Co. Ltd.,82,404.9,33201.8,2025-07-16 13:47:24.920072
2025-07-16,39221,2025071603012876,MNBBL,Nepal Stock House (PVT) Ltd.,Kumari Securities Private Limited,20,405.0,8100.0,2025-07-16 13:47:24.920281
2025-07-16,39102,2025071603012903,MNBBL,Sri Hari Securities Pvt. Ltd.,Sri Hari Securities Pvt. Ltd.,736,405.9,298742.4,2025-07-16 13:47:34.627904
2025-07-16,39101,2025071603012904,MNBBL,Sri Hari Securities Pvt. Ltd.,Pragyan Securities (PVT) Ltd.,264,405.9,107157.6,2025-07-16 13:47:34.628170
2025-07-16,39036,2025071603012914,MNBBL,Kumari Securities Private Limited,Pragyan Securities (PVT) Ltd.,500,405.9,202950.0,2025-07-16 13:47:50.747928
2025-07-16,38874,2025071603012940,MNBBL,Kumari Securities Private Limited,Pragyan Securities (PVT) Ltd.,236,405.9,95792.4,2025-07-16 13:48:13.932599
2025-07-16,38873,2025071603012941,MNBBL,Kumari Securities Private Limited,Kumari Securities Private Limited,20,405.9,8118.0,2025-07-16 13:48:13.932812
2025-07-16,38872,2025071603012942,MNBBL,Kumari Securities Private Limited,Sri Hari Securities Pvt. Ltd.,200,405.9,81180.0,2025-07-16 13:48:13.932889
2025-07-16,38871,2025071603012943,MNBBL,Kumari Securities Private Limited,Premier Securities Company Ltd.,44,405.9,17859.6,2025-07-16 13:48:13.932971
2025-07-16,38608,2025071603012988,MNBBL,ABC Securities Private Limited,Primo Securities (PVT) Ltd.,100,405.9,40590.0,2025-07-16 13:48:51.234443
2025-07-16,38348,2025071603013034,MNBBL,Nepal Stock House (PVT) Ltd.,Naasa Securities Co. Ltd.,20,405.0,8100.0,2025-07-16 13:49:31.041717
2025-07-16,38261,2025071603013050,MNBBL,Nepal Stock House (PVT) Ltd.,Siprabi Securities Pvt. Ltd.,11,405.0,4455.0,2025-07-16 13:49:50.472137
2025-07-16,38142,2025071603013063,MNBBL,Himalayan Brokerage Company Limited,ABC Securities Private Limited,50,405.5,20275.0,2025-07-16 13:50:02.803575
2025-07-16,38141,2025071603013064,MNBBL,Himalayan Brokerage Company Limited,Cristal Kanchanjanga Securites Pvt. Ltd.,10,406.0,4060.0,2025-07-16 13:50:02.803757
2025-07-16,38140,2025071603013065,MNBBL,Himalayan Brokerage Company Limited,Pragyan Securities (PVT) Ltd.,1000,406.0,406000.0,2025-07-16 13:50:02.803833
2025-07-16,38139,2025071603013066,MNBBL,Himalayan Brokerage Company Limited,Asian Securities Private Ltd.,343,406.0,139258.0,2025-07-16 13:50:02.803901
2025-07-16,38138,2025071603013067,MNBBL,Himalayan Brokerage Company Limited,Kumari Securities Private Limited,20,406.0,8120.0,2025-07-16 13:50:02.803980
2025-07-16,38137,2025071603013068,MNBBL,Himalayan Brokerage Company Limited,Dynamic Money Managers Securities Pvt. Ltd.,65,406.0,26390.0,2025-07-16 13:50:02.804072
2025-07-16,38136,2025071603013069,MNBBL,Himalayan Brokerage Company Limited,Dynamic Money Managers Securities Pvt. Ltd.,50,406.0,20300.0,2025-07-16 13:50:02.804145
2025-07-16,38135,2025071603013070,MNBBL,Himalayan Brokerage Company Limited,Investment Management Nepal Pvt. Ltd.,300,406.0,121800.0,2025-07-16 13:50:02.804214
2025-07-16,38134,2025071603013071,MNBBL,Himalayan Brokerage Company Limited,ABC Securities Private Limited,150,406.0,60900.0,2025-07-16 13:50:02.804283
2025-07-16,38133,2025071603013072,MNBBL,Himalayan Brokerage Company Limited,Agrawal Securities (PVT) Ltd.,12,406.0,4872.0,2025-07-16 13:50:02.804368
2025-07-16,38055,2025071603013103,MNBBL,Nepal Stock House (PVT) Ltd.,Sani Securities Company Ltd.,25,405.0,10125.0,2025-07-16 13:50:17.611575
2025-07-16,37709,2025071603013197,MNBBL,Nepal Stock House (PVT) Ltd.,Dipshikha Dhitopatra Karobar Co. Pvt Ltd.,270,405.0,109350.0,2025-07-16 13:51:09.623933
2025-07-16,37614,2025071603013211,MNBBL,Nepal Stock House (PVT) Ltd.,Imperial Securities Company Pvt. Ltd.,30,405.0,12150.0,2025-07-16 13:51:25.243035
2025-07-16,37536,2025071603013240,MNBBL,Nepal Stock House (PVT) Ltd.,Sani Securities Company Ltd.,542,405.0,219510.0,2025-07-16 13:51:37.784824
2025-07-16,37535,2025071603013241,MNBBL,Agrawal Securities (PVT) Ltd.,Sani Securities Company Ltd.,160,405.0,64800.0,2025-07-16 13:51:37.785037
2025-07-16,37534,2025071603013242,MNBBL,Thrive Brokerage House Pvt. Ltd,Sani Securities Company Ltd.,200,405.0,81000.0,2025-07-16 13:51:37.785124
2025-07-16,37110,2025071603013368,MNBBL,Capital Max Securities Ltd,Cristal Kanchanjanga Securites Pvt. Ltd.,100,404.9,40490.0,2025-07-16 13:52:38.929233
2025-07-16,37109,2025071603013369,MNBBL,Capital Max Securities Ltd,Sani Securities Company Ltd.,98,405.0,39690.0,2025-07-16 13:52:38.929300
2025-07-16,37108,2025071603013370,MNBBL,Capital Max Securities Ltd,Vision Securities Pvt. Ltd,1032,405.0,417960.0,2025-07-16 13:52:38.929325
2025-07-16,37045,2025071603013382,MNBBL,Asian Securities Private Ltd.,Capital Max Securities Ltd,100,404.1,40410.0,2025-07-16 13:52:49.973374
2025-07-16,37044,2025071603013383,MNBBL,Nepal Stock House (PVT) Ltd.,Capital Max Securities Ltd,400,404.1,161640.0,2025-07-16 13:52:49.973449
2025-07-16,36716,2025071603013451,MNBBL,Sani Securities Company Ltd.,Premier Securities Company Ltd.,100,404.9,40490.0,2025-07-16 13:53:41.026071
2025-07-16,36715,2025071603013452,MNBBL,Sani Securities Company Ltd.,Vision Securities Pvt. Ltd,200,405.0,81000.0,2025-07-16 13:53:41.026418
2025-07-16,36217,2025071603013564,MNBBL,Capital Max Securities Ltd,Vision Securities Pvt. Ltd,165,405.0,66825.0,2025-07-16 13:54:55.678514
2025-07-16,36063,2025071603013576,MNBBL,Sani Securities Company Ltd.,Vision Securities Pvt. Ltd,34,405.0,13770.0,2025-07-16 13:55:11.017690
2025-07-16,36062,2025071603013577,MNBBL,Sani Securities Company Ltd.,Sani Securities Company Ltd.,500,405.0,202500.0,2025-07-16 13:55:11.017893
2025-07-16,36061,2025071603013578,MNBBL,Sani Securities Company Ltd.,Nagarik Stock Dealer ,1466,405.0,593730.0,2025-07-16 13:55:11.017970
2025-07-16,36034,2025071603013584,MNBBL,Nepal Stock House (PVT) Ltd.,South Asian Bulls Pvt. Ltd.,133,404.1,53745.3,2025-07-16 13:55:13.940463
2025-07-16,35908,2025071603013601,MNBBL,Trademow Securities Private Limited,Nagarik Stock Dealer ,500,405.0,202500.0,2025-07-16 13:55:39.435480
2025-07-16,35530,2025071603013640,MNBBL,Trademow Securities Private Limited,Nagarik Stock Dealer ,230,405.0,93150.0,2025-07-16 13:56:23.535623
2025-07-16,35443,2025071603013663,MNBBL,Aryatara Investment & Securities,Secured Securities Ltd.,200,404.9,80980.0,2025-07-16 13:56:35.113366
2025-07-16,35442,2025071603013664,MNBBL,Aryatara Investment & Securities,Nagarik Stock Dealer ,100,405.0,40500.0,2025-07-16 13:56:35.113561
2025-07-16,33668,2025071603014078,MNBBL,Vision Securities Pvt. Ltd,Nagarik Stock Dealer ,280,404.5,113260.0,2025-07-16 14:01:21.029944
2025-07-16,33667,2025071603014079,MNBBL,Bhrikuti Stock Broking Co. Pvt. Ltd.,Nagarik Stock Dealer ,10,404.3,4043.0,2025-07-16 14:01:21.030142
2025-07-16,33666,2025071603014080,MNBBL,Nepal Stock House (PVT) Ltd.,Nagarik Stock Dealer ,556,404.1,224679.6,2025-07-16 14:01:21.030235
2025-07-16,33665,2025071603014081,MNBBL,KALASH STOCK MARKET PVT. LTD.,Nagarik Stock Dealer ,200,404.1,80820.0,2025-07-16 14:01:21.030310
2025-07-16,33664,2025071603014082,MNBBL,Sani Securities Company Ltd.,Nagarik Stock Dealer ,1658,404.0,669832.0,2025-07-16 14:01:21.030384
2025-07-16,33371,2025071603014134,MNBBL,Sani Securities Company Ltd.,Dakshinkali Investment & Securities Pvt. Ltd.,100,404.0,40400.0,2025-07-16 14:02:19.086622
2025-07-16,33311,2025071603014141,MNBBL,Sani Securities Company Ltd.,Sani Securities Company Ltd.,400,404.0,161600.0,2025-07-16 14:02:25.526012
2025-07-16,33232,2025071603014154,MNBBL,Sani Securities Company Ltd.,Agrawal Securities (PVT) Ltd.,388,404.0,156752.0,2025-07-16 14:02:41.683368
2025-07-16,33085,2025071603014187,MNBBL,Sani Securities Company Ltd.,Vision Securities Pvt. Ltd,20,404.0,8080.0,2025-07-16 14:02:57.999576
2025-07-16,32594,2025071603014296,MNBBL,Bhrikuti Stock Broking Co. Pvt. Ltd.,Capital Hub P. Ltd,10,404.8,4048.0,2025-07-16 14:04:16.964130
2025-07-16,32097,2025071603014438,MNBBL,Bhrikuti Stock Broking Co. Pvt. Ltd.,Imperial Securities Company Pvt. Ltd.,10,404.7,4047.0,2025-07-16 14:05:39.617398
2025-07-16,31735,2025071603014506,MNBBL,Asian Securities Private Ltd.,Sani Securities Company Ltd.,100,404.1,40410.0,2025-07-16 14:06:42.089235
2025-07-16,31723,2025071603014509,MNBBL,Aryatara Investment & Securities,Sani Securities Company Ltd.,90,404.1,36369.0,2025-07-16 14:06:44.853664
2025-07-16,31569,2025071603014545,MNBBL,Aryatara Investment & Securities,Sani Securities Company Ltd.,110,404.1,44451.0,2025-07-16 14:07:12.221255
2025-07-16,30887,2025071603014740,MNBBL,Sani Securities Company Ltd.,Online Securities Pvt. Ltd.,100,404.0,40400.0,2025-07-16 14:09:25.820005
2025-07-16,30811,2025071603014755,MNBBL,Sipla Securities Private Limited,Sani Securities Company Ltd.,1015,404.5,410567.5,2025-07-16 14:09:46.877152
2025-07-16,30810,2025071603014756,MNBBL,Sipla Securities Private Limited,Global IME Securities Limited,500,404.5,202250.0,2025-07-16 14:09:46.877415
2025-07-16,30604,2025071603014822,MNBBL,Sweta Securities Private Limited,Capital Hub P. Ltd,90,404.8,36432.0,2025-07-16 14:10:22.753374
2025-07-16,30603,2025071603014823,MNBBL,Sweta Securities Private Limited,Himalayan Securities Limited,25,404.8,10120.0,2025-07-16 14:10:22.753778
2025-07-16,30352,2025071603014914,MNBBL,Neev Securities Pvt. Ltd.,Vision Securities Pvt. Ltd,20,404.8,8096.0,2025-07-16 14:11:13.121320
2025-07-16,30228,2025071603014962,MNBBL,Neev Securities Pvt. Ltd.,Premier Securities Company Ltd.,25,404.8,10120.0,2025-07-16 14:11:32.281956
2025-07-16,29774,2025071603015054,MNBBL,Neev Securities Pvt. Ltd.,Midas Stock Broking Company Private Limited,295,404.9,119445.5,2025-07-16 14:12:42.823541
2025-07-16,29768,2025071603015055,MNBBL,Primo Securities (PVT) Ltd.,SUN SECURITIES PVT LTD,20,405.0,8100.0,2025-07-16 14:12:44.661069
2025-07-16,29767,2025071603015056,MNBBL,Primo Securities (PVT) Ltd.,Kumari Securities Private Limited,300,405.0,121500.0,2025-07-16 14:12:44.661446
2025-07-16,29766,2025071603015057,MNBBL,Primo Securities (PVT) Ltd.,Nepal Stock House (PVT) Ltd.,100,405.0,40500.0,2025-07-16 14:12:44.661674
2025-07-16,29765,2025071603015058,MNBBL,Primo Securities (PVT) Ltd.,Premier Securities Company Ltd.,200,405.0,81000.0,2025-07-16 14:12:44.661915
2025-07-16,29764,2025071603015059,MNBBL,Primo Securities (PVT) Ltd.,Siprabi Securities Pvt. Ltd.,50,405.0,20250.0,2025-07-16 14:12:44.662177
2025-07-16,29763,2025071603015060,MNBBL,Primo Securities (PVT) Ltd.,Midas Stock Broking Company Private Limited,30,405.0,12150.0,2025-07-16 14:12:44.662435
2025-07-16,29762,2025071603015061,MNBBL,Primo Securities (PVT) Ltd.,Creative Securities Pvt Ltd,100,405.0,40500.0,2025-07-16 14:12:44.662642
2025-07-16,29761,2025071603015062,MNBBL,Primo Securities (PVT) Ltd.,Linch Stock Market Ltd.,29,405.0,11745.0,2025-07-16 14:12:44.662856
2025-07-16,29760,2025071603015063,MNBBL,Primo Securities (PVT) Ltd.,Naasa Securities Co. Ltd.,171,405.0,69255.0,2025-07-16 14:12:44.663086
2025-07-16,29698,2025071603015073,MNBBL,Dipshikha Dhitopatra Karobar Co. Pvt Ltd.,Naasa Securities Co. Ltd.,150,405.0,60750.0,2025-07-16 14:12:51.853213
2025-07-16,29499,2025071603015142,MNBBL,Himalayan Brokerage Company Limited,Naasa Securities Co. Ltd.,80,405.0,32400.0,2025-07-16 14:13:26.476478
2025-07-16,29439,2025071603015151,MNBBL,Neev Securities Pvt. Ltd.,Naasa Securities Co. Ltd.,83,405.0,33615.0,2025-07-16 14:13:43.121660
2025-07-16,28935,2025071603015262,MNBBL,Neev Securities Pvt. Ltd.,Elite Stock House Limited,10,405.0,4050.0,2025-07-16 14:15:07.357926
2025-07-16,27727,2025071603015512,MNBBL,Neev Securities Pvt. Ltd.,Online Securities Pvt. Ltd.,67,405.1,27141.7,2025-07-16 14:18:25.991486
2025-07-16,27726,2025071603015513,MNBBL,Primo Securities (PVT) Ltd.,Online Securities Pvt. Ltd.,83,405.0,33615.0,2025-07-16 14:18:25.991715
2025-07-16,27689,2025071603015527,MNBBL,Trademow Securities Private Limited,Sweta Securities Private Limited,20,405.8,8116.0,2025-07-16 14:18:35.460975
2025-07-16,27688,2025071603015528,MNBBL,Trademow Securities Private Limited,Investment Management Nepal Pvt. Ltd.,100,406.0,40600.0,2025-07-16 14:18:35.461388
2025-07-16,27687,2025071603015529,MNBBL,Trademow Securities Private Limited,Trisul Securities & Invt. Ltd.,50,406.0,20300.0,2025-07-16 14:18:35.461611
2025-07-16,27686,2025071603015530,MNBBL,Trademow Securities Private Limited,Premier Securities Company Ltd.,330,406.0,133980.0,2025-07-16 14:18:35.461835
2025-07-16,27447,2025071603015591,MNBBL,Himalayan Brokerage Company Limited,Premier Securities Company Ltd.,170,406.0,69020.0,2025-07-16 14:19:19.663591
2025-07-16,27446,2025071603015592,MNBBL,Himalayan Brokerage Company Limited,Imperial Securities Company Pvt. Ltd.,50,406.0,20300.0,2025-07-16 14:19:19.663808
2025-07-16,27445,2025071603015593,MNBBL,Himalayan Brokerage Company Limited,Premier Securities Company Ltd.,50,406.0,20300.0,2025-07-16 14:19:19.663886
2025-07-16,27444,2025071603015594,MNBBL,Himalayan Brokerage Company Limited,Imperial Securities Company Pvt. Ltd.,100,406.0,40600.0,2025-07-16 14:19:19.663960
2025-07-16,27443,2025071603015595,MNBBL,Himalayan Brokerage Company Limited,Naasa Securities Co. Ltd.,60,406.0,24360.0,2025-07-16 14:19:19.664040
2025-07-16,27442,2025071603015596,MNBBL,Himalayan Brokerage Company Limited,Premier Securities Company Ltd.,70,406.0,28420.0,2025-07-16 14:19:19.664117
2025-07-16,27402,2025071603015613,MNBBL,Midas Stock Broking Company Private Limited,Premier Securities Company Ltd.,30,406.0,12180.0,2025-07-16 14:19:29.754200
2025-07-16,25946,2025071603015976,MNBBL,Linch Stock Market Ltd.,Aryatara Investment & Securities,200,406.1,81220.0,2025-07-16 14:23:28.170037
2025-07-16,25860,2025071603016001,MNBBL,Midas Stock Broking Company Private Limited,Naasa Securities Co. Ltd.,222,406.7,90287.4,2025-07-16 14:23:40.195710
2025-07-16,25859,2025071603016002,MNBBL,Midas Stock Broking Company Private Limited,Online Securities Pvt. Ltd.,33,406.9,13427.7,2025-07-16 14:23:40.196155
2025-07-16,25858,2025071603016003,MNBBL,Midas Stock Broking Company Private Limited,Neev Securities Pvt. Ltd.,100,406.9,40690.0,2025-07-16 14:23:40.196393
2025-07-16,25857,2025071603016004,MNBBL,Midas Stock Broking Company Private Limited,Capital Max Securities Ltd,115,406.9,46793.5,2025-07-16 14:23:40.196627
2025-07-16,25724,2025071603016029,MNBBL,Linch Stock Market Ltd.,Cristal Kanchanjanga Securites Pvt. Ltd.,200,406.1,81220.0,2025-07-16 14:23:53.650335
2025-07-16,25304,2025071603016106,MNBBL,Bhrikuti Stock Broking Co. Pvt. Ltd.,Cristal Kanchanjanga Securites Pvt. Ltd.,10,406.8,4068.0,2025-07-16 14:25:04.912215
2025-07-16,24604,2025071603016272,MNBBL,APPLE SECURITIES PRIVATE LIMITED,Cristal Kanchanjanga Securites Pvt. Ltd.,190,406.8,77292.0,2025-07-16 14:26:54.424451
2025-07-16,24406,2025071603016318,MNBBL,Naasa Securities Co. Ltd.,South Asian Bulls Pvt. Ltd.,20,406.8,8136.0,2025-07-16 14:27:24.992189
2025-07-16,24316,2025071603016340,MNBBL,Dipshikha Dhitopatra Karobar Co. Pvt Ltd.,J.F. Securites (PVT) Ltd.,87,406.3,35348.1,2025-07-16 14:27:40.232357
2025-07-16,24189,2025071603016367,MNBBL,Dipshikha Dhitopatra Karobar Co. Pvt Ltd.,Thrive Brokerage House Pvt. Ltd,274,406.3,111326.2,2025-07-16 14:28:00.179448
2025-07-16,23842,2025071603016433,MNBBL,APPLE SECURITIES PRIVATE LIMITED,South Asian Bulls Pvt. Ltd.,180,406.8,73224.0,2025-07-16 14:28:49.784073
2025-07-16,23841,2025071603016434,MNBBL,APPLE SECURITIES PRIVATE LIMITED,Capital Max Securities Ltd,135,406.9,54931.5,2025-07-16 14:28:49.784122
2025-07-16,23840,2025071603016435,MNBBL,APPLE SECURITIES PRIVATE LIMITED,Primo Securities (PVT) Ltd.,15,406.9,6103.5,2025-07-16 14:28:49.784169
2025-07-16,23839,2025071603016436,MNBBL,APPLE SECURITIES PRIVATE LIMITED,Dakshinkali Investment & Securities Pvt. Ltd.,300,406.9,122070.0,2025-07-16 14:28:49.784207
2025-07-16,23838,2025071603016437,MNBBL,APPLE SECURITIES PRIVATE LIMITED,Online Securities Pvt. Ltd.,112,407.0,45584.0,2025-07-16 14:28:49.784233
2025-07-16,23837,2025071603016438,MNBBL,APPLE SECURITIES PRIVATE LIMITED,Nepal Investment And Securities Trading Private Limited,219,407.0,89133.0,2025-07-16 14:28:49.784262
2025-07-16,23836,2025071603016439,MNBBL,APPLE SECURITIES PRIVATE LIMITED,Trishakti Securities Public Limited,39,407.0,15873.0,2025-07-16 14:28:49.784283
2025-07-16,23752,2025071603016453,MNBBL,Oxford Securities Pvt. Ltd.,Sumeru Securities Pvt. Ltd.,100,406.8,40680.0,2025-07-16 14:29:04.959480
2025-07-16,23751,2025071603016454,MNBBL,Oxford Securities Pvt. Ltd.,Trishakti Securities Public Limited,361,407.0,146927.0,2025-07-16 14:29:04.959890
2025-07-16,23750,2025071603016455,MNBBL,Oxford Securities Pvt. Ltd.,Linch Stock Market Ltd.,21,407.0,8547.0,2025-07-16 14:29:04.960143
2025-07-16,23749,2025071603016456,MNBBL,Oxford Securities Pvt. Ltd.,Linch Stock Market Ltd.,18,407.0,7326.0,2025-07-16 14:29:04.960378
2025-07-16,23711,2025071603016460,MNBBL,Primo Securities (PVT) Ltd.,Linch Stock Market Ltd.,80,407.0,32560.0,2025-07-16 14:29:08.038158
2025-07-16,23710,2025071603016461,MNBBL,Primo Securities (PVT) Ltd.,Premier Securities Company Ltd.,50,407.0,20350.0,2025-07-16 14:29:08.038576
2025-07-16,23709,2025071603016462,MNBBL,Primo Securities (PVT) Ltd.,Sewa Securities Pvt. Ltd.,10,407.0,4070.0,2025-07-16 14:29:08.038813
2025-07-16,23708,2025071603016463,MNBBL,Primo Securities (PVT) Ltd.,Kohinoor Investment & Securities Pvt. Ltd.,10,407.0,4070.0,2025-07-16 14:29:08.039049
2025-07-16,23707,2025071603016464,MNBBL,Primo Securities (PVT) Ltd.,Imperial Securities Company Pvt. Ltd.,50,407.0,20350.0,2025-07-16 14:29:08.039288
2025-07-16,23706,2025071603016465,MNBBL,Primo Securities (PVT) Ltd.,Linch Stock Market Ltd.,380,407.0,154660.0,2025-07-16 14:29:08.039495
2025-07-16,23705,2025071603016466,MNBBL,Primo Securities (PVT) Ltd.,Primo Securities (PVT) Ltd.,62,407.0,25234.0,2025-07-16 14:29:08.039694
2025-07-16,23704,2025071603016467,MNBBL,Primo Securities (PVT) Ltd.,Trisul Securities & Invt. Ltd.,100,407.0,40700.0,2025-07-16 14:29:08.039920
2025-07-16,23703,2025071603016468,MNBBL,Primo Securities (PVT) Ltd.,Naasa Securities Co. Ltd.,18,407.0,7326.0,2025-07-16 14:29:08.040278
2025-07-16,23702,2025071603016469,MNBBL,Primo Securities (PVT) Ltd.,Agrawal Securities (PVT) Ltd.,240,407.0,97680.0,2025-07-16 14:29:08.040599
2025-07-16,23569,2025071603016501,MNBBL,Oxford Securities Pvt. Ltd.,Agrawal Securities (PVT) Ltd.,60,407.0,24420.0,2025-07-16 14:29:26.127020
2025-07-16,23568,2025071603016502,MNBBL,Oxford Securities Pvt. Ltd.,Sumeru Securities Pvt. Ltd.,62,407.0,25234.0,2025-07-16 14:29:26.127222
2025-07-16,23405,2025071603016542,MNBBL,APPLE SECURITIES PRIVATE LIMITED,Sumeru Securities Pvt. Ltd.,250,407.5,101875.0,2025-07-16 14:29:52.948725
2025-07-16,23404,2025071603016543,MNBBL,APPLE SECURITIES PRIVATE LIMITED,Primo Securities (PVT) Ltd.,50,407.5,20375.0,2025-07-16 14:29:52.949093
2025-07-16,23125,2025071603016616,MNBBL,Oxford Securities Pvt. Ltd.,Cristal Kanchanjanga Securites Pvt. Ltd.,100,406.8,40680.0,2025-07-16 14:30:33.606715
2025-07-16,23117,2025071603016617,MNBBL,Midas Stock Broking Company Private Limited,Primo Securities (PVT) Ltd.,85,407.5,34637.5,2025-07-16 14:30:35.003156
2025-07-16,23116,2025071603016618,MNBBL,Midas Stock Broking Company Private Limited,South Asian Bulls Pvt. Ltd.,100,407.5,40750.0,2025-07-16 14:30:35.003351
2025-07-16,23115,2025071603016619,MNBBL,Midas Stock Broking Company Private Limited,Market Securities & Exchange (PVT) Ltd.,272,407.6,110867.2,2025-07-16 14:30:35.003430
2025-07-16,23114,2025071603016620,MNBBL,Midas Stock Broking Company Private Limited,Agrawal Securities (PVT) Ltd.,43,407.7,17531.1,2025-07-16 14:30:35.003514
2025-07-16,23065,2025071603016646,MNBBL,APPLE SECURITIES PRIVATE LIMITED,Agrawal Securities (PVT) Ltd.,157,407.7,64008.9,2025-07-16 14:30:43.095620
2025-07-16,23064,2025071603016647,MNBBL,APPLE SECURITIES PRIVATE LIMITED,Naasa Securities Co. Ltd.,22,407.7,8969.4,2025-07-16 14:30:43.095714
2025-07-16,23063,2025071603016648,MNBBL,APPLE SECURITIES PRIVATE LIMITED,Dipshikha Dhitopatra Karobar Co. Pvt Ltd.,100,407.7,40770.0,2025-07-16 14:30:43.095814
2025-07-16,23062,2025071603016649,MNBBL,APPLE SECURITIES PRIVATE LIMITED,Primo Securities (PVT) Ltd.,100,407.9,40790.0,2025-07-16 14:30:43.095894
2025-07-16,23061,2025071603016650,MNBBL,APPLE SECURITIES PRIVATE LIMITED,South Asian Bulls Pvt. Ltd.,100,407.9,40790.0,2025-07-16 14:30:43.095967
2025-07-16,23060,2025071603016651,MNBBL,APPLE SECURITIES PRIVATE LIMITED,Citizens Share Broker Limited,31,408.0,12648.0,2025-07-16 14:30:43.096060
2025-07-16,22935,2025071603016680,MNBBL,Neev Securities Pvt. Ltd.,Linch Stock Market Ltd.,50,406.8,20340.0,2025-07-16 14:31:07.386280
2025-07-16,22432,2025071603016789,MNBBL,Oxford Securities Pvt. Ltd.,Online Securities Pvt. Ltd.,150,407.0,61050.0,2025-07-16 14:32:11.285197
2025-07-16,22003,2025071603016872,MNBBL,APPLE SECURITIES PRIVATE LIMITED,Naasa Securities Co. Ltd.,100,407.0,40700.0,2025-07-16 14:33:07.464281
2025-07-16,22002,2025071603016873,MNBBL,APPLE SECURITIES PRIVATE LIMITED,South Asian Bulls Pvt. Ltd.,60,407.9,24474.0,2025-07-16 14:33:07.464442
2025-07-16,22001,2025071603016874,MNBBL,APPLE SECURITIES PRIVATE LIMITED,Citizens Share Broker Limited,69,408.0,28152.0,2025-07-16 14:33:07.464550
2025-07-16,22000,2025071603016875,MNBBL,APPLE SECURITIES PRIVATE LIMITED,Kumari Securities Private Limited,500,408.0,204000.0,2025-07-16 14:33:07.464647
2025-07-16,21999,2025071603016876,MNBBL,APPLE SECURITIES PRIVATE LIMITED,Creative Securities Pvt Ltd,100,408.0,40800.0,2025-07-16 14:33:07.464739
2025-07-16,21998,2025071603016877,MNBBL,APPLE SECURITIES PRIVATE LIMITED,Kalika Securities Pvt. Ltd.,1023,408.0,417384.0,2025-07-16 14:33:07.464845
2025-07-16,21997,2025071603016878,MNBBL,APPLE SECURITIES PRIVATE LIMITED,Siprabi Securities Pvt. Ltd.,119,408.0,48552.0,2025-07-16 14:33:07.464940
2025-07-16,21996,2025071603016879,MNBBL,APPLE SECURITIES PRIVATE LIMITED,Oxford Securities Pvt. Ltd.,29,408.0,11832.0,2025-07-16 14:33:07.465051
2025-07-16,21453,2025071603016983,MNBBL,Neev Securities Pvt. Ltd.,Naasa Securities Co. Ltd.,37,407.0,15059.0,2025-07-16 14:34:29.786343
2025-07-16,21369,2025071603016994,MNBBL,Neev Securities Pvt. Ltd.,Capital Hub P. Ltd,13,407.0,5291.0,2025-07-16 14:34:39.622217
2025-07-16,21197,2025071603017034,MNBBL,Oxford Securities Pvt. Ltd.,Capital Hub P. Ltd,80,407.0,32560.0,2025-07-16 14:35:08.719209
2025-07-16,20887,2025071603017088,MNBBL,Naasa Securities Co. Ltd.,Agrawal Securities (PVT) Ltd.,50,407.1,20355.0,2025-07-16 14:35:52.485250
2025-07-16,20640,2025071603017126,MNBBL,Sri Hari Securities Pvt. Ltd.,Oxford Securities Pvt. Ltd.,21,408.0,8568.0,2025-07-16 14:36:28.602102
2025-07-16,20639,2025071603017127,MNBBL,Sri Hari Securities Pvt. Ltd.,Neev Securities Pvt. Ltd.,100,408.0,40800.0,2025-07-16 14:36:28.602329
2025-07-16,20638,2025071603017128,MNBBL,Sri Hari Securities Pvt. Ltd.,Sani Securities Company Ltd.,100,408.0,40800.0,2025-07-16 14:36:28.602418
2025-07-16,20637,2025071603017129,MNBBL,Sri Hari Securities Pvt. Ltd.,Shree Krishna Securities Ltd.,100,408.0,40800.0,2025-07-16 14:36:28.602497
2025-07-16,20636,2025071603017130,MNBBL,Sri Hari Securities Pvt. Ltd.,Aryatara Investment & Securities,100,408.0,40800.0,2025-07-16 14:36:28.602574
2025-07-16,20635,2025071603017131,MNBBL,Sri Hari Securities Pvt. Ltd.,Malla & Malla Stock Broking Company Pvt. Limited,50,408.0,20400.0,2025-07-16 14:36:28.602648
2025-07-16,20634,2025071603017132,MNBBL,Sri Hari Securities Pvt. Ltd.,Aryatara Investment & Securities,100,408.0,40800.0,2025-07-16 14:36:28.602730
2025-07-16,20633,2025071603017133,MNBBL,Sri Hari Securities Pvt. Ltd.,Sani Securities Company Ltd.,146,408.0,59568.0,2025-07-16 14:36:28.602805
2025-07-16,20632,2025071603017134,MNBBL,Sri Hari Securities Pvt. Ltd.,Investment Management Nepal Pvt. Ltd.,100,408.0,40800.0,2025-07-16 14:36:28.602874
2025-07-16,20631,2025071603017135,MNBBL,Sri Hari Securities Pvt. Ltd.,Nepal Stock House (PVT) Ltd.,50,408.0,20400.0,2025-07-16 14:36:28.602947
2025-07-16,20630,2025071603017136,MNBBL,Sri Hari Securities Pvt. Ltd.,Premier Securities Company Ltd.,50,408.0,20400.0,2025-07-16 14:36:28.603028
2025-07-16,20629,2025071603017137,MNBBL,Sri Hari Securities Pvt. Ltd.,Online Securities Pvt. Ltd.,83,408.0,33864.0,2025-07-16 14:36:28.603102
2025-07-16,19640,2025071603017366,MNBBL,Naasa Securities Co. Ltd.,Linch Stock Market Ltd.,50,407.1,20355.0,2025-07-16 14:38:22.892250
2025-07-16,19621,2025071603017368,MNBBL,Siprabi Securities Pvt. Ltd.,Online Securities Pvt. Ltd.,17,408.0,6936.0,2025-07-16 14:38:25.304494
2025-07-16,19620,2025071603017369,MNBBL,Siprabi Securities Pvt. Ltd.,Sweta Securities Private Limited,33,408.0,13464.0,2025-07-16 14:38:25.304685
2025-07-16,19395,2025071603017397,MNBBL,Naasa Securities Co. Ltd.,Thrive Brokerage House Pvt. Ltd,135,407.1,54958.5,2025-07-16 14:38:52.620702
2025-07-16,19394,2025071603017398,MNBBL,Online Securities Pvt. Ltd.,Thrive Brokerage House Pvt. Ltd,865,407.0,352055.0,2025-07-16 14:38:52.620910
2025-07-16,19175,2025071603017429,MNBBL,Aryatara Investment & Securities,Dakshinkali Investment & Securities Pvt. Ltd.,150,407.9,61185.0,2025-07-16 14:39:22.961159
2025-07-16,19174,2025071603017430,MNBBL,Aryatara Investment & Securities,Sweta Securities Private Limited,350,408.0,142800.0,2025-07-16 14:39:22.961414
2025-07-16,19123,2025071603017440,MNBBL,Online Securities Pvt. Ltd.,Secured Securities Ltd.,135,407.0,54945.0,2025-07-16 14:39:29.978240
2025-07-16,19052,2025071603017455,MNBBL,Oxford Securities Pvt. Ltd.,Sweta Securities Private Limited,124,406.7,50430.8,2025-07-16 14:39:37.974761
2025-07-16,18556,2025071603017594,MNBBL,Oxford Securities Pvt. Ltd.,Creative Securities Pvt Ltd,254,406.7,103301.8,2025-07-16 14:40:39.927063
2025-07-16,18555,2025071603017595,MNBBL,Primo Securities (PVT) Ltd.,Creative Securities Pvt Ltd,1225,406.6,498085.0,2025-07-16 14:40:39.927246
2025-07-16,18554,2025071603017596,MNBBL,Primo Securities (PVT) Ltd.,Creative Securities Pvt Ltd,521,406.6,211838.6,2025-07-16 14:40:39.927326
2025-07-16,17983,2025071603017690,MNBBL,Primo Securities (PVT) Ltd.,Oxford Securities Pvt. Ltd.,14,406.6,5692.4,2025-07-16 14:41:47.810143
2025-07-16,17705,2025071603017738,MNBBL,Primo Securities (PVT) Ltd.,Shree Krishna Securities Ltd.,465,406.6,189069.0,2025-07-16 14:42:14.882954
2025-07-16,15003,2025071603018467,MNBBL,Dipshikha Dhitopatra Karobar Co. Pvt Ltd.,Agrawal Securities (PVT) Ltd.,600,406.8,244080.0,2025-07-16 14:45:49.600628
2025-07-16,15002,2025071603018468,MNBBL,Dipshikha Dhitopatra Karobar Co. Pvt Ltd.,ABC Securities Private Limited,600,406.8,244080.0,2025-07-16 14:45:49.600934
2025-07-16,14663,2025071603018569,MNBBL,Dipshikha Dhitopatra Karobar Co. Pvt Ltd.,ABC Securities Private Limited,400,406.8,162720.0,2025-07-16 14:46:05.774566
2025-07-16,14382,2025071603018636,MNBBL,Dipshikha Dhitopatra Karobar Co. Pvt Ltd.,Market Securities & Exchange (PVT) Ltd.,400,406.8,162720.0,2025-07-16 14:46:38.574179
2025-07-16,13884,2025071603018808,MNBBL,Dipshikha Dhitopatra Karobar Co. Pvt Ltd.,Creative Securities Pvt Ltd,639,406.3,259625.7,2025-07-16 14:47:21.499447
2025-07-16,13883,2025071603018809,MNBBL,Himalayan Brokerage Company Limited,Creative Securities Pvt Ltd,500,406.3,203150.0,2025-07-16 14:47:21.499493
2025-07-16,13882,2025071603018810,MNBBL,Sri Hari Securities Pvt. Ltd.,Creative Securities Pvt Ltd,100,406.2,40620.0,2025-07-16 14:47:21.499522
2025-07-16,13881,2025071603018811,MNBBL,Linch Stock Market Ltd.,Creative Securities Pvt Ltd,600,406.1,243660.0,2025-07-16 14:47:21.499575
2025-07-16,13880,2025071603018812,MNBBL,Sri Hari Securities Pvt. Ltd.,Creative Securities Pvt Ltd,500,406.1,203050.0,2025-07-16 14:47:21.499599
2025-07-16,13879,2025071603018813,MNBBL,Neev Securities Pvt. Ltd.,Creative Securities Pvt Ltd,500,406.0,203000.0,2025-07-16 14:47:21.499631
2025-07-16,13878,2025071603018814,MNBBL,Dakshinkali Investment & Securities Pvt. Ltd.,Creative Securities Pvt Ltd,1000,406.0,406000.0,2025-07-16 14:47:21.499658
2025-07-16,13877,2025071603018815,MNBBL,Neev Securities Pvt. Ltd.,Creative Securities Pvt Ltd,500,406.0,203000.0,2025-07-16 14:47:21.499683
2025-07-16,13876,2025071603018816,MNBBL,Primo Securities (PVT) Ltd.,Creative Securities Pvt Ltd,917,405.0,371385.0,2025-07-16 14:47:21.499709
2025-07-16,13875,2025071603018817,MNBBL,Himalayan Brokerage Company Limited,Creative Securities Pvt Ltd,500,405.0,202500.0,2025-07-16 14:47:21.499734
2025-07-16,13874,2025071603018818,MNBBL,Cristal Kanchanjanga Securites Pvt. Ltd.,Creative Securities Pvt Ltd,615,405.0,249075.0,2025-07-16 14:47:21.499758
2025-07-16,13873,2025071603018819,MNBBL,Sipla Securities Private Limited,Creative Securities Pvt Ltd,3485,404.5,1409682.5,2025-07-16 14:47:21.499788
2025-07-16,13872,2025071603018820,MNBBL,Sani Securities Company Ltd.,Creative Securities Pvt Ltd,2669,404.0,1078276.0,2025-07-16 14:47:21.499814
2025-07-16,13227,2025071603019012,MNBBL,Siprabi Securities Pvt. Ltd.,Shree Krishna Securities Ltd.,23,406.6,9351.8,2025-07-16 14:48:08.454656
2025-07-16,12916,2025071603019119,MNBBL,Siprabi Securities Pvt. Ltd.,Linch Stock Market Ltd.,40,406.6,16264.0,2025-07-16 14:48:37.247592
2025-07-16,11638,2025071603019471,MNBBL,Trishakti Securities Public Limited,Trishakti Securities Public Limited,165,406.0,66990.0,2025-07-16 14:50:22.762989
2025-07-16,11557,2025071603019483,MNBBL,Neev Securities Pvt. Ltd.,Trishakti Securities Public Limited,335,406.0,136010.0,2025-07-16 14:50:28.531432
2025-07-16,11325,2025071603019574,MNBBL,Neev Securities Pvt. Ltd.,Linch Stock Market Ltd.,165,406.0,66990.0,2025-07-16 14:50:46.345114
2025-07-16,10463,2025071603019744,MNBBL,South Asian Bulls Pvt. Ltd.,Kalika Securities Pvt. Ltd.,50,406.0,20300.0,2025-07-16 14:51:49.304583
2025-07-16,9737,2025071603019872,MNBBL,South Asian Bulls Pvt. Ltd.,Aryatara Investment & Securities,30,406.0,12180.0,2025-07-16 14:52:36.493330
2025-07-16,9736,2025071603019873,MNBBL,Premier Securities Company Ltd.,Aryatara Investment & Securities,700,406.0,284200.0,2025-07-16 14:52:36.493556
2025-07-16,9561,2025071603019912,MNBBL,Bhrikuti Stock Broking Co. Pvt. Ltd.,ABC Securities Private Limited,50,406.4,20320.0,2025-07-16 14:52:51.719558
2025-07-16,7123,2025071603020420,MNBBL,Vision Securities Pvt. Ltd,Imperial Securities Company Pvt. Ltd.,100,406.0,40600.0,2025-07-16 14:55:17.608517
2025-07-16,7115,2025071603020421,MNBBL,Capital Max Securities Ltd,Trishakti Securities Public Limited,50,404.5,20225.0,2025-07-16 14:55:18.432231
2025-07-16,6151,2025071603020612,MNBBL,Online Securities Pvt. Ltd.,Swarna Laxmi Securities Pvt. Ltd.,100,406.3,40630.0,2025-07-16 14:56:14.975217
2025-07-16,6150,2025071603020613,MNBBL,Online Securities Pvt. Ltd.,Sewa Securities Pvt. Ltd.,50,406.3,20315.0,2025-07-16 14:56:14.975418
2025-07-16,6149,2025071603020614,MNBBL,Online Securities Pvt. Ltd.,ABC Securities Private Limited,73,406.4,29667.2,2025-07-16 14:56:14.975500
2025-07-16,6148,2025071603020615,MNBBL,Online Securities Pvt. Ltd.,Nepal Investment And Securities Trading Private Limited,300,406.4,121920.0,2025-07-16 14:56:14.975576
2025-07-16,6147,2025071603020616,MNBBL,Online Securities Pvt. Ltd.,Aryatara Investment & Securities,135,406.5,54877.5,2025-07-16 14:56:14.975652
2025-07-16,6146,2025071603020617,MNBBL,Online Securities Pvt. Ltd.,Imperial Securities Company Pvt. Ltd.,100,406.5,40650.0,2025-07-16 14:56:14.975732
2025-07-16,6145,2025071603020618,MNBBL,Online Securities Pvt. Ltd.,Sani Securities Company Ltd.,108,406.5,43902.0,2025-07-16 14:56:14.975810
2025-07-16,6144,2025071603020619,MNBBL,Online Securities Pvt. Ltd.,Linch Stock Market Ltd.,90,406.5,36585.0,2025-07-16 14:56:14.975888
2025-07-16,6143,2025071603020620,MNBBL,Online Securities Pvt. Ltd.,Aryatara Investment & Securities,2655,406.6,1079523.0,2025-07-16 14:56:14.975965
2025-07-16,6142,2025071603020621,MNBBL,Online Securities Pvt. Ltd.,Nagarik Stock Dealer ,1171,406.9,476479.9,2025-07-16 14:56:14.976045
2025-07-16,6141,2025071603020622,MNBBL,Online Securities Pvt. Ltd.,Secured Securities Ltd.,865,407.0,352055.0,2025-07-16 14:56:14.976119
2025-07-16,6140,2025071603020623,MNBBL,Online Securities Pvt. Ltd.,Bhrikuti Stock Broking Co. Pvt. Ltd.,40,407.0,16280.0,2025-07-16 14:56:14.976204
2025-07-16,6139,2025071603020624,MNBBL,Online Securities Pvt. Ltd.,Secured Securities Ltd.,313,407.0,127391.0,2025-07-16 14:56:14.976278
2025-07-16,4433,2025071603020990,MNBBL,Siprabi Securities Pvt. Ltd.,Imperial Securities Company Pvt. Ltd.,10,405.9,4059.0,2025-07-16 14:57:43.470871
2025-07-16,4432,2025071603020991,MNBBL,Siprabi Securities Pvt. Ltd.,Siprabi Securities Pvt. Ltd.,10,406.0,4060.0,2025-07-16 14:57:43.471084
2025-07-16,3470,2025071603021241,MNBBL,Primo Securities (PVT) Ltd.,Siprabi Securities Pvt. Ltd.,90,406.0,36540.0,2025-07-16 14:58:25.120551
2025-07-16,3469,2025071603021242,MNBBL,Primo Securities (PVT) Ltd.,Aryatara Investment & Securities,500,406.0,203000.0,2025-07-16 14:58:25.120828
2025-07-16,3468,2025071603021243,MNBBL,Primo Securities (PVT) Ltd.,Sumeru Securities Pvt. Ltd.,250,406.0,101500.0,2025-07-16 14:58:25.120924
2025-07-16,3425,2025071603021251,MNBBL,Primo Securities (PVT) Ltd.,Aryatara Investment & Securities,70,406.0,28420.0,2025-07-16 14:58:26.918852
2025-07-16,3400,2025071603021258,MNBBL,Primo Securities (PVT) Ltd.,Oxford Securities Pvt. Ltd.,100,406.0,40600.0,2025-07-16 14:58:27.430402
2025-07-16,2972,2025071603021331,MNBBL,Primo Securities (PVT) Ltd.,Linch Stock Market Ltd.,79,406.0,32074.0,2025-07-16 14:58:42.712522
2025-07-16,2885,2025071603021345,MNBBL,Dakshinkali Investment & Securities Pvt. Ltd.,Secured Securities Ltd.,1000,407.0,407000.0,2025-07-16 14:58:46.935717
2025-07-16,2296,2025071603021467,MNBBL,Sani Securities Company Ltd.,Sani Securities Company Ltd.,100,406.9,40690.0,2025-07-16 14:59:08.650619
2025-07-16,2295,2025071603021468,MNBBL,Sani Securities Company Ltd.,Secured Securities Ltd.,187,407.0,76109.0,2025-07-16 14:59:08.650845
2025-07-16,2294,2025071603021469,MNBBL,Sani Securities Company Ltd.,Linch Stock Market Ltd.,10,407.0,4070.0,2025-07-16 14:59:08.650924
2025-07-16,2293,2025071603021470,MNBBL,Sani Securities Company Ltd.,Oxford Securities Pvt. Ltd.,150,407.0,61050.0,2025-07-16 14:59:08.651008
2025-07-16,2292,2025071603021471,MNBBL,Sani Securities Company Ltd.,Naasa Securities Co. Ltd.,268,407.0,109076.0,2025-07-16 14:59:08.651127
2025-07-16,2291,2025071603021472,MNBBL,Sani Securities Company Ltd.,Nepal Stock House (PVT) Ltd.,305,407.0,124135.0,2025-07-16 14:59:08.651232
2025-07-16,2290,2025071603021473,MNBBL,Sani Securities Company Ltd.,Linch Stock Market Ltd.,421,407.0,171347.0,2025-07-16 14:59:08.651317
2025-07-16,2289,2025071603021474,MNBBL,Sani Securities Company Ltd.,Vision Securities Pvt. Ltd,390,407.0,158730.0,2025-07-16 14:59:08.651404
2025-07-16,2269,2025071603021480,MNBBL,Sani Securities Company Ltd.,Linch Stock Market Ltd.,500,407.0,203500.0,2025-07-16 14:59:09.200826
2025-07-16,1889,2025071603021555,MNBBL,Sani Securities Company Ltd.,Nepal Investment And Securities Trading Private Limited,50,407.0,20350.0,2025-07-16 14:59:18.756485
2025-07-16,1703,2025071603021612,MNBBL,Sani Securities Company Ltd.,Trishakti Securities Public Limited,10,407.0,4070.0,2025-07-16 14:59:23.877921
2025-07-16,1393,2025071603021680,MNBBL,Sani Securities Company Ltd.,Aryatara Investment & Securities,270,407.0,109890.0,2025-07-16 14:59:31.084184
2025-07-16,1017,2025071603021762,MNBBL,Sumeru Securities Pvt. Ltd.,Sweta Securities Private Limited,117,408.0,47736.0,2025-07-16 14:59:39.732909
2025-07-16,1016,2025071603021763,MNBBL,Sumeru Securities Pvt. Ltd.,Premier Securities Company Ltd.,183,408.0,74664.0,2025-07-16 14:59:39.733151
