Date,S.N.,Contract ID,Symbol,Buyer Broker,Seller Broker,volume,rate,amount,transaction_time
2025-07-16,99487,2025071605000006,NIFRA,Sani Securities Company Ltd.,Arun Securities (PVT) Ltd.,11,275.8,3033.8,2025-07-16 10:46:00.026756
2025-07-16,98850,2025071605000051,NIFRA,Vision Securities Pvt. Ltd,Sumeru Securities Pvt. Ltd.,100,281.3,28130.0,2025-07-16 11:02:57.188738
2025-07-16,98554,2025071605000068,NIFRA,Trishakti Securities Public Limited,Sumeru Securities Pvt. Ltd.,500,284.0,142000.0,2025-07-16 11:03:50.296234
2025-07-16,98550,2025071605000072,NIFRA,Deevyaa Securities & Stock House Pvt. Ltd,Sumeru Securities Pvt. Ltd.,100,284.0,28400.0,2025-07-16 11:03:50.824701
2025-07-16,98494,2025071605000080,NIFRA,Primo Securities (PVT) Ltd.,Sumeru Securities Pvt. Ltd.,100,284.0,28400.0,2025-07-16 11:04:09.468525
2025-07-16,98428,2025071605000083,NIFRA,ABC Securities Private Limited,Sumeru Securities Pvt. Ltd.,100,284.0,28400.0,2025-07-16 11:04:24.630523
2025-07-16,98373,2025071605000086,NIFRA,Indira securities pvt. ltd,Sumeru Securities Pvt. Ltd.,20,284.0,5680.0,2025-07-16 11:04:30.454721
2025-07-16,98330,2025071605000093,NIFRA,Vision Securities Pvt. Ltd,Sumeru Securities Pvt. Ltd.,77,284.0,21868.0,2025-07-16 11:04:43.460435
2025-07-16,98267,2025071605000098,NIFRA,Siprabi Securities Pvt. Ltd.,Siprabi Securities Pvt. Ltd.,54,284.0,15336.0,2025-07-16 11:04:52.065152
2025-07-16,98241,2025071605000100,NIFRA,Siprabi Securities Pvt. Ltd.,Naasa Securities Co. Ltd.,46,284.0,13064.0,2025-07-16 11:04:57.160768
2025-07-16,98132,2025071605000109,NIFRA,Midas Stock Broking Company Private Limited,Midas Stock Broking Company Private Limited,4,282.0,1128.0,2025-07-16 11:05:22.601640
2025-07-16,98010,2025071605000122,NIFRA,Kumari Securities Private Limited,Capital Max Securities Ltd,54,283.0,15282.0,2025-07-16 11:05:50.133891
2025-07-16,97679,2025071605000158,NIFRA,Deevyaa Securities & Stock House Pvt. Ltd,Trishakti Securities Public Limited,43,283.1,12173.3,2025-07-16 11:06:58.739491
2025-07-16,97672,2025071605000159,NIFRA,Kumari Securities Private Limited,Sundhara Securities Limited,13,283.0,3679.0,2025-07-16 11:06:59.368783
2025-07-16,97592,2025071605000170,NIFRA,Imperial Securities Company Pvt. Ltd.,Dakshinkali Investment & Securities Pvt. Ltd.,100,284.5,28450.0,2025-07-16 11:07:13.313949
2025-07-16,97534,2025071605000183,NIFRA,Miyo Securities Pvt Ltd,Dakshinkali Investment & Securities Pvt. Ltd.,50,284.5,14225.0,2025-07-16 11:07:23.553141
2025-07-16,97533,2025071605000184,NIFRA,Miyo Securities Pvt Ltd,Sumeru Securities Pvt. Ltd.,103,284.9,29344.7,2025-07-16 11:07:23.553290
2025-07-16,97532,2025071605000185,NIFRA,Miyo Securities Pvt Ltd,Sani Securities Company Ltd.,200,284.9,56980.0,2025-07-16 11:07:23.553362
2025-07-16,97531,2025071605000186,NIFRA,Miyo Securities Pvt Ltd,South Asian Bulls Pvt. Ltd.,54,285.0,15390.0,2025-07-16 11:07:23.553421
2025-07-16,97530,2025071605000187,NIFRA,Miyo Securities Pvt Ltd,Bhrikuti Stock Broking Co. Pvt. Ltd.,300,285.0,85500.0,2025-07-16 11:07:23.553480
2025-07-16,97529,2025071605000188,NIFRA,Miyo Securities Pvt Ltd,Vision Securities Pvt. Ltd,300,285.0,85500.0,2025-07-16 11:07:23.553534
2025-07-16,97528,2025071605000189,NIFRA,Miyo Securities Pvt Ltd,Infinity Securities Limited,350,285.0,99750.0,2025-07-16 11:07:23.553590
2025-07-16,97527,2025071605000190,NIFRA,Miyo Securities Pvt Ltd,Dipshikha Dhitopatra Karobar Co. Pvt Ltd.,100,285.0,28500.0,2025-07-16 11:07:23.553644
2025-07-16,97526,2025071605000191,NIFRA,Miyo Securities Pvt Ltd,Shree Krishna Securities Ltd.,43,285.0,12255.0,2025-07-16 11:07:23.553697
2025-07-16,97440,2025071605000198,NIFRA,Sri Hari Securities Pvt. Ltd.,Trishakti Securities Public Limited,200,284.9,56980.0,2025-07-16 11:07:40.240470
2025-07-16,97280,2025071605000208,NIFRA,Aryatara Investment & Securities,Naasa Securities Co. Ltd.,80,284.0,22720.0,2025-07-16 11:07:57.584901
2025-07-16,97187,2025071605000212,NIFRA,Aryatara Investment & Securities,Dipshikha Dhitopatra Karobar Co. Pvt Ltd.,10,284.0,2840.0,2025-07-16 11:08:08.016188
2025-07-16,97083,2025071605000229,NIFRA,Sani Securities Company Ltd.,Trishakti Securities Public Limited,20,284.9,5698.0,2025-07-16 11:08:29.668414
2025-07-16,96944,2025071605000241,NIFRA,Naasa Securities Co. Ltd.,Trishakti Securities Public Limited,31,284.9,8831.9,2025-07-16 11:08:49.413086
2025-07-16,96904,2025071605000254,NIFRA,Kumari Securities Private Limited,Trishakti Securities Public Limited,249,284.9,70940.1,2025-07-16 11:08:54.969872
2025-07-16,96902,2025071605000255,NIFRA,Kumari Securities Private Limited,Sani Securities Company Ltd.,134,284.9,38176.6,2025-07-16 11:08:55.993672
2025-07-16,96901,2025071605000256,NIFRA,Miyo Securities Pvt Ltd,Sani Securities Company Ltd.,1366,284.1,388080.6,2025-07-16 11:08:55.993944
2025-07-16,96685,2025071605000279,NIFRA,Miyo Securities Pvt Ltd,Secured Securities Ltd.,30,284.1,8523.0,2025-07-16 11:09:34.145148
2025-07-16,96596,2025071605000287,NIFRA,Miyo Securities Pvt Ltd,Shree Krishna Securities Ltd.,11,285.0,3135.0,2025-07-16 11:09:51.981401
2025-07-16,96595,2025071605000288,NIFRA,Miyo Securities Pvt Ltd,Siprabi Securities Pvt. Ltd.,93,285.0,26505.0,2025-07-16 11:09:51.981553
2025-07-16,96466,2025071605000318,NIFRA,Arun Securities (PVT) Ltd.,Oxford Securities Pvt. Ltd.,50,284.9,14245.0,2025-07-16 11:10:12.910899
2025-07-16,96465,2025071605000319,NIFRA,Arun Securities (PVT) Ltd.,Naasa Securities Co. Ltd.,200,284.9,56980.0,2025-07-16 11:10:12.911164
2025-07-16,96464,2025071605000320,NIFRA,Arun Securities (PVT) Ltd.,Siprabi Securities Pvt. Ltd.,1250,285.0,356250.0,2025-07-16 11:10:12.911383
2025-07-16,96344,2025071605000325,NIFRA,Primo Securities (PVT) Ltd.,Siprabi Securities Pvt. Ltd.,200,285.0,57000.0,2025-07-16 11:10:34.666969
2025-07-16,96280,2025071605000334,NIFRA,Aryatara Investment & Securities,Naasa Securities Co. Ltd.,30,284.0,8520.0,2025-07-16 11:10:48.017968
2025-07-16,96279,2025071605000335,NIFRA,Linch Stock Market Ltd.,Naasa Securities Co. Ltd.,20,284.0,5680.0,2025-07-16 11:10:48.018308
2025-07-16,96258,2025071605000339,NIFRA,Sani Securities Company Ltd.,Kohinoor Investment & Securities Pvt. Ltd.,54,284.0,15336.0,2025-07-16 11:10:51.549293
2025-07-16,96029,2025071605000362,NIFRA,Sani Securities Company Ltd.,Naasa Securities Co. Ltd.,570,284.0,161880.0,2025-07-16 11:11:29.286028
2025-07-16,95844,2025071605000396,NIFRA,Sani Securities Company Ltd.,Nepal Investment And Securities Trading Private Limited,190,284.0,53960.0,2025-07-16 11:11:55.679000
2025-07-16,95604,2025071605000437,NIFRA,South Asian Bulls Pvt. Ltd.,Aryatara Investment & Securities,64,284.1,18182.4,2025-07-16 11:12:24.247032
2025-07-16,95272,2025071605000477,NIFRA,Oxford Securities Pvt. Ltd.,Infinity Securities Limited,10,285.0,2850.0,2025-07-16 11:13:09.880341
2025-07-16,95260,2025071605000478,NIFRA,South Asian Bulls Pvt. Ltd.,Ashutosh Brokerage & Securities (PVT) Ltd.,36,284.1,10227.6,2025-07-16 11:13:11.554586
2025-07-16,95259,2025071605000479,NIFRA,Sani Securities Company Ltd.,Ashutosh Brokerage & Securities (PVT) Ltd.,460,284.0,130640.0,2025-07-16 11:13:11.554795
2025-07-16,95198,2025071605000486,NIFRA,Sani Securities Company Ltd.,Asian Securities Private Ltd.,426,284.0,120984.0,2025-07-16 11:13:20.030341
2025-07-16,95197,2025071605000487,NIFRA,Naasa Securities Co. Ltd.,Asian Securities Private Ltd.,384,284.0,109056.0,2025-07-16 11:13:20.030384
2025-07-16,95192,2025071605000488,NIFRA,Naasa Securities Co. Ltd.,Premier Securities Company Ltd.,64,284.0,18176.0,2025-07-16 11:13:21.564435
2025-07-16,94873,2025071605000515,NIFRA,BHOLE GANESH SECURITIES LTD,Asian Securities Private Ltd.,1000,284.1,284100.0,2025-07-16 11:14:14.587280
2025-07-16,94836,2025071605000519,NIFRA,Sani Securities Company Ltd.,Infinity Securities Limited,33,285.0,9405.0,2025-07-16 11:14:25.265855
2025-07-16,94835,2025071605000520,NIFRA,Sani Securities Company Ltd.,Naasa Securities Co. Ltd.,40,285.0,11400.0,2025-07-16 11:14:25.266196
2025-07-16,94834,2025071605000521,NIFRA,Sani Securities Company Ltd.,Capital Max Securities Ltd,27,285.0,7695.0,2025-07-16 11:14:25.266436
2025-07-16,94344,2025071605000580,NIFRA,Sani Securities Company Ltd.,Capital Max Securities Ltd,18,285.0,5130.0,2025-07-16 11:15:45.265019
2025-07-16,94343,2025071605000581,NIFRA,Sani Securities Company Ltd.,Cristal Kanchanjanga Securites Pvt. Ltd.,400,285.8,114320.0,2025-07-16 11:15:45.265262
2025-07-16,94342,2025071605000582,NIFRA,Sani Securities Company Ltd.,Naasa Securities Co. Ltd.,200,285.9,57180.0,2025-07-16 11:15:45.265352
2025-07-16,94341,2025071605000583,NIFRA,Sani Securities Company Ltd.,Sweta Securities Private Limited,250,285.9,71475.0,2025-07-16 11:15:45.265476
2025-07-16,94340,2025071605000584,NIFRA,Sani Securities Company Ltd.,Trishakti Securities Public Limited,50,285.9,14295.0,2025-07-16 11:15:45.265552
2025-07-16,94339,2025071605000585,NIFRA,Sani Securities Company Ltd.,Arun Securities (PVT) Ltd.,585,285.9,167251.5,2025-07-16 11:15:45.265629
2025-07-16,94338,2025071605000586,NIFRA,Sani Securities Company Ltd.,Bhrikuti Stock Broking Co. Pvt. Ltd.,97,286.0,27742.0,2025-07-16 11:15:45.265708
2025-07-16,94329,2025071605000587,NIFRA,Vision Securities Pvt. Ltd,Aryatara Investment & Securities,64,284.1,18182.4,2025-07-16 11:15:49.312443
2025-07-16,94204,2025071605000597,NIFRA,Primo Securities (PVT) Ltd.,Siprabi Securities Pvt. Ltd.,10,284.2,2842.0,2025-07-16 11:16:14.107739
2025-07-16,94163,2025071605000601,NIFRA,Primo Securities (PVT) Ltd.,Opal Securities Investment (PVT) Ltd.,64,284.2,18188.8,2025-07-16 11:16:22.575600
2025-07-16,94074,2025071605000620,NIFRA,Dynamic Money Managers Securities Pvt. Ltd.,Cristal Kanchanjanga Securites Pvt. Ltd.,400,285.0,114000.0,2025-07-16 11:16:33.432789
2025-07-16,94073,2025071605000621,NIFRA,Dynamic Money Managers Securities Pvt. Ltd.,Oxford Securities Pvt. Ltd.,40,285.9,11436.0,2025-07-16 11:16:33.433171
2025-07-16,94072,2025071605000622,NIFRA,Dynamic Money Managers Securities Pvt. Ltd.,Bhrikuti Stock Broking Co. Pvt. Ltd.,203,286.0,58058.0,2025-07-16 11:16:33.433445
2025-07-16,94071,2025071605000623,NIFRA,Dynamic Money Managers Securities Pvt. Ltd.,Vision Securities Pvt. Ltd,400,286.0,114400.0,2025-07-16 11:16:33.433698
2025-07-16,94070,2025071605000624,NIFRA,Dynamic Money Managers Securities Pvt. Ltd.,Opal Securities Investment (PVT) Ltd.,266,286.0,76076.0,2025-07-16 11:16:33.433968
2025-07-16,94069,2025071605000625,NIFRA,Dynamic Money Managers Securities Pvt. Ltd.,Imperial Securities Company Pvt. Ltd.,500,286.0,143000.0,2025-07-16 11:16:33.434206
2025-07-16,94068,2025071605000626,NIFRA,Dynamic Money Managers Securities Pvt. Ltd.,Sri Hari Securities Pvt. Ltd.,54,286.0,15444.0,2025-07-16 11:16:33.434470
2025-07-16,94067,2025071605000627,NIFRA,Dynamic Money Managers Securities Pvt. Ltd.,Naasa Securities Co. Ltd.,10,286.0,2860.0,2025-07-16 11:16:33.434700
2025-07-16,94066,2025071605000628,NIFRA,Dynamic Money Managers Securities Pvt. Ltd.,Global IME Securities Limited,100,286.0,28600.0,2025-07-16 11:16:33.434966
2025-07-16,94065,2025071605000629,NIFRA,Dynamic Money Managers Securities Pvt. Ltd.,Bhrikuti Stock Broking Co. Pvt. Ltd.,400,286.9,114760.0,2025-07-16 11:16:33.435201
2025-07-16,94064,2025071605000630,NIFRA,Dynamic Money Managers Securities Pvt. Ltd.,Sajilo Broker Limited,500,286.9,143450.0,2025-07-16 11:16:33.435454
2025-07-16,94063,2025071605000631,NIFRA,Dynamic Money Managers Securities Pvt. Ltd.,Deevyaa Securities & Stock House Pvt. Ltd,800,286.9,229520.0,2025-07-16 11:16:33.435691
2025-07-16,94062,2025071605000632,NIFRA,Dynamic Money Managers Securities Pvt. Ltd.,Vision Securities Pvt. Ltd,500,287.0,143500.0,2025-07-16 11:16:33.435918
2025-07-16,94061,2025071605000633,NIFRA,Dynamic Money Managers Securities Pvt. Ltd.,Oxford Securities Pvt. Ltd.,95,287.0,27265.0,2025-07-16 11:16:33.436180
2025-07-16,94060,2025071605000634,NIFRA,Dynamic Money Managers Securities Pvt. Ltd.,Vision Securities Pvt. Ltd,32,287.0,9184.0,2025-07-16 11:16:33.436432
2025-07-16,94059,2025071605000635,NIFRA,Dynamic Money Managers Securities Pvt. Ltd.,Imperial Securities Company Pvt. Ltd.,500,287.0,143500.0,2025-07-16 11:16:33.436664
2025-07-16,94058,2025071605000636,NIFRA,Dynamic Money Managers Securities Pvt. Ltd.,Linch Stock Market Ltd.,28,287.0,8036.0,2025-07-16 11:16:33.436887
2025-07-16,94057,2025071605000637,NIFRA,Dynamic Money Managers Securities Pvt. Ltd.,Naasa Securities Co. Ltd.,11,287.0,3157.0,2025-07-16 11:16:33.437112
2025-07-16,94056,2025071605000638,NIFRA,Dynamic Money Managers Securities Pvt. Ltd.,Dipshikha Dhitopatra Karobar Co. Pvt Ltd.,161,287.5,46287.5,2025-07-16 11:16:33.437367
2025-07-16,94008,2025071605000643,NIFRA,Dynamic Money Managers Securities Pvt. Ltd.,Dipshikha Dhitopatra Karobar Co. Pvt Ltd.,194,287.5,55775.0,2025-07-16 11:16:43.169426
2025-07-16,94007,2025071605000644,NIFRA,Dynamic Money Managers Securities Pvt. Ltd.,Naasa Securities Co. Ltd.,400,288.0,115200.0,2025-07-16 11:16:43.169594
2025-07-16,94006,2025071605000645,NIFRA,Dynamic Money Managers Securities Pvt. Ltd.,Citizens Share Broker Limited,1000,288.0,288000.0,2025-07-16 11:16:43.169681
2025-07-16,94005,2025071605000646,NIFRA,Dynamic Money Managers Securities Pvt. Ltd.,Vision Securities Pvt. Ltd,600,288.0,172800.0,2025-07-16 11:16:43.169760
2025-07-16,94004,2025071605000647,NIFRA,Dynamic Money Managers Securities Pvt. Ltd.,Linch Stock Market Ltd.,314,288.0,90432.0,2025-07-16 11:16:43.169835
2025-07-16,94003,2025071605000648,NIFRA,Dynamic Money Managers Securities Pvt. Ltd.,Online Securities Pvt. Ltd.,300,288.0,86400.0,2025-07-16 11:16:43.169909
2025-07-16,94002,2025071605000649,NIFRA,Dynamic Money Managers Securities Pvt. Ltd.,NIMB Stock Markets Limited,64,288.0,18432.0,2025-07-16 11:16:43.169989
2025-07-16,94001,2025071605000650,NIFRA,Dynamic Money Managers Securities Pvt. Ltd.,Naasa Securities Co. Ltd.,500,288.0,144000.0,2025-07-16 11:16:43.170078
2025-07-16,94000,2025071605000651,NIFRA,Dynamic Money Managers Securities Pvt. Ltd.,Trishakti Securities Public Limited,54,288.0,15552.0,2025-07-16 11:16:43.170153
2025-07-16,93999,2025071605000652,NIFRA,Dynamic Money Managers Securities Pvt. Ltd.,Asian Securities Private Ltd.,64,288.0,18432.0,2025-07-16 11:16:43.170242
2025-07-16,93998,2025071605000653,NIFRA,Dynamic Money Managers Securities Pvt. Ltd.,Imperial Securities Company Pvt. Ltd.,300,288.0,86400.0,2025-07-16 11:16:43.170323
2025-07-16,93997,2025071605000654,NIFRA,Dynamic Money Managers Securities Pvt. Ltd.,Imperial Securities Company Pvt. Ltd.,54,288.0,15552.0,2025-07-16 11:16:43.170395
2025-07-16,93996,2025071605000655,NIFRA,Dynamic Money Managers Securities Pvt. Ltd.,Ashutosh Brokerage & Securities (PVT) Ltd.,500,288.6,144300.0,2025-07-16 11:16:43.170486
2025-07-16,93995,2025071605000656,NIFRA,Dynamic Money Managers Securities Pvt. Ltd.,Online Securities Pvt. Ltd.,1000,289.0,289000.0,2025-07-16 11:16:43.170568
2025-07-16,93994,2025071605000657,NIFRA,Dynamic Money Managers Securities Pvt. Ltd.,Citizens Share Broker Limited,1000,289.0,289000.0,2025-07-16 11:16:43.170666
2025-07-16,93993,2025071605000658,NIFRA,Dynamic Money Managers Securities Pvt. Ltd.,Citizens Share Broker Limited,1000,289.0,289000.0,2025-07-16 11:16:43.170740
2025-07-16,93992,2025071605000659,NIFRA,Dynamic Money Managers Securities Pvt. Ltd.,Secured Securities Ltd.,200,289.0,57800.0,2025-07-16 11:16:43.170815
2025-07-16,93991,2025071605000660,NIFRA,Dynamic Money Managers Securities Pvt. Ltd.,Citizens Share Broker Limited,1000,289.0,289000.0,2025-07-16 11:16:43.170907
2025-07-16,93990,2025071605000661,NIFRA,Dynamic Money Managers Securities Pvt. Ltd.,Vision Securities Pvt. Ltd,700,289.0,202300.0,2025-07-16 11:16:43.170981
2025-07-16,93989,2025071605000662,NIFRA,Dynamic Money Managers Securities Pvt. Ltd.,Sani Securities Company Ltd.,54,289.0,15606.0,2025-07-16 11:16:43.171065
2025-07-16,93988,2025071605000663,NIFRA,Dynamic Money Managers Securities Pvt. Ltd.,Siprabi Securities Pvt. Ltd.,50,289.0,14450.0,2025-07-16 11:16:43.171136
2025-07-16,93987,2025071605000664,NIFRA,Dynamic Money Managers Securities Pvt. Ltd.,Malla & Malla Stock Broking Company Pvt. Limited,4577,289.0,1322753.0,2025-07-16 11:16:43.171204
2025-07-16,93986,2025071605000665,NIFRA,Dynamic Money Managers Securities Pvt. Ltd.,Investment Management Nepal Pvt. Ltd.,54,289.0,15606.0,2025-07-16 11:16:43.171272
2025-07-16,93985,2025071605000666,NIFRA,Dynamic Money Managers Securities Pvt. Ltd.,Vision Securities Pvt. Ltd,1000,289.0,289000.0,2025-07-16 11:16:43.171342
2025-07-16,93984,2025071605000667,NIFRA,Dynamic Money Managers Securities Pvt. Ltd.,Malla & Malla Stock Broking Company Pvt. Limited,960,289.0,277440.0,2025-07-16 11:16:43.171407
2025-07-16,93983,2025071605000668,NIFRA,Dynamic Money Managers Securities Pvt. Ltd.,Kumari Securities Private Limited,24,289.0,6936.0,2025-07-16 11:16:43.171476
2025-07-16,93982,2025071605000669,NIFRA,Dynamic Money Managers Securities Pvt. Ltd.,Online Securities Pvt. Ltd.,4223,289.0,1220447.0,2025-07-16 11:16:43.171546
2025-07-16,93981,2025071605000670,NIFRA,Dynamic Money Managers Securities Pvt. Ltd.,Kohinoor Investment & Securities Pvt. Ltd.,150,289.0,43350.0,2025-07-16 11:16:43.171615
2025-07-16,93980,2025071605000671,NIFRA,Dynamic Money Managers Securities Pvt. Ltd.,Nepal Stock House (PVT) Ltd.,100,289.0,28900.0,2025-07-16 11:16:43.171682
2025-07-16,93979,2025071605000672,NIFRA,Dynamic Money Managers Securities Pvt. Ltd.,ABC Securities Private Limited,150,289.0,43350.0,2025-07-16 11:16:43.171745
2025-07-16,93978,2025071605000673,NIFRA,Dynamic Money Managers Securities Pvt. Ltd.,J.F. Securites (PVT) Ltd.,54,289.0,15606.0,2025-07-16 11:16:43.171817
2025-07-16,93977,2025071605000674,NIFRA,Dynamic Money Managers Securities Pvt. Ltd.,Dynamic Money Managers Securities Pvt. Ltd.,19360,289.0,5595040.0,2025-07-16 11:16:43.171894
2025-07-16,93900,2025071605000680,NIFRA,Dynamic Money Managers Securities Pvt. Ltd.,Sundhara Securities Limited,1000,287.9,287900.0,2025-07-16 11:16:54.461979
2025-07-16,93899,2025071605000681,NIFRA,Dynamic Money Managers Securities Pvt. Ltd.,Trishakti Securities Public Limited,250,288.0,72000.0,2025-07-16 11:16:54.462137
2025-07-16,93898,2025071605000682,NIFRA,Dynamic Money Managers Securities Pvt. Ltd.,Dynamic Money Managers Securities Pvt. Ltd.,17146,289.0,4955194.0,2025-07-16 11:16:54.462233
2025-07-16,93857,2025071605000687,NIFRA,Primo Securities (PVT) Ltd.,Bhrikuti Stock Broking Co. Pvt. Ltd.,26,284.2,7389.2,2025-07-16 11:17:02.983364
2025-07-16,93856,2025071605000688,NIFRA,Vision Securities Pvt. Ltd,Bhrikuti Stock Broking Co. Pvt. Ltd.,136,284.1,38637.6,2025-07-16 11:17:02.983540
2025-07-16,93855,2025071605000689,NIFRA,Naasa Securities Co. Ltd.,Bhrikuti Stock Broking Co. Pvt. Ltd.,838,284.0,237992.0,2025-07-16 11:17:02.983638
2025-07-16,93730,2025071605000707,NIFRA,Shree Krishna Securities Ltd.,Naasa Securities Co. Ltd.,10,287.0,2870.0,2025-07-16 11:17:20.245043
2025-07-16,93729,2025071605000708,NIFRA,Shree Krishna Securities Ltd.,Oxford Securities Pvt. Ltd.,10,287.4,2874.0,2025-07-16 11:17:20.245198
2025-07-16,93728,2025071605000709,NIFRA,Shree Krishna Securities Ltd.,Cristal Kanchanjanga Securites Pvt. Ltd.,400,287.5,115000.0,2025-07-16 11:17:20.245268
2025-07-16,93600,2025071605000726,NIFRA,Shree Krishna Securities Ltd.,Premier Securities Company Ltd.,10,287.5,2875.0,2025-07-16 11:17:42.319451
2025-07-16,93549,2025071605000734,NIFRA,Shree Krishna Securities Ltd.,Sumeru Securities Pvt. Ltd.,400,287.5,115000.0,2025-07-16 11:17:53.227012
2025-07-16,93526,2025071605000739,NIFRA,Shree Krishna Securities Ltd.,Naasa Securities Co. Ltd.,170,287.5,48875.0,2025-07-16 11:17:57.417429
2025-07-16,92973,2025071605000834,NIFRA,Trishakti Securities Public Limited,Himalayan Securities Limited,64,284.2,18188.8,2025-07-16 11:19:45.847366
2025-07-16,92045,2025071605001014,NIFRA,Trishakti Securities Public Limited,Nepal Investment And Securities Trading Private Limited,43,285.0,12255.0,2025-07-16 11:22:27.458794
2025-07-16,92044,2025071605001015,NIFRA,Trishakti Securities Public Limited,Aryatara Investment & Securities,60,285.0,17100.0,2025-07-16 11:22:27.459052
2025-07-16,92043,2025071605001016,NIFRA,Trishakti Securities Public Limited,Sumeru Securities Pvt. Ltd.,68,286.0,19448.0,2025-07-16 11:22:27.459154
2025-07-16,92042,2025071605001017,NIFRA,Trishakti Securities Public Limited,Online Securities Pvt. Ltd.,829,286.0,237094.0,2025-07-16 11:22:27.459251
2025-07-16,91458,2025071605001076,NIFRA,Siprabi Securities Pvt. Ltd.,Kohinoor Investment & Securities Pvt. Ltd.,20,284.5,5690.0,2025-07-16 11:23:56.733106
2025-07-16,91457,2025071605001077,NIFRA,Primo Securities (PVT) Ltd.,Kohinoor Investment & Securities Pvt. Ltd.,30,284.3,8529.0,2025-07-16 11:23:56.733637
2025-07-16,91386,2025071605001082,NIFRA,Sani Securities Company Ltd.,Online Securities Pvt. Ltd.,10,285.0,2850.0,2025-07-16 11:24:10.314938
2025-07-16,91385,2025071605001083,NIFRA,Sani Securities Company Ltd.,Online Securities Pvt. Ltd.,171,286.0,48906.0,2025-07-16 11:24:10.315451
2025-07-16,91384,2025071605001084,NIFRA,Sani Securities Company Ltd.,Online Securities Pvt. Ltd.,40,286.0,11440.0,2025-07-16 11:24:10.315794
2025-07-16,91383,2025071605001085,NIFRA,Sani Securities Company Ltd.,Dipshikha Dhitopatra Karobar Co. Pvt Ltd.,179,286.0,51194.0,2025-07-16 11:24:10.316110
2025-07-16,91341,2025071605001091,NIFRA,Trishakti Securities Public Limited,Sani Securities Company Ltd.,936,284.2,266011.2,2025-07-16 11:24:16.373305
2025-07-16,91340,2025071605001092,NIFRA,Vision Securities Pvt. Ltd,Sani Securities Company Ltd.,634,284.1,180119.4,2025-07-16 11:24:16.373625
2025-07-16,90733,2025071605001179,NIFRA,Sipla Securities Private Limited,Sipla Securities Private Limited,872,285.9,249304.8,2025-07-16 11:26:03.395541
2025-07-16,90665,2025071605001191,NIFRA,Sipla Securities Private Limited,Sipla Securities Private Limited,1000,285.9,285900.0,2025-07-16 11:26:14.424455
2025-07-16,90587,2025071605001213,NIFRA,Sipla Securities Private Limited,Dipshikha Dhitopatra Karobar Co. Pvt Ltd.,28,286.0,8008.0,2025-07-16 11:26:25.451614
2025-07-16,90484,2025071605001227,NIFRA,Sani Securities Company Ltd.,Dipshikha Dhitopatra Karobar Co. Pvt Ltd.,50,286.0,14300.0,2025-07-16 11:26:37.233792
2025-07-16,90012,2025071605001329,NIFRA,Aryatara Investment & Securities,Primo Securities (PVT) Ltd.,26,285.0,7410.0,2025-07-16 11:27:37.523886
2025-07-16,89637,2025071605001395,NIFRA,Cristal Kanchanjanga Securites Pvt. Ltd.,Primo Securities (PVT) Ltd.,28,285.0,7980.0,2025-07-16 11:28:36.295938
2025-07-16,89561,2025071605001406,NIFRA,Cristal Kanchanjanga Securites Pvt. Ltd.,Online Securities Pvt. Ltd.,54,285.0,15390.0,2025-07-16 11:28:46.102713
2025-07-16,89266,2025071605001456,NIFRA,Cristal Kanchanjanga Securites Pvt. Ltd.,Sundhara Securities Limited,18,285.0,5130.0,2025-07-16 11:29:36.186641
2025-07-16,89265,2025071605001457,NIFRA,Imperial Securities Company Pvt. Ltd.,Sundhara Securities Limited,10,285.0,2850.0,2025-07-16 11:29:36.187128
2025-07-16,89036,2025071605001484,NIFRA,Sundhara Securities Limited,Vision Securities Pvt. Ltd,50,285.5,14275.0,2025-07-16 11:30:16.070959
2025-07-16,87660,2025071605001636,NIFRA,Siprabi Securities Pvt. Ltd.,Sani Securities Company Ltd.,20,284.2,5684.0,2025-07-16 11:33:31.619452
2025-07-16,87659,2025071605001637,NIFRA,J.F. Securites (PVT) Ltd.,Sani Securities Company Ltd.,10,284.2,2842.0,2025-07-16 11:33:31.619728
2025-07-16,87495,2025071605001660,NIFRA,Imperial Securities Company Pvt. Ltd.,Sri Hari Securities Pvt. Ltd.,85,284.9,24216.5,2025-07-16 11:33:53.628702
2025-07-16,87364,2025071605001696,NIFRA,Malla & Malla Stock Broking Company Pvt. Limited,Sri Hari Securities Pvt. Ltd.,95,284.9,27065.5,2025-07-16 11:34:12.532076
2025-07-16,87212,2025071605001717,NIFRA,Malla & Malla Stock Broking Company Pvt. Limited,Sani Securities Company Ltd.,100,285.0,28500.0,2025-07-16 11:34:39.654276
2025-07-16,86956,2025071605001752,NIFRA,Aryatara Investment & Securities,Sani Securities Company Ltd.,100,285.0,28500.0,2025-07-16 11:35:23.280454
2025-07-16,86955,2025071605001753,NIFRA,Aryatara Investment & Securities,Online Securities Pvt. Ltd.,20,285.0,5700.0,2025-07-16 11:35:23.281046
2025-07-16,86954,2025071605001754,NIFRA,Aryatara Investment & Securities,Imperial Securities Company Pvt. Ltd.,60,285.0,17100.0,2025-07-16 11:35:23.281485
2025-07-16,86953,2025071605001755,NIFRA,Aryatara Investment & Securities,Vision Securities Pvt. Ltd,820,285.5,234110.0,2025-07-16 11:35:23.281900
2025-07-16,86867,2025071605001767,NIFRA,KALASH STOCK MARKET PVT. LTD.,Nepal Stock House (PVT) Ltd.,200,284.3,56860.0,2025-07-16 11:35:38.274906
2025-07-16,86470,2025071605001797,NIFRA,Ashutosh Brokerage & Securities (PVT) Ltd.,Agrawal Securities (PVT) Ltd.,4,278.7,1114.8,2025-07-16 11:36:40.439412
2025-07-16,86388,2025071605001811,NIFRA,Ashutosh Brokerage & Securities (PVT) Ltd.,Agrawal Securities (PVT) Ltd.,4,278.7,1114.8,2025-07-16 11:36:51.595258
2025-07-16,86308,2025071605001830,NIFRA,Ashutosh Brokerage & Securities (PVT) Ltd.,Agrawal Securities (PVT) Ltd.,4,278.7,1114.8,2025-07-16 11:37:04.712819
2025-07-16,86219,2025071605001843,NIFRA,Sri Hari Securities Pvt. Ltd.,Vision Securities Pvt. Ltd,130,284.5,36985.0,2025-07-16 11:37:18.931324
2025-07-16,85746,2025071605001867,NIFRA,Vision Securities Pvt. Ltd,Ashutosh Brokerage & Securities (PVT) Ltd.,200,284.9,56980.0,2025-07-16 11:38:16.726371
2025-07-16,85745,2025071605001868,NIFRA,Vision Securities Pvt. Ltd,Investment Management Nepal Pvt. Ltd.,20,285.0,5700.0,2025-07-16 11:38:16.726686
2025-07-16,85744,2025071605001869,NIFRA,Vision Securities Pvt. Ltd,Naasa Securities Co. Ltd.,178,285.0,50730.0,2025-07-16 11:38:16.726828
2025-07-16,85513,2025071605001889,NIFRA,South Asian Bulls Pvt. Ltd.,Naasa Securities Co. Ltd.,191,285.0,54435.0,2025-07-16 11:38:45.437917
2025-07-16,85483,2025071605001897,NIFRA,Premier Securities Company Ltd.,Sweta Securities Private Limited,190,285.5,54245.0,2025-07-16 11:38:50.532350
2025-07-16,85386,2025071605001904,NIFRA,Vision Securities Pvt. Ltd,Sundhara Securities Limited,54,285.0,15390.0,2025-07-16 11:39:05.640535
2025-07-16,85235,2025071605001914,NIFRA,Vision Securities Pvt. Ltd,South Asian Bulls Pvt. Ltd.,54,285.0,15390.0,2025-07-16 11:39:26.707753
2025-07-16,85092,2025071605001921,NIFRA,Premier Securities Company Ltd.,Sweta Securities Private Limited,10,285.5,2855.0,2025-07-16 11:39:39.823257
2025-07-16,85091,2025071605001922,NIFRA,Premier Securities Company Ltd.,Vision Securities Pvt. Ltd,35,285.9,10006.5,2025-07-16 11:39:39.823339
2025-07-16,85042,2025071605001927,NIFRA,South Asian Bulls Pvt. Ltd.,Vision Securities Pvt. Ltd,11,285.9,3144.9,2025-07-16 11:39:49.844459
2025-07-16,84484,2025071605002038,NIFRA,Aryatara Investment & Securities,ABC Securities Private Limited,54,285.5,15417.0,2025-07-16 11:41:02.199338
2025-07-16,84455,2025071605002040,NIFRA,Sri Hari Securities Pvt. Ltd.,Vision Securities Pvt. Ltd,54,285.9,15438.6,2025-07-16 11:41:06.644492
2025-07-16,84454,2025071605002041,NIFRA,Sri Hari Securities Pvt. Ltd.,Dipshikha Dhitopatra Karobar Co. Pvt Ltd.,743,286.0,212498.0,2025-07-16 11:41:06.644817
2025-07-16,84453,2025071605002042,NIFRA,Sri Hari Securities Pvt. Ltd.,Deevyaa Securities & Stock House Pvt. Ltd,60,286.0,17160.0,2025-07-16 11:41:06.644974
2025-07-16,84452,2025071605002043,NIFRA,Sri Hari Securities Pvt. Ltd.,Online Securities Pvt. Ltd.,54,286.0,15444.0,2025-07-16 11:41:06.645141
2025-07-16,84451,2025071605002044,NIFRA,Sri Hari Securities Pvt. Ltd.,Aryatara Investment & Securities,32,286.0,9152.0,2025-07-16 11:41:06.645296
2025-07-16,84450,2025071605002045,NIFRA,Sri Hari Securities Pvt. Ltd.,Nepal Stock House (PVT) Ltd.,57,286.0,16302.0,2025-07-16 11:41:06.645469
2025-07-16,84420,2025071605002047,NIFRA,Sri Hari Securities Pvt. Ltd.,Sundhara Securities Limited,500,286.0,143000.0,2025-07-16 11:41:12.738630
2025-07-16,84419,2025071605002048,NIFRA,Sri Hari Securities Pvt. Ltd.,Premier Securities Company Ltd.,50,286.0,14300.0,2025-07-16 11:41:12.738951
2025-07-16,84418,2025071605002049,NIFRA,Sri Hari Securities Pvt. Ltd.,Dakshinkali Investment & Securities Pvt. Ltd.,400,286.0,114400.0,2025-07-16 11:41:12.739091
2025-07-16,84392,2025071605002057,NIFRA,Sri Hari Securities Pvt. Ltd.,Primo Securities (PVT) Ltd.,500,286.0,143000.0,2025-07-16 11:41:15.425228
2025-07-16,84335,2025071605002059,NIFRA,Trishakti Securities Public Limited,Online Securities Pvt. Ltd.,50,286.5,14325.0,2025-07-16 11:41:20.821757
2025-07-16,83918,2025071605002108,NIFRA,Vision Securities Pvt. Ltd,Online Securities Pvt. Ltd.,570,286.5,163305.0,2025-07-16 11:42:05.909263
2025-07-16,83917,2025071605002109,NIFRA,Vision Securities Pvt. Ltd,Shree Krishna Securities Ltd.,100,286.5,28650.0,2025-07-16 11:42:05.909637
2025-07-16,83638,2025071605002147,NIFRA,Sri Hari Securities Pvt. Ltd.,Ashutosh Brokerage & Securities (PVT) Ltd.,54,286.0,15444.0,2025-07-16 11:42:36.052868
2025-07-16,83574,2025071605002156,NIFRA,Sri Hari Securities Pvt. Ltd.,Primo Securities (PVT) Ltd.,54,286.0,15444.0,2025-07-16 11:42:44.046012
2025-07-16,83421,2025071605002170,NIFRA,Dipshikha Dhitopatra Karobar Co. Pvt Ltd.,Arun Securities (PVT) Ltd.,64,286.5,18336.0,2025-07-16 11:43:04.484631
2025-07-16,82947,2025071605002235,NIFRA,Sri Hari Securities Pvt. Ltd.,Midas Stock Broking Company Private Limited,54,286.4,15465.6,2025-07-16 11:44:05.381956
2025-07-16,82946,2025071605002236,NIFRA,Sri Hari Securities Pvt. Ltd.,Miyo Securities Pvt Ltd,16,286.5,4584.0,2025-07-16 11:44:05.382256
2025-07-16,82669,2025071605002275,NIFRA,Sri Hari Securities Pvt. Ltd.,Thrive Brokerage House Pvt. Ltd,42,286.0,12012.0,2025-07-16 11:44:37.686922
2025-07-16,82136,2025071605002323,NIFRA,Secured Securities Ltd.,Thrive Brokerage House Pvt. Ltd,22,286.0,6292.0,2025-07-16 11:45:37.425092
2025-07-16,82135,2025071605002324,NIFRA,Secured Securities Ltd.,Naasa Securities Co. Ltd.,150,286.0,42900.0,2025-07-16 11:45:37.425454
2025-07-16,81682,2025071605002378,NIFRA,Imperial Securities Company Pvt. Ltd.,Capital Max Securities Ltd,29,286.4,8305.6,2025-07-16 11:46:27.157982
2025-07-16,81593,2025071605002392,NIFRA,Secured Securities Ltd.,Dynamic Money Managers Securities Pvt. Ltd.,828,286.0,236808.0,2025-07-16 11:46:38.276836
2025-07-16,81277,2025071605002429,NIFRA,Sani Securities Company Ltd.,Agrawal Securities (PVT) Ltd.,1000,285.1,285100.0,2025-07-16 11:47:16.643719
2025-07-16,81243,2025071605002433,NIFRA,Aryatara Investment & Securities,Nepal Investment And Securities Trading Private Limited,50,285.0,14250.0,2025-07-16 11:47:23.523989
2025-07-16,81219,2025071605002441,NIFRA,Aryatara Investment & Securities,Miyo Securities Pvt Ltd,38,285.0,10830.0,2025-07-16 11:47:29.226530
2025-07-16,81157,2025071605002447,NIFRA,Aryatara Investment & Securities,Naasa Securities Co. Ltd.,412,285.0,117420.0,2025-07-16 11:47:34.362766
2025-07-16,81156,2025071605002448,NIFRA,Oxford Securities Pvt. Ltd.,Naasa Securities Co. Ltd.,20,285.0,5700.0,2025-07-16 11:47:34.363061
2025-07-16,81155,2025071605002449,NIFRA,Dipshikha Dhitopatra Karobar Co. Pvt Ltd.,Naasa Securities Co. Ltd.,18,285.0,5130.0,2025-07-16 11:47:34.363233
2025-07-16,81099,2025071605002466,NIFRA,Dipshikha Dhitopatra Karobar Co. Pvt Ltd.,Nepal Investment And Securities Trading Private Limited,32,285.0,9120.0,2025-07-16 11:47:42.630044
2025-07-16,81098,2025071605002467,NIFRA,Sri Hari Securities Pvt. Ltd.,Nepal Investment And Securities Trading Private Limited,18,285.0,5130.0,2025-07-16 11:47:42.630769
2025-07-16,80968,2025071605002487,NIFRA,Sri Hari Securities Pvt. Ltd.,J.F. Securites (PVT) Ltd.,10,285.0,2850.0,2025-07-16 11:48:04.690428
2025-07-16,80952,2025071605002489,NIFRA,Sri Hari Securities Pvt. Ltd.,Capital Max Securities Ltd,25,285.0,7125.0,2025-07-16 11:48:08.711678
2025-07-16,80745,2025071605002521,NIFRA,Sri Hari Securities Pvt. Ltd.,Cristal Kanchanjanga Securites Pvt. Ltd.,100,285.0,28500.0,2025-07-16 11:48:40.102373
2025-07-16,80614,2025071605002547,NIFRA,Sri Hari Securities Pvt. Ltd.,Sewa Securities Pvt. Ltd.,47,285.0,13395.0,2025-07-16 11:48:57.768067
2025-07-16,80382,2025071605002581,NIFRA,Naasa Securities Co. Ltd.,Imperial Securities Company Pvt. Ltd.,10,285.0,2850.0,2025-07-16 11:49:38.643895
2025-07-16,80381,2025071605002582,NIFRA,Aryatara Investment & Securities,Imperial Securities Company Pvt. Ltd.,44,285.0,12540.0,2025-07-16 11:49:38.644552
2025-07-16,80371,2025071605002583,NIFRA,Aryatara Investment & Securities,Investment Management Nepal Pvt. Ltd.,54,285.0,15390.0,2025-07-16 11:49:39.750278
2025-07-16,80317,2025071605002590,NIFRA,Aryatara Investment & Securities,Vision Securities Pvt. Ltd,54,285.0,15390.0,2025-07-16 11:49:51.678055
2025-07-16,80083,2025071605002627,NIFRA,J.F. Securites (PVT) Ltd.,Asian Securities Private Ltd.,32,285.1,9123.2,2025-07-16 11:50:23.453175
2025-07-16,79864,2025071605002647,NIFRA,Trisul Securities & Invt. Ltd.,Vision Securities Pvt. Ltd,54,285.5,15417.0,2025-07-16 11:50:52.510906
2025-07-16,79863,2025071605002648,NIFRA,Trisul Securities & Invt. Ltd.,Naasa Securities Co. Ltd.,200,285.6,57120.0,2025-07-16 11:50:52.511670
2025-07-16,79862,2025071605002649,NIFRA,Trisul Securities & Invt. Ltd.,Investment Management Nepal Pvt. Ltd.,746,285.7,213132.2,2025-07-16 11:50:52.512452
2025-07-16,79800,2025071605002657,NIFRA,Trisul Securities & Invt. Ltd.,Investment Management Nepal Pvt. Ltd.,100,285.7,28570.0,2025-07-16 11:51:02.607704
2025-07-16,79598,2025071605002683,NIFRA,Opal Securities Investment (PVT) Ltd.,Nepal Stock House (PVT) Ltd.,4,280.0,1120.0,2025-07-16 11:51:26.142142
2025-07-16,79306,2025071605002703,NIFRA,Nepal Stock House (PVT) Ltd.,Investment Management Nepal Pvt. Ltd.,654,285.7,186847.8,2025-07-16 11:52:08.034005
2025-07-16,79305,2025071605002704,NIFRA,Nepal Stock House (PVT) Ltd.,Miyo Securities Pvt Ltd,46,285.7,13142.2,2025-07-16 11:52:08.034350
2025-07-16,79270,2025071605002707,NIFRA,Trisul Securities & Invt. Ltd.,Indira securities pvt. ltd,650,285.5,185575.0,2025-07-16 11:52:15.820120
2025-07-16,79040,2025071605002735,NIFRA,Himalayan Brokerage Company Limited,Investment Management Nepal Pvt. Ltd.,24,285.8,6859.2,2025-07-16 11:52:52.049118
2025-07-16,79006,2025071605002741,NIFRA,Trisul Securities & Invt. Ltd.,Dipshikha Dhitopatra Karobar Co. Pvt Ltd.,100,285.5,28550.0,2025-07-16 11:52:59.955071
2025-07-16,78991,2025071605002744,NIFRA,Sundhara Securities Limited,Investment Management Nepal Pvt. Ltd.,276,285.8,78880.8,2025-07-16 11:53:05.099624
2025-07-16,78967,2025071605002745,NIFRA,Sundhara Securities Limited,Cristal Kanchanjanga Securites Pvt. Ltd.,300,285.8,85740.0,2025-07-16 11:53:08.420117
2025-07-16,78874,2025071605002757,NIFRA,Online Securities Pvt. Ltd.,Sani Securities Company Ltd.,500,285.9,142950.0,2025-07-16 11:53:27.596774
2025-07-16,78873,2025071605002758,NIFRA,Online Securities Pvt. Ltd.,Cristal Kanchanjanga Securites Pvt. Ltd.,400,285.9,114360.0,2025-07-16 11:53:27.597162
2025-07-16,78872,2025071605002759,NIFRA,Online Securities Pvt. Ltd.,Miyo Securities Pvt Ltd,200,285.9,57180.0,2025-07-16 11:53:27.597331
2025-07-16,78871,2025071605002760,NIFRA,Online Securities Pvt. Ltd.,Dynamic Money Managers Securities Pvt. Ltd.,900,286.0,257400.0,2025-07-16 11:53:27.597489
2025-07-16,78739,2025071605002800,NIFRA,SHUBHAKAMANA SECURITIES PVT. LTD,Dynamic Money Managers Securities Pvt. Ltd.,1000,286.0,286000.0,2025-07-16 11:53:46.424661
2025-07-16,78688,2025071605002817,NIFRA,Sundhara Securities Limited,Sundhara Securities Limited,64,285.8,18291.2,2025-07-16 11:53:53.301222
2025-07-16,78662,2025071605002820,NIFRA,Deevyaa Securities & Stock House Pvt. Ltd,Dynamic Money Managers Securities Pvt. Ltd.,500,286.0,143000.0,2025-07-16 11:53:57.098409
2025-07-16,78615,2025071605002827,NIFRA,Sundhara Securities Limited,BHOLE GANESH SECURITIES LTD,10,285.8,2858.0,2025-07-16 11:54:05.243221
2025-07-16,78515,2025071605002841,NIFRA,Sundhara Securities Limited,Secured Securities Ltd.,64,285.8,18291.2,2025-07-16 11:54:21.339229
2025-07-16,78444,2025071605002845,NIFRA,Sani Securities Company Ltd.,Dynamic Money Managers Securities Pvt. Ltd.,182,286.0,52052.0,2025-07-16 11:54:29.298048
2025-07-16,78275,2025071605002878,NIFRA,Trishakti Securities Public Limited,Garima Securities Limited,200,285.9,57180.0,2025-07-16 11:54:56.904563
2025-07-16,78191,2025071605002890,NIFRA,Sundhara Securities Limited,Online Securities Pvt. Ltd.,100,285.8,28580.0,2025-07-16 11:55:12.892651
2025-07-16,78130,2025071605002897,NIFRA,Sundhara Securities Limited,Sani Securities Company Ltd.,54,285.8,15433.2,2025-07-16 11:55:22.112888
2025-07-16,77945,2025071605002929,NIFRA,Trishakti Securities Public Limited,Garima Securities Limited,300,285.9,85770.0,2025-07-16 11:55:47.208290
2025-07-16,77830,2025071605002937,NIFRA,Sundhara Securities Limited,Sani Securities Company Ltd.,100,285.8,28580.0,2025-07-16 11:56:04.009249
2025-07-16,77829,2025071605002938,NIFRA,Sundhara Securities Limited,Dynamic Money Managers Securities Pvt. Ltd.,32,285.8,9145.6,2025-07-16 11:56:04.176736
2025-07-16,77828,2025071605002939,NIFRA,J.F. Securites (PVT) Ltd.,Dynamic Money Managers Securities Pvt. Ltd.,18,285.1,5131.8,2025-07-16 11:56:04.177442
2025-07-16,77827,2025071605002940,NIFRA,Kohinoor Investment & Securities Pvt. Ltd.,Dynamic Money Managers Securities Pvt. Ltd.,50,285.1,14255.0,2025-07-16 11:56:04.177935
2025-07-16,77826,2025071605002941,NIFRA,Aryatara Investment & Securities,Dynamic Money Managers Securities Pvt. Ltd.,848,285.0,241680.0,2025-07-16 11:56:04.178430
2025-07-16,77825,2025071605002942,NIFRA,Sumeru Securities Pvt. Ltd.,Dynamic Money Managers Securities Pvt. Ltd.,15,285.0,4275.0,2025-07-16 11:56:04.178901
2025-07-16,77824,2025071605002943,NIFRA,Trishakti Securities Public Limited,Dynamic Money Managers Securities Pvt. Ltd.,600,285.0,171000.0,2025-07-16 11:56:04.179396
2025-07-16,77823,2025071605002944,NIFRA,Shree Krishna Securities Ltd.,Dynamic Money Managers Securities Pvt. Ltd.,75,285.0,21375.0,2025-07-16 11:56:04.179863
2025-07-16,77822,2025071605002945,NIFRA,Dipshikha Dhitopatra Karobar Co. Pvt Ltd.,Dynamic Money Managers Securities Pvt. Ltd.,46,285.0,13110.0,2025-07-16 11:56:04.180335
2025-07-16,77806,2025071605002946,NIFRA,Himalayan Brokerage Company Limited,Dynamic Money Managers Securities Pvt. Ltd.,2000,285.0,570000.0,2025-07-16 11:56:06.649109
2025-07-16,77549,2025071605002976,NIFRA,Sani Securities Company Ltd.,Dynamic Money Managers Securities Pvt. Ltd.,86,285.0,24510.0,2025-07-16 11:56:53.632880
2025-07-16,77420,2025071605002988,NIFRA,Trishakti Securities Public Limited,Dynamic Money Managers Securities Pvt. Ltd.,500,285.0,142500.0,2025-07-16 11:57:13.711747
2025-07-16,77359,2025071605002996,NIFRA,Sipla Securities Private Limited,Midas Stock Broking Company Private Limited,54,284.9,15384.6,2025-07-16 11:57:25.519083
2025-07-16,77340,2025071605003000,NIFRA,Oxford Securities Pvt. Ltd.,Dynamic Money Managers Securities Pvt. Ltd.,100,285.0,28500.0,2025-07-16 11:57:32.052212
2025-07-16,77338,2025071605003001,NIFRA,Himalayan Brokerage Company Limited,Dynamic Money Managers Securities Pvt. Ltd.,1000,285.0,285000.0,2025-07-16 11:57:33.918988
2025-07-16,76857,2025071605003044,NIFRA,Sipla Securities Private Limited,Kumari Securities Private Limited,53,284.9,15099.7,2025-07-16 11:58:43.923885
2025-07-16,76784,2025071605003073,NIFRA,Sipla Securities Private Limited,Thrive Brokerage House Pvt. Ltd,93,284.9,26495.7,2025-07-16 11:58:54.243233
2025-07-16,76783,2025071605003074,NIFRA,Vision Securities Pvt. Ltd,Thrive Brokerage House Pvt. Ltd,500,284.5,142250.0,2025-07-16 11:58:54.243969
2025-07-16,76782,2025071605003075,NIFRA,Deevyaa Securities & Stock House Pvt. Ltd,Thrive Brokerage House Pvt. Ltd,800,284.5,227600.0,2025-07-16 11:58:54.244503
2025-07-16,76781,2025071605003076,NIFRA,Opal Securities Investment (PVT) Ltd.,Thrive Brokerage House Pvt. Ltd,100,284.5,28450.0,2025-07-16 11:58:54.245018
2025-07-16,76780,2025071605003077,NIFRA,KALASH STOCK MARKET PVT. LTD.,Thrive Brokerage House Pvt. Ltd,507,284.3,144140.1,2025-07-16 11:58:54.245534
2025-07-16,76167,2025071605003162,NIFRA,Shree Krishna Securities Ltd.,Nepal Stock House (PVT) Ltd.,3000,284.2,852600.0,2025-07-16 12:00:25.555891
2025-07-16,76166,2025071605003163,NIFRA,Vision Securities Pvt. Ltd,Nepal Stock House (PVT) Ltd.,366,284.1,103980.6,2025-07-16 12:00:25.556267
2025-07-16,76165,2025071605003164,NIFRA,Siprabi Securities Pvt. Ltd.,Nepal Stock House (PVT) Ltd.,20,284.1,5682.0,2025-07-16 12:00:25.556443
2025-07-16,76164,2025071605003165,NIFRA,Naasa Securities Co. Ltd.,Nepal Stock House (PVT) Ltd.,414,284.0,117576.0,2025-07-16 12:00:25.556611
2025-07-16,76163,2025071605003166,NIFRA,Sani Securities Company Ltd.,Nepal Stock House (PVT) Ltd.,200,284.0,56800.0,2025-07-16 12:00:25.556786
2025-07-16,76162,2025071605003167,NIFRA,Siprabi Securities Pvt. Ltd.,Nepal Stock House (PVT) Ltd.,25,284.0,7100.0,2025-07-16 12:00:25.556966
2025-07-16,76161,2025071605003168,NIFRA,Dynamic Money Managers Securities Pvt. Ltd.,Nepal Stock House (PVT) Ltd.,136,284.0,38624.0,2025-07-16 12:00:25.557148
2025-07-16,76160,2025071605003169,NIFRA,Imperial Securities Company Pvt. Ltd.,Nepal Stock House (PVT) Ltd.,300,284.0,85200.0,2025-07-16 12:00:25.557336
2025-07-16,76159,2025071605003170,NIFRA,Oxford Securities Pvt. Ltd.,Nepal Stock House (PVT) Ltd.,100,284.0,28400.0,2025-07-16 12:00:25.557587
2025-07-16,76158,2025071605003171,NIFRA,ABC Securities Private Limited,Nepal Stock House (PVT) Ltd.,500,284.0,142000.0,2025-07-16 12:00:25.557830
2025-07-16,76157,2025071605003172,NIFRA,Siprabi Securities Pvt. Ltd.,Nepal Stock House (PVT) Ltd.,20,284.0,5680.0,2025-07-16 12:00:25.558002
2025-07-16,76156,2025071605003173,NIFRA,Dipshikha Dhitopatra Karobar Co. Pvt Ltd.,Nepal Stock House (PVT) Ltd.,300,284.0,85200.0,2025-07-16 12:00:25.558175
2025-07-16,76155,2025071605003174,NIFRA,Dynamic Money Managers Securities Pvt. Ltd.,Nepal Stock House (PVT) Ltd.,26,284.0,7384.0,2025-07-16 12:00:25.558342
2025-07-16,76154,2025071605003175,NIFRA,Sumeru Securities Pvt. Ltd.,Nepal Stock House (PVT) Ltd.,1000,284.0,284000.0,2025-07-16 12:00:25.558502
2025-07-16,76153,2025071605003176,NIFRA,Dipshikha Dhitopatra Karobar Co. Pvt Ltd.,Nepal Stock House (PVT) Ltd.,50,284.0,14200.0,2025-07-16 12:00:25.558657
2025-07-16,76152,2025071605003177,NIFRA,Trisul Securities & Invt. Ltd.,Nepal Stock House (PVT) Ltd.,500,284.0,142000.0,2025-07-16 12:00:25.558812
2025-07-16,75754,2025071605003227,NIFRA,ABC Securities Private Limited,Creative Securities Pvt Ltd,54,283.5,15309.0,2025-07-16 12:01:31.938279
2025-07-16,75753,2025071605003228,NIFRA,ABC Securities Private Limited,Nepal Stock House (PVT) Ltd.,446,284.0,126664.0,2025-07-16 12:01:31.938687
2025-07-16,75688,2025071605003231,NIFRA,Sani Securities Company Ltd.,Nepal Stock House (PVT) Ltd.,300,284.0,85200.0,2025-07-16 12:01:42.942563
2025-07-16,75485,2025071605003265,NIFRA,Himalayan Brokerage Company Limited,Nepal Stock House (PVT) Ltd.,500,284.0,142000.0,2025-07-16 12:02:13.728638
2025-07-16,75445,2025071605003279,NIFRA,Dakshinkali Investment & Securities Pvt. Ltd.,Nepal Stock House (PVT) Ltd.,1000,284.0,284000.0,2025-07-16 12:02:22.350167
2025-07-16,75438,2025071605003281,NIFRA,Siprabi Securities Pvt. Ltd.,Miyo Securities Pvt Ltd,20,283.0,5660.0,2025-07-16 12:02:23.042247
2025-07-16,75437,2025071605003282,NIFRA,NIMB Stock Markets Limited,Miyo Securities Pvt Ltd,44,283.0,12452.0,2025-07-16 12:02:23.042601
2025-07-16,75021,2025071605003354,NIFRA,Dakshinkali Investment & Securities Pvt. Ltd.,Nepal Stock House (PVT) Ltd.,797,284.0,226348.0,2025-07-16 12:03:20.776163
2025-07-16,75020,2025071605003355,NIFRA,Dakshinkali Investment & Securities Pvt. Ltd.,Aryatara Investment & Securities,21,284.0,5964.0,2025-07-16 12:03:20.776971
2025-07-16,75019,2025071605003356,NIFRA,Dakshinkali Investment & Securities Pvt. Ltd.,Neev Securities Pvt. Ltd.,11,284.0,3124.0,2025-07-16 12:03:20.777513
2025-07-16,74838,2025071605003363,NIFRA,Kalika Securities Pvt. Ltd.,Sharepro Securities Private Limited,50,284.9,14245.0,2025-07-16 12:03:46.566809
2025-07-16,74011,2025071605003460,NIFRA,Dakshinkali Investment & Securities Pvt. Ltd.,Sharepro Securities Private Limited,171,284.9,48717.9,2025-07-16 12:05:55.907054
2025-07-16,73170,2025071605003555,NIFRA,Imperial Securities Company Pvt. Ltd.,Bhrikuti Stock Broking Co. Pvt. Ltd.,32,284.1,9091.2,2025-07-16 12:08:04.926695
2025-07-16,72979,2025071605003580,NIFRA,Dipshikha Dhitopatra Karobar Co. Pvt Ltd.,Kohinoor Investment & Securities Pvt. Ltd.,40,284.5,11380.0,2025-07-16 12:08:41.580930
2025-07-16,72978,2025071605003581,NIFRA,Dipshikha Dhitopatra Karobar Co. Pvt Ltd.,Sharepro Securities Private Limited,779,284.9,221937.1,2025-07-16 12:08:41.581284
2025-07-16,72977,2025071605003582,NIFRA,Dipshikha Dhitopatra Karobar Co. Pvt Ltd.,Vision Securities Pvt. Ltd,400,284.9,113960.0,2025-07-16 12:08:41.581477
2025-07-16,72976,2025071605003583,NIFRA,Dipshikha Dhitopatra Karobar Co. Pvt Ltd.,Vision Securities Pvt. Ltd,281,284.9,80056.9,2025-07-16 12:08:41.581649
2025-07-16,72865,2025071605003596,NIFRA,Imperial Securities Company Pvt. Ltd.,Miyo Securities Pvt Ltd,54,284.1,15341.4,2025-07-16 12:08:58.249520
2025-07-16,72799,2025071605003603,NIFRA,Imperial Securities Company Pvt. Ltd.,Sweta Securities Private Limited,500,284.1,142050.0,2025-07-16 12:09:08.547039
2025-07-16,72753,2025071605003611,NIFRA,Imperial Securities Company Pvt. Ltd.,Dipshikha Dhitopatra Karobar Co. Pvt Ltd.,4000,284.1,1136400.0,2025-07-16 12:09:22.032744
2025-07-16,72699,2025071605003616,NIFRA,Sumeru Securities Pvt. Ltd.,Vision Securities Pvt. Ltd,19,284.9,5413.1,2025-07-16 12:09:25.549148
2025-07-16,72698,2025071605003617,NIFRA,Sumeru Securities Pvt. Ltd.,Sundhara Securities Limited,54,284.9,15384.6,2025-07-16 12:09:25.549563
2025-07-16,72697,2025071605003618,NIFRA,Sumeru Securities Pvt. Ltd.,Swarna Laxmi Securities Pvt. Ltd.,205,284.9,58404.5,2025-07-16 12:09:25.549741
2025-07-16,72690,2025071605003619,NIFRA,Sumeru Securities Pvt. Ltd.,Dynamic Money Managers Securities Pvt. Ltd.,22,284.9,6267.8,2025-07-16 12:09:26.551062
2025-07-16,72689,2025071605003620,NIFRA,Imperial Securities Company Pvt. Ltd.,Dynamic Money Managers Securities Pvt. Ltd.,1000,284.1,284100.0,2025-07-16 12:09:26.551504
2025-07-16,72606,2025071605003624,NIFRA,Market Securities & Exchange (PVT) Ltd.,Dipshikha Dhitopatra Karobar Co. Pvt Ltd.,119,283.2,33700.8,2025-07-16 12:09:43.370100
2025-07-16,72433,2025071605003643,NIFRA,Imperial Securities Company Pvt. Ltd.,Primo Securities (PVT) Ltd.,414,284.0,117576.0,2025-07-16 12:10:13.885258
2025-07-16,72353,2025071605003646,NIFRA,Market Securities & Exchange (PVT) Ltd.,Linch Stock Market Ltd.,81,283.2,22939.2,2025-07-16 12:10:26.968804
2025-07-16,72352,2025071605003647,NIFRA,ABC Securities Private Limited,Linch Stock Market Ltd.,900,283.1,254790.0,2025-07-16 12:10:26.969198
2025-07-16,72351,2025071605003648,NIFRA,NIMB Stock Markets Limited,Linch Stock Market Ltd.,28,283.0,7924.0,2025-07-16 12:10:26.969379
2025-07-16,72350,2025071605003649,NIFRA,Siprabi Securities Pvt. Ltd.,Linch Stock Market Ltd.,20,283.0,5660.0,2025-07-16 12:10:26.969569
2025-07-16,72349,2025071605003650,NIFRA,Neev Securities Pvt. Ltd.,Linch Stock Market Ltd.,471,283.0,133293.0,2025-07-16 12:10:26.969740
2025-07-16,72239,2025071605003665,NIFRA,Online Securities Pvt. Ltd.,Linch Stock Market Ltd.,1000,283.2,283200.0,2025-07-16 12:10:49.148464
2025-07-16,72100,2025071605003686,NIFRA,Neev Securities Pvt. Ltd.,Sweta Securities Private Limited,10,283.0,2830.0,2025-07-16 12:11:11.281096
2025-07-16,72089,2025071605003693,NIFRA,Neev Securities Pvt. Ltd.,Nepal Investment And Securities Trading Private Limited,388,283.0,109804.0,2025-07-16 12:11:12.233795
2025-07-16,72068,2025071605003698,NIFRA,Neev Securities Pvt. Ltd.,Miyo Securities Pvt Ltd,131,283.0,37073.0,2025-07-16 12:11:17.710058
2025-07-16,72067,2025071605003699,NIFRA,Sweta Securities Private Limited,Miyo Securities Pvt Ltd,56,283.0,15848.0,2025-07-16 12:11:17.710163
2025-07-16,72066,2025071605003700,NIFRA,South Asian Bulls Pvt. Ltd.,Miyo Securities Pvt Ltd,50,283.0,14150.0,2025-07-16 12:11:17.710253
2025-07-16,72065,2025071605003701,NIFRA,Sri Hari Securities Pvt. Ltd.,Miyo Securities Pvt Ltd,200,283.0,56600.0,2025-07-16 12:11:17.710372
2025-07-16,72064,2025071605003702,NIFRA,Naasa Securities Co. Ltd.,Miyo Securities Pvt Ltd,14,283.0,3962.0,2025-07-16 12:11:17.710447
2025-07-16,72063,2025071605003703,NIFRA,Aryatara Investment & Securities,Miyo Securities Pvt Ltd,100,283.0,28300.0,2025-07-16 12:11:17.710521
2025-07-16,72062,2025071605003704,NIFRA,Online Securities Pvt. Ltd.,Miyo Securities Pvt Ltd,630,282.8,178164.0,2025-07-16 12:11:17.710595
2025-07-16,71715,2025071605003745,NIFRA,Premier Securities Company Ltd.,Kohinoor Investment & Securities Pvt. Ltd.,30,282.3,8469.0,2025-07-16 12:12:13.797703
2025-07-16,71714,2025071605003746,NIFRA,Oxford Securities Pvt. Ltd.,Kohinoor Investment & Securities Pvt. Ltd.,20,282.3,5646.0,2025-07-16 12:12:13.798076
2025-07-16,71693,2025071605003747,NIFRA,Oxford Securities Pvt. Ltd.,Kohinoor Investment & Securities Pvt. Ltd.,30,282.3,8469.0,2025-07-16 12:12:18.820221
2025-07-16,71692,2025071605003748,NIFRA,Trishakti Securities Public Limited,Kohinoor Investment & Securities Pvt. Ltd.,24,282.3,6775.2,2025-07-16 12:12:18.820608
2025-07-16,71559,2025071605003763,NIFRA,Oxford Securities Pvt. Ltd.,Naasa Securities Co. Ltd.,54,283.0,15282.0,2025-07-16 12:12:50.066388
2025-07-16,70474,2025071605003964,NIFRA,Trishakti Securities Public Limited,Naasa Securities Co. Ltd.,54,283.2,15292.8,2025-07-16 12:16:25.291593
2025-07-16,70047,2025071605004018,NIFRA,Trishakti Securities Public Limited,Ashutosh Brokerage & Securities (PVT) Ltd.,64,283.2,18124.8,2025-07-16 12:18:01.085765
2025-07-16,69868,2025071605004041,NIFRA,Trishakti Securities Public Limited,Nagarik Stock Dealer ,358,283.2,101385.6,2025-07-16 12:18:31.341106
2025-07-16,69867,2025071605004042,NIFRA,Neev Securities Pvt. Ltd.,Nagarik Stock Dealer ,142,283.2,40214.4,2025-07-16 12:18:31.341944
2025-07-16,69751,2025071605004052,NIFRA,Neev Securities Pvt. Ltd.,Dakshinkali Investment & Securities Pvt. Ltd.,21,283.2,5947.2,2025-07-16 12:18:49.717705
2025-07-16,69678,2025071605004061,NIFRA,Neev Securities Pvt. Ltd.,Kalika Securities Pvt. Ltd.,137,283.2,38798.4,2025-07-16 12:19:10.528783
2025-07-16,69677,2025071605004062,NIFRA,Nepal Investment And Securities Trading Private Limited,Kalika Securities Pvt. Ltd.,50,283.2,14160.0,2025-07-16 12:19:10.529775
2025-07-16,69556,2025071605004073,NIFRA,Sweta Securities Private Limited,Kalika Securities Pvt. Ltd.,33,283.2,9345.6,2025-07-16 12:19:35.318801
2025-07-16,69514,2025071605004094,NIFRA,Sweta Securities Private Limited,J.F. Securites (PVT) Ltd.,142,283.3,40228.6,2025-07-16 12:19:40.782153
2025-07-16,69513,2025071605004095,NIFRA,Dipshikha Dhitopatra Karobar Co. Pvt Ltd.,J.F. Securites (PVT) Ltd.,858,283.1,242899.8,2025-07-16 12:19:40.783013
2025-07-16,69489,2025071605004098,NIFRA,Dipshikha Dhitopatra Karobar Co. Pvt Ltd.,Sanima Securities Limited,892,283.1,252525.2,2025-07-16 12:19:48.008599
2025-07-16,69488,2025071605004099,NIFRA,Dipshikha Dhitopatra Karobar Co. Pvt Ltd.,Sanima Securities Limited,408,283.1,115504.8,2025-07-16 12:19:48.008999
2025-07-16,69327,2025071605004121,NIFRA,Kohinoor Investment & Securities Pvt. Ltd.,Premier Securities Company Ltd.,2,280.0,560.0,2025-07-16 12:20:15.971018
2025-07-16,69160,2025071605004166,NIFRA,Dipshikha Dhitopatra Karobar Co. Pvt Ltd.,Sundhara Securities Limited,54,283.1,15287.4,2025-07-16 12:20:52.364927
2025-07-16,69115,2025071605004172,NIFRA,Dipshikha Dhitopatra Karobar Co. Pvt Ltd.,Deevyaa Securities & Stock House Pvt. Ltd,117,283.1,33122.7,2025-07-16 12:21:00.819413
2025-07-16,68514,2025071605004274,NIFRA,Dynamic Money Managers Securities Pvt. Ltd.,Primo Securities (PVT) Ltd.,10,284.0,2840.0,2025-07-16 12:23:11.714733
2025-07-16,68251,2025071605004308,NIFRA,Dynamic Money Managers Securities Pvt. Ltd.,Primo Securities (PVT) Ltd.,10,284.0,2840.0,2025-07-16 12:23:58.383492
2025-07-16,68223,2025071605004310,NIFRA,Dipshikha Dhitopatra Karobar Co. Pvt Ltd.,Vision Securities Pvt. Ltd,54,283.5,15309.0,2025-07-16 12:24:01.875417
2025-07-16,67959,2025071605004357,NIFRA,Dipshikha Dhitopatra Karobar Co. Pvt Ltd.,Imperial Securities Company Pvt. Ltd.,54,283.5,15309.0,2025-07-16 12:24:49.004673
2025-07-16,67891,2025071605004378,NIFRA,Dipshikha Dhitopatra Karobar Co. Pvt Ltd.,Creative Securities Pvt Ltd,54,283.5,15309.0,2025-07-16 12:25:07.437939
2025-07-16,67861,2025071605004383,NIFRA,Dipshikha Dhitopatra Karobar Co. Pvt Ltd.,Sundhara Securities Limited,54,283.5,15309.0,2025-07-16 12:25:12.753600
2025-07-16,67849,2025071605004386,NIFRA,ABC Securities Private Limited,Primo Securities (PVT) Ltd.,500,284.0,142000.0,2025-07-16 12:25:15.772853
2025-07-16,67806,2025071605004394,NIFRA,Kumari Securities Private Limited,Primo Securities (PVT) Ltd.,66,284.0,18744.0,2025-07-16 12:25:28.417643
2025-07-16,67805,2025071605004395,NIFRA,Kumari Securities Private Limited,Kohinoor Investment & Securities Pvt. Ltd.,50,284.0,14200.0,2025-07-16 12:25:28.418101
2025-07-16,67804,2025071605004396,NIFRA,Kumari Securities Private Limited,Online Securities Pvt. Ltd.,50,284.0,14200.0,2025-07-16 12:25:28.418335
2025-07-16,67803,2025071605004397,NIFRA,Kumari Securities Private Limited,Kohinoor Investment & Securities Pvt. Ltd.,50,284.0,14200.0,2025-07-16 12:25:28.418589
2025-07-16,67486,2025071605004431,NIFRA,Kumari Securities Private Limited,Nagarik Stock Dealer ,84,284.0,23856.0,2025-07-16 12:26:23.202398
2025-07-16,67398,2025071605004442,NIFRA,Deevyaa Securities & Stock House Pvt. Ltd,Nagarik Stock Dealer ,600,284.0,170400.0,2025-07-16 12:26:41.430378
2025-07-16,67221,2025071605004468,NIFRA,Dipshikha Dhitopatra Karobar Co. Pvt Ltd.,Creative Securities Pvt Ltd,64,283.5,18144.0,2025-07-16 12:27:18.284470
2025-07-16,67212,2025071605004471,NIFRA,Dipshikha Dhitopatra Karobar Co. Pvt Ltd.,Midas Stock Broking Company Private Limited,54,283.5,15309.0,2025-07-16 12:27:24.037049
2025-07-16,67120,2025071605004475,NIFRA,Online Securities Pvt. Ltd.,Nagarik Stock Dealer ,316,284.0,89744.0,2025-07-16 12:27:40.791530
2025-07-16,66744,2025071605004547,NIFRA,Online Securities Pvt. Ltd.,ABC Securities Private Limited,200,284.0,56800.0,2025-07-16 12:28:54.987551
2025-07-16,66494,2025071605004583,NIFRA,Aryatara Investment & Securities,Dynamic Money Managers Securities Pvt. Ltd.,150,284.1,42615.0,2025-07-16 12:29:42.372953
2025-07-16,66326,2025071605004611,NIFRA,Sri Hari Securities Pvt. Ltd.,Dynamic Money Managers Securities Pvt. Ltd.,1000,284.1,284100.0,2025-07-16 12:30:08.824707
2025-07-16,66320,2025071605004615,NIFRA,Trishakti Securities Public Limited,Dynamic Money Managers Securities Pvt. Ltd.,1700,284.1,482970.0,2025-07-16 12:30:10.401507
2025-07-16,66032,2025071605004646,NIFRA,Online Securities Pvt. Ltd.,Nagarik Stock Dealer ,534,284.0,151656.0,2025-07-16 12:31:12.996145
2025-07-16,66031,2025071605004647,NIFRA,Nepal Investment And Securities Trading Private Limited,Nagarik Stock Dealer ,500,284.0,142000.0,2025-07-16 12:31:12.996553
2025-07-16,66030,2025071605004648,NIFRA,Dipshikha Dhitopatra Karobar Co. Pvt Ltd.,Nagarik Stock Dealer ,266,283.5,75411.0,2025-07-16 12:31:12.996743
2025-07-16,65925,2025071605004661,NIFRA,Dipshikha Dhitopatra Karobar Co. Pvt Ltd.,Shree Krishna Securities Ltd.,54,283.5,15309.0,2025-07-16 12:31:29.213231
2025-07-16,65681,2025071605004732,NIFRA,Himalayan Brokerage Company Limited,Sri Hari Securities Pvt. Ltd.,201,283.6,57003.6,2025-07-16 12:32:19.152524
2025-07-16,65538,2025071605004767,NIFRA,Dipshikha Dhitopatra Karobar Co. Pvt Ltd.,Linch Stock Market Ltd.,54,284.0,15336.0,2025-07-16 12:32:36.214383
2025-07-16,65338,2025071605004808,NIFRA,Dipshikha Dhitopatra Karobar Co. Pvt Ltd.,Midas Stock Broking Company Private Limited,10,284.0,2840.0,2025-07-16 12:33:07.727859
2025-07-16,65032,2025071605004886,NIFRA,Dipshikha Dhitopatra Karobar Co. Pvt Ltd.,Capital Max Securities Ltd,10,284.0,2840.0,2025-07-16 12:33:56.641213
2025-07-16,64888,2025071605004900,NIFRA,Ashutosh Brokerage & Securities (PVT) Ltd.,Agrawal Securities (PVT) Ltd.,4,278.4,1113.6,2025-07-16 12:34:22.701240
2025-07-16,64697,2025071605004925,NIFRA,Dipshikha Dhitopatra Karobar Co. Pvt Ltd.,Dynamic Money Managers Securities Pvt. Ltd.,16,284.1,4545.6,2025-07-16 12:34:49.630531
2025-07-16,64626,2025071605004931,NIFRA,Sani Securities Company Ltd.,Dynamic Money Managers Securities Pvt. Ltd.,32,284.1,9091.2,2025-07-16 12:34:58.708492
2025-07-16,64527,2025071605005001,NIFRA,Dipshikha Dhitopatra Karobar Co. Pvt Ltd.,Dynamic Money Managers Securities Pvt. Ltd.,36,284.1,10227.6,2025-07-16 12:35:06.768551
2025-07-16,64474,2025071605005010,NIFRA,Dipshikha Dhitopatra Karobar Co. Pvt Ltd.,Online Securities Pvt. Ltd.,20,284.0,5680.0,2025-07-16 12:35:15.156269
2025-07-16,64473,2025071605005011,NIFRA,Dipshikha Dhitopatra Karobar Co. Pvt Ltd.,Vision Securities Pvt. Ltd,6,284.0,1704.0,2025-07-16 12:35:15.156461
2025-07-16,64434,2025071605005017,NIFRA,Thrive Brokerage House Pvt. Ltd,Sharepro Securities Private Limited,300,284.0,85200.0,2025-07-16 12:35:20.410165
2025-07-16,64173,2025071605005034,NIFRA,Vision Securities Pvt. Ltd,Sharepro Securities Private Limited,60,284.0,17040.0,2025-07-16 12:35:58.808505
2025-07-16,63919,2025071605005071,NIFRA,Himalayan Brokerage Company Limited,Trishakti Securities Public Limited,64,283.9,18169.6,2025-07-16 12:36:53.304046
2025-07-16,63855,2025071605005081,NIFRA,Sri Hari Securities Pvt. Ltd.,Sharepro Securities Private Limited,640,284.0,181760.0,2025-07-16 12:37:03.021699
2025-07-16,63854,2025071605005082,NIFRA,Sri Hari Securities Pvt. Ltd.,Naasa Securities Co. Ltd.,28,284.0,7952.0,2025-07-16 12:37:03.022122
2025-07-16,63853,2025071605005083,NIFRA,Sri Hari Securities Pvt. Ltd.,Dynamic Money Managers Securities Pvt. Ltd.,490,284.1,139209.0,2025-07-16 12:37:03.022335
2025-07-16,63365,2025071605005130,NIFRA,Himalayan Brokerage Company Limited,Midas Stock Broking Company Private Limited,10,283.9,2839.0,2025-07-16 12:38:17.700439
2025-07-16,63360,2025071605005131,NIFRA,Dynamic Money Managers Securities Pvt. Ltd.,Dynamic Money Managers Securities Pvt. Ltd.,100,285.0,28500.0,2025-07-16 12:38:18.592309
2025-07-16,63008,2025071605005187,NIFRA,Himalayan Brokerage Company Limited,Midas Stock Broking Company Private Limited,10,283.9,2839.0,2025-07-16 12:39:09.930207
2025-07-16,62928,2025071605005196,NIFRA,Himalayan Brokerage Company Limited,Midas Stock Broking Company Private Limited,10,283.9,2839.0,2025-07-16 12:39:23.989083
2025-07-16,62900,2025071605005205,NIFRA,Aryatara Investment & Securities,Aryatara Investment & Securities,86,284.0,24424.0,2025-07-16 12:39:27.860784
2025-07-16,62617,2025071605005255,NIFRA,Deevyaa Securities & Stock House Pvt. Ltd,Sharepro Securities Private Limited,90,284.9,25641.0,2025-07-16 12:40:12.510134
2025-07-16,62603,2025071605005259,NIFRA,Aryatara Investment & Securities,Naasa Securities Co. Ltd.,30,284.0,8520.0,2025-07-16 12:40:17.958896
2025-07-16,62486,2025071605005279,NIFRA,Sri Hari Securities Pvt. Ltd.,Sharepro Securities Private Limited,910,284.9,259259.0,2025-07-16 12:40:37.211251
2025-07-16,62485,2025071605005280,NIFRA,Sri Hari Securities Pvt. Ltd.,Dynamic Money Managers Securities Pvt. Ltd.,590,285.0,168150.0,2025-07-16 12:40:37.211722
2025-07-16,62383,2025071605005292,NIFRA,Vision Securities Pvt. Ltd,Dynamic Money Managers Securities Pvt. Ltd.,530,285.0,151050.0,2025-07-16 12:40:54.162883
2025-07-16,62382,2025071605005293,NIFRA,Vision Securities Pvt. Ltd,Trishakti Securities Public Limited,100,285.0,28500.0,2025-07-16 12:40:54.163300
2025-07-16,62381,2025071605005294,NIFRA,Vision Securities Pvt. Ltd,J.F. Securites (PVT) Ltd.,193,285.0,55005.0,2025-07-16 12:40:54.163535
2025-07-16,62380,2025071605005295,NIFRA,Vision Securities Pvt. Ltd,Sani Securities Company Ltd.,100,285.0,28500.0,2025-07-16 12:40:54.163739
2025-07-16,62379,2025071605005296,NIFRA,Vision Securities Pvt. Ltd,J.F. Securites (PVT) Ltd.,54,285.0,15390.0,2025-07-16 12:40:54.163935
2025-07-16,62378,2025071605005297,NIFRA,Vision Securities Pvt. Ltd,Midas Stock Broking Company Private Limited,54,285.0,15390.0,2025-07-16 12:40:54.164180
2025-07-16,62377,2025071605005298,NIFRA,Vision Securities Pvt. Ltd,Online Securities Pvt. Ltd.,21,285.0,5985.0,2025-07-16 12:40:54.164431
2025-07-16,62280,2025071605005312,NIFRA,Himalayan Brokerage Company Limited,Online Securities Pvt. Ltd.,43,285.0,12255.0,2025-07-16 12:41:11.889359
2025-07-16,62279,2025071605005313,NIFRA,Himalayan Brokerage Company Limited,Secured Securities Ltd.,62,285.0,17670.0,2025-07-16 12:41:11.890097
2025-07-16,62263,2025071605005316,NIFRA,Imperial Securities Company Pvt. Ltd.,Secured Securities Ltd.,138,285.0,39330.0,2025-07-16 12:41:16.318551
2025-07-16,62262,2025071605005317,NIFRA,Imperial Securities Company Pvt. Ltd.,Secured Securities Ltd.,10,285.0,2850.0,2025-07-16 12:41:16.318625
2025-07-16,62261,2025071605005318,NIFRA,Imperial Securities Company Pvt. Ltd.,Naasa Securities Co. Ltd.,54,285.0,15390.0,2025-07-16 12:41:16.318676
2025-07-16,62260,2025071605005319,NIFRA,Imperial Securities Company Pvt. Ltd.,Opal Securities Investment (PVT) Ltd.,598,285.0,170430.0,2025-07-16 12:41:16.318701
2025-07-16,61618,2025071605005399,NIFRA,Midas Stock Broking Company Private Limited,Opal Securities Investment (PVT) Ltd.,118,285.0,33630.0,2025-07-16 12:43:05.099592
2025-07-16,61617,2025071605005400,NIFRA,Midas Stock Broking Company Private Limited,Neev Securities Pvt. Ltd.,50,285.0,14250.0,2025-07-16 12:43:05.100018
2025-07-16,61616,2025071605005401,NIFRA,Midas Stock Broking Company Private Limited,Midas Stock Broking Company Private Limited,54,285.0,15390.0,2025-07-16 12:43:05.100220
2025-07-16,61522,2025071605005429,NIFRA,Linch Stock Market Ltd.,Sharepro Securities Private Limited,100,284.9,28490.0,2025-07-16 12:43:11.880920
2025-07-16,60930,2025071605005507,NIFRA,Sundhara Securities Limited,Naasa Securities Co. Ltd.,54,284.5,15363.0,2025-07-16 12:44:50.259783
2025-07-16,60912,2025071605005509,NIFRA,Sundhara Securities Limited,Naasa Securities Co. Ltd.,54,284.5,15363.0,2025-07-16 12:44:55.228376
2025-07-16,60670,2025071605005538,NIFRA,Sundhara Securities Limited,Linch Stock Market Ltd.,12,284.5,3414.0,2025-07-16 12:45:32.363143
2025-07-16,60558,2025071605005555,NIFRA,Sundhara Securities Limited,Kumari Securities Private Limited,200,284.5,56900.0,2025-07-16 12:45:54.480664
2025-07-16,60536,2025071605005556,NIFRA,Siprabi Securities Pvt. Ltd.,Siprabi Securities Pvt. Ltd.,1,285.0,285.0,2025-07-16 12:45:58.393695
2025-07-16,60535,2025071605005557,NIFRA,Cristal Kanchanjanga Securites Pvt. Ltd.,Trishakti Securities Public Limited,500,284.8,142400.0,2025-07-16 12:45:58.773699
2025-07-16,60494,2025071605005566,NIFRA,Nepal Investment And Securities Trading Private Limited,Sharepro Securities Private Limited,15,284.9,4273.5,2025-07-16 12:46:07.565963
2025-07-16,60366,2025071605005574,NIFRA,Sundhara Securities Limited,Dynamic Money Managers Securities Pvt. Ltd.,416,284.5,118352.0,2025-07-16 12:46:26.607949
2025-07-16,60250,2025071605005588,NIFRA,Sundhara Securities Limited,Sharepro Securities Private Limited,264,284.5,75108.0,2025-07-16 12:46:39.723119
2025-07-16,60175,2025071605005609,NIFRA,Sewa Securities Pvt. Ltd.,Kalika Securities Pvt. Ltd.,64,284.1,18182.4,2025-07-16 12:46:53.633124
2025-07-16,60023,2025071605005631,NIFRA,Sewa Securities Pvt. Ltd.,Deevyaa Securities & Stock House Pvt. Ltd,36,284.1,10227.6,2025-07-16 12:47:18.312294
2025-07-16,60016,2025071605005634,NIFRA,Aryatara Investment & Securities,Kumari Securities Private Limited,48,284.0,13632.0,2025-07-16 12:47:20.075323
2025-07-16,59972,2025071605005647,NIFRA,Aryatara Investment & Securities,Linch Stock Market Ltd.,12,284.0,3408.0,2025-07-16 12:47:27.312872
2025-07-16,59374,2025071605005731,NIFRA,Capital Hub P. Ltd,Deevyaa Securities & Stock House Pvt. Ltd,64,284.1,18182.4,2025-07-16 12:49:07.231239
2025-07-16,59309,2025071605005739,NIFRA,Capital Hub P. Ltd,Linch Stock Market Ltd.,236,284.1,67047.6,2025-07-16 12:49:21.400281
2025-07-16,59308,2025071605005740,NIFRA,Aryatara Investment & Securities,Linch Stock Market Ltd.,264,284.0,74976.0,2025-07-16 12:49:21.400759
2025-07-16,58871,2025071605005820,NIFRA,Aryatara Investment & Securities,Naasa Securities Co. Ltd.,590,284.0,167560.0,2025-07-16 12:50:46.656053
2025-07-16,58847,2025071605005825,NIFRA,Miyo Securities Pvt Ltd,Imperial Securities Company Pvt. Ltd.,54,284.1,15341.4,2025-07-16 12:50:53.447455
2025-07-16,58812,2025071605005828,NIFRA,Miyo Securities Pvt Ltd,Sharepro Securities Private Limited,946,284.1,268758.6,2025-07-16 12:50:58.129029
2025-07-16,58811,2025071605005829,NIFRA,Aryatara Investment & Securities,Sharepro Securities Private Limited,1020,284.0,289680.0,2025-07-16 12:50:58.129501
2025-07-16,58810,2025071605005830,NIFRA,Sweta Securities Private Limited,Sharepro Securities Private Limited,34,284.0,9656.0,2025-07-16 12:50:58.129712
2025-07-16,58612,2025071605005860,NIFRA,Kumari Securities Private Limited,Dynamic Money Managers Securities Pvt. Ltd.,15,284.1,4261.5,2025-07-16 12:51:30.844319
2025-07-16,58600,2025071605005866,NIFRA,Kumari Securities Private Limited,Sharepro Securities Private Limited,39,284.1,11079.9,2025-07-16 12:51:32.355082
2025-07-16,58599,2025071605005867,NIFRA,Sweta Securities Private Limited,Sharepro Securities Private Limited,266,284.0,75544.0,2025-07-16 12:51:32.355576
2025-07-16,58598,2025071605005868,NIFRA,Naasa Securities Co. Ltd.,Sharepro Securities Private Limited,140,284.0,39760.0,2025-07-16 12:51:32.355787
2025-07-16,58597,2025071605005869,NIFRA,Online Securities Pvt. Ltd.,Sharepro Securities Private Limited,500,284.0,142000.0,2025-07-16 12:51:32.355993
2025-07-16,58529,2025071605005882,NIFRA,Investment Management Nepal Pvt. Ltd.,Sharepro Securities Private Limited,55,284.0,15620.0,2025-07-16 12:51:51.575663
2025-07-16,58528,2025071605005883,NIFRA,Investment Management Nepal Pvt. Ltd.,Sharepro Securities Private Limited,445,284.3,126513.5,2025-07-16 12:51:51.576199
2025-07-16,58509,2025071605005886,NIFRA,Dipshikha Dhitopatra Karobar Co. Pvt Ltd.,Sumeru Securities Pvt. Ltd.,660,283.7,187242.0,2025-07-16 12:51:56.888342
2025-07-16,58491,2025071605005888,NIFRA,Naasa Securities Co. Ltd.,Sharepro Securities Private Limited,55,284.3,15636.5,2025-07-16 12:52:00.615107
2025-07-16,58460,2025071605005891,NIFRA,Dipshikha Dhitopatra Karobar Co. Pvt Ltd.,Sani Securities Company Ltd.,76,283.7,21561.2,2025-07-16 12:52:07.992629
2025-07-16,58459,2025071605005892,NIFRA,Sri Hari Securities Pvt. Ltd.,Sani Securities Company Ltd.,118,283.6,33464.8,2025-07-16 12:52:07.993130
2025-07-16,58138,2025071605005942,NIFRA,Naasa Securities Co. Ltd.,Thrive Brokerage House Pvt. Ltd,21,284.0,5964.0,2025-07-16 12:53:13.592231
2025-07-16,58083,2025071605005944,NIFRA,Naasa Securities Co. Ltd.,Thrive Brokerage House Pvt. Ltd,10,284.0,2840.0,2025-07-16 12:53:21.801868
2025-07-16,57375,2025071605006026,NIFRA,Trishakti Securities Public Limited,Thrive Brokerage House Pvt. Ltd,138,284.0,39192.0,2025-07-16 12:55:47.488301
2025-07-16,57345,2025071605006038,NIFRA,Sri Hari Securities Pvt. Ltd.,Siprabi Securities Pvt. Ltd.,64,283.6,18150.4,2025-07-16 12:55:54.372374
2025-07-16,57177,2025071605006062,NIFRA,Sri Hari Securities Pvt. Ltd.,Sani Securities Company Ltd.,54,283.6,15314.4,2025-07-16 12:56:29.877739
2025-07-16,56973,2025071605006090,NIFRA,Miyo Securities Pvt Ltd,Naasa Securities Co. Ltd.,100,283.7,28370.0,2025-07-16 12:57:18.986090
2025-07-16,56827,2025071605006112,NIFRA,Miyo Securities Pvt Ltd,Online Securities Pvt. Ltd.,900,283.7,255330.0,2025-07-16 12:57:37.265403
2025-07-16,56708,2025071605006133,NIFRA,Sri Hari Securities Pvt. Ltd.,Online Securities Pvt. Ltd.,100,283.6,28360.0,2025-07-16 12:57:58.537998
2025-07-16,56677,2025071605006138,NIFRA,Sani Securities Company Ltd.,Nepal Stock House (PVT) Ltd.,21,284.0,5964.0,2025-07-16 12:58:11.610975
2025-07-16,56676,2025071605006139,NIFRA,Sani Securities Company Ltd.,Vision Securities Pvt. Ltd,27,284.0,7668.0,2025-07-16 12:58:11.611910
2025-07-16,56675,2025071605006140,NIFRA,Sani Securities Company Ltd.,Nepal Investment And Securities Trading Private Limited,122,284.0,34648.0,2025-07-16 12:58:11.612186
2025-07-16,56173,2025071605006198,NIFRA,Nepal Stock House (PVT) Ltd.,Nepal Investment And Securities Trading Private Limited,378,284.0,107352.0,2025-07-16 12:59:21.654805
2025-07-16,56172,2025071605006199,NIFRA,Nepal Stock House (PVT) Ltd.,Dipshikha Dhitopatra Karobar Co. Pvt Ltd.,200,284.0,56800.0,2025-07-16 12:59:21.655225
2025-07-16,56171,2025071605006200,NIFRA,Nepal Stock House (PVT) Ltd.,Nagarik Stock Dealer ,22,284.0,6248.0,2025-07-16 12:59:21.655442
2025-07-16,56167,2025071605006201,NIFRA,Vision Securities Pvt. Ltd,Nagarik Stock Dealer ,178,284.0,50552.0,2025-07-16 12:59:23.962986
2025-07-16,56166,2025071605006202,NIFRA,Vision Securities Pvt. Ltd,Naasa Securities Co. Ltd.,16,284.0,4544.0,2025-07-16 12:59:23.963417
2025-07-16,55666,2025071605006277,NIFRA,Vision Securities Pvt. Ltd,Himalayan Securities Limited,106,284.0,30104.0,2025-07-16 13:00:38.341164
2025-07-16,55665,2025071605006278,NIFRA,Shree Krishna Securities Ltd.,Himalayan Securities Limited,494,284.0,140296.0,2025-07-16 13:00:38.342091
2025-07-16,55629,2025071605006281,NIFRA,Creative Securities Pvt Ltd,Naasa Securities Co. Ltd.,54,283.6,15314.4,2025-07-16 13:00:43.367310
2025-07-16,55564,2025071605006292,NIFRA,Creative Securities Pvt Ltd,Naasa Securities Co. Ltd.,40,283.6,11344.0,2025-07-16 13:00:56.318176
2025-07-16,55250,2025071605006355,NIFRA,Sajilo Broker Limited,Dipshikha Dhitopatra Karobar Co. Pvt Ltd.,14,284.0,3976.0,2025-07-16 13:01:46.351636
2025-07-16,55241,2025071605006357,NIFRA,Sajilo Broker Limited,Creative Securities Pvt Ltd,86,284.0,24424.0,2025-07-16 13:01:48.850205
2025-07-16,55097,2025071605006374,NIFRA,Sajilo Broker Limited,Creative Securities Pvt Ltd,66,284.0,18744.0,2025-07-16 13:02:14.801137
2025-07-16,54912,2025071605006389,NIFRA,Creative Securities Pvt Ltd,Himalayan Securities Limited,906,283.6,256941.6,2025-07-16 13:02:47.932080
2025-07-16,54911,2025071605006390,NIFRA,Online Securities Pvt. Ltd.,Himalayan Securities Limited,494,283.5,140049.0,2025-07-16 13:02:47.932612
2025-07-16,54671,2025071605006421,NIFRA,Creative Securities Pvt Ltd,Ashutosh Brokerage & Securities (PVT) Ltd.,54,283.5,15309.0,2025-07-16 13:03:28.577193
2025-07-16,54639,2025071605006425,NIFRA,Creative Securities Pvt Ltd,Vision Securities Pvt. Ltd,54,283.5,15309.0,2025-07-16 13:03:36.694877
2025-07-16,54557,2025071605006438,NIFRA,Creative Securities Pvt Ltd,Naasa Securities Co. Ltd.,392,283.5,111132.0,2025-07-16 13:03:56.498716
2025-07-16,54556,2025071605006439,NIFRA,Creative Securities Pvt Ltd,Naasa Securities Co. Ltd.,500,283.4,141700.0,2025-07-16 13:03:56.499661
2025-07-16,54555,2025071605006440,NIFRA,Dipshikha Dhitopatra Karobar Co. Pvt Ltd.,Naasa Securities Co. Ltd.,308,283.3,87256.4,2025-07-16 13:03:56.500101
2025-07-16,54551,2025071605006441,NIFRA,Shree Krishna Securities Ltd.,Creative Securities Pvt Ltd,106,284.0,30104.0,2025-07-16 13:03:56.748412
2025-07-16,54150,2025071605006478,NIFRA,ABC Securities Private Limited,Creative Securities Pvt Ltd,150,284.0,42600.0,2025-07-16 13:05:16.113107
2025-07-16,54092,2025071605006501,NIFRA,Dipshikha Dhitopatra Karobar Co. Pvt Ltd.,Creative Securities Pvt Ltd,10,284.0,2840.0,2025-07-16 13:05:28.647145
2025-07-16,54060,2025071605006510,NIFRA,J.F. Securites (PVT) Ltd.,Creative Securities Pvt Ltd,500,284.0,142000.0,2025-07-16 13:05:33.930517
2025-07-16,53118,2025071605006703,NIFRA,Kalika Securities Pvt. Ltd.,Kohinoor Investment & Securities Pvt. Ltd.,50,283.8,14190.0,2025-07-16 13:08:37.588563
2025-07-16,53097,2025071605006706,NIFRA,KALASH STOCK MARKET PVT. LTD.,Elite Stock House Limited,1000,283.7,283700.0,2025-07-16 13:08:47.362882
2025-07-16,53096,2025071605006707,NIFRA,Vision Securities Pvt. Ltd,Elite Stock House Limited,435,283.6,123366.0,2025-07-16 13:08:47.363386
2025-07-16,52323,2025071605006823,NIFRA,Vision Securities Pvt. Ltd,Vision Securities Pvt. Ltd,500,283.6,141800.0,2025-07-16 13:10:57.464290
2025-07-16,52272,2025071605006849,NIFRA,Vision Securities Pvt. Ltd,Agrawal Securities (PVT) Ltd.,65,283.6,18434.0,2025-07-16 13:11:03.520786
2025-07-16,52205,2025071605006871,NIFRA,Sajilo Broker Limited,Thrive Brokerage House Pvt. Ltd,54,283.5,15309.0,2025-07-16 13:11:15.111469
2025-07-16,52040,2025071605006883,NIFRA,Sajilo Broker Limited,Deevyaa Securities & Stock House Pvt. Ltd,21,283.5,5953.5,2025-07-16 13:11:42.148663
2025-07-16,51950,2025071605006905,NIFRA,Sajilo Broker Limited,Agrawal Securities (PVT) Ltd.,100,283.6,28360.0,2025-07-16 13:11:52.605379
2025-07-16,51895,2025071605006912,NIFRA,Sagarmatha Securities Private Limited,Agrawal Securities (PVT) Ltd.,35,283.6,9926.0,2025-07-16 13:12:00.107607
2025-07-16,51894,2025071605006913,NIFRA,Sagarmatha Securities Private Limited,Vision Securities Pvt. Ltd,54,283.6,15314.4,2025-07-16 13:12:00.108532
2025-07-16,51446,2025071605006988,NIFRA,Trisul Securities & Invt. Ltd.,Asian Securities Private Ltd.,54,283.9,15330.6,2025-07-16 13:13:08.274328
2025-07-16,51445,2025071605006989,NIFRA,Trisul Securities & Invt. Ltd.,Sipla Securities Private Limited,50,283.9,14195.0,2025-07-16 13:13:08.274784
2025-07-16,51444,2025071605006990,NIFRA,Trisul Securities & Invt. Ltd.,Creative Securities Pvt Ltd,82,284.0,23288.0,2025-07-16 13:13:08.275065
2025-07-16,51443,2025071605006991,NIFRA,Trisul Securities & Invt. Ltd.,Linch Stock Market Ltd.,10,284.0,2840.0,2025-07-16 13:13:08.275487
2025-07-16,51442,2025071605006992,NIFRA,Trisul Securities & Invt. Ltd.,Sundhara Securities Limited,44,284.0,12496.0,2025-07-16 13:13:08.275732
2025-07-16,51441,2025071605006993,NIFRA,Trisul Securities & Invt. Ltd.,Opal Securities Investment (PVT) Ltd.,260,284.0,73840.0,2025-07-16 13:13:08.275956
2025-07-16,51063,2025071605007089,NIFRA,Online Securities Pvt. Ltd.,Opal Securities Investment (PVT) Ltd.,100,284.0,28400.0,2025-07-16 13:14:02.384043
2025-07-16,50930,2025071605007104,NIFRA,Trishakti Securities Public Limited,Opal Securities Investment (PVT) Ltd.,140,284.0,39760.0,2025-07-16 13:14:21.775413
2025-07-16,50929,2025071605007105,NIFRA,Trishakti Securities Public Limited,Dipshikha Dhitopatra Karobar Co. Pvt Ltd.,54,284.0,15336.0,2025-07-16 13:14:21.775961
2025-07-16,50928,2025071605007106,NIFRA,Trishakti Securities Public Limited,Sundhara Securities Limited,54,284.0,15336.0,2025-07-16 13:14:21.776218
2025-07-16,50927,2025071605007107,NIFRA,Trishakti Securities Public Limited,Nepal Stock House (PVT) Ltd.,54,284.0,15336.0,2025-07-16 13:14:21.776467
2025-07-16,50926,2025071605007108,NIFRA,Trishakti Securities Public Limited,Sani Securities Company Ltd.,54,284.0,15336.0,2025-07-16 13:14:21.776750
2025-07-16,50925,2025071605007109,NIFRA,Trishakti Securities Public Limited,Siprabi Securities Pvt. Ltd.,644,284.2,183024.8,2025-07-16 13:14:21.777070
2025-07-16,50463,2025071605007185,NIFRA,Oxford Securities Pvt. Ltd.,Nepal Investment And Securities Trading Private Limited,20,283.7,5674.0,2025-07-16 13:15:45.178362
2025-07-16,50462,2025071605007186,NIFRA,Trishakti Securities Public Limited,Nepal Investment And Securities Trading Private Limited,44,283.7,12482.8,2025-07-16 13:15:45.179358
2025-07-16,50029,2025071605007226,NIFRA,Trishakti Securities Public Limited,Siprabi Securities Pvt. Ltd.,14,284.0,3976.0,2025-07-16 13:16:39.989991
2025-07-16,49904,2025071605007241,NIFRA,Trishakti Securities Public Limited,KALASH STOCK MARKET PVT. LTD.,56,283.7,15887.2,2025-07-16 13:16:58.928132
2025-07-16,49903,2025071605007242,NIFRA,Sagarmatha Securities Private Limited,KALASH STOCK MARKET PVT. LTD.,11,283.6,3119.6,2025-07-16 13:16:58.928606
2025-07-16,49902,2025071605007243,NIFRA,Swarna Laxmi Securities Pvt. Ltd.,KALASH STOCK MARKET PVT. LTD.,433,283.6,122798.8,2025-07-16 13:16:58.928839
2025-07-16,49798,2025071605007279,NIFRA,Swarna Laxmi Securities Pvt. Ltd.,Deevyaa Securities & Stock House Pvt. Ltd,64,283.6,18150.4,2025-07-16 13:17:15.406875
2025-07-16,49794,2025071605007280,NIFRA,Thrive Brokerage House Pvt. Ltd,Sundhara Securities Limited,43,283.7,12199.1,2025-07-16 13:17:17.036186
2025-07-16,49630,2025071605007315,NIFRA,Siprabi Securities Pvt. Ltd.,Siprabi Securities Pvt. Ltd.,18,284.0,5112.0,2025-07-16 13:17:41.592296
2025-07-16,49629,2025071605007316,NIFRA,Siprabi Securities Pvt. Ltd.,N.M.B. SECURITIES LIMITED,20,284.0,5680.0,2025-07-16 13:17:41.592767
2025-07-16,49569,2025071605007319,NIFRA,Siprabi Securities Pvt. Ltd.,Siprabi Securities Pvt. Ltd.,96,284.0,27264.0,2025-07-16 13:17:52.713987
2025-07-16,49313,2025071605007358,NIFRA,Siprabi Securities Pvt. Ltd.,Nepal Investment And Securities Trading Private Limited,216,284.0,61344.0,2025-07-16 13:18:32.767588
2025-07-16,49274,2025071605007363,NIFRA,Investment Management Nepal Pvt. Ltd.,Nepal Investment And Securities Trading Private Limited,200,284.0,56800.0,2025-07-16 13:18:38.418602
2025-07-16,49180,2025071605007380,NIFRA,Online Securities Pvt. Ltd.,Nepal Investment And Securities Trading Private Limited,31,284.0,8804.0,2025-07-16 13:18:58.833660
2025-07-16,49179,2025071605007381,NIFRA,Online Securities Pvt. Ltd.,Nepal Stock House (PVT) Ltd.,33,284.0,9372.0,2025-07-16 13:18:58.834116
2025-07-16,48888,2025071605007443,NIFRA,Thrive Brokerage House Pvt. Ltd,Online Securities Pvt. Ltd.,20,283.9,5678.0,2025-07-16 13:19:48.389851
2025-07-16,48732,2025071605007456,NIFRA,Swarna Laxmi Securities Pvt. Ltd.,Vision Securities Pvt. Ltd,43,283.6,12194.8,2025-07-16 13:20:16.124176
2025-07-16,48474,2025071605007501,NIFRA,Swarna Laxmi Securities Pvt. Ltd.,Sani Securities Company Ltd.,54,283.6,15314.4,2025-07-16 13:20:59.571343
2025-07-16,48406,2025071605007507,NIFRA,Aryatara Investment & Securities,Nepal Stock House (PVT) Ltd.,213,284.0,60492.0,2025-07-16 13:21:16.237935
2025-07-16,48405,2025071605007508,NIFRA,Aryatara Investment & Securities,Nabil Stock Dealer Ltd.,10,284.0,2840.0,2025-07-16 13:21:16.238376
2025-07-16,48404,2025071605007509,NIFRA,Aryatara Investment & Securities,Imperial Securities Company Pvt. Ltd.,64,284.0,18176.0,2025-07-16 13:21:16.238597
2025-07-16,47745,2025071605007590,NIFRA,Swarna Laxmi Securities Pvt. Ltd.,Deevyaa Securities & Stock House Pvt. Ltd,54,283.6,15314.4,2025-07-16 13:23:07.591363
2025-07-16,47420,2025071605007623,NIFRA,Aryatara Investment & Securities,KALASH STOCK MARKET PVT. LTD.,100,284.2,28420.0,2025-07-16 13:24:18.231722
2025-07-16,47265,2025071605007656,NIFRA,Premier Securities Company Ltd.,KALASH STOCK MARKET PVT. LTD.,900,284.0,255600.0,2025-07-16 13:24:48.626116
2025-07-16,47261,2025071605007657,NIFRA,Premier Securities Company Ltd.,J.F. Securites (PVT) Ltd.,100,284.0,28400.0,2025-07-16 13:24:49.872720
2025-07-16,47083,2025071605007679,NIFRA,Sweta Securities Private Limited,Deevyaa Securities & Stock House Pvt. Ltd,10,283.7,2837.0,2025-07-16 13:25:15.258211
2025-07-16,47082,2025071605007680,NIFRA,Swarna Laxmi Securities Pvt. Ltd.,Deevyaa Securities & Stock House Pvt. Ltd,54,283.6,15314.4,2025-07-16 13:25:15.258271
2025-07-16,46786,2025071605007755,NIFRA,Aryatara Investment & Securities,Nagarik Stock Dealer ,200,284.3,56860.0,2025-07-16 13:26:07.206244
2025-07-16,46529,2025071605007787,NIFRA,Aryatara Investment & Securities,Trisul Securities & Invt. Ltd.,72,284.3,20469.6,2025-07-16 13:26:49.915203
2025-07-16,46464,2025071605007794,NIFRA,Trishakti Securities Public Limited,Opal Securities Investment (PVT) Ltd.,500,284.4,142200.0,2025-07-16 13:27:01.708638
2025-07-16,46463,2025071605007795,NIFRA,Trishakti Securities Public Limited,Imperial Securities Company Pvt. Ltd.,154,284.4,43797.6,2025-07-16 13:27:01.709616
2025-07-16,46462,2025071605007796,NIFRA,Trishakti Securities Public Limited,Sharepro Securities Private Limited,346,284.5,98437.0,2025-07-16 13:27:01.710298
2025-07-16,46333,2025071605007820,NIFRA,Aryatara Investment & Securities,Deevyaa Securities & Stock House Pvt. Ltd,54,284.3,15352.2,2025-07-16 13:27:27.116463
2025-07-16,46191,2025071605007839,NIFRA,Swarna Laxmi Securities Pvt. Ltd.,Sharepro Securities Private Limited,390,284.5,110955.0,2025-07-16 13:27:53.072801
2025-07-16,46190,2025071605007840,NIFRA,Swarna Laxmi Securities Pvt. Ltd.,Online Securities Pvt. Ltd.,24,284.5,6828.0,2025-07-16 13:27:53.073281
2025-07-16,46153,2025071605007856,NIFRA,Swarna Laxmi Securities Pvt. Ltd.,Malla & Malla Stock Broking Company Pvt. Limited,484,284.5,137698.0,2025-07-16 13:28:00.742242
2025-07-16,46152,2025071605007857,NIFRA,Aryatara Investment & Securities,Malla & Malla Stock Broking Company Pvt. Limited,86,284.3,24449.8,2025-07-16 13:28:00.742722
2025-07-16,46088,2025071605007866,NIFRA,Aryatara Investment & Securities,Online Securities Pvt. Ltd.,64,284.3,18195.2,2025-07-16 13:28:13.490826
2025-07-16,45786,2025071605007889,NIFRA,Aryatara Investment & Securities,Deevyaa Securities & Stock House Pvt. Ltd,54,284.3,15352.2,2025-07-16 13:29:07.685215
2025-07-16,45608,2025071605007903,NIFRA,Aryatara Investment & Securities,Sharepro Securities Private Limited,370,284.3,105191.0,2025-07-16 13:29:36.129111
2025-07-16,45605,2025071605007905,NIFRA,Sri Hari Securities Pvt. Ltd.,Sharepro Securities Private Limited,630,284.3,179109.0,2025-07-16 13:29:38.019396
2025-07-16,45604,2025071605007906,NIFRA,Sri Hari Securities Pvt. Ltd.,Trisul Securities & Invt. Ltd.,54,284.5,15363.0,2025-07-16 13:29:38.019894
2025-07-16,45603,2025071605007907,NIFRA,Sri Hari Securities Pvt. Ltd.,Sundhara Securities Limited,500,284.8,142400.0,2025-07-16 13:29:38.020121
2025-07-16,45602,2025071605007908,NIFRA,Sri Hari Securities Pvt. Ltd.,Nagarik Stock Dealer ,300,284.8,85440.0,2025-07-16 13:29:38.020346
2025-07-16,45601,2025071605007909,NIFRA,Sri Hari Securities Pvt. Ltd.,Sharepro Securities Private Limited,16,284.9,4558.4,2025-07-16 13:29:38.020574
2025-07-16,45441,2025071605007945,NIFRA,Naasa Securities Co. Ltd.,Deevyaa Securities & Stock House Pvt. Ltd,64,284.0,18176.0,2025-07-16 13:30:09.057297
2025-07-16,45271,2025071605007992,NIFRA,Naasa Securities Co. Ltd.,Vision Securities Pvt. Ltd,64,284.0,18176.0,2025-07-16 13:30:47.834462
2025-07-16,45173,2025071605008000,NIFRA,Naasa Securities Co. Ltd.,Linch Stock Market Ltd.,42,284.0,11928.0,2025-07-16 13:31:05.421080
2025-07-16,45172,2025071605008001,NIFRA,Oxford Securities Pvt. Ltd.,Linch Stock Market Ltd.,120,284.0,34080.0,2025-07-16 13:31:05.421619
2025-07-16,44865,2025071605008038,NIFRA,Oxford Securities Pvt. Ltd.,Aryatara Investment & Securities,10,284.0,2840.0,2025-07-16 13:31:50.816822
2025-07-16,44863,2025071605008039,NIFRA,Oxford Securities Pvt. Ltd.,Deevyaa Securities & Stock House Pvt. Ltd,54,284.0,15336.0,2025-07-16 13:31:51.754054
2025-07-16,44733,2025071605008060,NIFRA,Oxford Securities Pvt. Ltd.,Online Securities Pvt. Ltd.,10,284.0,2840.0,2025-07-16 13:32:16.106989
2025-07-16,44523,2025071605008080,NIFRA,Oxford Securities Pvt. Ltd.,Vision Securities Pvt. Ltd,80,284.0,22720.0,2025-07-16 13:32:50.477226
2025-07-16,44487,2025071605008090,NIFRA,Oxford Securities Pvt. Ltd.,Deevyaa Securities & Stock House Pvt. Ltd,64,284.0,18176.0,2025-07-16 13:32:57.158981
2025-07-16,44301,2025071605008142,NIFRA,Oxford Securities Pvt. Ltd.,Naasa Securities Co. Ltd.,12,284.0,3408.0,2025-07-16 13:33:21.017724
2025-07-16,44300,2025071605008143,NIFRA,Naasa Securities Co. Ltd.,Naasa Securities Co. Ltd.,30,284.0,8520.0,2025-07-16 13:33:21.018686
2025-07-16,44299,2025071605008144,NIFRA,Online Securities Pvt. Ltd.,Naasa Securities Co. Ltd.,12,284.0,3408.0,2025-07-16 13:33:21.019381
2025-07-16,44085,2025071605008204,NIFRA,Infinity Securities Limited,Deevyaa Securities & Stock House Pvt. Ltd,64,284.1,18182.4,2025-07-16 13:33:57.473390
2025-07-16,43990,2025071605008213,NIFRA,Infinity Securities Limited,Online Securities Pvt. Ltd.,46,284.1,13068.6,2025-07-16 13:34:16.979063
2025-07-16,43814,2025071605008242,NIFRA,Online Securities Pvt. Ltd.,Vision Securities Pvt. Ltd,64,284.0,18176.0,2025-07-16 13:34:53.976252
2025-07-16,43562,2025071605008285,NIFRA,Sumeru Securities Pvt. Ltd.,Deevyaa Securities & Stock House Pvt. Ltd,64,284.1,18182.4,2025-07-16 13:35:28.194789
2025-07-16,43145,2025071605008373,NIFRA,Sumeru Securities Pvt. Ltd.,Bhrikuti Stock Broking Co. Pvt. Ltd.,212,284.1,60229.2,2025-07-16 13:36:38.963244
2025-07-16,43013,2025071605008403,NIFRA,Sumeru Securities Pvt. Ltd.,Deevyaa Securities & Stock House Pvt. Ltd,54,284.1,15341.4,2025-07-16 13:37:01.897936
2025-07-16,42854,2025071605008430,NIFRA,Kalika Securities Pvt. Ltd.,Online Securities Pvt. Ltd.,300,284.7,85410.0,2025-07-16 13:37:16.754709
2025-07-16,42450,2025071605008529,NIFRA,Kumari Securities Private Limited,Premier Securities Company Ltd.,46,284.2,13073.2,2025-07-16 13:38:18.654957
2025-07-16,42436,2025071605008531,NIFRA,Imperial Securities Company Pvt. Ltd.,Naasa Securities Co. Ltd.,500,284.2,142100.0,2025-07-16 13:38:21.035855
2025-07-16,42435,2025071605008532,NIFRA,Imperial Securities Company Pvt. Ltd.,Naasa Securities Co. Ltd.,333,284.2,94638.6,2025-07-16 13:38:21.036310
2025-07-16,42434,2025071605008533,NIFRA,J.F. Securites (PVT) Ltd.,Naasa Securities Co. Ltd.,1167,284.2,331661.4,2025-07-16 13:38:21.036546
2025-07-16,42277,2025071605008574,NIFRA,Naasa Securities Co. Ltd.,KALASH STOCK MARKET PVT. LTD.,20,284.3,5686.0,2025-07-16 13:38:45.577368
2025-07-16,42276,2025071605008575,NIFRA,J.F. Securites (PVT) Ltd.,KALASH STOCK MARKET PVT. LTD.,333,284.2,94638.6,2025-07-16 13:38:45.577844
2025-07-16,42275,2025071605008576,NIFRA,Sumeru Securities Pvt. Ltd.,KALASH STOCK MARKET PVT. LTD.,1647,284.1,467912.7,2025-07-16 13:38:45.578131
2025-07-16,41714,2025071605008670,NIFRA,Sumeru Securities Pvt. Ltd.,Cristal Kanchanjanga Securites Pvt. Ltd.,54,284.1,15341.4,2025-07-16 13:40:17.532380
2025-07-16,41538,2025071605008690,NIFRA,Sagarmatha Securities Private Limited,Online Securities Pvt. Ltd.,200,284.7,56940.0,2025-07-16 13:40:55.949688
2025-07-16,41537,2025071605008691,NIFRA,Sagarmatha Securities Private Limited,Nagarik Stock Dealer ,500,284.7,142350.0,2025-07-16 13:40:55.950645
2025-07-16,41536,2025071605008692,NIFRA,Sagarmatha Securities Private Limited,Sharepro Securities Private Limited,1000,284.8,284800.0,2025-07-16 13:40:55.951371
2025-07-16,41535,2025071605008693,NIFRA,Sagarmatha Securities Private Limited,Sharepro Securities Private Limited,869,284.9,247578.1,2025-07-16 13:40:55.952082
2025-07-16,41534,2025071605008694,NIFRA,Sagarmatha Securities Private Limited,Primo Securities (PVT) Ltd.,431,284.9,122791.9,2025-07-16 13:40:55.952786
2025-07-16,41472,2025071605008723,NIFRA,Opal Securities Investment (PVT) Ltd.,Creative Securities Pvt Ltd,700,284.7,199290.0,2025-07-16 13:41:05.991377
2025-07-16,41310,2025071605008742,NIFRA,Secured Securities Ltd.,Shree Krishna Securities Ltd.,24,284.7,6832.8,2025-07-16 13:41:30.168334
2025-07-16,41086,2025071605008764,NIFRA,Sagarmatha Securities Private Limited,Shree Krishna Securities Ltd.,40,284.7,11388.0,2025-07-16 13:42:12.287464
2025-07-16,41085,2025071605008765,NIFRA,Sagarmatha Securities Private Limited,Primo Securities (PVT) Ltd.,269,284.9,76638.1,2025-07-16 13:42:12.288001
2025-07-16,41084,2025071605008766,NIFRA,Sagarmatha Securities Private Limited,Creative Securities Pvt Ltd,70,284.9,19943.0,2025-07-16 13:42:12.288239
2025-07-16,41083,2025071605008767,NIFRA,Sagarmatha Securities Private Limited,Trishakti Securities Public Limited,50,284.9,14245.0,2025-07-16 13:42:12.288475
2025-07-16,41082,2025071605008768,NIFRA,Sagarmatha Securities Private Limited,Sundhara Securities Limited,54,285.0,15390.0,2025-07-16 13:42:12.288702
2025-07-16,41081,2025071605008769,NIFRA,Sagarmatha Securities Private Limited,Secured Securities Ltd.,64,285.0,18240.0,2025-07-16 13:42:12.288926
2025-07-16,41080,2025071605008770,NIFRA,Sagarmatha Securities Private Limited,Imperial Securities Company Pvt. Ltd.,65,285.0,18525.0,2025-07-16 13:42:12.289178
2025-07-16,41079,2025071605008771,NIFRA,Sagarmatha Securities Private Limited,Dipshikha Dhitopatra Karobar Co. Pvt Ltd.,100,285.0,28500.0,2025-07-16 13:42:12.289403
2025-07-16,41078,2025071605008772,NIFRA,Sagarmatha Securities Private Limited,Midas Stock Broking Company Private Limited,14,285.0,3990.0,2025-07-16 13:42:12.289640
2025-07-16,41077,2025071605008773,NIFRA,Sagarmatha Securities Private Limited,Vision Securities Pvt. Ltd,502,285.0,143070.0,2025-07-16 13:42:12.289859
2025-07-16,41076,2025071605008774,NIFRA,Sagarmatha Securities Private Limited,Global IME Securities Limited,64,285.0,18240.0,2025-07-16 13:42:12.290090
2025-07-16,41075,2025071605008775,NIFRA,Sagarmatha Securities Private Limited,J.F. Securites (PVT) Ltd.,56,285.0,15960.0,2025-07-16 13:42:12.290328
2025-07-16,41074,2025071605008776,NIFRA,Sagarmatha Securities Private Limited,Aryatara Investment & Securities,54,285.0,15390.0,2025-07-16 13:42:12.290571
2025-07-16,41073,2025071605008777,NIFRA,Sagarmatha Securities Private Limited,ABC Securities Private Limited,54,285.0,15390.0,2025-07-16 13:42:12.290800
2025-07-16,41072,2025071605008778,NIFRA,Sagarmatha Securities Private Limited,Bhrikuti Stock Broking Co. Pvt. Ltd.,43,285.0,12255.0,2025-07-16 13:42:12.291026
2025-07-16,41071,2025071605008779,NIFRA,Sagarmatha Securities Private Limited,Vision Securities Pvt. Ltd,501,285.0,142785.0,2025-07-16 13:42:12.291264
2025-07-16,40924,2025071605008796,NIFRA,Naasa Securities Co. Ltd.,Vision Securities Pvt. Ltd,100,285.0,28500.0,2025-07-16 13:42:36.159945
2025-07-16,40718,2025071605008821,NIFRA,Online Securities Pvt. Ltd.,Vision Securities Pvt. Ltd,399,285.0,113715.0,2025-07-16 13:43:17.177204
2025-07-16,40717,2025071605008822,NIFRA,Online Securities Pvt. Ltd.,Sundhara Securities Limited,64,285.0,18240.0,2025-07-16 13:43:17.178372
2025-07-16,40716,2025071605008823,NIFRA,Online Securities Pvt. Ltd.,Sani Securities Company Ltd.,54,285.0,15390.0,2025-07-16 13:43:17.179466
2025-07-16,40715,2025071605008824,NIFRA,Online Securities Pvt. Ltd.,Vision Securities Pvt. Ltd,21,285.0,5985.0,2025-07-16 13:43:17.180502
2025-07-16,40714,2025071605008825,NIFRA,Online Securities Pvt. Ltd.,Dipshikha Dhitopatra Karobar Co. Pvt Ltd.,54,285.0,15390.0,2025-07-16 13:43:17.181564
2025-07-16,40713,2025071605008826,NIFRA,Online Securities Pvt. Ltd.,Opal Securities Investment (PVT) Ltd.,10,285.0,2850.0,2025-07-16 13:43:17.182601
2025-07-16,40712,2025071605008827,NIFRA,Online Securities Pvt. Ltd.,Cristal Kanchanjanga Securites Pvt. Ltd.,54,285.0,15390.0,2025-07-16 13:43:17.183609
2025-07-16,40711,2025071605008828,NIFRA,Online Securities Pvt. Ltd.,Dipshikha Dhitopatra Karobar Co. Pvt Ltd.,100,285.0,28500.0,2025-07-16 13:43:17.184253
2025-07-16,40710,2025071605008829,NIFRA,Online Securities Pvt. Ltd.,Deevyaa Securities & Stock House Pvt. Ltd,150,285.0,42750.0,2025-07-16 13:43:17.184577
2025-07-16,40709,2025071605008830,NIFRA,Online Securities Pvt. Ltd.,Sani Securities Company Ltd.,1500,285.0,427500.0,2025-07-16 13:43:17.184818
2025-07-16,40708,2025071605008831,NIFRA,Online Securities Pvt. Ltd.,Deevyaa Securities & Stock House Pvt. Ltd,20,285.0,5700.0,2025-07-16 13:43:17.185063
2025-07-16,40707,2025071605008832,NIFRA,Online Securities Pvt. Ltd.,Market Securities & Exchange (PVT) Ltd.,100,285.0,28500.0,2025-07-16 13:43:17.185366
2025-07-16,40706,2025071605008833,NIFRA,Online Securities Pvt. Ltd.,Sumeru Securities Pvt. Ltd.,500,285.0,142500.0,2025-07-16 13:43:17.185682
2025-07-16,40705,2025071605008834,NIFRA,Online Securities Pvt. Ltd.,Sewa Securities Pvt. Ltd.,50,285.0,14250.0,2025-07-16 13:43:17.185942
2025-07-16,40704,2025071605008835,NIFRA,Online Securities Pvt. Ltd.,KALASH STOCK MARKET PVT. LTD.,10,285.0,2850.0,2025-07-16 13:43:17.186224
2025-07-16,40703,2025071605008836,NIFRA,Online Securities Pvt. Ltd.,Trishakti Securities Public Limited,54,285.0,15390.0,2025-07-16 13:43:17.186530
2025-07-16,40702,2025071605008837,NIFRA,Online Securities Pvt. Ltd.,Secured Securities Ltd.,54,285.0,15390.0,2025-07-16 13:43:17.186775
2025-07-16,40701,2025071605008838,NIFRA,Online Securities Pvt. Ltd.,Secured Securities Ltd.,200,285.0,57000.0,2025-07-16 13:43:17.186997
2025-07-16,40700,2025071605008839,NIFRA,Online Securities Pvt. Ltd.,Siprabi Securities Pvt. Ltd.,54,285.0,15390.0,2025-07-16 13:43:17.187229
2025-07-16,40699,2025071605008840,NIFRA,Online Securities Pvt. Ltd.,Dipshikha Dhitopatra Karobar Co. Pvt Ltd.,52,285.0,14820.0,2025-07-16 13:43:17.187533
2025-07-16,40157,2025071605008913,NIFRA,Thrive Brokerage House Pvt. Ltd,Kohinoor Investment & Securities Pvt. Ltd.,10,284.4,2844.0,2025-07-16 13:45:03.916624
2025-07-16,40156,2025071605008914,NIFRA,Thrive Brokerage House Pvt. Ltd,Kohinoor Investment & Securities Pvt. Ltd.,10,284.3,2843.0,2025-07-16 13:45:03.917196
2025-07-16,40155,2025071605008915,NIFRA,Ashutosh Brokerage & Securities (PVT) Ltd.,Kohinoor Investment & Securities Pvt. Ltd.,34,284.3,9666.2,2025-07-16 13:45:03.917598
2025-07-16,39838,2025071605008958,NIFRA,Naasa Securities Co. Ltd.,Online Securities Pvt. Ltd.,52,285.0,14820.0,2025-07-16 13:45:58.240391
2025-07-16,39821,2025071605008972,NIFRA,Thrive Brokerage House Pvt. Ltd,Nagarik Stock Dealer ,10,284.5,2845.0,2025-07-16 13:45:59.502198
2025-07-16,39820,2025071605008973,NIFRA,Thrive Brokerage House Pvt. Ltd,Nagarik Stock Dealer ,20,284.4,5688.0,2025-07-16 13:45:59.502665
2025-07-16,39819,2025071605008974,NIFRA,Ashutosh Brokerage & Securities (PVT) Ltd.,Nagarik Stock Dealer ,300,284.3,85290.0,2025-07-16 13:45:59.502977
2025-07-16,39818,2025071605008975,NIFRA,Aakashbhairab Securities Ltd.,Nagarik Stock Dealer ,500,284.2,142100.0,2025-07-16 13:45:59.503266
2025-07-16,39817,2025071605008976,NIFRA,Sumeru Securities Pvt. Ltd.,Nagarik Stock Dealer ,469,284.1,133242.9,2025-07-16 13:45:59.503518
2025-07-16,39816,2025071605008977,NIFRA,Sumeru Securities Pvt. Ltd.,Nagarik Stock Dealer ,170,284.1,48297.0,2025-07-16 13:45:59.503807
2025-07-16,39813,2025071605008980,NIFRA,Dipshikha Dhitopatra Karobar Co. Pvt Ltd.,Online Securities Pvt. Ltd.,12,285.0,3420.0,2025-07-16 13:46:00.857636
2025-07-16,39812,2025071605008981,NIFRA,Dipshikha Dhitopatra Karobar Co. Pvt Ltd.,Naasa Securities Co. Ltd.,762,285.0,217170.0,2025-07-16 13:46:00.858524
2025-07-16,39719,2025071605008986,NIFRA,KALASH STOCK MARKET PVT. LTD.,Naasa Securities Co. Ltd.,243,285.0,69255.0,2025-07-16 13:46:15.686253
2025-07-16,39718,2025071605008987,NIFRA,KALASH STOCK MARKET PVT. LTD.,Naasa Securities Co. Ltd.,45,285.0,12825.0,2025-07-16 13:46:15.686718
2025-07-16,39313,2025071605009059,NIFRA,Thrive Brokerage House Pvt. Ltd,Sewa Securities Pvt. Ltd.,7,285.0,1995.0,2025-07-16 13:47:11.898476
2025-07-16,39174,2025071605009093,NIFRA,Sumeru Securities Pvt. Ltd.,Sani Securities Company Ltd.,21,285.0,5985.0,2025-07-16 13:47:28.500228
2025-07-16,39173,2025071605009094,NIFRA,Sumeru Securities Pvt. Ltd.,Sani Securities Company Ltd.,10,285.0,2850.0,2025-07-16 13:47:28.500710
2025-07-16,39100,2025071605009107,NIFRA,Sumeru Securities Pvt. Ltd.,Online Securities Pvt. Ltd.,200,285.0,57000.0,2025-07-16 13:47:34.895709
2025-07-16,39091,2025071605009111,NIFRA,Sumeru Securities Pvt. Ltd.,Nepal Investment And Securities Trading Private Limited,40,285.0,11400.0,2025-07-16 13:47:37.498088
2025-07-16,38744,2025071605009158,NIFRA,Sumeru Securities Pvt. Ltd.,Trishakti Securities Public Limited,29,285.0,8265.0,2025-07-16 13:48:36.107984
2025-07-16,38681,2025071605009164,NIFRA,SUN SECURITIES PVT LTD,Sundhara Securities Limited,54,285.0,15390.0,2025-07-16 13:48:42.435468
2025-07-16,38639,2025071605009185,NIFRA,SUN SECURITIES PVT LTD,Naasa Securities Co. Ltd.,54,285.0,15390.0,2025-07-16 13:48:45.797765
2025-07-16,38600,2025071605009189,NIFRA,SUN SECURITIES PVT LTD,Online Securities Pvt. Ltd.,54,285.0,15390.0,2025-07-16 13:48:52.884470
2025-07-16,38496,2025071605009229,NIFRA,SUN SECURITIES PVT LTD,Aryatara Investment & Securities,28,285.0,7980.0,2025-07-16 13:49:04.246471
2025-07-16,38495,2025071605009230,NIFRA,Aryatara Investment & Securities,Aryatara Investment & Securities,26,285.0,7410.0,2025-07-16 13:49:04.246938
2025-07-16,38350,2025071605009241,NIFRA,Aryatara Investment & Securities,Primo Securities (PVT) Ltd.,974,285.0,277590.0,2025-07-16 13:49:30.716107
2025-07-16,38291,2025071605009261,NIFRA,Himalayan Brokerage Company Limited,Trishakti Securities Public Limited,25,284.3,7107.5,2025-07-16 13:49:39.729996
2025-07-16,38274,2025071605009263,NIFRA,Midas Stock Broking Company Private Limited,Primo Securities (PVT) Ltd.,1000,285.0,285000.0,2025-07-16 13:49:44.712009
2025-07-16,38000,2025071605009333,NIFRA,Sri Hari Securities Pvt. Ltd.,Primo Securities (PVT) Ltd.,10,285.0,2850.0,2025-07-16 13:50:26.346600
2025-07-16,37911,2025071605009338,NIFRA,Online Securities Pvt. Ltd.,Primo Securities (PVT) Ltd.,16,285.0,4560.0,2025-07-16 13:50:40.503793
2025-07-16,37877,2025071605009344,NIFRA,Online Securities Pvt. Ltd.,Nepal Investment And Securities Trading Private Limited,100,285.0,28500.0,2025-07-16 13:50:46.330186
2025-07-16,37871,2025071605009346,NIFRA,Online Securities Pvt. Ltd.,Dipshikha Dhitopatra Karobar Co. Pvt Ltd.,54,285.0,15390.0,2025-07-16 13:50:48.372127
2025-07-16,37800,2025071605009362,NIFRA,Online Securities Pvt. Ltd.,Nepal Investment And Securities Trading Private Limited,100,285.0,28500.0,2025-07-16 13:51:00.442591
2025-07-16,37635,2025071605009378,NIFRA,Online Securities Pvt. Ltd.,Naasa Securities Co. Ltd.,54,285.0,15390.0,2025-07-16 13:51:22.276270
2025-07-16,37563,2025071605009385,NIFRA,Aryatara Investment & Securities,Primo Securities (PVT) Ltd.,1000,285.2,285200.0,2025-07-16 13:51:34.042273
2025-07-16,37426,2025071605009397,NIFRA,Online Securities Pvt. Ltd.,Siprabi Securities Pvt. Ltd.,36,285.0,10260.0,2025-07-16 13:51:51.871382
2025-07-16,37425,2025071605009398,NIFRA,Aryatara Investment & Securities,Siprabi Securities Pvt. Ltd.,18,285.0,5130.0,2025-07-16 13:51:51.871876
2025-07-16,37347,2025071605009407,NIFRA,Aryatara Investment & Securities,Nagarik Stock Dealer ,32,285.0,9120.0,2025-07-16 13:52:02.479946
2025-07-16,37212,2025071605009417,NIFRA,Himalayan Brokerage Company Limited,Primo Securities (PVT) Ltd.,1075,284.3,305622.5,2025-07-16 13:52:22.616702
2025-07-16,37211,2025071605009418,NIFRA,Premier Securities Company Ltd.,Primo Securities (PVT) Ltd.,300,284.3,85290.0,2025-07-16 13:52:22.617188
2025-07-16,37210,2025071605009419,NIFRA,Thrive Brokerage House Pvt. Ltd,Primo Securities (PVT) Ltd.,10,284.2,2842.0,2025-07-16 13:52:22.617448
2025-07-16,37209,2025071605009420,NIFRA,Sumeru Securities Pvt. Ltd.,Primo Securities (PVT) Ltd.,330,284.1,93753.0,2025-07-16 13:52:22.617694
2025-07-16,37208,2025071605009421,NIFRA,Midas Stock Broking Company Private Limited,Primo Securities (PVT) Ltd.,285,284.1,80968.5,2025-07-16 13:52:22.617965
2025-07-16,37029,2025071605009445,NIFRA,Midas Stock Broking Company Private Limited,Aakashbhairab Securities Ltd.,715,284.1,203131.5,2025-07-16 13:52:53.517286
2025-07-16,37028,2025071605009446,NIFRA,Online Securities Pvt. Ltd.,Aakashbhairab Securities Ltd.,295,284.0,83780.0,2025-07-16 13:52:53.518283
2025-07-16,36879,2025071605009462,NIFRA,Online Securities Pvt. Ltd.,Nagarik Stock Dealer ,1629,284.0,462636.0,2025-07-16 13:53:21.746843
2025-07-16,36878,2025071605009463,NIFRA,Sajilo Broker Limited,Nagarik Stock Dealer ,26,284.0,7384.0,2025-07-16 13:53:21.747354
2025-07-16,36877,2025071605009464,NIFRA,Oxford Securities Pvt. Ltd.,Nagarik Stock Dealer ,20,284.0,5680.0,2025-07-16 13:53:21.747724
2025-07-16,36876,2025071605009465,NIFRA,Neev Securities Pvt. Ltd.,Nagarik Stock Dealer ,250,284.0,71000.0,2025-07-16 13:53:21.748037
2025-07-16,36875,2025071605009466,NIFRA,Aryatara Investment & Securities,Nagarik Stock Dealer ,90,284.0,25560.0,2025-07-16 13:53:21.748356
2025-07-16,36874,2025071605009467,NIFRA,Bhrikuti Stock Broking Co. Pvt. Ltd.,Nagarik Stock Dealer ,100,284.0,28400.0,2025-07-16 13:53:21.748689
2025-07-16,36873,2025071605009468,NIFRA,Sri Hari Securities Pvt. Ltd.,Nagarik Stock Dealer ,17,284.0,4828.0,2025-07-16 13:53:21.749025
2025-07-16,36351,2025071605009584,NIFRA,Sri Hari Securities Pvt. Ltd.,Neev Securities Pvt. Ltd.,64,284.0,18176.0,2025-07-16 13:54:41.421275
2025-07-16,35702,2025071605009722,NIFRA,Naasa Securities Co. Ltd.,Vision Securities Pvt. Ltd,30,284.2,8526.0,2025-07-16 13:56:06.349307
2025-07-16,35701,2025071605009723,NIFRA,Naasa Securities Co. Ltd.,Vision Securities Pvt. Ltd,970,284.1,275577.0,2025-07-16 13:56:06.349843
