Date,S.N.,contract_id,symbol,buyer_broker,seller_broker,volume,price,amount,transaction_time
2025-07-16,99262,2025071604000082,RADHI,Premier Securities Company Ltd.,Property Wiard Limited,100,809.8,80980.0,2025-07-16 11:01:02.178897
2025-07-16,99213,2025071604000095,RADHI,Premier Securities Company Ltd.,Citizens Share Broker Limited,400,809.8,323920.0,2025-07-16 11:01:22.801115
2025-07-16,99206,2025071604000098,RADHI,Sani Securities Company Ltd.,Nepal Stock House (PVT) Ltd.,20,809.9,16198.0,2025-07-16 11:01:23.771496
2025-07-16,99189,2025071604000102,RADHI,Premier Securities Company Ltd.,Kalika Securities Pvt. Ltd.,500,809.0,404500.0,2025-07-16 11:01:30.412162
2025-07-16,99124,2025071604000121,RADHI,N.M.B. SECURITIES LIMITED,Kalika Securities Pvt. Ltd.,50,809.0,40450.0,2025-07-16 11:01:51.229738
2025-07-16,99123,2025071604000122,RADHI,N.M.B. SECURITIES LIMITED,Nepal Stock House (PVT) Ltd.,20,809.9,16198.0,2025-07-16 11:01:51.229825
2025-07-16,99122,2025071604000123,RADHI,N.M.B. SECURITIES LIMITED,Imperial Securities Company Pvt. Ltd.,250,810.0,202500.0,2025-07-16 11:01:51.229866
2025-07-16,99121,2025071604000124,RADHI,N.M.B. SECURITIES LIMITED,Aryatara Investment & Securities,40,810.0,32400.0,2025-07-16 11:01:51.229915
2025-07-16,99120,2025071604000125,RADHI,N.M.B. SECURITIES LIMITED,Agrawal Securities (PVT) Ltd.,140,810.0,113400.0,2025-07-16 11:01:51.229949
2025-07-16,99090,2025071604000133,RADHI,N.M.B. SECURITIES LIMITED,Agrawal Securities (PVT) Ltd.,60,810.0,48600.0,2025-07-16 11:02:04.282353
2025-07-16,99089,2025071604000134,RADHI,N.M.B. SECURITIES LIMITED,Naasa Securities Co. Ltd.,15,810.0,12150.0,2025-07-16 11:02:04.282448
2025-07-16,99064,2025071604000144,RADHI,Ashutosh Brokerage & Securities (PVT) Ltd.,Malla & Malla Stock Broking Company Pvt. Limited,100,813.0,81300.0,2025-07-16 11:02:13.341778
2025-07-16,99063,2025071604000145,RADHI,Ashutosh Brokerage & Securities (PVT) Ltd.,Deevyaa Securities & Stock House Pvt. Ltd,80,813.0,65040.0,2025-07-16 11:02:13.341889
2025-07-16,99062,2025071604000146,RADHI,Ashutosh Brokerage & Securities (PVT) Ltd.,Sumeru Securities Pvt. Ltd.,100,813.0,81300.0,2025-07-16 11:02:13.341930
2025-07-16,99061,2025071604000147,RADHI,Ashutosh Brokerage & Securities (PVT) Ltd.,Dynamic Money Managers Securities Pvt. Ltd.,220,813.9,179058.0,2025-07-16 11:02:13.341984
2025-07-16,99014,2025071604000162,RADHI,N.M.B. SECURITIES LIMITED,Sri Hari Securities Pvt. Ltd.,1000,812.0,812000.0,2025-07-16 11:02:25.351270
2025-07-16,98968,2025071604000177,RADHI,Aakashbhairab Securities Ltd.,Citizens Share Broker Limited,500,811.0,405500.0,2025-07-16 11:02:37.242113
2025-07-16,98946,2025071604000185,RADHI,Aakashbhairab Securities Ltd.,Miyo Securities Pvt Ltd,500,811.0,405500.0,2025-07-16 11:02:40.630260
2025-07-16,98753,2025071604000239,RADHI,N.M.B. SECURITIES LIMITED,Trishakti Securities Public Limited,500,812.0,406000.0,2025-07-16 11:03:16.504475
2025-07-16,98638,2025071604000252,RADHI,Aakashbhairab Securities Ltd.,Sweta Securities Private Limited,50,811.9,40595.0,2025-07-16 11:03:30.622587
2025-07-16,98637,2025071604000253,RADHI,Aakashbhairab Securities Ltd.,Agrawal Securities (PVT) Ltd.,30,812.0,24360.0,2025-07-16 11:03:30.622693
2025-07-16,98636,2025071604000254,RADHI,Aakashbhairab Securities Ltd.,Citizens Share Broker Limited,500,812.0,406000.0,2025-07-16 11:03:30.622746
2025-07-16,98635,2025071604000255,RADHI,Aakashbhairab Securities Ltd.,Property Wiard Limited,100,812.9,81290.0,2025-07-16 11:03:30.622793
2025-07-16,98634,2025071604000256,RADHI,Aakashbhairab Securities Ltd.,Sri Hari Securities Pvt. Ltd.,1000,813.0,813000.0,2025-07-16 11:03:30.622840
2025-07-16,98633,2025071604000257,RADHI,Aakashbhairab Securities Ltd.,Investment Management Nepal Pvt. Ltd.,200,813.0,162600.0,2025-07-16 11:03:30.622886
2025-07-16,98632,2025071604000258,RADHI,Aakashbhairab Securities Ltd.,Miyo Securities Pvt Ltd,602,813.0,489426.0,2025-07-16 11:03:30.622933
2025-07-16,98631,2025071604000259,RADHI,Aakashbhairab Securities Ltd.,Citizens Share Broker Limited,450,813.7,366165.0,2025-07-16 11:03:30.622979
2025-07-16,98630,2025071604000260,RADHI,Aakashbhairab Securities Ltd.,Sweta Securities Private Limited,10,813.8,8138.0,2025-07-16 11:03:30.623027
2025-07-16,98629,2025071604000261,RADHI,Aakashbhairab Securities Ltd.,Online Securities Pvt. Ltd.,500,813.8,406900.0,2025-07-16 11:03:30.623071
2025-07-16,98628,2025071604000262,RADHI,Aakashbhairab Securities Ltd.,Dynamic Money Managers Securities Pvt. Ltd.,558,813.9,454156.2,2025-07-16 11:03:30.623118
2025-07-16,98505,2025071604000286,RADHI,Sweta Securities Private Limited,Kohinoor Investment & Securities Pvt. Ltd.,100,812.0,81200.0,2025-07-16 11:04:03.318428
2025-07-16,98460,2025071604000300,RADHI,N.M.B. SECURITIES LIMITED,Kohinoor Investment & Securities Pvt. Ltd.,100,812.0,81200.0,2025-07-16 11:04:17.695669
2025-07-16,98459,2025071604000301,RADHI,N.M.B. SECURITIES LIMITED,Dynamic Money Managers Securities Pvt. Ltd.,122,813.9,99295.8,2025-07-16 11:04:17.695770
2025-07-16,98458,2025071604000302,RADHI,N.M.B. SECURITIES LIMITED,Dipshikha Dhitopatra Karobar Co. Pvt Ltd.,78,813.9,63484.2,2025-07-16 11:04:17.695888
2025-07-16,98414,2025071604000307,RADHI,Aakashbhairab Securities Ltd.,Dipshikha Dhitopatra Karobar Co. Pvt Ltd.,922,813.9,750415.8,2025-07-16 11:04:25.825570
2025-07-16,98413,2025071604000308,RADHI,Aakashbhairab Securities Ltd.,Agrawal Securities (PVT) Ltd.,78,813.9,63484.2,2025-07-16 11:04:25.825762
2025-07-16,98348,2025071604000326,RADHI,N.M.B. SECURITIES LIMITED,Agrawal Securities (PVT) Ltd.,55,813.9,44764.5,2025-07-16 11:04:36.751487
2025-07-16,98283,2025071604000337,RADHI,Aakashbhairab Securities Ltd.,Agrawal Securities (PVT) Ltd.,232,813.9,188824.8,2025-07-16 11:04:50.908074
2025-07-16,98282,2025071604000338,RADHI,Aakashbhairab Securities Ltd.,Agrawal Securities (PVT) Ltd.,420,813.9,341838.0,2025-07-16 11:04:50.908233
2025-07-16,98281,2025071604000339,RADHI,Aakashbhairab Securities Ltd.,Sumeru Securities Pvt. Ltd.,100,814.0,81400.0,2025-07-16 11:04:50.908308
2025-07-16,98280,2025071604000340,RADHI,Aakashbhairab Securities Ltd.,Miyo Securities Pvt Ltd,930,814.0,757020.0,2025-07-16 11:04:50.908375
2025-07-16,98279,2025071604000341,RADHI,Aakashbhairab Securities Ltd.,Midas Stock Broking Company Private Limited,30,814.0,24420.0,2025-07-16 11:04:50.908433
2025-07-16,98278,2025071604000342,RADHI,Aakashbhairab Securities Ltd.,Miyo Securities Pvt Ltd,500,814.0,407000.0,2025-07-16 11:04:50.908489
2025-07-16,98277,2025071604000343,RADHI,Aakashbhairab Securities Ltd.,Naasa Securities Co. Ltd.,120,815.0,97800.0,2025-07-16 11:04:50.908559
2025-07-16,98276,2025071604000344,RADHI,Aakashbhairab Securities Ltd.,South Asian Bulls Pvt. Ltd.,20,815.0,16300.0,2025-07-16 11:04:50.908633
2025-07-16,98275,2025071604000345,RADHI,Aakashbhairab Securities Ltd.,Sweta Securities Private Limited,500,815.0,407500.0,2025-07-16 11:04:50.908719
2025-07-16,98274,2025071604000346,RADHI,Aakashbhairab Securities Ltd.,Miyo Securities Pvt Ltd,148,815.0,120620.0,2025-07-16 11:04:50.908773
2025-07-16,98118,2025071604000380,RADHI,SUN SECURITIES PVT LTD,Miyo Securities Pvt Ltd,352,815.0,286880.0,2025-07-16 11:05:24.032428
2025-07-16,98117,2025071604000381,RADHI,SUN SECURITIES PVT LTD,Primo Securities (PVT) Ltd.,50,815.0,40750.0,2025-07-16 11:05:24.032571
2025-07-16,98110,2025071604000382,RADHI,SUN SECURITIES PVT LTD,Citizens Share Broker Limited,98,815.0,79870.0,2025-07-16 11:05:27.722564
2025-07-16,98021,2025071604000413,RADHI,J.F. Securites (PVT) Ltd.,Citizens Share Broker Limited,250,814.9,203725.0,2025-07-16 11:05:47.355641
2025-07-16,97796,2025071604000472,RADHI,Kohinoor Investment & Securities Pvt. Ltd.,Agrawal Securities (PVT) Ltd.,150,814.8,122220.0,2025-07-16 11:06:37.412348
2025-07-16,97709,2025071604000496,RADHI,Malla & Malla Stock Broking Company Pvt. Limited,Agrawal Securities (PVT) Ltd.,150,814.8,122220.0,2025-07-16 11:06:53.739017
2025-07-16,97708,2025071604000497,RADHI,Malla & Malla Stock Broking Company Pvt. Limited,Citizens Share Broker Limited,152,814.9,123864.8,2025-07-16 11:06:53.739183
2025-07-16,97707,2025071604000498,RADHI,Malla & Malla Stock Broking Company Pvt. Limited,Linch Stock Market Ltd.,100,814.9,81490.0,2025-07-16 11:06:53.739257
2025-07-16,97706,2025071604000499,RADHI,Malla & Malla Stock Broking Company Pvt. Limited,Citizens Share Broker Limited,500,814.9,407450.0,2025-07-16 11:06:53.739335
2025-07-16,97705,2025071604000500,RADHI,Malla & Malla Stock Broking Company Pvt. Limited,Miyo Securities Pvt Ltd,98,814.9,79860.2,2025-07-16 11:06:53.739403
2025-07-16,97681,2025071604000508,RADHI,Sundhara Securities Limited,Sumeru Securities Pvt. Ltd.,300,813.0,243900.0,2025-07-16 11:06:57.614087
2025-07-16,97649,2025071604000514,RADHI,Imperial Securities Company Pvt. Ltd.,Miyo Securities Pvt Ltd,20,814.9,16298.0,2025-07-16 11:07:04.170825
2025-07-16,97510,2025071604000545,RADHI,Sundhara Securities Limited,ABC Securities Private Limited,200,813.0,162600.0,2025-07-16 11:07:26.537710
2025-07-16,97509,2025071604000546,RADHI,Aakashbhairab Securities Ltd.,ABC Securities Private Limited,1800,812.0,1461600.0,2025-07-16 11:07:26.537910
2025-07-16,97447,2025071604000560,RADHI,Aakashbhairab Securities Ltd.,Trisul Securities & Invt. Ltd.,200,812.0,162400.0,2025-07-16 11:07:37.309390
2025-07-16,97405,2025071604000569,RADHI,Premier Securities Company Ltd.,Sumeru Securities Pvt. Ltd.,100,814.0,81400.0,2025-07-16 11:07:43.371792
2025-07-16,97404,2025071604000570,RADHI,Premier Securities Company Ltd.,Nepal Stock House (PVT) Ltd.,200,814.8,162960.0,2025-07-16 11:07:43.371974
2025-07-16,97403,2025071604000571,RADHI,Premier Securities Company Ltd.,Miyo Securities Pvt Ltd,200,814.9,162980.0,2025-07-16 11:07:43.372050
2025-07-16,97257,2025071604000623,RADHI,Magnet Securities and Investment Company Private Limited,Premier Securities Company Ltd.,500,811.2,405600.0,2025-07-16 11:08:00.501153
2025-07-16,96995,2025071604000674,RADHI,Premier Securities Company Ltd.,Ashutosh Brokerage & Securities (PVT) Ltd.,500,811.2,405600.0,2025-07-16 11:08:43.914549
2025-07-16,96983,2025071604000676,RADHI,Premier Securities Company Ltd.,NIMB Stock Markets Limited,500,811.1,405550.0,2025-07-16 11:08:44.869876
2025-07-16,96982,2025071604000677,RADHI,Kohinoor Investment & Securities Pvt. Ltd.,NIMB Stock Markets Limited,500,811.0,405500.0,2025-07-16 11:08:44.870045
2025-07-16,96981,2025071604000678,RADHI,Premier Securities Company Ltd.,NIMB Stock Markets Limited,500,811.0,405500.0,2025-07-16 11:08:44.870121
2025-07-16,96859,2025071604000701,RADHI,Malla & Malla Stock Broking Company Pvt. Limited,Naasa Securities Co. Ltd.,13,812.0,10556.0,2025-07-16 11:09:02.523572
2025-07-16,96857,2025071604000702,RADHI,Malla & Malla Stock Broking Company Pvt. Limited,Imperial Securities Company Pvt. Ltd.,487,812.0,395444.0,2025-07-16 11:09:02.909082
2025-07-16,96810,2025071604000717,RADHI,Dynamic Money Managers Securities Pvt. Ltd.,Imperial Securities Company Pvt. Ltd.,13,812.0,10556.0,2025-07-16 11:09:12.331794
2025-07-16,96809,2025071604000718,RADHI,Dynamic Money Managers Securities Pvt. Ltd.,Citizens Share Broker Limited,487,812.0,395444.0,2025-07-16 11:09:12.331991
2025-07-16,96694,2025071604000755,RADHI,Thrive Brokerage House Pvt. Ltd,Ashutosh Brokerage & Securities (PVT) Ltd.,500,810.1,405050.0,2025-07-16 11:09:33.352309
2025-07-16,96686,2025071604000756,RADHI,Thrive Brokerage House Pvt. Ltd,Asian Securities Private Ltd.,10,810.1,8101.0,2025-07-16 11:09:33.980239
2025-07-16,96663,2025071604000757,RADHI,Thrive Brokerage House Pvt. Ltd,Himalayan Brokerage Company Limited,390,810.1,315939.0,2025-07-16 11:09:36.827819
2025-07-16,96651,2025071604000758,RADHI,Thrive Brokerage House Pvt. Ltd,Citizens Share Broker Limited,950,810.1,769595.0,2025-07-16 11:09:38.603199
2025-07-16,96536,2025071604000791,RADHI,Sewa Securities Pvt. Ltd.,Sundhara Securities Limited,50,809.1,40455.0,2025-07-16 11:10:00.599180
2025-07-16,96535,2025071604000792,RADHI,Online Securities Pvt. Ltd.,Sundhara Securities Limited,10,809.0,8090.0,2025-07-16 11:10:00.599570
2025-07-16,96534,2025071604000793,RADHI,Aakashbhairab Securities Ltd.,Sundhara Securities Limited,4940,809.0,3996460.0,2025-07-16 11:10:00.599812
2025-07-16,96475,2025071604000814,RADHI,Aakashbhairab Securities Ltd.,Primo Securities (PVT) Ltd.,60,809.0,48540.0,2025-07-16 11:10:10.577179
2025-07-16,95995,2025071604000938,RADHI,SUN SECURITIES PVT LTD,Nagarik Stock Dealer ,500,806.0,403000.0,2025-07-16 11:11:32.139186
2025-07-16,95994,2025071604000939,RADHI,K.B.L. Securities Limited ,Nagarik Stock Dealer ,100,805.5,80550.0,2025-07-16 11:11:32.139566
2025-07-16,95993,2025071604000940,RADHI,South Asian Bulls Pvt. Ltd.,Nagarik Stock Dealer ,300,805.3,241590.0,2025-07-16 11:11:32.139813
2025-07-16,95693,2025071604000996,RADHI,Dynamic Money Managers Securities Pvt. Ltd.,Primo Securities (PVT) Ltd.,50,805.4,40270.0,2025-07-16 11:12:10.184709
2025-07-16,95692,2025071604000997,RADHI,South Asian Bulls Pvt. Ltd.,Primo Securities (PVT) Ltd.,390,805.3,314067.0,2025-07-16 11:12:10.184893
2025-07-16,95500,2025071604001044,RADHI,South Asian Bulls Pvt. Ltd.,Primo Securities (PVT) Ltd.,500,805.3,402650.0,2025-07-16 11:12:34.294695
2025-07-16,95465,2025071604001045,RADHI,Linch Stock Market Ltd.,Trademow Securities Private Limited,270,805.4,217458.0,2025-07-16 11:12:37.743109
2025-07-16,95464,2025071604001046,RADHI,South Asian Bulls Pvt. Ltd.,Trademow Securities Private Limited,230,805.3,185219.0,2025-07-16 11:12:37.743514
2025-07-16,95364,2025071604001069,RADHI,Imperial Securities Company Pvt. Ltd.,Sani Securities Company Ltd.,100,805.4,80540.0,2025-07-16 11:12:53.795653
2025-07-16,95242,2025071604001098,RADHI,Oxford Securities Pvt. Ltd.,N.M.B. SECURITIES LIMITED,50,806.0,40300.0,2025-07-16 11:13:14.912554
2025-07-16,95241,2025071604001099,RADHI,Oxford Securities Pvt. Ltd.,Premier Securities Company Ltd.,196,807.0,158172.0,2025-07-16 11:13:14.912788
2025-07-16,95148,2025071604001120,RADHI,Dakshinkali Investment & Securities Pvt. Ltd.,Market Securities & Exchange (PVT) Ltd.,100,805.5,80550.0,2025-07-16 11:13:28.938295
2025-07-16,95125,2025071604001133,RADHI,Dakshinkali Investment & Securities Pvt. Ltd.,Kalika Securities Pvt. Ltd.,20,805.5,16110.0,2025-07-16 11:13:34.324070
2025-07-16,95045,2025071604001159,RADHI,Dakshinkali Investment & Securities Pvt. Ltd.,APPLE SECURITIES PRIVATE LIMITED,200,805.5,161100.0,2025-07-16 11:13:45.087545
2025-07-16,95033,2025071604001162,RADHI,Dakshinkali Investment & Securities Pvt. Ltd.,Nagarik Stock Dealer ,200,805.5,161100.0,2025-07-16 11:13:48.554796
2025-07-16,94985,2025071604001170,RADHI,Oxford Securities Pvt. Ltd.,Premier Securities Company Ltd.,120,807.0,96840.0,2025-07-16 11:13:56.277650
2025-07-16,94955,2025071604001176,RADHI,Asian Securities Private Ltd.,Premier Securities Company Ltd.,184,807.0,148488.0,2025-07-16 11:14:03.528961
2025-07-16,94558,2025071604001270,RADHI,Aakashbhairab Securities Ltd.,Agrawal Securities (PVT) Ltd.,50,809.0,40450.0,2025-07-16 11:15:10.845024
2025-07-16,94557,2025071604001271,RADHI,Aakashbhairab Securities Ltd.,Nagarik Stock Dealer ,200,809.0,161800.0,2025-07-16 11:15:10.845456
2025-07-16,94556,2025071604001272,RADHI,Aakashbhairab Securities Ltd.,Himalayan Brokerage Company Limited,100,809.9,80990.0,2025-07-16 11:15:10.845742
2025-07-16,94555,2025071604001273,RADHI,Aakashbhairab Securities Ltd.,Citizens Share Broker Limited,1050,810.0,850500.0,2025-07-16 11:15:10.846023
2025-07-16,94554,2025071604001274,RADHI,Aakashbhairab Securities Ltd.,N.M.B. SECURITIES LIMITED,50,810.0,40500.0,2025-07-16 11:15:10.846297
2025-07-16,94553,2025071604001275,RADHI,Aakashbhairab Securities Ltd.,Cristal Kanchanjanga Securites Pvt. Ltd.,5000,810.0,4050000.0,2025-07-16 11:15:10.846580
2025-07-16,94552,2025071604001276,RADHI,Aakashbhairab Securities Ltd.,Nagarik Stock Dealer ,1000,810.0,810000.0,2025-07-16 11:15:10.846866
2025-07-16,94452,2025071604001304,RADHI,Aakashbhairab Securities Ltd.,Ashutosh Brokerage & Securities (PVT) Ltd.,500,810.0,405000.0,2025-07-16 11:15:25.722744
2025-07-16,94441,2025071604001306,RADHI,Aakashbhairab Securities Ltd.,Sundhara Securities Limited,50,810.0,40500.0,2025-07-16 11:15:28.456940
2025-07-16,94415,2025071604001317,RADHI,Kohinoor Investment & Securities Pvt. Ltd.,Sundhara Securities Limited,100,810.0,81000.0,2025-07-16 11:15:35.150268
2025-07-16,94346,2025071604001343,RADHI,Capital Max Securities Ltd,Sundhara Securities Limited,300,810.0,243000.0,2025-07-16 11:15:44.685069
2025-07-16,93952,2025071604001438,RADHI,Dakshinkali Investment & Securities Pvt. Ltd.,Aryatara Investment & Securities,250,808.9,202225.0,2025-07-16 11:16:45.273958
2025-07-16,93951,2025071604001439,RADHI,Dakshinkali Investment & Securities Pvt. Ltd.,Primo Securities (PVT) Ltd.,50,808.9,40445.0,2025-07-16 11:16:45.274180
2025-07-16,93950,2025071604001440,RADHI,Dakshinkali Investment & Securities Pvt. Ltd.,Nagarik Stock Dealer ,500,809.0,404500.0,2025-07-16 11:16:45.274276
2025-07-16,93949,2025071604001441,RADHI,Dakshinkali Investment & Securities Pvt. Ltd.,Sundhara Securities Limited,50,810.0,40500.0,2025-07-16 11:16:45.274382
2025-07-16,93948,2025071604001442,RADHI,Dakshinkali Investment & Securities Pvt. Ltd.,Trisul Securities & Invt. Ltd.,19,810.0,15390.0,2025-07-16 11:16:45.274484
2025-07-16,93925,2025071604001450,RADHI,Dakshinkali Investment & Securities Pvt. Ltd.,Market Securities & Exchange (PVT) Ltd.,100,810.0,81000.0,2025-07-16 11:16:49.812208
2025-07-16,93852,2025071604001461,RADHI,Dakshinkali Investment & Securities Pvt. Ltd.,Bhrikuti Stock Broking Co. Pvt. Ltd.,110,810.0,89100.0,2025-07-16 11:17:02.988769
2025-07-16,93815,2025071604001473,RADHI,Dakshinkali Investment & Securities Pvt. Ltd.,Sundhara Securities Limited,221,810.0,179010.0,2025-07-16 11:17:10.104577
2025-07-16,93753,2025071604001490,RADHI,Capital Max Securities Ltd,Sundhara Securities Limited,10,810.0,8100.0,2025-07-16 11:17:17.071706
2025-07-16,93525,2025071604001551,RADHI,Sewa Securities Pvt. Ltd.,Himalayan Securities Limited,10,806.0,8060.0,2025-07-16 11:17:57.487578
2025-07-16,93353,2025071604001614,RADHI,Thrive Brokerage House Pvt. Ltd,Naasa Securities Co. Ltd.,2,794.0,1588.0,2025-07-16 11:18:29.739544
2025-07-16,93148,2025071604001672,RADHI,Thrive Brokerage House Pvt. Ltd,Market Securities & Exchange (PVT) Ltd.,3,793.0,2379.0,2025-07-16 11:19:10.868642
2025-07-16,93052,2025071604001696,RADHI,Sewa Securities Pvt. Ltd.,S.P.S.A. Securities Limited,90,806.0,72540.0,2025-07-16 11:19:26.609538
2025-07-16,93051,2025071604001697,RADHI,Premier Securities Company Ltd.,S.P.S.A. Securities Limited,110,806.0,88660.0,2025-07-16 11:19:26.609805
2025-07-16,92675,2025071604001802,RADHI,Imperial Securities Company Pvt. Ltd.,ABC Securities Private Limited,100,806.1,80610.0,2025-07-16 11:20:44.938528
2025-07-16,92010,2025071604001936,RADHI,Sani Securities Company Ltd.,Imperial Securities Company Pvt. Ltd.,10,807.1,8071.0,2025-07-16 11:22:32.453113
2025-07-16,92009,2025071604001937,RADHI,Sewa Securities Pvt. Ltd.,Imperial Securities Company Pvt. Ltd.,90,807.0,72630.0,2025-07-16 11:22:32.453423
2025-07-16,91873,2025071604002002,RADHI,Sewa Securities Pvt. Ltd.,Nagarik Stock Dealer ,200,807.0,161400.0,2025-07-16 11:22:49.007988
2025-07-16,91789,2025071604002030,RADHI,Dipshikha Dhitopatra Karobar Co. Pvt Ltd.,Naasa Securities Co. Ltd.,200,808.9,161780.0,2025-07-16 11:23:01.179464
2025-07-16,91749,2025071604002047,RADHI,Sewa Securities Pvt. Ltd.,Sharepro Securities Private Limited,40,807.0,32280.0,2025-07-16 11:23:11.662536
2025-07-16,91428,2025071604002134,RADHI,Sewa Securities Pvt. Ltd.,KALASH STOCK MARKET PVT. LTD.,11,807.0,8877.0,2025-07-16 11:24:02.093975
2025-07-16,91127,2025071604002205,RADHI,Imperial Securities Company Pvt. Ltd.,Kohinoor Investment & Securities Pvt. Ltd.,10,808.8,8088.0,2025-07-16 11:24:55.494453
2025-07-16,91126,2025071604002206,RADHI,Imperial Securities Company Pvt. Ltd.,Naasa Securities Co. Ltd.,119,809.0,96271.0,2025-07-16 11:24:55.494790
2025-07-16,91125,2025071604002207,RADHI,Imperial Securities Company Pvt. Ltd.,Malla & Malla Stock Broking Company Pvt. Limited,300,809.0,242700.0,2025-07-16 11:24:55.495002
2025-07-16,91078,2025071604002228,RADHI,Dakshinkali Investment & Securities Pvt. Ltd.,Naasa Securities Co. Ltd.,55,809.7,44533.5,2025-07-16 11:25:02.293400
2025-07-16,91077,2025071604002229,RADHI,Dakshinkali Investment & Securities Pvt. Ltd.,Capital Max Securities Ltd,1000,809.8,809800.0,2025-07-16 11:25:02.293692
2025-07-16,91076,2025071604002230,RADHI,Dakshinkali Investment & Securities Pvt. Ltd.,Citizens Share Broker Limited,500,809.9,404950.0,2025-07-16 11:25:02.293816
2025-07-16,91075,2025071604002231,RADHI,Dakshinkali Investment & Securities Pvt. Ltd.,Sundhara Securities Limited,269,810.0,217890.0,2025-07-16 11:25:02.293934
2025-07-16,91074,2025071604002232,RADHI,Dakshinkali Investment & Securities Pvt. Ltd.,Ashutosh Brokerage & Securities (PVT) Ltd.,176,810.0,142560.0,2025-07-16 11:25:02.294061
2025-07-16,91059,2025071604002233,RADHI,Imperial Securities Company Pvt. Ltd.,Nagarik Stock Dealer ,71,809.0,57439.0,2025-07-16 11:25:05.430363
2025-07-16,91058,2025071604002234,RADHI,Imperial Securities Company Pvt. Ltd.,Nagarik Stock Dealer ,300,809.0,242700.0,2025-07-16 11:25:05.430669
2025-07-16,91057,2025071604002235,RADHI,Naasa Securities Co. Ltd.,Nagarik Stock Dealer ,629,807.3,507791.7,2025-07-16 11:25:05.430792
2025-07-16,90979,2025071604002256,RADHI,Sri Hari Securities Pvt. Ltd.,Ashutosh Brokerage & Securities (PVT) Ltd.,124,810.0,100440.0,2025-07-16 11:25:17.613547
2025-07-16,90978,2025071604002257,RADHI,Sri Hari Securities Pvt. Ltd.,Imperial Securities Company Pvt. Ltd.,500,810.0,405000.0,2025-07-16 11:25:17.613836
2025-07-16,90977,2025071604002258,RADHI,Sri Hari Securities Pvt. Ltd.,Kumari Securities Private Limited,100,810.0,81000.0,2025-07-16 11:25:17.613959
2025-07-16,90976,2025071604002259,RADHI,Sri Hari Securities Pvt. Ltd.,Oxford Securities Pvt. Ltd.,125,810.0,101250.0,2025-07-16 11:25:17.614079
2025-07-16,90975,2025071604002260,RADHI,Sri Hari Securities Pvt. Ltd.,J.F. Securites (PVT) Ltd.,151,810.0,122310.0,2025-07-16 11:25:17.614198
2025-07-16,90974,2025071604002261,RADHI,Capital Max Securities Ltd,J.F. Securites (PVT) Ltd.,49,810.0,39690.0,2025-07-16 11:25:17.913177
2025-07-16,90973,2025071604002262,RADHI,Capital Max Securities Ltd,Sagarmatha Securities Private Limited,50,810.0,40500.0,2025-07-16 11:25:17.913751
2025-07-16,90972,2025071604002263,RADHI,Capital Max Securities Ltd,Online Securities Pvt. Ltd.,701,810.0,567810.0,2025-07-16 11:25:17.914146
2025-07-16,90907,2025071604002292,RADHI,Capital Max Securities Ltd,Online Securities Pvt. Ltd.,299,810.0,242190.0,2025-07-16 11:25:28.960833
2025-07-16,90906,2025071604002293,RADHI,Capital Max Securities Ltd,Miyo Securities Pvt Ltd,15,810.0,12150.0,2025-07-16 11:25:28.961123
2025-07-16,90905,2025071604002294,RADHI,Capital Max Securities Ltd,Property Wiard Limited,80,810.0,64800.0,2025-07-16 11:25:28.961251
2025-07-16,90867,2025071604002307,RADHI,Capital Max Securities Ltd,Neev Securities Pvt. Ltd.,500,810.1,405050.0,2025-07-16 11:25:35.994928
2025-07-16,90810,2025071604002313,RADHI,Imperial Securities Company Pvt. Ltd.,Naasa Securities Co. Ltd.,217,811.0,175987.0,2025-07-16 11:25:45.767625
2025-07-16,90797,2025071604002319,RADHI,Capital Max Securities Ltd,Sumeru Securities Pvt. Ltd.,100,810.0,81000.0,2025-07-16 11:25:46.863188
2025-07-16,90765,2025071604002329,RADHI,Capital Max Securities Ltd,Sani Securities Company Ltd.,50,810.0,40500.0,2025-07-16 11:25:56.770085
2025-07-16,90640,2025071604002380,RADHI,Imperial Securities Company Pvt. Ltd.,Naasa Securities Co. Ltd.,111,811.0,90021.0,2025-07-16 11:26:16.298997
2025-07-16,90639,2025071604002381,RADHI,Imperial Securities Company Pvt. Ltd.,Sumeru Securities Pvt. Ltd.,200,811.0,162200.0,2025-07-16 11:26:16.299276
2025-07-16,90638,2025071604002382,RADHI,Imperial Securities Company Pvt. Ltd.,Citizens Share Broker Limited,189,812.0,153468.0,2025-07-16 11:26:16.299407
2025-07-16,90364,2025071604002444,RADHI,Aryatara Investment & Securities,Vision Securities Pvt. Ltd,100,811.0,81100.0,2025-07-16 11:26:58.405533
2025-07-16,90363,2025071604002445,RADHI,Agrawal Securities (PVT) Ltd.,Vision Securities Pvt. Ltd,50,811.0,40550.0,2025-07-16 11:26:58.405820
2025-07-16,90362,2025071604002446,RADHI,Capital Max Securities Ltd,Vision Securities Pvt. Ltd,850,810.0,688500.0,2025-07-16 11:26:58.405947
2025-07-16,90088,2025071604002509,RADHI,Capital Max Securities Ltd,Sumeru Securities Pvt. Ltd.,200,810.0,162000.0,2025-07-16 11:27:29.339948
2025-07-16,90000,2025071604002524,RADHI,Capital Max Securities Ltd,Market Securities & Exchange (PVT) Ltd.,300,811.0,243300.0,2025-07-16 11:27:41.431627
2025-07-16,89999,2025071604002525,RADHI,Capital Max Securities Ltd,MILKY WAY SHARE BROKER COMPANY LTD ,400,811.0,324400.0,2025-07-16 11:27:41.431930
2025-07-16,89873,2025071604002557,RADHI,Capital Max Securities Ltd,Shree Krishna Securities Ltd.,50,810.0,40500.0,2025-07-16 11:28:00.364818
2025-07-16,89781,2025071604002598,RADHI,Capital Max Securities Ltd,Property Wiard Limited,10,810.0,8100.0,2025-07-16 11:28:19.220508
2025-07-16,89774,2025071604002599,RADHI,Trishakti Securities Public Limited,Nagarik Stock Dealer ,100,811.5,81150.0,2025-07-16 11:28:19.733224
2025-07-16,89773,2025071604002600,RADHI,Trishakti Securities Public Limited,Miyo Securities Pvt Ltd,400,811.5,324600.0,2025-07-16 11:28:19.733291
2025-07-16,89670,2025071604002630,RADHI,Trishakti Securities Public Limited,Sumeru Securities Pvt. Ltd.,200,811.0,162200.0,2025-07-16 11:28:31.804054
2025-07-16,89669,2025071604002631,RADHI,Trishakti Securities Public Limited,Naasa Securities Co. Ltd.,150,811.4,121710.0,2025-07-16 11:28:31.804129
2025-07-16,89668,2025071604002632,RADHI,Trishakti Securities Public Limited,Miyo Securities Pvt Ltd,600,811.5,486900.0,2025-07-16 11:28:31.804168
2025-07-16,89667,2025071604002633,RADHI,Trishakti Securities Public Limited,Citizens Share Broker Limited,50,812.0,40600.0,2025-07-16 11:28:31.804211
2025-07-16,89557,2025071604002665,RADHI,Aakashbhairab Securities Ltd.,Citizens Share Broker Limited,274,812.0,222488.0,2025-07-16 11:28:47.456292
2025-07-16,89556,2025071604002666,RADHI,Aakashbhairab Securities Ltd.,Thrive Brokerage House Pvt. Ltd,43,812.0,34916.0,2025-07-16 11:28:47.456593
2025-07-16,89555,2025071604002667,RADHI,Aakashbhairab Securities Ltd.,Linch Stock Market Ltd.,80,812.0,64960.0,2025-07-16 11:28:47.456733
2025-07-16,89554,2025071604002668,RADHI,Aakashbhairab Securities Ltd.,Sumeru Securities Pvt. Ltd.,100,812.0,81200.0,2025-07-16 11:28:47.456929
2025-07-16,89553,2025071604002669,RADHI,Aakashbhairab Securities Ltd.,Malla & Malla Stock Broking Company Pvt. Limited,200,812.0,162400.0,2025-07-16 11:28:47.457127
2025-07-16,89552,2025071604002670,RADHI,Aakashbhairab Securities Ltd.,Agrawal Securities (PVT) Ltd.,1000,813.0,813000.0,2025-07-16 11:28:47.457407
2025-07-16,89551,2025071604002671,RADHI,Aakashbhairab Securities Ltd.,Ashutosh Brokerage & Securities (PVT) Ltd.,100,813.0,81300.0,2025-07-16 11:28:47.457971
2025-07-16,89388,2025071604002712,RADHI,Aakashbhairab Securities Ltd.,Agrawal Securities (PVT) Ltd.,250,813.9,203475.0,2025-07-16 11:29:15.524488
2025-07-16,89387,2025071604002713,RADHI,Aakashbhairab Securities Ltd.,Market Securities & Exchange (PVT) Ltd.,100,814.0,81400.0,2025-07-16 11:29:15.525080
2025-07-16,89386,2025071604002714,RADHI,Aakashbhairab Securities Ltd.,Trisul Securities & Invt. Ltd.,100,814.0,81400.0,2025-07-16 11:29:15.525529
2025-07-16,89385,2025071604002715,RADHI,Aakashbhairab Securities Ltd.,Nagarik Stock Dealer ,200,814.0,162800.0,2025-07-16 11:29:15.525920
2025-07-16,89384,2025071604002716,RADHI,Aakashbhairab Securities Ltd.,Aryatara Investment & Securities,1000,814.0,814000.0,2025-07-16 11:29:15.526302
2025-07-16,89383,2025071604002717,RADHI,Aakashbhairab Securities Ltd.,Linch Stock Market Ltd.,100,814.3,81430.0,2025-07-16 11:29:15.526699
2025-07-16,89382,2025071604002718,RADHI,Aakashbhairab Securities Ltd.,Citizens Share Broker Limited,1000,814.4,814400.0,2025-07-16 11:29:15.527078
2025-07-16,89381,2025071604002719,RADHI,Aakashbhairab Securities Ltd.,Aryatara Investment & Securities,14,814.7,11405.8,2025-07-16 11:29:15.527469
2025-07-16,89380,2025071604002720,RADHI,Aakashbhairab Securities Ltd.,Miyo Securities Pvt Ltd,182,814.9,148311.8,2025-07-16 11:29:15.527849
2025-07-16,89379,2025071604002721,RADHI,Aakashbhairab Securities Ltd.,Cristal Kanchanjanga Securites Pvt. Ltd.,100,814.9,81490.0,2025-07-16 11:29:15.528222
2025-07-16,89378,2025071604002722,RADHI,Aakashbhairab Securities Ltd.,Citizens Share Broker Limited,954,814.9,777414.6,2025-07-16 11:29:15.528606
2025-07-16,89283,2025071604002749,RADHI,Shree Krishna Securities Ltd.,Citizens Share Broker Limited,46,814.9,37485.4,2025-07-16 11:29:34.762382
2025-07-16,89282,2025071604002750,RADHI,Shree Krishna Securities Ltd.,Sumeru Securities Pvt. Ltd.,18,815.0,14670.0,2025-07-16 11:29:34.762939
2025-07-16,89281,2025071604002751,RADHI,Shree Krishna Securities Ltd.,J.F. Securites (PVT) Ltd.,17,815.0,13855.0,2025-07-16 11:29:34.763298
2025-07-16,89280,2025071604002752,RADHI,Shree Krishna Securities Ltd.,INDEX SECURITIES LIMITED,100,815.0,81500.0,2025-07-16 11:29:34.763668
2025-07-16,89279,2025071604002753,RADHI,Shree Krishna Securities Ltd.,Shree Krishna Securities Ltd.,1819,815.0,1482485.0,2025-07-16 11:29:34.764019
2025-07-16,89173,2025071604002764,RADHI,Trishakti Securities Public Limited,Nepal Investment And Securities Trading Private Limited,150,813.9,122085.0,2025-07-16 11:29:50.241278
2025-07-16,89172,2025071604002765,RADHI,Trishakti Securities Public Limited,Primo Securities (PVT) Ltd.,550,814.0,447700.0,2025-07-16 11:29:50.241400
2025-07-16,89157,2025071604002766,RADHI,Dynamic Money Managers Securities Pvt. Ltd.,Sumeru Securities Pvt. Ltd.,100,813.0,81300.0,2025-07-16 11:29:54.956052
2025-07-16,89077,2025071604002780,RADHI,Dynamic Money Managers Securities Pvt. Ltd.,Sumeru Securities Pvt. Ltd.,200,813.0,162600.0,2025-07-16 11:30:07.027410
2025-07-16,89052,2025071604002783,RADHI,S.P.S.A. Securities Limited,Primo Securities (PVT) Ltd.,450,814.0,366300.0,2025-07-16 11:30:12.196197
2025-07-16,89051,2025071604002784,RADHI,S.P.S.A. Securities Limited,Miyo Securities Pvt Ltd,50,814.0,40700.0,2025-07-16 11:30:12.196526
2025-07-16,89047,2025071604002786,RADHI,Indira securities pvt. ltd,Miyo Securities Pvt Ltd,20,814.0,16280.0,2025-07-16 11:30:12.640561
2025-07-16,89046,2025071604002787,RADHI,Dynamic Money Managers Securities Pvt. Ltd.,Prabhu Stock Market Limited,200,813.0,162600.0,2025-07-16 11:30:12.986856
2025-07-16,89028,2025071604002792,RADHI,Trishakti Securities Public Limited,Miyo Securities Pvt Ltd,50,814.0,40700.0,2025-07-16 11:30:16.366978
2025-07-16,88882,2025071604002818,RADHI,Dynamic Money Managers Securities Pvt. Ltd.,Siprabi Securities Pvt. Ltd.,207,813.0,168291.0,2025-07-16 11:30:36.688992
2025-07-16,88837,2025071604002833,RADHI,Dynamic Money Managers Securities Pvt. Ltd.,Primo Securities (PVT) Ltd.,293,813.0,238209.0,2025-07-16 11:30:41.173071
2025-07-16,88836,2025071604002834,RADHI,Aryatara Investment & Securities,Primo Securities (PVT) Ltd.,17,813.0,13821.0,2025-07-16 11:30:41.173433
2025-07-16,88822,2025071604002839,RADHI,Trishakti Securities Public Limited,Primo Securities (PVT) Ltd.,15,813.0,12195.0,2025-07-16 11:30:44.656447
2025-07-16,88711,2025071604002855,RADHI,Aakashbhairab Securities Ltd.,Primo Securities (PVT) Ltd.,175,813.0,142275.0,2025-07-16 11:30:58.807446
2025-07-16,88710,2025071604002856,RADHI,Aakashbhairab Securities Ltd.,Sumeru Securities Pvt. Ltd.,300,813.0,243900.0,2025-07-16 11:30:58.807760
2025-07-16,88709,2025071604002857,RADHI,Aakashbhairab Securities Ltd.,Ashutosh Brokerage & Securities (PVT) Ltd.,100,813.0,81300.0,2025-07-16 11:30:58.807889
2025-07-16,88685,2025071604002864,RADHI,SUN SECURITIES PVT LTD,Vision Securities Pvt. Ltd,200,813.0,162600.0,2025-07-16 11:31:03.652212
2025-07-16,88684,2025071604002865,RADHI,SUN SECURITIES PVT LTD,Vision Securities Pvt. Ltd,500,813.0,406500.0,2025-07-16 11:31:03.652794
2025-07-16,88481,2025071604002905,RADHI,SUN SECURITIES PVT LTD,Primo Securities (PVT) Ltd.,300,813.0,243900.0,2025-07-16 11:31:32.428678
2025-07-16,88475,2025071604002907,RADHI,Capital Max Securities Ltd,Vision Securities Pvt. Ltd,300,813.0,243900.0,2025-07-16 11:31:33.364097
2025-07-16,88386,2025071604002918,RADHI,Capital Max Securities Ltd,Sumeru Securities Pvt. Ltd.,100,813.0,81300.0,2025-07-16 11:31:48.559185
2025-07-16,88112,2025071604002975,RADHI,Sharepro Securities Private Limited,Primo Securities (PVT) Ltd.,400,813.8,325520.0,2025-07-16 11:32:24.035772
2025-07-16,88111,2025071604002976,RADHI,Sharepro Securities Private Limited,Trisul Securities & Invt. Ltd.,200,813.9,162780.0,2025-07-16 11:32:24.036392
2025-07-16,88110,2025071604002977,RADHI,Sharepro Securities Private Limited,Linch Stock Market Ltd.,100,813.9,81390.0,2025-07-16 11:32:24.036786
2025-07-16,88109,2025071604002978,RADHI,Sharepro Securities Private Limited,Miyo Securities Pvt Ltd,520,814.0,423280.0,2025-07-16 11:32:24.037250
2025-07-16,87648,2025071604003106,RADHI,Investment Management Nepal Pvt. Ltd.,Miyo Securities Pvt Ltd,290,814.0,236060.0,2025-07-16 11:33:33.187330
2025-07-16,87647,2025071604003107,RADHI,Investment Management Nepal Pvt. Ltd.,Sumeru Securities Pvt. Ltd.,100,814.0,81400.0,2025-07-16 11:33:33.187649
2025-07-16,87646,2025071604003108,RADHI,Investment Management Nepal Pvt. Ltd.,ABC Securities Private Limited,50,814.0,40700.0,2025-07-16 11:33:33.187784
2025-07-16,87645,2025071604003109,RADHI,Investment Management Nepal Pvt. Ltd.,Malla & Malla Stock Broking Company Pvt. Limited,110,814.0,89540.0,2025-07-16 11:33:33.187915
2025-07-16,87631,2025071604003111,RADHI,Capital Max Securities Ltd,Sumeru Securities Pvt. Ltd.,20,813.0,16260.0,2025-07-16 11:33:36.147641
2025-07-16,87630,2025071604003112,RADHI,Himalayan Securities Limited,Sumeru Securities Pvt. Ltd.,180,813.0,146340.0,2025-07-16 11:33:36.147690
2025-07-16,87320,2025071604003149,RADHI,Naasa Securities Co. Ltd.,Sumeru Securities Pvt. Ltd.,200,814.0,162800.0,2025-07-16 11:34:24.353914
2025-07-16,87319,2025071604003150,RADHI,Naasa Securities Co. Ltd.,Sumeru Securities Pvt. Ltd.,100,814.0,81400.0,2025-07-16 11:34:24.354245
2025-07-16,87263,2025071604003166,RADHI,Capital Max Securities Ltd,Dipshikha Dhitopatra Karobar Co. Pvt Ltd.,1000,814.5,814500.0,2025-07-16 11:34:30.870432
2025-07-16,87234,2025071604003176,RADHI,Capital Max Securities Ltd,Arun Securities (PVT) Ltd.,100,814.7,81470.0,2025-07-16 11:34:34.886751
2025-07-16,87233,2025071604003177,RADHI,Capital Max Securities Ltd,Linch Stock Market Ltd.,100,814.7,81470.0,2025-07-16 11:34:34.886938
2025-07-16,87232,2025071604003178,RADHI,Capital Max Securities Ltd,Neev Securities Pvt. Ltd.,300,814.8,244440.0,2025-07-16 11:34:34.887051
2025-07-16,87074,2025071604003205,RADHI,Naasa Securities Co. Ltd.,Vision Securities Pvt. Ltd,700,814.0,569800.0,2025-07-16 11:35:02.806651
2025-07-16,86789,2025071604003250,RADHI,Himalayan Securities Limited,Cristal Kanchanjanga Securites Pvt. Ltd.,500,813.0,406500.0,2025-07-16 11:35:51.703842
2025-07-16,86784,2025071604003251,RADHI,Himalayan Securities Limited,Sani Securities Company Ltd.,10,813.0,8130.0,2025-07-16 11:35:52.233617
2025-07-16,86734,2025071604003274,RADHI,Capital Max Securities Ltd,Citizens Share Broker Limited,800,813.1,650480.0,2025-07-16 11:35:59.146977
2025-07-16,86716,2025071604003275,RADHI,Himalayan Securities Limited,Imperial Securities Company Pvt. Ltd.,90,813.0,73170.0,2025-07-16 11:36:01.362434
2025-07-16,86675,2025071604003290,RADHI,Himalayan Securities Limited,Online Securities Pvt. Ltd.,150,813.0,121950.0,2025-07-16 11:36:08.121075
2025-07-16,86616,2025071604003309,RADHI,Capital Max Securities Ltd,Citizens Share Broker Limited,200,813.1,162620.0,2025-07-16 11:36:16.207303
2025-07-16,86389,2025071604003353,RADHI,Capital Max Securities Ltd,Imperial Securities Company Pvt. Ltd.,200,813.1,162620.0,2025-07-16 11:36:50.883091
2025-07-16,86262,2025071604003381,RADHI,Capital Max Securities Ltd,Citizens Share Broker Limited,200,813.1,162620.0,2025-07-16 11:37:11.112141
2025-07-16,86261,2025071604003382,RADHI,Himalayan Securities Limited,Citizens Share Broker Limited,70,813.0,56910.0,2025-07-16 11:37:11.112753
2025-07-16,86260,2025071604003383,RADHI,Naasa Securities Co. Ltd.,Citizens Share Broker Limited,275,813.0,223575.0,2025-07-16 11:37:11.113164
2025-07-16,86259,2025071604003384,RADHI,Thrive Brokerage House Pvt. Ltd,Citizens Share Broker Limited,10,813.0,8130.0,2025-07-16 11:37:11.113583
2025-07-16,86258,2025071604003385,RADHI,Deevyaa Securities & Stock House Pvt. Ltd,Citizens Share Broker Limited,600,813.0,487800.0,2025-07-16 11:37:11.113982
2025-07-16,86193,2025071604003399,RADHI,Indira securities pvt. ltd,Citizens Share Broker Limited,45,813.0,36585.0,2025-07-16 11:37:23.699295
2025-07-16,86176,2025071604003407,RADHI,Indira securities pvt. ltd,Imperial Securities Company Pvt. Ltd.,455,813.0,369915.0,2025-07-16 11:37:26.185165
2025-07-16,86175,2025071604003408,RADHI,Aakashbhairab Securities Ltd.,Imperial Securities Company Pvt. Ltd.,45,812.3,36553.5,2025-07-16 11:37:26.185949
2025-07-16,86102,2025071604003422,RADHI,Aakashbhairab Securities Ltd.,Sundhara Securities Limited,4000,812.3,3249200.0,2025-07-16 11:37:41.276151
2025-07-16,86013,2025071604003449,RADHI,Aakashbhairab Securities Ltd.,Property Wiard Limited,100,812.3,81230.0,2025-07-16 11:37:54.081689
2025-07-16,85925,2025071604003472,RADHI,Aakashbhairab Securities Ltd.,Sunrise Securities Limited,250,812.3,203075.0,2025-07-16 11:38:07.508322
2025-07-16,85751,2025071604003481,RADHI,Aakashbhairab Securities Ltd.,Nagarik Stock Dealer ,286,812.3,232317.8,2025-07-16 11:38:13.912680
2025-07-16,85750,2025071604003482,RADHI,Imperial Securities Company Pvt. Ltd.,Imperial Securities Company Pvt. Ltd.,100,813.0,81300.0,2025-07-16 11:38:14.494001
2025-07-16,85749,2025071604003483,RADHI,Aakashbhairab Securities Ltd.,Imperial Securities Company Pvt. Ltd.,3,813.0,2439.0,2025-07-16 11:38:14.494185
2025-07-16,85687,2025071604003494,RADHI,Aakashbhairab Securities Ltd.,Capital Max Securities Ltd,319,812.3,259123.7,2025-07-16 11:38:24.667697
2025-07-16,85686,2025071604003495,RADHI,Premier Securities Company Ltd.,Capital Max Securities Ltd,40,812.2,32488.0,2025-07-16 11:38:24.668062
2025-07-16,85685,2025071604003496,RADHI,SUN SECURITIES PVT LTD,Capital Max Securities Ltd,40,812.0,32480.0,2025-07-16 11:38:24.668284
2025-07-16,85439,2025071604003530,RADHI,Sipla Securities Private Limited,Ashutosh Brokerage & Securities (PVT) Ltd.,400,811.9,324760.0,2025-07-16 11:38:57.369513
2025-07-16,85428,2025071604003536,RADHI,Vision Securities Pvt. Ltd,Primo Securities (PVT) Ltd.,100,811.2,81120.0,2025-07-16 11:38:58.601661
2025-07-16,85427,2025071604003537,RADHI,Thrive Brokerage House Pvt. Ltd,Primo Securities (PVT) Ltd.,10,811.0,8110.0,2025-07-16 11:38:58.602011
2025-07-16,85426,2025071604003538,RADHI,SUN SECURITIES PVT LTD,Primo Securities (PVT) Ltd.,90,811.0,72990.0,2025-07-16 11:38:58.602255
2025-07-16,85316,2025071604003571,RADHI,SUN SECURITIES PVT LTD,Magnet Securities and Investment Company Private Limited,110,811.0,89210.0,2025-07-16 11:39:14.245246
2025-07-16,85315,2025071604003572,RADHI,Himalayan Securities Limited,Magnet Securities and Investment Company Private Limited,390,810.2,315978.0,2025-07-16 11:39:14.245597
2025-07-16,84615,2025071604003688,RADHI,SUN SECURITIES PVT LTD,Himalayan Brokerage Company Limited,150,811.0,121650.0,2025-07-16 11:40:42.673522
2025-07-16,84614,2025071604003689,RADHI,Naasa Securities Co. Ltd.,Himalayan Brokerage Company Limited,350,810.3,283605.0,2025-07-16 11:40:42.673886
2025-07-16,84613,2025071604003690,RADHI,Deevyaa Securities & Stock House Pvt. Ltd,Himalayan Brokerage Company Limited,2500,810.3,2025750.0,2025-07-16 11:40:42.674027
2025-07-16,84595,2025071604003695,RADHI,Deevyaa Securities & Stock House Pvt. Ltd,Midas Stock Broking Company Private Limited,500,810.3,405150.0,2025-07-16 11:40:44.715614
2025-07-16,84594,2025071604003696,RADHI,Himalayan Securities Limited,Midas Stock Broking Company Private Limited,610,810.2,494222.0,2025-07-16 11:40:44.716024
2025-07-16,84593,2025071604003697,RADHI,Roadshow securities limited,Midas Stock Broking Company Private Limited,890,810.2,721078.0,2025-07-16 11:40:44.716170
2025-07-16,84292,2025071604003757,RADHI,Roadshow securities limited,Trishakti Securities Public Limited,110,810.2,89122.0,2025-07-16 11:41:27.855355
2025-07-16,84291,2025071604003758,RADHI,Thrive Brokerage House Pvt. Ltd,Trishakti Securities Public Limited,20,810.2,16204.0,2025-07-16 11:41:27.855748
2025-07-16,84290,2025071604003759,RADHI,Aakashbhairab Securities Ltd.,Trishakti Securities Public Limited,370,810.1,299737.0,2025-07-16 11:41:27.855905
2025-07-16,84051,2025071604003801,RADHI,SUN SECURITIES PVT LTD,Himalayan Brokerage Company Limited,500,810.2,405100.0,2025-07-16 11:41:55.898731
2025-07-16,84050,2025071604003802,RADHI,Aakashbhairab Securities Ltd.,Himalayan Brokerage Company Limited,1630,810.1,1320463.0,2025-07-16 11:41:55.899411
2025-07-16,84049,2025071604003803,RADHI,Capital Max Securities Ltd,Himalayan Brokerage Company Limited,346,810.0,280260.0,2025-07-16 11:41:55.899984
2025-07-16,84048,2025071604003804,RADHI,Capital Max Securities Ltd,Himalayan Brokerage Company Limited,524,810.0,424440.0,2025-07-16 11:41:55.900461
2025-07-16,83802,2025071604003854,RADHI,Online Securities Pvt. Ltd.,Capital Max Securities Ltd,65,812.0,52780.0,2025-07-16 11:42:17.967071
2025-07-16,83741,2025071604003861,RADHI,Capital Max Securities Ltd,Nagarik Stock Dealer ,476,810.0,385560.0,2025-07-16 11:42:23.016583
2025-07-16,83740,2025071604003862,RADHI,Naasa Securities Co. Ltd.,Nagarik Stock Dealer ,1000,810.0,810000.0,2025-07-16 11:42:23.017264
2025-07-16,83739,2025071604003863,RADHI,SUN SECURITIES PVT LTD,Nagarik Stock Dealer ,100,810.0,81000.0,2025-07-16 11:42:23.017762
2025-07-16,83738,2025071604003864,RADHI,Sipla Securities Private Limited,Nagarik Stock Dealer ,64,810.0,51840.0,2025-07-16 11:42:23.018225
2025-07-16,83637,2025071604003879,RADHI,Aakashbhairab Securities Ltd.,Nagarik Stock Dealer ,360,810.0,291600.0,2025-07-16 11:42:36.874600
2025-07-16,82796,2025071604004040,RADHI,Imperial Securities Company Pvt. Ltd.,SHUBHAKAMANA SECURITIES PVT. LTD,60,809.0,48540.0,2025-07-16 11:44:22.793140
2025-07-16,82795,2025071604004041,RADHI,Aakashbhairab Securities Ltd.,SHUBHAKAMANA SECURITIES PVT. LTD,440,809.0,355960.0,2025-07-16 11:44:22.793254
2025-07-16,82752,2025071604004048,RADHI,Aakashbhairab Securities Ltd.,SHUBHAKAMANA SECURITIES PVT. LTD,500,809.0,404500.0,2025-07-16 11:44:28.826215
2025-07-16,82726,2025071604004050,RADHI,Aakashbhairab Securities Ltd.,Imperial Securities Company Pvt. Ltd.,200,810.0,162000.0,2025-07-16 11:44:31.237272
2025-07-16,82725,2025071604004051,RADHI,Aakashbhairab Securities Ltd.,Nepal Stock House (PVT) Ltd.,90,810.0,72900.0,2025-07-16 11:44:31.237652
2025-07-16,82693,2025071604004065,RADHI,Aakashbhairab Securities Ltd.,SHUBHAKAMANA SECURITIES PVT. LTD,60,809.0,48540.0,2025-07-16 11:44:34.846131
2025-07-16,82692,2025071604004066,RADHI,Thrive Brokerage House Pvt. Ltd,SHUBHAKAMANA SECURITIES PVT. LTD,20,809.0,16180.0,2025-07-16 11:44:34.846217
2025-07-16,82691,2025071604004067,RADHI,South Asian Bulls Pvt. Ltd.,SHUBHAKAMANA SECURITIES PVT. LTD,420,808.1,339402.0,2025-07-16 11:44:34.846242
2025-07-16,82641,2025071604004072,RADHI,South Asian Bulls Pvt. Ltd.,SHUBHAKAMANA SECURITIES PVT. LTD,160,808.1,129296.0,2025-07-16 11:44:41.876941
2025-07-16,82640,2025071604004073,RADHI,Cristal Kanchanjanga Securites Pvt. Ltd.,SHUBHAKAMANA SECURITIES PVT. LTD,200,808.1,161620.0,2025-07-16 11:44:41.877027
2025-07-16,82639,2025071604004074,RADHI,South Asian Bulls Pvt. Ltd.,SHUBHAKAMANA SECURITIES PVT. LTD,140,808.0,113120.0,2025-07-16 11:44:41.877056
2025-07-16,82460,2025071604004108,RADHI,South Asian Bulls Pvt. Ltd.,SHUBHAKAMANA SECURITIES PVT. LTD,300,808.0,242400.0,2025-07-16 11:45:00.946773
2025-07-16,82349,2025071604004133,RADHI,South Asian Bulls Pvt. Ltd.,Miyo Securities Pvt Ltd,560,808.0,452480.0,2025-07-16 11:45:13.760050
2025-07-16,82348,2025071604004134,RADHI,Garima Securities Limited,Miyo Securities Pvt Ltd,1000,807.7,807700.0,2025-07-16 11:45:13.760391
2025-07-16,82347,2025071604004135,RADHI,Naasa Securities Co. Ltd.,Miyo Securities Pvt Ltd,371,807.3,299508.3,2025-07-16 11:45:13.760545
2025-07-16,82346,2025071604004136,RADHI,S.P.S.A. Securities Limited,Miyo Securities Pvt Ltd,500,807.1,403550.0,2025-07-16 11:45:13.760694
2025-07-16,82345,2025071604004137,RADHI,Sewa Securities Pvt. Ltd.,Miyo Securities Pvt Ltd,19,807.0,15333.0,2025-07-16 11:45:13.760842
2025-07-16,82344,2025071604004138,RADHI,Sri Hari Securities Pvt. Ltd.,Miyo Securities Pvt Ltd,500,807.0,403500.0,2025-07-16 11:45:13.760983
2025-07-16,82343,2025071604004139,RADHI,Sri Hari Securities Pvt. Ltd.,Miyo Securities Pvt Ltd,500,807.0,403500.0,2025-07-16 11:45:13.761128
2025-07-16,82342,2025071604004140,RADHI,ABC Securities Private Limited,Miyo Securities Pvt Ltd,50,807.0,40350.0,2025-07-16 11:45:13.761273
2025-07-16,82276,2025071604004148,RADHI,Dakshinkali Investment & Securities Pvt. Ltd.,Malla & Malla Stock Broking Company Pvt. Limited,50,808.0,40400.0,2025-07-16 11:45:22.628627
2025-07-16,82162,2025071604004167,RADHI,Dakshinkali Investment & Securities Pvt. Ltd.,Naasa Securities Co. Ltd.,10,808.0,8080.0,2025-07-16 11:45:35.016096
2025-07-16,82141,2025071604004185,RADHI,Naasa Securities Co. Ltd.,Premier Securities Company Ltd.,30,809.0,24270.0,2025-07-16 11:45:37.201176
2025-07-16,81895,2025071604004257,RADHI,Naasa Securities Co. Ltd.,Premier Securities Company Ltd.,20,809.0,16180.0,2025-07-16 11:46:07.756881
2025-07-16,81894,2025071604004258,RADHI,Naasa Securities Co. Ltd.,Imperial Securities Company Pvt. Ltd.,53,809.0,42877.0,2025-07-16 11:46:07.757239
2025-07-16,81893,2025071604004259,RADHI,Naasa Securities Co. Ltd.,Vision Securities Pvt. Ltd,500,810.0,405000.0,2025-07-16 11:46:07.757398
2025-07-16,81892,2025071604004260,RADHI,Naasa Securities Co. Ltd.,Siprabi Securities Pvt. Ltd.,50,810.0,40500.0,2025-07-16 11:46:07.758065
2025-07-16,81385,2025071604004375,RADHI,Naasa Securities Co. Ltd.,Nepal Stock House (PVT) Ltd.,45,809.0,36405.0,2025-07-16 11:47:06.708544
2025-07-16,81327,2025071604004387,RADHI,Naasa Securities Co. Ltd.,Sunrise Securities Limited,55,809.0,44495.0,2025-07-16 11:47:11.983756
2025-07-16,81326,2025071604004388,RADHI,Online Securities Pvt. Ltd.,Sunrise Securities Limited,45,808.2,36369.0,2025-07-16 11:47:11.984101
2025-07-16,81283,2025071604004395,RADHI,Dakshinkali Investment & Securities Pvt. Ltd.,Naasa Securities Co. Ltd.,200,809.9,161980.0,2025-07-16 11:47:16.514228
2025-07-16,81282,2025071604004396,RADHI,Dakshinkali Investment & Securities Pvt. Ltd.,Sani Securities Company Ltd.,100,810.0,81000.0,2025-07-16 11:47:16.514684
2025-07-16,81281,2025071604004397,RADHI,Dakshinkali Investment & Securities Pvt. Ltd.,Online Securities Pvt. Ltd.,10,810.0,8100.0,2025-07-16 11:47:16.514850
2025-07-16,81280,2025071604004398,RADHI,Dakshinkali Investment & Securities Pvt. Ltd.,Sunrise Securities Limited,100,810.0,81000.0,2025-07-16 11:47:16.515000
2025-07-16,81279,2025071604004399,RADHI,Dakshinkali Investment & Securities Pvt. Ltd.,NIMB Stock Markets Limited,1000,810.0,810000.0,2025-07-16 11:47:16.515150
2025-07-16,81037,2025071604004436,RADHI,Aryatara Investment & Securities,Capital Max Securities Ltd,26,810.0,21060.0,2025-07-16 11:47:55.436938
2025-07-16,80979,2025071604004448,RADHI,Deevyaa Securities & Stock House Pvt. Ltd,Imperial Securities Company Pvt. Ltd.,400,808.3,323320.0,2025-07-16 11:48:04.271633
2025-07-16,80672,2025071604004506,RADHI,Himalayan Securities Limited,Naasa Securities Co. Ltd.,200,809.9,161980.0,2025-07-16 11:48:50.947393
2025-07-16,80592,2025071604004530,RADHI,Aryatara Investment & Securities,Capital Max Securities Ltd,26,810.0,21060.0,2025-07-16 11:49:01.172982
2025-07-16,80566,2025071604004540,RADHI,Dynamic Money Managers Securities Pvt. Ltd.,Primo Securities (PVT) Ltd.,10,809.9,8099.0,2025-07-16 11:49:07.143574
2025-07-16,80565,2025071604004541,RADHI,Deevyaa Securities & Stock House Pvt. Ltd,Sunrise Securities Limited,100,808.3,80830.0,2025-07-16 11:49:07.228805
2025-07-16,80564,2025071604004542,RADHI,Online Securities Pvt. Ltd.,Sunrise Securities Limited,100,808.2,80820.0,2025-07-16 11:49:07.229602
2025-07-16,80188,2025071604004619,RADHI,Aakashbhairab Securities Ltd.,Oxford Securities Pvt. Ltd.,500,808.3,404150.0,2025-07-16 11:50:09.009721
2025-07-16,79842,2025071604004688,RADHI,Vision Securities Pvt. Ltd,Primo Securities (PVT) Ltd.,50,809.7,40485.0,2025-07-16 11:50:56.477787
2025-07-16,79637,2025071604004734,RADHI,Asian Securities Private Ltd.,Nagarik Stock Dealer ,11,808.6,8894.6,2025-07-16 11:51:21.003959
2025-07-16,79636,2025071604004735,RADHI,Aakashbhairab Securities Ltd.,Nagarik Stock Dealer ,500,808.3,404150.0,2025-07-16 11:51:21.004381
2025-07-16,79635,2025071604004736,RADHI,Deevyaa Securities & Stock House Pvt. Ltd,Nagarik Stock Dealer ,100,808.3,80830.0,2025-07-16 11:51:21.004567
2025-07-16,79634,2025071604004737,RADHI,Online Securities Pvt. Ltd.,Nagarik Stock Dealer ,855,808.2,691011.0,2025-07-16 11:51:21.004726
2025-07-16,79633,2025071604004738,RADHI,Sumeru Securities Pvt. Ltd.,Nagarik Stock Dealer ,1000,808.1,808100.0,2025-07-16 11:51:21.004885
2025-07-16,79632,2025071604004739,RADHI,Thrive Brokerage House Pvt. Ltd,Nagarik Stock Dealer ,10,808.1,8081.0,2025-07-16 11:51:21.005044
2025-07-16,79631,2025071604004740,RADHI,Dakshinkali Investment & Securities Pvt. Ltd.,Nagarik Stock Dealer ,440,808.0,355520.0,2025-07-16 11:51:21.005202
2025-07-16,79630,2025071604004741,RADHI,Aakashbhairab Securities Ltd.,Nagarik Stock Dealer ,200,808.0,161600.0,2025-07-16 11:51:21.005369
2025-07-16,79600,2025071604004745,RADHI,Indira securities pvt. ltd,Nagarik Stock Dealer ,500,808.0,404000.0,2025-07-16 11:51:25.695451
2025-07-16,79553,2025071604004751,RADHI,ABC Securities Private Limited,Naasa Securities Co. Ltd.,70,807.0,56490.0,2025-07-16 11:51:33.761166
2025-07-16,79552,2025071604004752,RADHI,Aryatara Investment & Securities,Naasa Securities Co. Ltd.,100,807.0,80700.0,2025-07-16 11:51:33.761953
2025-07-16,79551,2025071604004753,RADHI,Dakshinkali Investment & Securities Pvt. Ltd.,Naasa Securities Co. Ltd.,500,807.0,403500.0,2025-07-16 11:51:33.762526
2025-07-16,79550,2025071604004754,RADHI,Opal Securities Investment (PVT) Ltd.,Naasa Securities Co. Ltd.,45,807.0,36315.0,2025-07-16 11:51:33.763041
2025-07-16,79350,2025071604004788,RADHI,Thrive Brokerage House Pvt. Ltd,Sumeru Securities Pvt. Ltd.,10,806.1,8061.0,2025-07-16 11:52:02.385871
2025-07-16,79150,2025071604004823,RADHI,Market Securities & Exchange (PVT) Ltd.,Naasa Securities Co. Ltd.,200,807.0,161400.0,2025-07-16 11:52:34.346200
2025-07-16,78972,2025071604004860,RADHI,Agrawal Securities (PVT) Ltd.,Primo Securities (PVT) Ltd.,40,806.0,32240.0,2025-07-16 11:53:06.441955
2025-07-16,78881,2025071604004895,RADHI,Agrawal Securities (PVT) Ltd.,Citizens Share Broker Limited,40,806.0,32240.0,2025-07-16 11:53:26.343893
2025-07-16,78841,2025071604004905,RADHI,Agrawal Securities (PVT) Ltd.,Sani Securities Company Ltd.,20,806.0,16120.0,2025-07-16 11:53:32.599333
2025-07-16,78840,2025071604004906,RADHI,Ashutosh Brokerage & Securities (PVT) Ltd.,Sani Securities Company Ltd.,180,806.0,145080.0,2025-07-16 11:53:32.599688
2025-07-16,78683,2025071604004944,RADHI,Ashutosh Brokerage & Securities (PVT) Ltd.,Oxford Securities Pvt. Ltd.,547,806.0,440882.0,2025-07-16 11:53:53.768563
2025-07-16,78554,2025071604004971,RADHI,Ashutosh Brokerage & Securities (PVT) Ltd.,Sewa Securities Pvt. Ltd.,50,806.0,40300.0,2025-07-16 11:54:14.859204
2025-07-16,78478,2025071604004990,RADHI,Ashutosh Brokerage & Securities (PVT) Ltd.,Nagarik Stock Dealer ,223,806.0,179738.0,2025-07-16 11:54:26.907310
2025-07-16,78477,2025071604004991,RADHI,Sumeru Securities Pvt. Ltd.,Nagarik Stock Dealer ,1000,805.8,805800.0,2025-07-16 11:54:26.907524
2025-07-16,78476,2025071604004992,RADHI,Himalayan Securities Limited,Nagarik Stock Dealer ,1445,805.7,1164236.5,2025-07-16 11:54:26.907652
2025-07-16,78475,2025071604004993,RADHI,Dynamic Money Managers Securities Pvt. Ltd.,Nagarik Stock Dealer ,50,805.6,40280.0,2025-07-16 11:54:26.907766
2025-07-16,78474,2025071604004994,RADHI,Himalayan Securities Limited,Nagarik Stock Dealer ,1482,805.6,1193899.2,2025-07-16 11:54:26.907875
2025-07-16,78245,2025071604005053,RADHI,Sundhara Securities Limited,Nagarik Stock Dealer ,100,806.0,80600.0,2025-07-16 11:55:03.013696
2025-07-16,78244,2025071604005054,RADHI,Himalayan Securities Limited,Nagarik Stock Dealer ,200,805.6,161120.0,2025-07-16 11:55:03.013763
2025-07-16,78017,2025071604005134,RADHI,Aakashbhairab Securities Ltd.,Premier Securities Company Ltd.,50,805.7,40285.0,2025-07-16 11:55:37.505766
2025-07-16,77902,2025071604005171,RADHI,Property Wiard Limited,ABC Securities Private Limited,10,806.0,8060.0,2025-07-16 11:55:57.301401
2025-07-16,77854,2025071604005195,RADHI,Property Wiard Limited,N.M.B. SECURITIES LIMITED,50,806.0,40300.0,2025-07-16 11:56:01.308855
2025-07-16,77841,2025071604005196,RADHI,Property Wiard Limited,Naasa Securities Co. Ltd.,100,806.0,80600.0,2025-07-16 11:56:02.570738
2025-07-16,77785,2025071604005205,RADHI,Property Wiard Limited,ABC Securities Private Limited,100,806.0,80600.0,2025-07-16 11:56:10.382494
2025-07-16,77760,2025071604005210,RADHI,Property Wiard Limited,Naasa Securities Co. Ltd.,40,806.0,32240.0,2025-07-16 11:56:18.924162
2025-07-16,77759,2025071604005211,RADHI,Aakashbhairab Securities Ltd.,Naasa Securities Co. Ltd.,1960,805.7,1579172.0,2025-07-16 11:56:18.924569
2025-07-16,77395,2025071604005295,RADHI,Naasa Securities Co. Ltd.,Vision Securities Pvt. Ltd,350,805.8,282030.0,2025-07-16 11:57:19.019861
2025-07-16,77394,2025071604005296,RADHI,Aakashbhairab Securities Ltd.,Vision Securities Pvt. Ltd,150,805.8,120870.0,2025-07-16 11:57:19.020732
2025-07-16,77141,2025071604005391,RADHI,Garima Securities Limited,Sumeru Securities Pvt. Ltd.,10,805.9,8059.0,2025-07-16 11:58:06.036781
2025-07-16,77140,2025071604005392,RADHI,Garima Securities Limited,Magnet Securities and Investment Company Private Limited,500,805.9,402950.0,2025-07-16 11:58:06.256966
2025-07-16,76934,2025071604005475,RADHI,Aakashbhairab Securities Ltd.,Citizens Share Broker Limited,500,806.9,403450.0,2025-07-16 11:58:33.821693
2025-07-16,76933,2025071604005476,RADHI,Aakashbhairab Securities Ltd.,Naasa Securities Co. Ltd.,1500,807.0,1210500.0,2025-07-16 11:58:33.822086
2025-07-16,75744,2025071604005709,RADHI,Asian Securities Private Ltd.,Himalayan Securities Limited,60,806.1,48366.0,2025-07-16 12:01:35.179414
2025-07-16,75743,2025071604005710,RADHI,Asian Securities Private Ltd.,Himalayan Securities Limited,11,806.0,8866.0,2025-07-16 12:01:35.179495
2025-07-16,75742,2025071604005711,RADHI,Thrive Brokerage House Pvt. Ltd,Himalayan Securities Limited,10,806.0,8060.0,2025-07-16 12:01:35.179539
2025-07-16,75741,2025071604005712,RADHI,Dynamic Money Managers Securities Pvt. Ltd.,Himalayan Securities Limited,400,806.0,322400.0,2025-07-16 12:01:35.179566
2025-07-16,75740,2025071604005713,RADHI,Garima Securities Limited,Himalayan Securities Limited,490,805.9,394891.0,2025-07-16 12:01:35.179588
2025-07-16,75739,2025071604005714,RADHI,Thrive Brokerage House Pvt. Ltd,Himalayan Securities Limited,10,805.9,8059.0,2025-07-16 12:01:35.179612
2025-07-16,75738,2025071604005715,RADHI,Aakashbhairab Securities Ltd.,Himalayan Securities Limited,850,805.8,684930.0,2025-07-16 12:01:35.179633
2025-07-16,75737,2025071604005716,RADHI,Agrawal Securities (PVT) Ltd.,Himalayan Securities Limited,500,805.8,402900.0,2025-07-16 12:01:35.179654
2025-07-16,75736,2025071604005717,RADHI,Aakashbhairab Securities Ltd.,Himalayan Securities Limited,2490,805.7,2006193.0,2025-07-16 12:01:35.179679
2025-07-16,75735,2025071604005718,RADHI,Aakashbhairab Securities Ltd.,Himalayan Securities Limited,200,805.7,161140.0,2025-07-16 12:01:35.179701
2025-07-16,75734,2025071604005719,RADHI,Himalayan Securities Limited,Himalayan Securities Limited,318,805.6,256180.8,2025-07-16 12:01:35.179742
2025-07-16,75733,2025071604005720,RADHI,Aakashbhairab Securities Ltd.,Himalayan Securities Limited,2661,805.1,2142371.1,2025-07-16 12:01:35.179774
2025-07-16,75610,2025071604005750,RADHI,Imperial Securities Company Pvt. Ltd.,Naasa Securities Co. Ltd.,500,807.0,403500.0,2025-07-16 12:01:53.228994
2025-07-16,75096,2025071604005839,RADHI,Aakashbhairab Securities Ltd.,Kohinoor Investment & Securities Pvt. Ltd.,700,805.3,563710.0,2025-07-16 12:03:12.560711
2025-07-16,74753,2025071604005942,RADHI,Indira securities pvt. ltd,Naasa Securities Co. Ltd.,85,807.0,68595.0,2025-07-16 12:03:58.805890
2025-07-16,74752,2025071604005943,RADHI,Indira securities pvt. ltd,Sewa Securities Pvt. Ltd.,50,807.0,40350.0,2025-07-16 12:03:58.806280
2025-07-16,74751,2025071604005944,RADHI,Indira securities pvt. ltd,Vision Securities Pvt. Ltd,13,807.0,10491.0,2025-07-16 12:03:58.806466
2025-07-16,74295,2025071604006089,RADHI,Asian Securities Private Ltd.,Naasa Securities Co. Ltd.,50,805.5,40275.0,2025-07-16 12:05:09.834576
2025-07-16,74293,2025071604006090,RADHI,SUN SECURITIES PVT LTD,ABC Securities Private Limited,100,805.4,80540.0,2025-07-16 12:05:11.091782
2025-07-16,74292,2025071604006091,RADHI,Aakashbhairab Securities Ltd.,ABC Securities Private Limited,150,805.3,120795.0,2025-07-16 12:05:11.092224
2025-07-16,74033,2025071604006165,RADHI,Sri Hari Securities Pvt. Ltd.,Premier Securities Company Ltd.,50,805.5,40275.0,2025-07-16 12:05:53.481635
2025-07-16,73840,2025071604006304,RADHI,Asian Securities Private Ltd.,Nagarik Stock Dealer ,100,805.4,80540.0,2025-07-16 12:06:11.560862
2025-07-16,73839,2025071604006305,RADHI,Aakashbhairab Securities Ltd.,Nagarik Stock Dealer ,2150,805.3,1731395.0,2025-07-16 12:06:11.561287
2025-07-16,73838,2025071604006306,RADHI,Deevyaa Securities & Stock House Pvt. Ltd,Nagarik Stock Dealer ,450,805.2,362340.0,2025-07-16 12:06:11.561482
2025-07-16,73659,2025071604006379,RADHI,Asian Securities Private Ltd.,Linch Stock Market Ltd.,11,806.0,8866.0,2025-07-16 12:06:39.550411
2025-07-16,73641,2025071604006383,RADHI,Dakshinkali Investment & Securities Pvt. Ltd.,Aryatara Investment & Securities,500,806.4,403200.0,2025-07-16 12:06:44.358801
2025-07-16,73552,2025071604006401,RADHI,Dakshinkali Investment & Securities Pvt. Ltd.,Naasa Securities Co. Ltd.,50,806.5,40325.0,2025-07-16 12:06:58.498103
2025-07-16,73551,2025071604006402,RADHI,Dakshinkali Investment & Securities Pvt. Ltd.,Imperial Securities Company Pvt. Ltd.,500,807.0,403500.0,2025-07-16 12:06:58.498525
2025-07-16,73213,2025071604006503,RADHI,Thrive Brokerage House Pvt. Ltd,Sundhara Securities Limited,1,800.0,800.0,2025-07-16 12:07:55.559653
2025-07-16,72420,2025071604006694,RADHI,Dakshinkali Investment & Securities Pvt. Ltd.,Sri Hari Securities Pvt. Ltd.,50,807.5,40375.0,2025-07-16 12:10:20.058027
2025-07-16,72419,2025071604006695,RADHI,Dakshinkali Investment & Securities Pvt. Ltd.,Nepal Investment And Securities Trading Private Limited,200,807.9,161580.0,2025-07-16 12:10:20.058474
2025-07-16,72418,2025071604006696,RADHI,Dakshinkali Investment & Securities Pvt. Ltd.,Roadshow securities limited,150,807.9,121185.0,2025-07-16 12:10:20.058660
2025-07-16,72417,2025071604006697,RADHI,Dakshinkali Investment & Securities Pvt. Ltd.,Midas Stock Broking Company Private Limited,600,808.0,484800.0,2025-07-16 12:10:20.058922
2025-07-16,71619,2025071604006917,RADHI,Sundhara Securities Limited,Naasa Securities Co. Ltd.,10,807.0,8070.0,2025-07-16 12:12:33.984844
2025-07-16,71482,2025071604006935,RADHI,Thrive Brokerage House Pvt. Ltd,Sewa Securities Pvt. Ltd.,2,800.0,1600.0,2025-07-16 12:13:11.552049
2025-07-16,71218,2025071604007030,RADHI,Shree Krishna Securities Ltd.,Aryatara Investment & Securities,100,806.0,80600.0,2025-07-16 12:14:08.958005
2025-07-16,71217,2025071604007031,RADHI,Imperial Securities Company Pvt. Ltd.,Aryatara Investment & Securities,500,806.0,403000.0,2025-07-16 12:14:08.958501
2025-07-16,71216,2025071604007032,RADHI,Deevyaa Securities & Stock House Pvt. Ltd,Aryatara Investment & Securities,50,806.0,40300.0,2025-07-16 12:14:08.958690
2025-07-16,71039,2025071604007133,RADHI,Thrive Brokerage House Pvt. Ltd,Swarna Laxmi Securities Pvt. Ltd.,6,800.0,4800.0,2025-07-16 12:14:29.024836
2025-07-16,70804,2025071604007180,RADHI,Deevyaa Securities & Stock House Pvt. Ltd,Naasa Securities Co. Ltd.,1000,806.1,806100.0,2025-07-16 12:15:16.489406
2025-07-16,70793,2025071604007182,RADHI,Deevyaa Securities & Stock House Pvt. Ltd,Nagarik Stock Dealer ,500,806.1,403050.0,2025-07-16 12:15:20.765188
2025-07-16,70727,2025071604007199,RADHI,Deevyaa Securities & Stock House Pvt. Ltd,Sani Securities Company Ltd.,35,806.1,28213.5,2025-07-16 12:15:34.727850
2025-07-16,70556,2025071604007220,RADHI,Naasa Securities Co. Ltd.,Naasa Securities Co. Ltd.,17,807.0,13719.0,2025-07-16 12:16:12.132145
2025-07-16,70555,2025071604007221,RADHI,Naasa Securities Co. Ltd.,ABC Securities Private Limited,50,807.0,40350.0,2025-07-16 12:16:12.132974
2025-07-16,70470,2025071604007247,RADHI,Naasa Securities Co. Ltd.,Sani Securities Company Ltd.,33,807.0,26631.0,2025-07-16 12:16:26.393220
2025-07-16,70375,2025071604007264,RADHI,Deevyaa Securities & Stock House Pvt. Ltd,Nagarik Stock Dealer ,15,806.1,12091.5,2025-07-16 12:16:43.063563
2025-07-16,70374,2025071604007265,RADHI,Deevyaa Securities & Stock House Pvt. Ltd,Nagarik Stock Dealer ,50,806.0,40300.0,2025-07-16 12:16:43.064109
2025-07-16,70373,2025071604007266,RADHI,Asian Securities Private Ltd.,Nagarik Stock Dealer ,200,805.6,161120.0,2025-07-16 12:16:43.064370
2025-07-16,70372,2025071604007267,RADHI,Thrive Brokerage House Pvt. Ltd,Nagarik Stock Dealer ,10,805.5,8055.0,2025-07-16 12:16:43.064606
2025-07-16,70371,2025071604007268,RADHI,Dipshikha Dhitopatra Karobar Co. Pvt Ltd.,Nagarik Stock Dealer ,200,805.5,161100.0,2025-07-16 12:16:43.064802
2025-07-16,70370,2025071604007269,RADHI,Dakshinkali Investment & Securities Pvt. Ltd.,Nagarik Stock Dealer ,525,805.4,422835.0,2025-07-16 12:16:43.065015
2025-07-16,69934,2025071604007365,RADHI,Investment Management Nepal Pvt. Ltd.,Nagarik Stock Dealer ,100,805.5,80550.0,2025-07-16 12:18:20.312127
2025-07-16,69933,2025071604007366,RADHI,Trishakti Securities Public Limited,Nagarik Stock Dealer ,100,805.5,80550.0,2025-07-16 12:18:20.312175
2025-07-16,69932,2025071604007367,RADHI,Dakshinkali Investment & Securities Pvt. Ltd.,Nagarik Stock Dealer ,475,805.4,382565.0,2025-07-16 12:18:20.312202
2025-07-16,69931,2025071604007368,RADHI,Online Securities Pvt. Ltd.,Nagarik Stock Dealer ,100,805.4,80540.0,2025-07-16 12:18:20.312230
2025-07-16,69930,2025071604007369,RADHI,Malla & Malla Stock Broking Company Pvt. Limited,Nagarik Stock Dealer ,100,805.4,80540.0,2025-07-16 12:18:20.312255
2025-07-16,69929,2025071604007370,RADHI,Sumeru Securities Pvt. Ltd.,Nagarik Stock Dealer ,1000,805.3,805300.0,2025-07-16 12:18:20.312285
2025-07-16,69928,2025071604007371,RADHI,Aakashbhairab Securities Ltd.,Nagarik Stock Dealer ,125,805.1,100637.5,2025-07-16 12:18:20.312336
2025-07-16,69697,2025071604007405,RADHI,Aakashbhairab Securities Ltd.,Miyo Securities Pvt Ltd,100,805.1,80510.0,2025-07-16 12:19:01.171589
2025-07-16,69654,2025071604007425,RADHI,Aakashbhairab Securities Ltd.,Aryatara Investment & Securities,500,805.2,402600.0,2025-07-16 12:19:16.292664
2025-07-16,69565,2025071604007448,RADHI,Aakashbhairab Securities Ltd.,Naasa Securities Co. Ltd.,100,805.1,80510.0,2025-07-16 12:19:33.142148
2025-07-16,69446,2025071604007469,RADHI,Aakashbhairab Securities Ltd.,Kumari Securities Private Limited,95,805.1,76484.5,2025-07-16 12:19:59.548401
2025-07-16,69214,2025071604007505,RADHI,Aakashbhairab Securities Ltd.,South Asian Bulls Pvt. Ltd.,47,805.1,37839.7,2025-07-16 12:20:42.216753
2025-07-16,68960,2025071604007547,RADHI,Aakashbhairab Securities Ltd.,Miyo Securities Pvt Ltd,1872,805.1,1507147.2,2025-07-16 12:21:39.620268
2025-07-16,68959,2025071604007548,RADHI,Blue Chip Securities Ltd,Miyo Securities Pvt Ltd,128,805.1,103052.8,2025-07-16 12:21:39.620736
2025-07-16,68943,2025071604007552,RADHI,Blue Chip Securities Ltd,Sumeru Securities Pvt. Ltd.,1872,805.1,1507147.2,2025-07-16 12:21:43.394269
2025-07-16,68942,2025071604007553,RADHI,Aakashbhairab Securities Ltd.,Sumeru Securities Pvt. Ltd.,300,805.1,241530.0,2025-07-16 12:21:43.394724
2025-07-16,68941,2025071604007554,RADHI,South Asian Bulls Pvt. Ltd.,Sumeru Securities Pvt. Ltd.,20,805.0,16100.0,2025-07-16 12:21:43.394922
2025-07-16,68940,2025071604007555,RADHI,SUN SECURITIES PVT LTD,Sumeru Securities Pvt. Ltd.,1000,805.0,805000.0,2025-07-16 12:21:43.395275
2025-07-16,68939,2025071604007556,RADHI,Secured Securities Ltd.,Sumeru Securities Pvt. Ltd.,70,805.0,56350.0,2025-07-16 12:21:43.395473
2025-07-16,68938,2025071604007557,RADHI,Trishakti Securities Public Limited,Sumeru Securities Pvt. Ltd.,150,805.0,120750.0,2025-07-16 12:21:43.395655
2025-07-16,68937,2025071604007558,RADHI,Naasa Securities Co. Ltd.,Sumeru Securities Pvt. Ltd.,1000,805.0,805000.0,2025-07-16 12:21:43.395852
2025-07-16,68936,2025071604007559,RADHI,SUN SECURITIES PVT LTD,Sumeru Securities Pvt. Ltd.,100,805.0,80500.0,2025-07-16 12:21:43.396037
2025-07-16,68935,2025071604007560,RADHI,Property Wiard Limited,Sumeru Securities Pvt. Ltd.,488,805.0,392840.0,2025-07-16 12:21:43.396217
2025-07-16,68857,2025071604007571,RADHI,Property Wiard Limited,Miyo Securities Pvt Ltd,100,805.0,80500.0,2025-07-16 12:21:57.673070
2025-07-16,68828,2025071604007576,RADHI,Property Wiard Limited,Miyo Securities Pvt Ltd,100,805.0,80500.0,2025-07-16 12:22:09.713428
2025-07-16,68629,2025071604007623,RADHI,Property Wiard Limited,Dynamic Money Managers Securities Pvt. Ltd.,200,805.0,161000.0,2025-07-16 12:22:57.139293
2025-07-16,68486,2025071604007646,RADHI,Deevyaa Securities & Stock House Pvt. Ltd,Bhrikuti Stock Broking Co. Pvt. Ltd.,3,805.0,2415.0,2025-07-16 12:23:17.575786
2025-07-16,68337,2025071604007681,RADHI,Property Wiard Limited,Oxford Securities Pvt. Ltd.,112,805.0,90160.0,2025-07-16 12:23:40.966619
2025-07-16,68336,2025071604007682,RADHI,Imperial Securities Company Pvt. Ltd.,Oxford Securities Pvt. Ltd.,100,805.0,80500.0,2025-07-16 12:23:40.967024
2025-07-16,68295,2025071604007692,RADHI,Aakashbhairab Securities Ltd.,Naasa Securities Co. Ltd.,200,804.0,160800.0,2025-07-16 12:23:50.730426
2025-07-16,68294,2025071604007693,RADHI,Primo Securities (PVT) Ltd.,Naasa Securities Co. Ltd.,500,804.0,402000.0,2025-07-16 12:23:50.730904
2025-07-16,68293,2025071604007694,RADHI,ABC Securities Private Limited,Naasa Securities Co. Ltd.,300,803.1,240930.0,2025-07-16 12:23:50.731117
2025-07-16,68236,2025071604007704,RADHI,Deevyaa Securities & Stock House Pvt. Ltd,Linch Stock Market Ltd.,2000,803.2,1606400.0,2025-07-16 12:24:00.463694
2025-07-16,68235,2025071604007705,RADHI,ABC Securities Private Limited,Linch Stock Market Ltd.,200,803.1,160620.0,2025-07-16 12:24:00.464146
2025-07-16,68234,2025071604007706,RADHI,Aakashbhairab Securities Ltd.,Linch Stock Market Ltd.,2800,803.0,2248400.0,2025-07-16 12:24:00.464363
2025-07-16,68033,2025071604007746,RADHI,Aakashbhairab Securities Ltd.,Dynamic Money Managers Securities Pvt. Ltd.,500,804.0,402000.0,2025-07-16 12:24:33.449851
2025-07-16,67869,2025071604007773,RADHI,Aakashbhairab Securities Ltd.,Agrawal Securities (PVT) Ltd.,100,803.0,80300.0,2025-07-16 12:25:10.955037
2025-07-16,67476,2025071604007866,RADHI,Aryatara Investment & Securities,Dakshinkali Investment & Securities Pvt. Ltd.,500,804.7,402350.0,2025-07-16 12:26:25.252126
2025-07-16,67250,2025071604007931,RADHI,SUN SECURITIES PVT LTD,Asian Securities Private Ltd.,100,804.0,80400.0,2025-07-16 12:27:14.930800
2025-07-16,66917,2025071604007976,RADHI,Garima Securities Limited,Miyo Securities Pvt Ltd,100,803.2,80320.0,2025-07-16 12:28:20.882536
2025-07-16,66842,2025071604007994,RADHI,Aakashbhairab Securities Ltd.,Asian Securities Private Ltd.,400,804.0,321600.0,2025-07-16 12:28:36.278779
2025-07-16,66841,2025071604007995,RADHI,Aakashbhairab Securities Ltd.,Miyo Securities Pvt Ltd,100,804.0,80400.0,2025-07-16 12:28:36.279268
2025-07-16,66815,2025071604007999,RADHI,Naasa Securities Co. Ltd.,Sundhara Securities Limited,300,804.7,241410.0,2025-07-16 12:28:43.320131
2025-07-16,66814,2025071604008000,RADHI,Naasa Securities Co. Ltd.,Oxford Securities Pvt. Ltd.,3000,804.8,2414400.0,2025-07-16 12:28:43.320178
2025-07-16,66813,2025071604008001,RADHI,Naasa Securities Co. Ltd.,Linch Stock Market Ltd.,500,804.8,402400.0,2025-07-16 12:28:43.320201
2025-07-16,66812,2025071604008002,RADHI,Naasa Securities Co. Ltd.,Oxford Securities Pvt. Ltd.,1200,805.0,966000.0,2025-07-16 12:28:43.320226
2025-07-16,66740,2025071604008021,RADHI,Linch Stock Market Ltd.,Oxford Securities Pvt. Ltd.,50,805.0,40250.0,2025-07-16 12:28:55.940157
2025-07-16,66554,2025071604008067,RADHI,Dakshinkali Investment & Securities Pvt. Ltd.,Roadshow securities limited,350,804.9,281715.0,2025-07-16 12:29:31.886653
2025-07-16,66422,2025071604008092,RADHI,Aryatara Investment & Securities,Oxford Securities Pvt. Ltd.,120,805.0,96600.0,2025-07-16 12:29:53.492204
2025-07-16,66142,2025071604008175,RADHI,Nepal Stock House (PVT) Ltd.,Oxford Securities Pvt. Ltd.,418,805.0,336490.0,2025-07-16 12:30:56.435287
2025-07-16,66141,2025071604008176,RADHI,Nepal Stock House (PVT) Ltd.,Creative Securities Pvt Ltd,56,805.0,45080.0,2025-07-16 12:30:56.436154
2025-07-16,66140,2025071604008177,RADHI,Nepal Stock House (PVT) Ltd.,Miyo Securities Pvt Ltd,100,805.0,80500.0,2025-07-16 12:30:56.436739
2025-07-16,66139,2025071604008178,RADHI,Nepal Stock House (PVT) Ltd.,Naasa Securities Co. Ltd.,50,805.0,40250.0,2025-07-16 12:30:56.437324
2025-07-16,66051,2025071604008183,RADHI,Nepal Stock House (PVT) Ltd.,SHUBHAKAMANA SECURITIES PVT. LTD,376,805.0,302680.0,2025-07-16 12:31:06.758741
2025-07-16,66050,2025071604008184,RADHI,Imperial Securities Company Pvt. Ltd.,SHUBHAKAMANA SECURITIES PVT. LTD,224,804.0,180096.0,2025-07-16 12:31:06.758783
2025-07-16,65954,2025071604008196,RADHI,Nepal Stock House (PVT) Ltd.,Dipshikha Dhitopatra Karobar Co. Pvt Ltd.,206,806.0,166036.0,2025-07-16 12:31:25.269862
2025-07-16,65791,2025071604008230,RADHI,Imperial Securities Company Pvt. Ltd.,Dipshikha Dhitopatra Karobar Co. Pvt Ltd.,100,806.0,80600.0,2025-07-16 12:32:00.864264
2025-07-16,65746,2025071604008238,RADHI,Naasa Securities Co. Ltd.,Nagarik Stock Dealer ,1000,805.0,805000.0,2025-07-16 12:32:12.334729
2025-07-16,65542,2025071604008258,RADHI,Nepal Stock House (PVT) Ltd.,Nagarik Stock Dealer ,1000,805.0,805000.0,2025-07-16 12:32:34.893117
2025-07-16,65337,2025071604008286,RADHI,Aakashbhairab Securities Ltd.,Dipshikha Dhitopatra Karobar Co. Pvt Ltd.,694,806.0,559364.0,2025-07-16 12:33:07.993918
2025-07-16,65336,2025071604008287,RADHI,Aakashbhairab Securities Ltd.,Miyo Securities Pvt Ltd,100,806.0,80600.0,2025-07-16 12:33:07.994434
2025-07-16,64986,2025071604008333,RADHI,Dipshikha Dhitopatra Karobar Co. Pvt Ltd.,Nagarik Stock Dealer ,500,805.0,402500.0,2025-07-16 12:34:05.507578
2025-07-16,64924,2025071604008343,RADHI,Creative Securities Pvt Ltd,Nagarik Stock Dealer ,80,805.0,64400.0,2025-07-16 12:34:17.917631
2025-07-16,64923,2025071604008344,RADHI,Creative Securities Pvt Ltd,Naasa Securities Co. Ltd.,100,805.0,80500.0,2025-07-16 12:34:17.918160
2025-07-16,64922,2025071604008345,RADHI,Creative Securities Pvt Ltd,Miyo Securities Pvt Ltd,320,806.0,257920.0,2025-07-16 12:34:17.918405
2025-07-16,64625,2025071604008408,RADHI,Naasa Securities Co. Ltd.,Miyo Securities Pvt Ltd,40,806.0,32240.0,2025-07-16 12:34:59.020904
2025-07-16,64564,2025071604008413,RADHI,Naasa Securities Co. Ltd.,Online Securities Pvt. Ltd.,64,805.0,51520.0,2025-07-16 12:35:02.286763
2025-07-16,64563,2025071604008414,RADHI,Dynamic Money Managers Securities Pvt. Ltd.,Online Securities Pvt. Ltd.,384,804.4,308889.6,2025-07-16 12:35:02.287221
2025-07-16,64414,2025071604008458,RADHI,Dakshinkali Investment & Securities Pvt. Ltd.,Citizens Share Broker Limited,200,805.0,161000.0,2025-07-16 12:35:23.486819
2025-07-16,64358,2025071604008468,RADHI,Nepal Stock House (PVT) Ltd.,Citizens Share Broker Limited,980,805.0,788900.0,2025-07-16 12:35:33.021844
2025-07-16,64144,2025071604008501,RADHI,Nepal Stock House (PVT) Ltd.,Miyo Securities Pvt Ltd,140,805.0,112700.0,2025-07-16 12:36:03.309995
2025-07-16,64124,2025071604008509,RADHI,Nepal Stock House (PVT) Ltd.,Sri Hari Securities Pvt. Ltd.,100,805.0,80500.0,2025-07-16 12:36:08.394228
2025-07-16,64116,2025071604008511,RADHI,Nepal Stock House (PVT) Ltd.,Premier Securities Company Ltd.,100,805.0,80500.0,2025-07-16 12:36:11.812373
2025-07-16,63933,2025071604008549,RADHI,Dakshinkali Investment & Securities Pvt. Ltd.,Sani Securities Company Ltd.,467,807.0,376869.0,2025-07-16 12:36:51.036699
2025-07-16,63932,2025071604008550,RADHI,Dakshinkali Investment & Securities Pvt. Ltd.,Sundhara Securities Limited,350,807.8,282730.0,2025-07-16 12:36:51.037226
2025-07-16,63931,2025071604008551,RADHI,Dakshinkali Investment & Securities Pvt. Ltd.,Sumeru Securities Pvt. Ltd.,300,807.8,242340.0,2025-07-16 12:36:51.037443
2025-07-16,63930,2025071604008552,RADHI,Dakshinkali Investment & Securities Pvt. Ltd.,Sumeru Securities Pvt. Ltd.,300,807.9,242370.0,2025-07-16 12:36:51.037641
2025-07-16,63929,2025071604008553,RADHI,Dakshinkali Investment & Securities Pvt. Ltd.,Online Securities Pvt. Ltd.,1583,807.9,1278905.7,2025-07-16 12:36:51.037835
2025-07-16,63902,2025071604008556,RADHI,Nepal Stock House (PVT) Ltd.,Nagarik Stock Dealer ,200,805.0,161000.0,2025-07-16 12:36:55.989352
2025-07-16,63238,2025071604008668,RADHI,Creative Securities Pvt Ltd,Online Securities Pvt. Ltd.,417,807.9,336894.3,2025-07-16 12:38:38.556904
2025-07-16,63237,2025071604008669,RADHI,Creative Securities Pvt Ltd,Kohinoor Investment & Securities Pvt. Ltd.,500,808.0,404000.0,2025-07-16 12:38:38.557360
2025-07-16,63236,2025071604008670,RADHI,Creative Securities Pvt Ltd,Aryatara Investment & Securities,26,808.0,21008.0,2025-07-16 12:38:38.557563
2025-07-16,62853,2025071604008722,RADHI,Naasa Securities Co. Ltd.,Sundhara Securities Limited,71,808.9,57431.9,2025-07-16 12:39:35.603635
2025-07-16,62824,2025071604008729,RADHI,Agrawal Securities (PVT) Ltd.,Sundhara Securities Limited,129,808.9,104348.1,2025-07-16 12:39:43.340879
2025-07-16,62823,2025071604008730,RADHI,Agrawal Securities (PVT) Ltd.,Sani Securities Company Ltd.,371,808.9,300101.9,2025-07-16 12:39:43.341323
2025-07-16,62761,2025071604008752,RADHI,Linch Stock Market Ltd.,Sani Securities Company Ltd.,129,808.9,104348.1,2025-07-16 12:39:55.300981
2025-07-16,62760,2025071604008753,RADHI,Linch Stock Market Ltd.,SHUBHAKAMANA SECURITIES PVT. LTD,371,809.0,300139.0,2025-07-16 12:39:55.301906
2025-07-16,62268,2025071604008845,RADHI,Trishakti Securities Public Limited,Kalika Securities Pvt. Ltd.,40,807.0,32280.0,2025-07-16 12:41:14.739527
2025-07-16,62053,2025071604008896,RADHI,Trishakti Securities Public Limited,Sani Securities Company Ltd.,84,807.0,67788.0,2025-07-16 12:41:50.341880
2025-07-16,61927,2025071604008913,RADHI,Dynamic Money Managers Securities Pvt. Ltd.,Dynamic Money Managers Securities Pvt. Ltd.,1616,806.0,1302496.0,2025-07-16 12:42:07.225349
2025-07-16,61926,2025071604008914,RADHI,Opal Securities Investment (PVT) Ltd.,Dynamic Money Managers Securities Pvt. Ltd.,230,806.0,185380.0,2025-07-16 12:42:07.225821
2025-07-16,61836,2025071604008926,RADHI,Dakshinkali Investment & Securities Pvt. Ltd.,Dynamic Money Managers Securities Pvt. Ltd.,100,805.5,80550.0,2025-07-16 12:42:30.104760
2025-07-16,61835,2025071604008927,RADHI,Imperial Securities Company Pvt. Ltd.,Dynamic Money Managers Securities Pvt. Ltd.,54,805.5,43497.0,2025-07-16 12:42:30.105637
2025-07-16,61627,2025071604009005,RADHI,Deevyaa Securities & Stock House Pvt. Ltd,Sumeru Securities Pvt. Ltd.,10,807.0,8070.0,2025-07-16 12:43:02.699566
2025-07-16,61626,2025071604009006,RADHI,Deevyaa Securities & Stock House Pvt. Ltd,Miyo Securities Pvt Ltd,200,807.5,161500.0,2025-07-16 12:43:02.700012
2025-07-16,61625,2025071604009007,RADHI,Deevyaa Securities & Stock House Pvt. Ltd,Sani Securities Company Ltd.,140,808.0,113120.0,2025-07-16 12:43:02.700217
2025-07-16,61007,2025071604009159,RADHI,Creative Securities Pvt Ltd,Vision Securities Pvt. Ltd,100,806.0,80600.0,2025-07-16 12:44:35.821564
2025-07-16,60667,2025071604009204,RADHI,Bhrikuti Stock Broking Co. Pvt. Ltd.,S.P.S.A. Securities Limited,1400,807.9,1131060.0,2025-07-16 12:45:32.794546
2025-07-16,60541,2025071604009239,RADHI,Deevyaa Securities & Stock House Pvt. Ltd,Sani Securities Company Ltd.,26,808.0,21008.0,2025-07-16 12:45:55.711157
2025-07-16,60540,2025071604009240,RADHI,Deevyaa Securities & Stock House Pvt. Ltd,Deevyaa Securities & Stock House Pvt. Ltd,50,808.0,40400.0,2025-07-16 12:45:55.711696
2025-07-16,60539,2025071604009241,RADHI,Deevyaa Securities & Stock House Pvt. Ltd,S.P.S.A. Securities Limited,924,808.0,746592.0,2025-07-16 12:45:55.711904
2025-07-16,60405,2025071604009294,RADHI,Bhrikuti Stock Broking Co. Pvt. Ltd.,Blue Chip Securities Ltd,600,805.9,483540.0,2025-07-16 12:46:20.896860
2025-07-16,60404,2025071604009295,RADHI,Deevyaa Securities & Stock House Pvt. Ltd,Blue Chip Securities Ltd,2000,805.8,1611600.0,2025-07-16 12:46:20.897320
2025-07-16,60403,2025071604009296,RADHI,Nepal Stock House (PVT) Ltd.,Blue Chip Securities Ltd,110,805.7,88627.0,2025-07-16 12:46:20.897529
2025-07-16,60055,2025071604009409,RADHI,Agrawal Securities (PVT) Ltd.,Linch Stock Market Ltd.,150,806.1,120915.0,2025-07-16 12:47:16.168375
2025-07-16,60011,2025071604009436,RADHI,Aakashbhairab Securities Ltd.,Capital Max Securities Ltd,2000,807.0,1614000.0,2025-07-16 12:47:21.448290
2025-07-16,59925,2025071604009459,RADHI,Kohinoor Investment & Securities Pvt. Ltd.,Primo Securities (PVT) Ltd.,230,807.0,185610.0,2025-07-16 12:47:36.037831
2025-07-16,59910,2025071604009466,RADHI,Kohinoor Investment & Securities Pvt. Ltd.,Online Securities Pvt. Ltd.,14,807.0,11298.0,2025-07-16 12:47:38.592438
2025-07-16,59659,2025071604009549,RADHI,Kohinoor Investment & Securities Pvt. Ltd.,Vision Securities Pvt. Ltd,256,807.0,206592.0,2025-07-16 12:48:19.510023
2025-07-16,59658,2025071604009550,RADHI,Primo Securities (PVT) Ltd.,Vision Securities Pvt. Ltd,44,807.0,35508.0,2025-07-16 12:48:19.510502
2025-07-16,59623,2025071604009561,RADHI,Primo Securities (PVT) Ltd.,Primo Securities (PVT) Ltd.,156,807.0,125892.0,2025-07-16 12:48:28.281644
2025-07-16,59261,2025071604009676,RADHI,Asian Securities Private Ltd.,Primo Securities (PVT) Ltd.,300,807.0,242100.0,2025-07-16 12:49:31.706915
2025-07-16,59260,2025071604009677,RADHI,Asian Securities Private Ltd.,Secured Securities Ltd.,500,807.0,403500.0,2025-07-16 12:49:31.707862
2025-07-16,59259,2025071604009678,RADHI,Asian Securities Private Ltd.,Vision Securities Pvt. Ltd,64,807.0,51648.0,2025-07-16 12:49:31.708498
2025-07-16,59258,2025071604009679,RADHI,Asian Securities Private Ltd.,Neev Securities Pvt. Ltd.,50,807.6,40380.0,2025-07-16 12:49:31.709125
2025-07-16,59257,2025071604009680,RADHI,Asian Securities Private Ltd.,Himalayan Brokerage Company Limited,500,807.8,403900.0,2025-07-16 12:49:31.709752
2025-07-16,59256,2025071604009681,RADHI,Asian Securities Private Ltd.,S.P.S.A. Securities Limited,1200,807.9,969480.0,2025-07-16 12:49:31.710371
2025-07-16,59255,2025071604009682,RADHI,Asian Securities Private Ltd.,S.P.S.A. Securities Limited,276,808.0,223008.0,2025-07-16 12:49:31.710977
2025-07-16,59254,2025071604009683,RADHI,Asian Securities Private Ltd.,S.P.S.A. Securities Limited,1200,808.8,970560.0,2025-07-16 12:49:31.711595
2025-07-16,59253,2025071604009684,RADHI,Asian Securities Private Ltd.,Nagarik Stock Dealer ,100,808.9,80890.0,2025-07-16 12:49:31.712197
2025-07-16,59252,2025071604009685,RADHI,Asian Securities Private Ltd.,SHUBHAKAMANA SECURITIES PVT. LTD,810,809.0,655290.0,2025-07-16 12:49:31.712798
2025-07-16,58664,2025071604009815,RADHI,SHUBHAKAMANA SECURITIES PVT. LTD,Dynamic Money Managers Securities Pvt. Ltd.,383,808.0,309464.0,2025-07-16 12:51:20.799986
2025-07-16,58557,2025071604009837,RADHI,Agrawal Securities (PVT) Ltd.,Sani Securities Company Ltd.,50,806.1,40305.0,2025-07-16 12:51:40.622742
2025-07-16,58556,2025071604009838,RADHI,Nepal Investment And Securities Trading Private Limited,Sani Securities Company Ltd.,35,806.1,28213.5,2025-07-16 12:51:40.623745
2025-07-16,58555,2025071604009839,RADHI,Sweta Securities Private Limited,Sani Securities Company Ltd.,15,806.0,12090.0,2025-07-16 12:51:40.624415
2025-07-16,58527,2025071604009843,RADHI,Nepal Stock House (PVT) Ltd.,Oxford Securities Pvt. Ltd.,370,806.1,298257.0,2025-07-16 12:51:51.595696
2025-07-16,58526,2025071604009844,RADHI,Sweta Securities Private Limited,Oxford Securities Pvt. Ltd.,53,806.0,42718.0,2025-07-16 12:51:51.596619
2025-07-16,58525,2025071604009845,RADHI,Thrive Brokerage House Pvt. Ltd,Oxford Securities Pvt. Ltd.,10,806.0,8060.0,2025-07-16 12:51:51.597250
2025-07-16,58524,2025071604009846,RADHI,SHUBHAKAMANA SECURITIES PVT. LTD,Oxford Securities Pvt. Ltd.,207,805.8,166800.6,2025-07-16 12:51:51.597898
2025-07-16,58474,2025071604009863,RADHI,Naasa Securities Co. Ltd.,Himalayan Brokerage Company Limited,100,806.0,80600.0,2025-07-16 12:52:05.274592
2025-07-16,58295,2025071604009909,RADHI,ABC Securities Private Limited,Dynamic Money Managers Securities Pvt. Ltd.,117,808.0,94536.0,2025-07-16 12:52:46.526704
2025-07-16,58294,2025071604009910,RADHI,ABC Securities Private Limited,Dynamic Money Managers Securities Pvt. Ltd.,83,808.0,67064.0,2025-07-16 12:52:46.527654
2025-07-16,58283,2025071604009916,RADHI,Imperial Securities Company Pvt. Ltd.,Dynamic Money Managers Securities Pvt. Ltd.,20,808.0,16160.0,2025-07-16 12:52:50.384247
2025-07-16,58136,2025071604009936,RADHI,Aakashbhairab Securities Ltd.,Dynamic Money Managers Securities Pvt. Ltd.,397,808.0,320776.0,2025-07-16 12:53:14.478258
2025-07-16,58135,2025071604009937,RADHI,Aakashbhairab Securities Ltd.,Dynamic Money Managers Securities Pvt. Ltd.,230,808.0,185840.0,2025-07-16 12:53:14.478768
2025-07-16,58134,2025071604009938,RADHI,Aakashbhairab Securities Ltd.,Nagarik Stock Dealer ,500,808.0,404000.0,2025-07-16 12:53:14.478993
2025-07-16,58004,2025071604009965,RADHI,Sumeru Securities Pvt. Ltd.,Blue Chip Securities Ltd,20,808.0,16160.0,2025-07-16 12:53:41.094234
2025-07-16,58003,2025071604009966,RADHI,Thrive Brokerage House Pvt. Ltd,Blue Chip Securities Ltd,10,807.0,8070.0,2025-07-16 12:53:41.095386
2025-07-16,58002,2025071604009967,RADHI,Ashutosh Brokerage & Securities (PVT) Ltd.,Blue Chip Securities Ltd,170,806.1,137037.0,2025-07-16 12:53:41.096382
2025-07-16,57948,2025071604009979,RADHI,Aakashbhairab Securities Ltd.,Himalayan Brokerage Company Limited,500,808.7,404350.0,2025-07-16 12:53:51.574570
2025-07-16,57947,2025071604009980,RADHI,Aakashbhairab Securities Ltd.,ABC Securities Private Limited,250,808.8,202200.0,2025-07-16 12:53:51.575018
2025-07-16,57946,2025071604009981,RADHI,Aakashbhairab Securities Ltd.,Neev Securities Pvt. Ltd.,50,808.8,40440.0,2025-07-16 12:53:51.575218
2025-07-16,57945,2025071604009982,RADHI,Aakashbhairab Securities Ltd.,Sundhara Securities Limited,150,808.9,121335.0,2025-07-16 12:53:51.575433
2025-07-16,57944,2025071604009983,RADHI,Aakashbhairab Securities Ltd.,SHUBHAKAMANA SECURITIES PVT. LTD,519,809.0,419871.0,2025-07-16 12:53:51.575639
2025-07-16,57943,2025071604009984,RADHI,Aakashbhairab Securities Ltd.,Sri Hari Securities Pvt. Ltd.,50,809.0,40450.0,2025-07-16 12:53:51.575844
2025-07-16,57942,2025071604009985,RADHI,Aakashbhairab Securities Ltd.,Linch Stock Market Ltd.,1000,809.0,809000.0,2025-07-16 12:53:51.576041
2025-07-16,57941,2025071604009986,RADHI,Aakashbhairab Securities Ltd.,Citizens Share Broker Limited,300,809.8,242940.0,2025-07-16 12:53:51.576251
2025-07-16,57940,2025071604009987,RADHI,Aakashbhairab Securities Ltd.,SHUBHAKAMANA SECURITIES PVT. LTD,770,809.8,623546.0,2025-07-16 12:53:51.576457
2025-07-16,57939,2025071604009988,RADHI,Aakashbhairab Securities Ltd.,Naasa Securities Co. Ltd.,200,809.9,161980.0,2025-07-16 12:53:51.576708
2025-07-16,57938,2025071604009989,RADHI,Aakashbhairab Securities Ltd.,K.B.L. Securities Limited ,390,809.9,315861.0,2025-07-16 12:53:51.576912
2025-07-16,57937,2025071604009990,RADHI,Aakashbhairab Securities Ltd.,Stoxkarts Securities Limited,821,809.9,664927.9,2025-07-16 12:53:51.577115
2025-07-16,57854,2025071604010003,RADHI,Property Wiard Limited,Stoxkarts Securities Limited,179,809.9,144972.1,2025-07-16 12:54:04.088501
2025-07-16,57853,2025071604010004,RADHI,Property Wiard Limited,Capital Max Securities Ltd,321,810.0,260010.0,2025-07-16 12:54:04.088969
2025-07-16,57849,2025071604010005,RADHI,Capital Max Securities Ltd,Capital Max Securities Ltd,627,810.0,507870.0,2025-07-16 12:54:05.019948
2025-07-16,57848,2025071604010006,RADHI,Capital Max Securities Ltd,Kumari Securities Private Limited,100,810.0,81000.0,2025-07-16 12:54:05.020054
2025-07-16,57847,2025071604010007,RADHI,Capital Max Securities Ltd,Arun Securities (PVT) Ltd.,100,810.0,81000.0,2025-07-16 12:54:05.020147
2025-07-16,57846,2025071604010008,RADHI,Capital Max Securities Ltd,ABC Securities Private Limited,200,810.0,162000.0,2025-07-16 12:54:05.020247
2025-07-16,57845,2025071604010009,RADHI,Capital Max Securities Ltd,Neev Securities Pvt. Ltd.,1000,810.0,810000.0,2025-07-16 12:54:05.020328
2025-07-16,57844,2025071604010010,RADHI,Capital Max Securities Ltd,Neev Securities Pvt. Ltd.,1000,810.0,810000.0,2025-07-16 12:54:05.020402
2025-07-16,57843,2025071604010011,RADHI,Capital Max Securities Ltd,Nagarik Stock Dealer ,1000,810.0,810000.0,2025-07-16 12:54:05.020474
2025-07-16,57842,2025071604010012,RADHI,Capital Max Securities Ltd,Imperial Securities Company Pvt. Ltd.,200,810.0,162000.0,2025-07-16 12:54:05.020529
2025-07-16,57841,2025071604010013,RADHI,Capital Max Securities Ltd,Imperial Securities Company Pvt. Ltd.,20,810.0,16200.0,2025-07-16 12:54:05.020584
2025-07-16,57840,2025071604010014,RADHI,Capital Max Securities Ltd,Kumari Securities Private Limited,500,810.0,405000.0,2025-07-16 12:54:05.020711
2025-07-16,57839,2025071604010015,RADHI,Capital Max Securities Ltd,Kalika Securities Pvt. Ltd.,10,810.0,8100.0,2025-07-16 12:54:05.020785
2025-07-16,57838,2025071604010016,RADHI,Capital Max Securities Ltd,Nepal Investment And Securities Trading Private Limited,100,810.0,81000.0,2025-07-16 12:54:05.020860
2025-07-16,57837,2025071604010017,RADHI,Capital Max Securities Ltd,Capital Max Securities Ltd,15,810.0,12150.0,2025-07-16 12:54:05.020933
2025-07-16,57836,2025071604010018,RADHI,Capital Max Securities Ltd,Oxford Securities Pvt. Ltd.,600,810.0,486000.0,2025-07-16 12:54:05.021005
2025-07-16,57835,2025071604010019,RADHI,Capital Max Securities Ltd,Nagarik Stock Dealer ,1850,810.0,1498500.0,2025-07-16 12:54:05.021089
2025-07-16,57834,2025071604010020,RADHI,Capital Max Securities Ltd,Kohinoor Investment & Securities Pvt. Ltd.,17,810.0,13770.0,2025-07-16 12:54:05.021164
2025-07-16,57833,2025071604010021,RADHI,Capital Max Securities Ltd,Sweta Securities Private Limited,427,810.0,345870.0,2025-07-16 12:54:05.021270
2025-07-16,57832,2025071604010022,RADHI,Capital Max Securities Ltd,Dipshikha Dhitopatra Karobar Co. Pvt Ltd.,280,810.0,226800.0,2025-07-16 12:54:05.021398
2025-07-16,57831,2025071604010023,RADHI,Capital Max Securities Ltd,Siprabi Securities Pvt. Ltd.,180,810.0,145800.0,2025-07-16 12:54:05.021471
2025-07-16,57830,2025071604010024,RADHI,Capital Max Securities Ltd,Opal Securities Investment (PVT) Ltd.,10,810.0,8100.0,2025-07-16 12:54:05.021547
2025-07-16,57829,2025071604010025,RADHI,Capital Max Securities Ltd,S.P.S.A. Securities Limited,500,810.9,405450.0,2025-07-16 12:54:05.021666
2025-07-16,57828,2025071604010026,RADHI,Capital Max Securities Ltd,Property Wiard Limited,100,811.0,81100.0,2025-07-16 12:54:05.021752
2025-07-16,57827,2025071604010027,RADHI,Capital Max Securities Ltd,ABC Securities Private Limited,438,811.0,355218.0,2025-07-16 12:54:05.021850
2025-07-16,57826,2025071604010028,RADHI,Capital Max Securities Ltd,Capital Max Securities Ltd,36,812.0,29232.0,2025-07-16 12:54:05.021955
2025-07-16,57825,2025071604010029,RADHI,Capital Max Securities Ltd,Citizens Share Broker Limited,40,812.0,32480.0,2025-07-16 12:54:05.022043
2025-07-16,57824,2025071604010030,RADHI,Capital Max Securities Ltd,Citizens Share Broker Limited,650,813.0,528450.0,2025-07-16 12:54:05.022128
2025-07-16,57763,2025071604010040,RADHI,Creative Securities Pvt Ltd,Citizens Share Broker Limited,280,813.0,227640.0,2025-07-16 12:54:23.315697
2025-07-16,57762,2025071604010041,RADHI,Creative Securities Pvt Ltd,Dipshikha Dhitopatra Karobar Co. Pvt Ltd.,50,813.0,40650.0,2025-07-16 12:54:23.316196
2025-07-16,57761,2025071604010042,RADHI,Creative Securities Pvt Ltd,Naasa Securities Co. Ltd.,670,813.0,544710.0,2025-07-16 12:54:23.316413
2025-07-16,57680,2025071604010054,RADHI,Primo Securities (PVT) Ltd.,Naasa Securities Co. Ltd.,100,813.0,81300.0,2025-07-16 12:54:36.043731
2025-07-16,57591,2025071604010073,RADHI,Dipshikha Dhitopatra Karobar Co. Pvt Ltd.,Agrawal Securities (PVT) Ltd.,200,810.0,162000.0,2025-07-16 12:54:55.449042
2025-07-16,57570,2025071604010077,RADHI,Dipshikha Dhitopatra Karobar Co. Pvt Ltd.,Sumeru Securities Pvt. Ltd.,100,810.0,81000.0,2025-07-16 12:55:01.889923
2025-07-16,57568,2025071604010078,RADHI,Dipshikha Dhitopatra Karobar Co. Pvt Ltd.,Agrawal Securities (PVT) Ltd.,100,810.0,81000.0,2025-07-16 12:55:02.491026
2025-07-16,57566,2025071604010079,RADHI,Imperial Securities Company Pvt. Ltd.,Siprabi Securities Pvt. Ltd.,100,812.0,81200.0,2025-07-16 12:55:03.803534
2025-07-16,57521,2025071604010101,RADHI,Dipshikha Dhitopatra Karobar Co. Pvt Ltd.,Sani Securities Company Ltd.,150,810.0,121500.0,2025-07-16 12:55:09.718328
2025-07-16,57454,2025071604010119,RADHI,Naasa Securities Co. Ltd.,Siprabi Securities Pvt. Ltd.,300,812.0,243600.0,2025-07-16 12:55:27.734310
2025-07-16,57453,2025071604010120,RADHI,Naasa Securities Co. Ltd.,Sumeru Securities Pvt. Ltd.,100,812.0,81200.0,2025-07-16 12:55:27.734821
2025-07-16,57452,2025071604010121,RADHI,Naasa Securities Co. Ltd.,Ashutosh Brokerage & Securities (PVT) Ltd.,50,812.5,40625.0,2025-07-16 12:55:27.735030
2025-07-16,57348,2025071604010147,RADHI,Thrive Brokerage House Pvt. Ltd,Ashutosh Brokerage & Securities (PVT) Ltd.,10,812.5,8125.0,2025-07-16 12:55:53.745156
2025-07-16,57255,2025071604010168,RADHI,Deevyaa Securities & Stock House Pvt. Ltd,Ashutosh Brokerage & Securities (PVT) Ltd.,110,812.5,89375.0,2025-07-16 12:56:07.649527
2025-07-16,57234,2025071604010174,RADHI,Naasa Securities Co. Ltd.,Naasa Securities Co. Ltd.,220,813.0,178860.0,2025-07-16 12:56:14.179098
2025-07-16,57233,2025071604010175,RADHI,Naasa Securities Co. Ltd.,Asian Securities Private Ltd.,155,813.0,126015.0,2025-07-16 12:56:14.180004
2025-07-16,57232,2025071604010176,RADHI,Naasa Securities Co. Ltd.,Malla & Malla Stock Broking Company Pvt. Limited,150,813.0,121950.0,2025-07-16 12:56:14.180620
2025-07-16,57231,2025071604010177,RADHI,Naasa Securities Co. Ltd.,Neev Securities Pvt. Ltd.,50,813.0,40650.0,2025-07-16 12:56:14.181209
2025-07-16,57204,2025071604010185,RADHI,Imperial Securities Company Pvt. Ltd.,Nepal Investment And Securities Trading Private Limited,100,813.7,81370.0,2025-07-16 12:56:21.950143
2025-07-16,57170,2025071604010194,RADHI,Aryatara Investment & Securities,Nepal Investment And Securities Trading Private Limited,150,813.7,122055.0,2025-07-16 12:56:33.024034
2025-07-16,57169,2025071604010195,RADHI,Aryatara Investment & Securities,Roadshow securities limited,300,813.8,244140.0,2025-07-16 12:56:33.024529
2025-07-16,57168,2025071604010196,RADHI,Aryatara Investment & Securities,Citizens Share Broker Limited,1000,813.8,813800.0,2025-07-16 12:56:33.024732
2025-07-16,57167,2025071604010197,RADHI,Aryatara Investment & Securities,Nagarik Stock Dealer ,1000,813.9,813900.0,2025-07-16 12:56:33.024937
2025-07-16,57166,2025071604010198,RADHI,Aryatara Investment & Securities,Trishakti Securities Public Limited,200,814.0,162800.0,2025-07-16 12:56:33.025131
2025-07-16,57165,2025071604010199,RADHI,Aryatara Investment & Securities,Citizens Share Broker Limited,1000,814.0,814000.0,2025-07-16 12:56:33.025335
2025-07-16,57164,2025071604010200,RADHI,Aryatara Investment & Securities,Naasa Securities Co. Ltd.,200,814.0,162800.0,2025-07-16 12:56:33.025524
2025-07-16,57163,2025071604010201,RADHI,Aryatara Investment & Securities,Vision Securities Pvt. Ltd,1150,814.0,936100.0,2025-07-16 12:56:33.025718
2025-07-16,57151,2025071604010204,RADHI,Naasa Securities Co. Ltd.,Asian Securities Private Ltd.,25,813.0,20325.0,2025-07-16 12:56:36.458438
2025-07-16,57106,2025071604010206,RADHI,Deevyaa Securities & Stock House Pvt. Ltd,Asian Securities Private Ltd.,40,813.0,32520.0,2025-07-16 12:56:42.843282
2025-07-16,57099,2025071604010207,RADHI,Kohinoor Investment & Securities Pvt. Ltd.,Asian Securities Private Ltd.,30,813.0,24390.0,2025-07-16 12:56:44.122130
2025-07-16,57064,2025071604010217,RADHI,Trisul Securities & Invt. Ltd.,Asian Securities Private Ltd.,16,813.0,13008.0,2025-07-16 12:56:57.644263
2025-07-16,57063,2025071604010218,RADHI,Trisul Securities & Invt. Ltd.,Sumeru Securities Pvt. Ltd.,100,813.0,81300.0,2025-07-16 12:56:57.644361
2025-07-16,57062,2025071604010219,RADHI,Trisul Securities & Invt. Ltd.,Sundhara Securities Limited,50,813.0,40650.0,2025-07-16 12:56:57.644388
2025-07-16,57061,2025071604010220,RADHI,Trisul Securities & Invt. Ltd.,Vision Securities Pvt. Ltd,621,814.0,505494.0,2025-07-16 12:56:57.644415
2025-07-16,57060,2025071604010221,RADHI,Trisul Securities & Invt. Ltd.,Sharepro Securities Private Limited,213,814.0,173382.0,2025-07-16 12:56:57.644445
2025-07-16,57055,2025071604010223,RADHI,Capital Max Securities Ltd,Sharepro Securities Private Limited,132,814.0,107448.0,2025-07-16 12:57:00.762793
2025-07-16,57008,2025071604010236,RADHI,Linch Stock Market Ltd.,Sumeru Securities Pvt. Ltd.,100,813.0,81300.0,2025-07-16 12:57:13.335924
2025-07-16,57007,2025071604010237,RADHI,Linch Stock Market Ltd.,Ashutosh Brokerage & Securities (PVT) Ltd.,300,813.5,244050.0,2025-07-16 12:57:13.336044
2025-07-16,57006,2025071604010238,RADHI,Linch Stock Market Ltd.,Vision Securities Pvt. Ltd,500,813.9,406950.0,2025-07-16 12:57:13.336135
2025-07-16,57005,2025071604010239,RADHI,Linch Stock Market Ltd.,Sharepro Securities Private Limited,1655,814.0,1347170.0,2025-07-16 12:57:13.336214
2025-07-16,57004,2025071604010240,RADHI,Linch Stock Market Ltd.,Roadshow securities limited,200,814.7,162940.0,2025-07-16 12:57:13.336291
2025-07-16,57003,2025071604010241,RADHI,Linch Stock Market Ltd.,Citizens Share Broker Limited,146,814.7,118946.2,2025-07-16 12:57:13.336424
2025-07-16,57002,2025071604010242,RADHI,Linch Stock Market Ltd.,Neev Securities Pvt. Ltd.,99,814.8,80665.2,2025-07-16 12:57:13.336503
2025-07-16,56971,2025071604010250,RADHI,N.M.B. SECURITIES LIMITED,Himalayan Brokerage Company Limited,300,813.9,244170.0,2025-07-16 12:57:19.185678
2025-07-16,56970,2025071604010251,RADHI,N.M.B. SECURITIES LIMITED,Neev Securities Pvt. Ltd.,101,814.8,82294.8,2025-07-16 12:57:19.186097
2025-07-16,56969,2025071604010252,RADHI,N.M.B. SECURITIES LIMITED,Sundhara Securities Limited,250,814.8,203700.0,2025-07-16 12:57:19.186293
2025-07-16,56968,2025071604010253,RADHI,N.M.B. SECURITIES LIMITED,Agrawal Securities (PVT) Ltd.,459,814.9,374039.1,2025-07-16 12:57:19.186531
2025-07-16,56967,2025071604010254,RADHI,N.M.B. SECURITIES LIMITED,Citizens Share Broker Limited,1000,814.9,814900.0,2025-07-16 12:57:19.186723
2025-07-16,56966,2025071604010255,RADHI,N.M.B. SECURITIES LIMITED,Prabhu Stock Market Limited,500,814.9,407450.0,2025-07-16 12:57:19.186929
2025-07-16,56965,2025071604010256,RADHI,N.M.B. SECURITIES LIMITED,Shree Krishna Securities Ltd.,181,815.0,147515.0,2025-07-16 12:57:19.187132
2025-07-16,56964,2025071604010257,RADHI,N.M.B. SECURITIES LIMITED,Sani Securities Company Ltd.,500,815.0,407500.0,2025-07-16 12:57:19.187328
2025-07-16,56963,2025071604010258,RADHI,N.M.B. SECURITIES LIMITED,Linch Stock Market Ltd.,200,815.0,163000.0,2025-07-16 12:57:19.187514
2025-07-16,56962,2025071604010259,RADHI,N.M.B. SECURITIES LIMITED,Kohinoor Investment & Securities Pvt. Ltd.,101,815.0,82315.0,2025-07-16 12:57:19.187700
2025-07-16,56961,2025071604010260,RADHI,N.M.B. SECURITIES LIMITED,Oxford Securities Pvt. Ltd.,42,815.0,34230.0,2025-07-16 12:57:19.187883
2025-07-16,56960,2025071604010261,RADHI,N.M.B. SECURITIES LIMITED,Imperial Securities Company Pvt. Ltd.,100,815.0,81500.0,2025-07-16 12:57:19.188064
2025-07-16,56959,2025071604010262,RADHI,N.M.B. SECURITIES LIMITED,Ashutosh Brokerage & Securities (PVT) Ltd.,325,815.0,264875.0,2025-07-16 12:57:19.188248
2025-07-16,56958,2025071604010263,RADHI,N.M.B. SECURITIES LIMITED,Capital Hub P. Ltd,40,815.0,32600.0,2025-07-16 12:57:19.188440
2025-07-16,56957,2025071604010264,RADHI,N.M.B. SECURITIES LIMITED,KALASH STOCK MARKET PVT. LTD.,50,815.0,40750.0,2025-07-16 12:57:19.188621
2025-07-16,56956,2025071604010265,RADHI,N.M.B. SECURITIES LIMITED,Sani Securities Company Ltd.,42,815.0,34230.0,2025-07-16 12:57:19.188802
2025-07-16,56955,2025071604010266,RADHI,N.M.B. SECURITIES LIMITED,Naasa Securities Co. Ltd.,27,815.0,22005.0,2025-07-16 12:57:19.188981
2025-07-16,56954,2025071604010267,RADHI,N.M.B. SECURITIES LIMITED,Agrawal Securities (PVT) Ltd.,782,815.0,637330.0,2025-07-16 12:57:19.189160
2025-07-16,56887,2025071604010291,RADHI,Aryatara Investment & Securities,Agrawal Securities (PVT) Ltd.,218,815.0,177670.0,2025-07-16 12:57:32.777024
2025-07-16,56886,2025071604010292,RADHI,Aryatara Investment & Securities,Online Securities Pvt. Ltd.,43,815.0,35045.0,2025-07-16 12:57:32.777880
2025-07-16,56885,2025071604010293,RADHI,Aryatara Investment & Securities,Premier Securities Company Ltd.,50,815.0,40750.0,2025-07-16 12:57:32.778430
2025-07-16,56884,2025071604010294,RADHI,Aryatara Investment & Securities,Premier Securities Company Ltd.,20,815.0,16300.0,2025-07-16 12:57:32.778955
2025-07-16,56883,2025071604010295,RADHI,Aryatara Investment & Securities,Premier Securities Company Ltd.,200,815.0,163000.0,2025-07-16 12:57:32.779508
2025-07-16,56882,2025071604010296,RADHI,Aryatara Investment & Securities,Bhrikuti Stock Broking Co. Pvt. Ltd.,100,815.0,81500.0,2025-07-16 12:57:32.780078
2025-07-16,56881,2025071604010297,RADHI,Aryatara Investment & Securities,ABC Securities Private Limited,200,815.0,163000.0,2025-07-16 12:57:32.780617
2025-07-16,56880,2025071604010298,RADHI,Aryatara Investment & Securities,Kohinoor Investment & Securities Pvt. Ltd.,100,815.0,81500.0,2025-07-16 12:57:32.781161
2025-07-16,56879,2025071604010299,RADHI,Aryatara Investment & Securities,J.F. Securites (PVT) Ltd.,75,815.0,61125.0,2025-07-16 12:57:32.781728
2025-07-16,56878,2025071604010300,RADHI,Aryatara Investment & Securities,Online Securities Pvt. Ltd.,29,815.0,23635.0,2025-07-16 12:57:32.782258
2025-07-16,56877,2025071604010301,RADHI,Aryatara Investment & Securities,Trishakti Securities Public Limited,50,815.0,40750.0,2025-07-16 12:57:32.782826
2025-07-16,56876,2025071604010302,RADHI,Aryatara Investment & Securities,J.F. Securites (PVT) Ltd.,42,815.0,34230.0,2025-07-16 12:57:32.783466
2025-07-16,56875,2025071604010303,RADHI,Aryatara Investment & Securities,Dynamic Money Managers Securities Pvt. Ltd.,50,815.0,40750.0,2025-07-16 12:57:32.784149
2025-07-16,56874,2025071604010304,RADHI,Aryatara Investment & Securities,N.M.B. SECURITIES LIMITED,200,815.0,163000.0,2025-07-16 12:57:32.784805
2025-07-16,56873,2025071604010305,RADHI,Aryatara Investment & Securities,Aryatara Investment & Securities,250,815.0,203750.0,2025-07-16 12:57:32.785356
2025-07-16,56872,2025071604010306,RADHI,Aryatara Investment & Securities,Imperial Securities Company Pvt. Ltd.,25,815.0,20375.0,2025-07-16 12:57:32.785922
2025-07-16,56871,2025071604010307,RADHI,Aryatara Investment & Securities,Naasa Securities Co. Ltd.,40,815.0,32600.0,2025-07-16 12:57:32.786477
2025-07-16,56870,2025071604010308,RADHI,Aryatara Investment & Securities,Kalika Securities Pvt. Ltd.,20,815.0,16300.0,2025-07-16 12:57:32.787017
