Date,S.N.,contract_id,symbol,buyer_broker,seller_broker,volume,price,amount,transaction_time
2025-07-16,99204,2025071601000140,SCB,Sharepro Securities Private Limited,Pragyan Securities (PVT) Ltd.,25,661.4,16535.0,2025-07-16 11:01:25.226871
2025-07-16,99203,2025071601000141,SCB,Sharepro Securities Private Limited,Opal Securities Investment (PVT) Ltd.,75,661.4,49605.0,2025-07-16 11:01:25.226935
2025-07-16,98106,2025071601000690,SCB,Online Securities Pvt. Ltd.,Thrive Brokerage House Pvt. Ltd,49,661.0,32389.0,2025-07-16 11:05:28.245133
2025-07-16,98105,2025071601000691,SCB,Online Securities Pvt. Ltd.,Linch Stock Market Ltd.,100,661.0,66100.0,2025-07-16 11:05:28.245274
2025-07-16,98104,2025071601000692,SCB,Online Securities Pvt. Ltd.,Premier Securities Company Ltd.,51,661.0,33711.0,2025-07-16 11:05:28.245379
2025-07-16,97388,2025071601000997,SCB,Primo Securities (PVT) Ltd.,Dakshinkali Investment & Securities Pvt. Ltd.,30,660.9,19827.0,2025-07-16 11:07:45.829407
2025-07-16,96759,2025071601001253,SCB,Sumeru Securities Pvt. Ltd.,Dakshinkali Investment & Securities Pvt. Ltd.,100,660.9,66090.0,2025-07-16 11:09:23.476941
2025-07-16,94945,2025071601001994,SCB,Sumeru Securities Pvt. Ltd.,Kohinoor Investment & Securities Pvt. Ltd.,58,659.0,38222.0,2025-07-16 11:14:05.912019
2025-07-16,94794,2025071601002058,SCB,Investment Management Nepal Pvt. Ltd.,Imperial Securities Company Pvt. Ltd.,10,660.0,6600.0,2025-07-16 11:14:32.585383
2025-07-16,94729,2025071601002098,SCB,Sani Securities Company Ltd.,Kohinoor Investment & Securities Pvt. Ltd.,10,655.0,6550.0,2025-07-16 11:14:39.850957
2025-07-16,94728,2025071601002099,SCB,Capital Max Securities Ltd,Kohinoor Investment & Securities Pvt. Ltd.,10,653.0,6530.0,2025-07-16 11:14:39.851172
2025-07-16,94727,2025071601002100,SCB,Neev Securities Pvt. Ltd.,Kohinoor Investment & Securities Pvt. Ltd.,30,653.0,19590.0,2025-07-16 11:14:39.851316
2025-07-16,94539,2025071601002186,SCB,Agrawal Securities (PVT) Ltd.,Kohinoor Investment & Securities Pvt. Ltd.,100,658.0,65800.0,2025-07-16 11:15:12.638579
2025-07-16,94538,2025071601002187,SCB,Agrawal Securities (PVT) Ltd.,Imperial Securities Company Pvt. Ltd.,43,660.0,28380.0,2025-07-16 11:15:12.638729
2025-07-16,94537,2025071601002188,SCB,Agrawal Securities (PVT) Ltd.,Trisul Securities & Invt. Ltd.,17,660.0,11220.0,2025-07-16 11:15:12.638827
2025-07-16,94536,2025071601002189,SCB,Agrawal Securities (PVT) Ltd.,ABC Securities Private Limited,15,660.0,9900.0,2025-07-16 11:15:12.638919
2025-07-16,94535,2025071601002190,SCB,Agrawal Securities (PVT) Ltd.,Dakshinkali Investment & Securities Pvt. Ltd.,325,660.9,214792.5,2025-07-16 11:15:12.639064
2025-07-16,94274,2025071601002292,SCB,Agrawal Securities (PVT) Ltd.,Dakshinkali Investment & Securities Pvt. Ltd.,45,660.9,29740.5,2025-07-16 11:16:03.315492
2025-07-16,94273,2025071601002293,SCB,Agrawal Securities (PVT) Ltd.,Kumari Securities Private Limited,30,660.9,19827.0,2025-07-16 11:16:03.315589
2025-07-16,94272,2025071601002294,SCB,Agrawal Securities (PVT) Ltd.,Dynamic Money Managers Securities Pvt. Ltd.,100,661.0,66100.0,2025-07-16 11:16:03.315629
2025-07-16,94271,2025071601002295,SCB,Agrawal Securities (PVT) Ltd.,Opal Securities Investment (PVT) Ltd.,325,661.4,214955.0,2025-07-16 11:16:03.315664
2025-07-16,92605,2025071601002885,SCB,Sundhara Securities Limited,Opal Securities Investment (PVT) Ltd.,100,661.4,66140.0,2025-07-16 11:20:55.215266
2025-07-16,92604,2025071601002886,SCB,Sundhara Securities Limited,South Asian Bulls Pvt. Ltd.,30,661.4,19842.0,2025-07-16 11:20:55.215365
2025-07-16,92603,2025071601002887,SCB,Sundhara Securities Limited,Trishakti Securities Public Limited,80,661.4,52912.0,2025-07-16 11:20:55.215404
2025-07-16,92602,2025071601002888,SCB,Sundhara Securities Limited,Malla & Malla Stock Broking Company Pvt. Limited,19,661.4,12566.6,2025-07-16 11:20:55.215442
2025-07-16,92445,2025071601002941,SCB,Naasa Securities Co. Ltd.,Imperial Securities Company Pvt. Ltd.,100,660.0,66000.0,2025-07-16 11:21:23.585941
2025-07-16,92444,2025071601002942,SCB,Imperial Securities Company Pvt. Ltd.,Imperial Securities Company Pvt. Ltd.,30,660.0,19800.0,2025-07-16 11:21:23.586155
2025-07-16,92071,2025071601003083,SCB,Capital Max Securities Ltd,Online Securities Pvt. Ltd.,30,654.1,19623.0,2025-07-16 11:22:23.023411
2025-07-16,92070,2025071601003084,SCB,Primo Securities (PVT) Ltd.,Online Securities Pvt. Ltd.,92,654.0,60168.0,2025-07-16 11:22:23.023505
2025-07-16,90788,2025071601003520,SCB,Primo Securities (PVT) Ltd.,Naasa Securities Co. Ltd.,102,654.0,66708.0,2025-07-16 11:25:50.754016
2025-07-16,90787,2025071601003521,SCB,Sweta Securities Private Limited,Naasa Securities Co. Ltd.,600,654.0,392400.0,2025-07-16 11:25:50.754211
2025-07-16,90786,2025071601003522,SCB,Sumeru Securities Pvt. Ltd.,Naasa Securities Co. Ltd.,200,654.0,130800.0,2025-07-16 11:25:50.754322
2025-07-16,88624,2025071601004232,SCB,Online Securities Pvt. Ltd.,Imperial Securities Company Pvt. Ltd.,100,656.0,65600.0,2025-07-16 11:31:09.456277
2025-07-16,88623,2025071601004233,SCB,Sundhara Securities Limited,Imperial Securities Company Pvt. Ltd.,170,655.0,111350.0,2025-07-16 11:31:09.456411
2025-07-16,88337,2025071601004381,SCB,Malla & Malla Stock Broking Company Pvt. Limited,Malla & Malla Stock Broking Company Pvt. Limited,100,660.0,66000.0,2025-07-16 11:31:55.731785
2025-07-16,88088,2025071601004472,SCB,J.F. Securites (PVT) Ltd.,Dipshikha Dhitopatra Karobar Co. Pvt Ltd.,10,660.0,6600.0,2025-07-16 11:32:27.377932
2025-07-16,87786,2025071601004587,SCB,Sundhara Securities Limited,Sharepro Securities Private Limited,5000,657.0,3285000.0,2025-07-16 11:33:10.243475
2025-07-16,84483,2025071601005973,SCB,Malla & Malla Stock Broking Company Pvt. Limited,Linch Stock Market Ltd.,25,657.0,16425.0,2025-07-16 11:41:02.215049
2025-07-16,83870,2025071601006282,SCB,Nepal Stock House (PVT) Ltd.,Dipshikha Dhitopatra Karobar Co. Pvt Ltd.,990,660.0,653400.0,2025-07-16 11:42:10.045780
2025-07-16,83869,2025071601006283,SCB,Nepal Stock House (PVT) Ltd.,Linch Stock Market Ltd.,25,660.0,16500.0,2025-07-16 11:42:10.045873
2025-07-16,83868,2025071601006284,SCB,Nepal Stock House (PVT) Ltd.,Sani Securities Company Ltd.,50,660.0,33000.0,2025-07-16 11:42:10.045933
2025-07-16,83428,2025071601006458,SCB,Malla & Malla Stock Broking Company Pvt. Limited,ABC Securities Private Limited,10,661.0,6610.0,2025-07-16 11:43:04.362014
2025-07-16,83427,2025071601006459,SCB,Malla & Malla Stock Broking Company Pvt. Limited,Sumeru Securities Pvt. Ltd.,50,661.0,33050.0,2025-07-16 11:43:04.362136
2025-07-16,83426,2025071601006460,SCB,Malla & Malla Stock Broking Company Pvt. Limited,J.F. Securites (PVT) Ltd.,10,661.9,6619.0,2025-07-16 11:43:04.362205
2025-07-16,83425,2025071601006461,SCB,Malla & Malla Stock Broking Company Pvt. Limited,Cristal Kanchanjanga Securites Pvt. Ltd.,25,662.0,16550.0,2025-07-16 11:43:04.362258
2025-07-16,83424,2025071601006462,SCB,Malla & Malla Stock Broking Company Pvt. Limited,J.F. Securites (PVT) Ltd.,25,662.0,16550.0,2025-07-16 11:43:04.362307
2025-07-16,83100,2025071601006611,SCB,SUN SECURITIES PVT LTD,Aryatara Investment & Securities,122,662.0,80764.0,2025-07-16 11:43:47.015905
2025-07-16,82981,2025071601006682,SCB,Dipshikha Dhitopatra Karobar Co. Pvt Ltd.,Siprabi Securities Pvt. Ltd.,500,663.0,331500.0,2025-07-16 11:43:59.907741
2025-07-16,81917,2025071601007160,SCB,Sweta Securities Private Limited,Sani Securities Company Ltd.,144,663.1,95486.4,2025-07-16 11:46:05.246860
2025-07-16,81916,2025071601007161,SCB,Sundhara Securities Limited,Sani Securities Company Ltd.,4856,663.0,3219528.0,2025-07-16 11:46:05.247105
2025-07-16,81865,2025071601007181,SCB,Sundhara Securities Limited,Miyo Securities Pvt Ltd,144,663.0,95472.0,2025-07-16 11:46:11.959228
2025-07-16,81864,2025071601007182,SCB,Dynamic Money Managers Securities Pvt. Ltd.,Miyo Securities Pvt Ltd,100,663.0,66300.0,2025-07-16 11:46:11.959286
2025-07-16,81863,2025071601007183,SCB,Malla & Malla Stock Broking Company Pvt. Limited,Miyo Securities Pvt Ltd,125,663.0,82875.0,2025-07-16 11:46:11.959310
2025-07-16,81862,2025071601007184,SCB,J.F. Securites (PVT) Ltd.,Miyo Securities Pvt Ltd,10,658.2,6582.0,2025-07-16 11:46:11.959335
2025-07-16,81861,2025071601007185,SCB,J.F. Securites (PVT) Ltd.,Miyo Securities Pvt Ltd,270,658.2,177714.0,2025-07-16 11:46:11.959356
2025-07-16,81860,2025071601007186,SCB,Naasa Securities Co. Ltd.,Miyo Securities Pvt Ltd,500,658.0,329000.0,2025-07-16 11:46:11.959401
2025-07-16,81859,2025071601007187,SCB,Aryatara Investment & Securities,Miyo Securities Pvt Ltd,220,658.0,144760.0,2025-07-16 11:46:11.959431
2025-07-16,81858,2025071601007188,SCB,Sundhara Securities Limited,Miyo Securities Pvt Ltd,3931,657.5,2584632.5,2025-07-16 11:46:11.959456
2025-07-16,81184,2025071601007409,SCB,Sundhara Securities Limited,Kohinoor Investment & Securities Pvt. Ltd.,50,657.5,32875.0,2025-07-16 11:47:31.135290
2025-07-16,81142,2025071601007418,SCB,Sundhara Securities Limited,Aryatara Investment & Securities,21,657.5,13807.5,2025-07-16 11:47:36.275311
2025-07-16,80693,2025071601007564,SCB,Sani Securities Company Ltd.,Agrawal Securities (PVT) Ltd.,100,665.0,66500.0,2025-07-16 11:48:48.495955
2025-07-16,80318,2025071601007703,SCB,Sundhara Securities Limited,Dipshikha Dhitopatra Karobar Co. Pvt Ltd.,500,664.0,332000.0,2025-07-16 11:49:51.099160
2025-07-16,80260,2025071601007726,SCB,Sundhara Securities Limited,Agrawal Securities (PVT) Ltd.,900,665.0,598500.0,2025-07-16 11:49:59.142394
2025-07-16,80259,2025071601007727,SCB,Sundhara Securities Limited,Sweta Securities Private Limited,100,665.0,66500.0,2025-07-16 11:49:59.142491
2025-07-16,79547,2025071601008051,SCB,Sundhara Securities Limited,Naasa Securities Co. Ltd.,1004,665.0,667660.0,2025-07-16 11:51:35.740596
2025-07-16,79400,2025071601008138,SCB,Secured Securities Ltd.,Sewa Securities Pvt. Ltd.,45,666.0,29970.0,2025-07-16 11:51:56.208475
2025-07-16,79399,2025071601008139,SCB,Secured Securities Ltd.,Sundhara Securities Limited,100,666.0,66600.0,2025-07-16 11:51:56.208576
2025-07-16,79398,2025071601008140,SCB,Secured Securities Ltd.,South Asian Bulls Pvt. Ltd.,30,667.0,20010.0,2025-07-16 11:51:56.208628
2025-07-16,79397,2025071601008141,SCB,Secured Securities Ltd.,Imperial Securities Company Pvt. Ltd.,125,667.0,83375.0,2025-07-16 11:51:56.208674
2025-07-16,78126,2025071601008584,SCB,Sundhara Securities Limited,Imperial Securities Company Pvt. Ltd.,175,667.0,116725.0,2025-07-16 11:55:22.662887
2025-07-16,78089,2025071601008601,SCB,Premier Securities Company Ltd.,Midas Stock Broking Company Private Limited,85,660.0,56100.0,2025-07-16 11:55:27.968256
2025-07-16,78088,2025071601008602,SCB,Thrive Brokerage House Pvt. Ltd,Midas Stock Broking Company Private Limited,200,658.0,131600.0,2025-07-16 11:55:27.968376
2025-07-16,78087,2025071601008603,SCB,Siprabi Securities Pvt. Ltd.,Midas Stock Broking Company Private Limited,12,658.0,7896.0,2025-07-16 11:55:27.968418
2025-07-16,77429,2025071601008860,SCB,Sundhara Securities Limited,Nepal Stock House (PVT) Ltd.,200,660.0,132000.0,2025-07-16 11:57:13.334060
2025-07-16,74090,2025071601010122,SCB,Sundhara Securities Limited,Sweta Securities Private Limited,50,660.0,33000.0,2025-07-16 12:05:46.700047
2025-07-16,73768,2025071601010187,SCB,Malla & Malla Stock Broking Company Pvt. Limited,Sharepro Securities Private Limited,255,661.0,168555.0,2025-07-16 12:06:22.492698
2025-07-16,73767,2025071601010188,SCB,Malla & Malla Stock Broking Company Pvt. Limited,Sharepro Securities Private Limited,255,661.0,168555.0,2025-07-16 12:06:22.492757
2025-07-16,73766,2025071601010189,SCB,Sundhara Securities Limited,Sharepro Securities Private Limited,4490,660.0,2963400.0,2025-07-16 12:06:22.492780
2025-07-16,72623,2025071601010629,SCB,Kumari Securities Private Limited,Market Securities & Exchange (PVT) Ltd.,10,660.0,6600.0,2025-07-16 12:09:36.379110
2025-07-16,72476,2025071601010699,SCB,Naasa Securities Co. Ltd.,Market Securities & Exchange (PVT) Ltd.,15,660.0,9900.0,2025-07-16 12:10:08.243450
2025-07-16,72455,2025071601010708,SCB,Agrawal Securities (PVT) Ltd.,Shree Krishna Securities Ltd.,46,658.0,30268.0,2025-07-16 12:10:11.375581
2025-07-16,72278,2025071601010784,SCB,Agrawal Securities (PVT) Ltd.,Malla & Malla Stock Broking Company Pvt. Limited,700,658.0,460600.0,2025-07-16 12:10:45.015900
2025-07-16,71622,2025071601011066,SCB,Siprabi Securities Pvt. Ltd.,Miyo Securities Pvt Ltd,988,658.1,650202.8,2025-07-16 12:12:33.957623
2025-07-16,71621,2025071601011067,SCB,Agrawal Securities (PVT) Ltd.,Miyo Securities Pvt Ltd,254,658.0,167132.0,2025-07-16 12:12:33.957743
2025-07-16,71620,2025071601011068,SCB,Sundhara Securities Limited,Miyo Securities Pvt Ltd,1758,658.0,1156764.0,2025-07-16 12:12:33.957798
2025-07-16,71530,2025071601011117,SCB,Vision Securities Pvt. Ltd,Malla & Malla Stock Broking Company Pvt. Limited,100,659.0,65900.0,2025-07-16 12:13:01.073807
2025-07-16,71355,2025071601011169,SCB,Oxford Securities Pvt. Ltd.,Malla & Malla Stock Broking Company Pvt. Limited,200,659.0,131800.0,2025-07-16 12:13:34.336616
2025-07-16,70866,2025071601011351,SCB,ABC Securities Private Limited,Market Securities & Exchange (PVT) Ltd.,15,660.0,9900.0,2025-07-16 12:15:03.960389
2025-07-16,69859,2025071601011776,SCB,Malla & Malla Stock Broking Company Pvt. Limited,Siprabi Securities Pvt. Ltd.,100,659.0,65900.0,2025-07-16 12:18:33.531467
2025-07-16,69775,2025071601011806,SCB,J.F. Securites (PVT) Ltd.,Market Securities & Exchange (PVT) Ltd.,10,660.0,6600.0,2025-07-16 12:18:45.481644
2025-07-16,69051,2025071601012088,SCB,Malla & Malla Stock Broking Company Pvt. Limited,Siprabi Securities Pvt. Ltd.,25,659.6,16490.0,2025-07-16 12:21:21.359836
2025-07-16,68275,2025071601012414,SCB,Himalayan Brokerage Company Limited,Naasa Securities Co. Ltd.,500,660.0,330000.0,2025-07-16 12:23:53.755038
2025-07-16,68274,2025071601012415,SCB,Himalayan Brokerage Company Limited,Dipshikha Dhitopatra Karobar Co. Pvt Ltd.,300,660.0,198000.0,2025-07-16 12:23:53.755151
2025-07-16,68273,2025071601012416,SCB,Himalayan Brokerage Company Limited,Trisul Securities & Invt. Ltd.,112,660.0,73920.0,2025-07-16 12:23:53.755211
2025-07-16,68184,2025071601012446,SCB,Himalayan Brokerage Company Limited,Dakshinkali Investment & Securities Pvt. Ltd.,25,660.0,16500.0,2025-07-16 12:24:10.566433
2025-07-16,67168,2025071601012832,SCB,Himalayan Brokerage Company Limited,Capital Max Securities Ltd,16,660.0,10560.0,2025-07-16 12:27:31.036076
2025-07-16,66565,2025071601013049,SCB,Vision Securities Pvt. Ltd,Shree Krishna Securities Ltd.,23,661.0,15203.0,2025-07-16 12:29:29.932269
2025-07-16,65329,2025071601013632,SCB,Vision Securities Pvt. Ltd,Dipshikha Dhitopatra Karobar Co. Pvt Ltd.,49,662.0,32438.0,2025-07-16 12:33:10.467368
2025-07-16,65327,2025071601013634,SCB,Miyo Securities Pvt Ltd,ABC Securities Private Limited,1086,664.0,721104.0,2025-07-16 12:33:10.783937
2025-07-16,65326,2025071601013635,SCB,Miyo Securities Pvt Ltd,Naasa Securities Co. Ltd.,10,664.9,6649.0,2025-07-16 12:33:10.784217
2025-07-16,65325,2025071601013636,SCB,Miyo Securities Pvt Ltd,Ashutosh Brokerage & Securities (PVT) Ltd.,100,665.0,66500.0,2025-07-16 12:33:10.784383
2025-07-16,65324,2025071601013637,SCB,Miyo Securities Pvt Ltd,Aakashbhairab Securities Ltd.,3000,665.0,1995000.0,2025-07-16 12:33:10.784543
2025-07-16,65323,2025071601013638,SCB,Miyo Securities Pvt Ltd,Agrawal Securities (PVT) Ltd.,200,665.0,133000.0,2025-07-16 12:33:10.784692
2025-07-16,65322,2025071601013639,SCB,Miyo Securities Pvt Ltd,Trishakti Securities Public Limited,106,665.0,70490.0,2025-07-16 12:33:10.784850
2025-07-16,65321,2025071601013640,SCB,Miyo Securities Pvt Ltd,Linch Stock Market Ltd.,10,665.0,6650.0,2025-07-16 12:33:10.785000
2025-07-16,65320,2025071601013641,SCB,Miyo Securities Pvt Ltd,Premier Securities Company Ltd.,20,665.0,13300.0,2025-07-16 12:33:10.785169
2025-07-16,65109,2025071601013720,SCB,Vision Securities Pvt. Ltd,Miyo Securities Pvt Ltd,1037,662.0,686494.0,2025-07-16 12:33:39.875952
2025-07-16,64928,2025071601013795,SCB,Himalayan Brokerage Company Limited,Pragyan Securities (PVT) Ltd.,21,660.0,13860.0,2025-07-16 12:34:16.564111
2025-07-16,64132,2025071601014071,SCB,J.F. Securites (PVT) Ltd.,South Asian Bulls Pvt. Ltd.,10,660.1,6601.0,2025-07-16 12:36:05.998574
2025-07-16,64131,2025071601014072,SCB,Himalayan Brokerage Company Limited,South Asian Bulls Pvt. Ltd.,15,660.0,9900.0,2025-07-16 12:36:05.998749
2025-07-16,63455,2025071601014395,SCB,Kohinoor Investment & Securities Pvt. Ltd.,Dynamic Money Managers Securities Pvt. Ltd.,10,661.0,6610.0,2025-07-16 12:38:01.501699
2025-07-16,63454,2025071601014396,SCB,Himalayan Brokerage Company Limited,Dynamic Money Managers Securities Pvt. Ltd.,11,660.0,7260.0,2025-07-16 12:38:01.501843
2025-07-16,63453,2025071601014397,SCB,Capital Max Securities Ltd,Dynamic Money Managers Securities Pvt. Ltd.,17,660.0,11220.0,2025-07-16 12:38:01.501900
2025-07-16,61946,2025071601015073,SCB,Himalayan Brokerage Company Limited,ABC Securities Private Limited,10,665.0,6650.0,2025-07-16 12:42:01.051477
2025-07-16,61314,2025071601015310,SCB,Sundhara Securities Limited,ABC Securities Private Limited,490,665.0,325850.0,2025-07-16 12:43:47.972735
2025-07-16,60648,2025071601015622,SCB,J.F. Securites (PVT) Ltd.,ABC Securities Private Limited,10,665.0,6650.0,2025-07-16 12:45:37.879506
2025-07-16,60248,2025071601015747,SCB,Sundhara Securities Limited,ABC Securities Private Limited,490,665.0,325850.0,2025-07-16 12:46:40.788792
2025-07-16,59506,2025071601015970,SCB,Nabil Stock Dealer Ltd.,Miyo Securities Pvt Ltd,194,660.1,128059.4,2025-07-16 12:48:43.039794
2025-07-16,59505,2025071601015971,SCB,Trishakti Securities Public Limited,Miyo Securities Pvt Ltd,1000,660.1,660100.0,2025-07-16 12:48:43.039889
2025-07-16,59504,2025071601015972,SCB,Kumari Securities Private Limited,Miyo Securities Pvt Ltd,300,660.0,198000.0,2025-07-16 12:48:43.039981
2025-07-16,59503,2025071601015973,SCB,BHOLE GANESH SECURITIES LTD,Miyo Securities Pvt Ltd,706,660.0,465960.0,2025-07-16 12:48:43.040073
2025-07-16,58090,2025071601016569,SCB,Himalayan Securities Limited,Online Securities Pvt. Ltd.,15,664.0,9960.0,2025-07-16 12:53:20.527461
2025-07-16,58089,2025071601016570,SCB,Himalayan Securities Limited,Nepal Stock House (PVT) Ltd.,20,665.0,13300.0,2025-07-16 12:53:20.527734
2025-07-16,57423,2025071601016844,SCB,Opal Securities Investment (PVT) Ltd.,Nepal Stock House (PVT) Ltd.,10,665.0,6650.0,2025-07-16 12:55:36.295500
2025-07-16,57014,2025071601016990,SCB,Sundhara Securities Limited,ABC Securities Private Limited,500,665.0,332500.0,2025-07-16 12:57:12.885953
2025-07-16,57013,2025071601016991,SCB,Sundhara Securities Limited,Naasa Securities Co. Ltd.,200,665.0,133000.0,2025-07-16 12:57:12.886211
2025-07-16,57012,2025071601016992,SCB,Sundhara Securities Limited,Imperial Securities Company Pvt. Ltd.,58,665.0,38570.0,2025-07-16 12:57:12.886377
2025-07-16,57011,2025071601016993,SCB,Sundhara Securities Limited,Sani Securities Company Ltd.,322,665.0,214130.0,2025-07-16 12:57:12.886547
2025-07-16,56549,2025071601017137,SCB,BHOLE GANESH SECURITIES LTD,Dipshikha Dhitopatra Karobar Co. Pvt Ltd.,44,660.0,29040.0,2025-07-16 12:58:35.960619
2025-07-16,56548,2025071601017138,SCB,Nepal Investment And Securities Trading Private Limited,Dipshikha Dhitopatra Karobar Co. Pvt Ltd.,36,660.0,23760.0,2025-07-16 12:58:35.960734
2025-07-16,55181,2025071601017660,SCB,Nepal Investment And Securities Trading Private Limited,Sani Securities Company Ltd.,17,660.0,11220.0,2025-07-16 13:01:58.750582
2025-07-16,55180,2025071601017661,SCB,Linch Stock Market Ltd.,Sani Securities Company Ltd.,125,660.0,82500.0,2025-07-16 13:01:58.750728
2025-07-16,55179,2025071601017662,SCB,Sundhara Securities Limited,Sani Securities Company Ltd.,5000,660.0,3300000.0,2025-07-16 13:01:58.750791
2025-07-16,53436,2025071601018243,SCB,Sharepro Securities Private Limited,J.F. Securites (PVT) Ltd.,10,663.9,6639.0,2025-07-16 13:07:46.469512
2025-07-16,53435,2025071601018244,SCB,Sharepro Securities Private Limited,Naasa Securities Co. Ltd.,35,664.0,23240.0,2025-07-16 13:07:46.469839
2025-07-16,51742,2025071601018903,SCB,Trisul Securities & Invt. Ltd.,ABC Securities Private Limited,300,660.0,198000.0,2025-07-16 13:12:21.917290
2025-07-16,51741,2025071601018904,SCB,Vision Securities Pvt. Ltd,ABC Securities Private Limited,10,659.7,6597.0,2025-07-16 13:12:21.917444
2025-07-16,51740,2025071601018905,SCB,Vision Securities Pvt. Ltd,ABC Securities Private Limited,190,659.7,125343.0,2025-07-16 13:12:21.917523
2025-07-16,51695,2025071601018924,SCB,Vision Securities Pvt. Ltd,ABC Securities Private Limited,500,659.7,329850.0,2025-07-16 13:12:26.996336
2025-07-16,51637,2025071601018949,SCB,Vision Securities Pvt. Ltd,ABC Securities Private Limited,310,659.7,204507.0,2025-07-16 13:12:33.112899
2025-07-16,51636,2025071601018950,SCB,Malla & Malla Stock Broking Company Pvt. Limited,ABC Securities Private Limited,190,659.6,125324.0,2025-07-16 13:12:33.113128
2025-07-16,50570,2025071601019251,SCB,Malla & Malla Stock Broking Company Pvt. Limited,Nagarik Stock Dealer ,35,659.6,23086.0,2025-07-16 13:15:24.941884
2025-07-16,50569,2025071601019252,SCB,Trishakti Securities Public Limited,Nagarik Stock Dealer ,71,659.6,46831.6,2025-07-16 13:15:24.941997
2025-07-16,50516,2025071601019262,SCB,Trishakti Securities Public Limited,Sumeru Securities Pvt. Ltd.,22,659.6,14511.2,2025-07-16 13:15:32.547937
2025-07-16,48792,2025071601019795,SCB,Online Securities Pvt. Ltd.,Kohinoor Investment & Securities Pvt. Ltd.,90,660.1,59409.0,2025-07-16 13:20:10.916972
2025-07-16,48072,2025071601019990,SCB,Malla & Malla Stock Broking Company Pvt. Limited,J.F. Securites (PVT) Ltd.,200,660.5,132100.0,2025-07-16 13:22:17.288837
2025-07-16,48006,2025071601020015,SCB,Malla & Malla Stock Broking Company Pvt. Limited,Nepal Investment And Securities Trading Private Limited,11,660.5,7265.5,2025-07-16 13:22:28.824478
2025-07-16,47735,2025071601020094,SCB,Malla & Malla Stock Broking Company Pvt. Limited,Sharepro Securities Private Limited,39,660.5,25759.5,2025-07-16 13:23:09.357373
2025-07-16,47734,2025071601020095,SCB,Online Securities Pvt. Ltd.,Sharepro Securities Private Limited,63,660.1,41586.3,2025-07-16 13:23:09.357478
2025-07-16,47733,2025071601020096,SCB,ABC Securities Private Limited,Sharepro Securities Private Limited,200,660.0,132000.0,2025-07-16 13:23:09.357560
2025-07-16,47732,2025071601020097,SCB,Agrawal Securities (PVT) Ltd.,Sharepro Securities Private Limited,30,659.7,19791.0,2025-07-16 13:23:09.357636
2025-07-16,47731,2025071601020098,SCB,Trishakti Securities Public Limited,Sharepro Securities Private Limited,307,659.6,202497.2,2025-07-16 13:23:09.357709
2025-07-16,47730,2025071601020099,SCB,Creative Securities Pvt Ltd,Sharepro Securities Private Limited,100,659.0,65900.0,2025-07-16 13:23:09.357787
2025-07-16,47729,2025071601020100,SCB,Siprabi Securities Pvt. Ltd.,Sharepro Securities Private Limited,261,658.1,171764.1,2025-07-16 13:23:09.357861
2025-07-16,47717,2025071601020104,SCB,Kalika Securities Pvt. Ltd.,Sumeru Securities Pvt. Ltd.,87,663.7,57741.9,2025-07-16 13:23:13.437664
2025-07-16,47678,2025071601020116,SCB,Siprabi Securities Pvt. Ltd.,Sharepro Securities Private Limited,739,658.1,486335.9,2025-07-16 13:23:21.412257
2025-07-16,47677,2025071601020117,SCB,Asian Securities Private Ltd.,Sharepro Securities Private Limited,10,658.1,6581.0,2025-07-16 13:23:21.412356
2025-07-16,47676,2025071601020118,SCB,Kumari Securities Private Limited,Sharepro Securities Private Limited,50,658.0,32900.0,2025-07-16 13:23:21.412456
2025-07-16,47675,2025071601020119,SCB,J.F. Securites (PVT) Ltd.,Sharepro Securities Private Limited,10,657.6,6576.0,2025-07-16 13:23:21.412535
2025-07-16,47674,2025071601020120,SCB,Secured Securities Ltd.,Sharepro Securities Private Limited,100,657.0,65700.0,2025-07-16 13:23:21.412611
2025-07-16,47673,2025071601020121,SCB,Malla & Malla Stock Broking Company Pvt. Limited,Sharepro Securities Private Limited,75,655.0,49125.0,2025-07-16 13:23:21.412685
2025-07-16,47672,2025071601020122,SCB,Investment Management Nepal Pvt. Ltd.,Sharepro Securities Private Limited,10,655.0,6550.0,2025-07-16 13:23:21.412755
2025-07-16,46802,2025071601020388,SCB,Opal Securities Investment (PVT) Ltd.,Vision Securities Pvt. Ltd,13,656.0,8528.0,2025-07-16 13:26:04.517625
2025-07-16,44752,2025071601021045,SCB,Linch Stock Market Ltd.,Linch Stock Market Ltd.,62,662.0,41044.0,2025-07-16 13:32:12.181404
2025-07-16,44509,2025071601021129,SCB,Naasa Securities Co. Ltd.,Sumeru Securities Pvt. Ltd.,10,663.7,6637.0,2025-07-16 13:32:53.540610
2025-07-16,41361,2025071601022059,SCB,Linch Stock Market Ltd.,Aakashbhairab Securities Ltd.,38,662.0,25156.0,2025-07-16 13:41:26.350682
2025-07-16,41141,2025071601022125,SCB,Aakashbhairab Securities Ltd.,Aakashbhairab Securities Ltd.,5042,662.0,3337804.0,2025-07-16 13:41:58.472649
2025-07-16,38762,2025071601022808,SCB,Sundhara Securities Limited,Trishakti Securities Public Limited,3000,657.0,1971000.0,2025-07-16 13:48:34.089854
2025-07-16,37941,2025071601023041,SCB,Midas Stock Broking Company Private Limited,Hatemalo Financial Services Private Limited,100,658.0,65800.0,2025-07-16 13:50:35.867380
2025-07-16,37940,2025071601023042,SCB,Thrive Brokerage House Pvt. Ltd,Hatemalo Financial Services Private Limited,250,656.5,164125.0,2025-07-16 13:50:35.867604
2025-07-16,37939,2025071601023043,SCB,Siprabi Securities Pvt. Ltd.,Hatemalo Financial Services Private Limited,1000,656.5,656500.0,2025-07-16 13:50:35.867672
2025-07-16,37938,2025071601023044,SCB,Siprabi Securities Pvt. Ltd.,Hatemalo Financial Services Private Limited,1000,656.4,656400.0,2025-07-16 13:50:35.867735
2025-07-16,37937,2025071601023045,SCB,Dynamic Money Managers Securities Pvt. Ltd.,Hatemalo Financial Services Private Limited,700,656.3,459410.0,2025-07-16 13:50:35.867850
2025-07-16,37936,2025071601023046,SCB,Deevyaa Securities & Stock House Pvt. Ltd,Hatemalo Financial Services Private Limited,31,656.2,20342.2,2025-07-16 13:50:35.867916
2025-07-16,35706,2025071601023814,SCB,Capital Max Securities Ltd,Sani Securities Company Ltd.,100,657.1,65710.0,2025-07-16 13:56:05.231110
2025-07-16,35463,2025071601023894,SCB,Nepal Investment And Securities Trading Private Limited,Sani Securities Company Ltd.,50,657.0,32850.0,2025-07-16 13:56:33.758777
2025-07-16,35427,2025071601023899,SCB,Sri Hari Securities Pvt. Ltd.,J.F. Securites (PVT) Ltd.,100,656.2,65620.0,2025-07-16 13:56:38.242950
2025-07-16,35426,2025071601023900,SCB,Trishakti Securities Public Limited,J.F. Securites (PVT) Ltd.,50,656.1,32805.0,2025-07-16 13:56:38.243282
2025-07-16,35425,2025071601023901,SCB,Opal Securities Investment (PVT) Ltd.,J.F. Securites (PVT) Ltd.,47,656.0,30832.0,2025-07-16 13:56:38.243477
2025-07-16,35424,2025071601023902,SCB,Deevyaa Securities & Stock House Pvt. Ltd,J.F. Securites (PVT) Ltd.,69,655.3,45215.7,2025-07-16 13:56:38.243663
2025-07-16,35423,2025071601023903,SCB,J.F. Securites (PVT) Ltd.,J.F. Securites (PVT) Ltd.,10,655.2,6552.0,2025-07-16 13:56:38.243838
2025-07-16,35422,2025071601023904,SCB,Creative Securities Pvt Ltd,J.F. Securites (PVT) Ltd.,97,655.2,63554.4,2025-07-16 13:56:38.244042
2025-07-16,35421,2025071601023905,SCB,Sharepro Securities Private Limited,J.F. Securites (PVT) Ltd.,327,655.1,214217.7,2025-07-16 13:56:38.244221
2025-07-16,35334,2025071601023950,SCB,Sharepro Securities Private Limited,J.F. Securites (PVT) Ltd.,500,655.1,327550.0,2025-07-16 13:56:49.299458
2025-07-16,35254,2025071601023981,SCB,Sharepro Securities Private Limited,J.F. Securites (PVT) Ltd.,500,655.1,327550.0,2025-07-16 13:57:03.394898
2025-07-16,34918,2025071601024075,SCB,Sharepro Securities Private Limited,J.F. Securites (PVT) Ltd.,100,655.1,65510.0,2025-07-16 13:57:45.661111
2025-07-16,34852,2025071601024096,SCB,Sharepro Securities Private Limited,Trishakti Securities Public Limited,3573,655.1,2340672.3,2025-07-16 13:57:55.900942
2025-07-16,34851,2025071601024097,SCB,Malla & Malla Stock Broking Company Pvt. Limited,Trishakti Securities Public Limited,100,655.0,65500.0,2025-07-16 13:57:55.901149
2025-07-16,34850,2025071601024098,SCB,Naasa Securities Co. Ltd.,Trishakti Securities Public Limited,10,655.0,6550.0,2025-07-16 13:57:55.901240
2025-07-16,34849,2025071601024099,SCB,Investment Management Nepal Pvt. Ltd.,Trishakti Securities Public Limited,10,655.0,6550.0,2025-07-16 13:57:55.901303
2025-07-16,34848,2025071601024100,SCB,Dynamic Money Managers Securities Pvt. Ltd.,Trishakti Securities Public Limited,100,655.0,65500.0,2025-07-16 13:57:55.901364
2025-07-16,34847,2025071601024101,SCB,Bhrikuti Stock Broking Co. Pvt. Ltd.,Trishakti Securities Public Limited,20,655.0,13100.0,2025-07-16 13:57:55.901431
2025-07-16,34846,2025071601024102,SCB,Midas Stock Broking Company Private Limited,Trishakti Securities Public Limited,500,655.0,327500.0,2025-07-16 13:57:55.901497
2025-07-16,34845,2025071601024103,SCB,Naasa Securities Co. Ltd.,Trishakti Securities Public Limited,50,655.0,32750.0,2025-07-16 13:57:55.901561
2025-07-16,34844,2025071601024104,SCB,Linch Stock Market Ltd.,Trishakti Securities Public Limited,100,655.0,65500.0,2025-07-16 13:57:55.901623
2025-07-16,34575,2025071601024184,SCB,Dynamic Money Managers Securities Pvt. Ltd.,Sani Securities Company Ltd.,700,654.2,457940.0,2025-07-16 13:58:46.705912
2025-07-16,34574,2025071601024185,SCB,Sundhara Securities Limited,Sani Securities Company Ltd.,140,654.2,91588.0,2025-07-16 13:58:46.958344
2025-07-16,34573,2025071601024186,SCB,Sundhara Securities Limited,Trishakti Securities Public Limited,397,655.0,260035.0,2025-07-16 13:58:46.958547
2025-07-16,34493,2025071601024213,SCB,Sundhara Securities Limited,Trishakti Securities Public Limited,140,655.0,91700.0,2025-07-16 13:59:03.042545
2025-07-16,33792,2025071601024493,SCB,Vision Securities Pvt. Ltd,Kumari Securities Private Limited,25,653.1,16327.5,2025-07-16 14:00:52.155617
2025-07-16,33297,2025071601024700,SCB,Vision Securities Pvt. Ltd,Kalika Securities Pvt. Ltd.,14,653.1,9143.4,2025-07-16 14:02:26.586416
2025-07-16,32876,2025071601024904,SCB,Asian Securities Private Ltd.,Trisul Securities & Invt. Ltd.,150,658.0,98700.0,2025-07-16 14:03:23.454880
2025-07-16,32875,2025071601024905,SCB,Asian Securities Private Ltd.,Imperial Securities Company Pvt. Ltd.,145,659.9,95685.5,2025-07-16 14:03:23.454984
2025-07-16,32874,2025071601024906,SCB,Asian Securities Private Ltd.,Kohinoor Investment & Securities Pvt. Ltd.,150,660.0,99000.0,2025-07-16 14:03:23.455085
2025-07-16,32873,2025071601024907,SCB,Asian Securities Private Ltd.,Trishakti Securities Public Limited,1055,660.0,696300.0,2025-07-16 14:03:23.455140
2025-07-16,32801,2025071601024929,SCB,Sundhara Securities Limited,Trishakti Securities Public Limited,623,660.0,411180.0,2025-07-16 14:03:37.535648
2025-07-16,32800,2025071601024930,SCB,Sundhara Securities Limited,Malla & Malla Stock Broking Company Pvt. Limited,30,660.0,19800.0,2025-07-16 14:03:37.535986
2025-07-16,32450,2025071601025034,SCB,Asian Securities Private Ltd.,Imperial Securities Company Pvt. Ltd.,113,661.9,74794.7,2025-07-16 14:04:44.945380
2025-07-16,32449,2025071601025035,SCB,Asian Securities Private Ltd.,Trishakti Securities Public Limited,187,662.0,123794.0,2025-07-16 14:04:44.945444
2025-07-16,27844,2025071601026648,SCB,Midas Stock Broking Company Private Limited,Dynamic Money Managers Securities Pvt. Ltd.,100,659.8,65980.0,2025-07-16 14:18:05.339274
2025-07-16,27707,2025071601026691,SCB,Sundhara Securities Limited,Trishakti Securities Public Limited,1813,660.0,1196580.0,2025-07-16 14:18:31.864291
2025-07-16,27472,2025071601026763,SCB,Vision Securities Pvt. Ltd,Nepal Stock House (PVT) Ltd.,20,661.0,13220.0,2025-07-16 14:19:15.057967
2025-07-16,27471,2025071601026764,SCB,Vision Securities Pvt. Ltd,Sumeru Securities Pvt. Ltd.,1804,661.0,1192444.0,2025-07-16 14:19:15.058301
2025-07-16,25061,2025071601027494,SCB,Sundhara Securities Limited,Capital Hub P. Ltd,250,661.4,165350.0,2025-07-16 14:25:44.223493
2025-07-16,24996,2025071601027522,SCB,J.F. Securites (PVT) Ltd.,Miyo Securities Pvt Ltd,10,655.2,6552.0,2025-07-16 14:25:51.043659
2025-07-16,24995,2025071601027523,SCB,Midas Stock Broking Company Private Limited,Miyo Securities Pvt Ltd,400,655.1,262040.0,2025-07-16 14:25:51.043713
2025-07-16,24994,2025071601027524,SCB,Kumari Securities Private Limited,Miyo Securities Pvt Ltd,500,655.1,327550.0,2025-07-16 14:25:51.043771
2025-07-16,24993,2025071601027525,SCB,Kumari Securities Private Limited,Miyo Securities Pvt Ltd,600,655.1,393060.0,2025-07-16 14:25:51.043800
2025-07-16,24992,2025071601027526,SCB,Arun Securities (PVT) Ltd.,Miyo Securities Pvt Ltd,300,655.1,196530.0,2025-07-16 14:25:51.043824
2025-07-16,24991,2025071601027527,SCB,Imperial Securities Company Pvt. Ltd.,Miyo Securities Pvt Ltd,50,655.0,32750.0,2025-07-16 14:25:51.043852
2025-07-16,24990,2025071601027528,SCB,Vision Securities Pvt. Ltd,Miyo Securities Pvt Ltd,630,655.0,412650.0,2025-07-16 14:25:51.043879
2025-07-16,24960,2025071601027534,SCB,Sundhara Securities Limited,Naasa Securities Co. Ltd.,50,661.5,33075.0,2025-07-16 14:25:58.295082
2025-07-16,24808,2025071601027592,SCB,Sundhara Securities Limited,Naasa Securities Co. Ltd.,100,661.7,66170.0,2025-07-16 14:26:24.417366
2025-07-16,24807,2025071601027593,SCB,Sundhara Securities Limited,Dynamic Money Managers Securities Pvt. Ltd.,100,661.8,66180.0,2025-07-16 14:26:24.417686
2025-07-16,24806,2025071601027594,SCB,Sundhara Securities Limited,Nepal Stock House (PVT) Ltd.,9947,661.8,6582924.6,2025-07-16 14:26:24.417872
2025-07-16,24354,2025071601027754,SCB,Cristal Kanchanjanga Securites Pvt. Ltd.,Dipshikha Dhitopatra Karobar Co. Pvt Ltd.,300,655.2,196560.0,2025-07-16 14:27:33.251158
2025-07-16,24353,2025071601027755,SCB,Naasa Securities Co. Ltd.,Dipshikha Dhitopatra Karobar Co. Pvt Ltd.,10,655.1,6551.0,2025-07-16 14:27:33.251331
2025-07-16,24352,2025071601027756,SCB,Siprabi Securities Pvt. Ltd.,Dipshikha Dhitopatra Karobar Co. Pvt Ltd.,90,655.1,58959.0,2025-07-16 14:27:33.251397
2025-07-16,21739,2025071601028579,SCB,Online Securities Pvt. Ltd.,Nepal Stock House (PVT) Ltd.,60,658.0,39480.0,2025-07-16 14:33:46.184305
2025-07-16,21738,2025071601028580,SCB,Nepal Investment And Securities Trading Private Limited,Nepal Stock House (PVT) Ltd.,10,657.0,6570.0,2025-07-16 14:33:46.184409
2025-07-16,21737,2025071601028581,SCB,Vision Securities Pvt. Ltd,Nepal Stock House (PVT) Ltd.,555,656.0,364080.0,2025-07-16 14:33:46.184493
2025-07-16,21736,2025071601028582,SCB,ABC Securities Private Limited,Nepal Stock House (PVT) Ltd.,1000,656.0,656000.0,2025-07-16 14:33:46.184568
2025-07-16,21735,2025071601028583,SCB,Siprabi Securities Pvt. Ltd.,Nepal Stock House (PVT) Ltd.,103,656.0,67568.0,2025-07-16 14:33:46.184643
2025-07-16,21734,2025071601028584,SCB,Siprabi Securities Pvt. Ltd.,Nepal Stock House (PVT) Ltd.,910,655.1,596141.0,2025-07-16 14:33:46.184749
2025-07-16,21733,2025071601028585,SCB,Siprabi Securities Pvt. Ltd.,Nepal Stock House (PVT) Ltd.,1000,655.1,655100.0,2025-07-16 14:33:46.184856
2025-07-16,21732,2025071601028586,SCB,Vision Securities Pvt. Ltd,Nepal Stock House (PVT) Ltd.,2370,655.0,1552350.0,2025-07-16 14:33:46.184965
2025-07-16,21731,2025071601028587,SCB,Vision Securities Pvt. Ltd,Nepal Stock House (PVT) Ltd.,176,655.0,115280.0,2025-07-16 14:33:46.185093
2025-07-16,21730,2025071601028588,SCB,Linch Stock Market Ltd.,Nepal Stock House (PVT) Ltd.,100,655.0,65500.0,2025-07-16 14:33:46.185200
2025-07-16,21729,2025071601028589,SCB,Agrawal Securities (PVT) Ltd.,Nepal Stock House (PVT) Ltd.,16,655.0,10480.0,2025-07-16 14:33:46.185322
2025-07-16,20927,2025071601028883,SCB,Online Securities Pvt. Ltd.,Aryatara Investment & Securities,25,657.0,16425.0,2025-07-16 14:35:45.636930
2025-07-16,20926,2025071601028884,SCB,Online Securities Pvt. Ltd.,Naasa Securities Co. Ltd.,50,660.0,33000.0,2025-07-16 14:35:45.637106
2025-07-16,19759,2025071601029312,SCB,Online Securities Pvt. Ltd.,Nepal Stock House (PVT) Ltd.,50,661.0,33050.0,2025-07-16 14:38:06.215185
2025-07-16,19721,2025071601029330,SCB,Online Securities Pvt. Ltd.,Dynamic Money Managers Securities Pvt. Ltd.,40,661.0,26440.0,2025-07-16 14:38:12.580278
2025-07-16,15328,2025071601030854,SCB,Agrawal Securities (PVT) Ltd.,Agrawal Securities (PVT) Ltd.,25,655.0,16375.0,2025-07-16 14:45:26.562572
2025-07-16,13334,2025071601031456,SCB,Imperial Securities Company Pvt. Ltd.,Online Securities Pvt. Ltd.,25,655.5,16387.5,2025-07-16 14:48:01.632478
2025-07-16,13274,2025071601031493,SCB,Imperial Securities Company Pvt. Ltd.,Nepal Stock House (PVT) Ltd.,1975,655.5,1294612.5,2025-07-16 14:48:04.918751
2025-07-16,13273,2025071601031494,SCB,Linch Stock Market Ltd.,Nepal Stock House (PVT) Ltd.,250,655.3,163825.0,2025-07-16 14:48:04.918810
2025-07-16,13272,2025071601031495,SCB,Vision Securities Pvt. Ltd,Nepal Stock House (PVT) Ltd.,2000,655.2,1310400.0,2025-07-16 14:48:04.918839
2025-07-16,13271,2025071601031496,SCB,ABC Securities Private Limited,Nepal Stock House (PVT) Ltd.,500,655.1,327550.0,2025-07-16 14:48:04.918869
2025-07-16,13270,2025071601031497,SCB,Agrawal Securities (PVT) Ltd.,Nepal Stock House (PVT) Ltd.,46,655.0,30130.0,2025-07-16 14:48:04.918904
2025-07-16,13269,2025071601031498,SCB,Deevyaa Securities & Stock House Pvt. Ltd,Nepal Stock House (PVT) Ltd.,19,655.0,12445.0,2025-07-16 14:48:04.918935
2025-07-16,13268,2025071601031499,SCB,ABC Securities Private Limited,Nepal Stock House (PVT) Ltd.,210,655.0,137550.0,2025-07-16 14:48:04.918963
2025-07-16,12775,2025071601031628,SCB,ABC Securities Private Limited,Linch Stock Market Ltd.,25,655.1,16377.5,2025-07-16 14:48:52.365105
2025-07-16,10740,2025071601032246,SCB,Nepal Stock House (PVT) Ltd.,Sharepro Securities Private Limited,100,655.3,65530.0,2025-07-16 14:51:30.845494
2025-07-16,10739,2025071601032247,SCB,Vision Securities Pvt. Ltd,Sharepro Securities Private Limited,2000,655.2,1310400.0,2025-07-16 14:51:30.845537
2025-07-16,10738,2025071601032248,SCB,ABC Securities Private Limited,Sharepro Securities Private Limited,400,655.1,262040.0,2025-07-16 14:51:30.845565
2025-07-16,9048,2025071601032814,SCB,Sundhara Securities Limited,Nepal Stock House (PVT) Ltd.,2000,656.0,1312000.0,2025-07-16 14:53:23.155476
2025-07-16,8653,2025071601032917,SCB,ABC Securities Private Limited,Aryatara Investment & Securities,75,655.1,49132.5,2025-07-16 14:53:46.598824
2025-07-16,8652,2025071601032918,SCB,Siprabi Securities Pvt. Ltd.,Aryatara Investment & Securities,325,655.1,212907.5,2025-07-16 14:53:46.599162
2025-07-16,8593,2025071601032935,SCB,Online Securities Pvt. Ltd.,Nepal Stock House (PVT) Ltd.,50,660.0,33000.0,2025-07-16 14:53:51.271646
2025-07-16,8592,2025071601032936,SCB,Online Securities Pvt. Ltd.,Kumari Securities Private Limited,23,660.0,15180.0,2025-07-16 14:53:51.271845
2025-07-16,7984,2025071601033168,SCB,Online Securities Pvt. Ltd.,Midas Stock Broking Company Private Limited,25,660.0,16500.0,2025-07-16 14:54:28.548851
2025-07-16,7983,2025071601033169,SCB,Siprabi Securities Pvt. Ltd.,Midas Stock Broking Company Private Limited,25,655.1,16377.5,2025-07-16 14:54:28.548944
2025-07-16,4820,2025071601034071,SCB,Vision Securities Pvt. Ltd,J.F. Securites (PVT) Ltd.,10,660.7,6607.0,2025-07-16 14:57:25.519725
2025-07-16,4819,2025071601034072,SCB,Vision Securities Pvt. Ltd,Online Securities Pvt. Ltd.,15,660.8,9912.0,2025-07-16 14:57:25.519911
2025-07-16,4818,2025071601034073,SCB,Vision Securities Pvt. Ltd,Dynamic Money Managers Securities Pvt. Ltd.,175,660.9,115657.5,2025-07-16 14:57:25.519980
2025-07-16,3321,2025071601034529,SCB,Vision Securities Pvt. Ltd,Dynamic Money Managers Securities Pvt. Ltd.,25,660.9,16522.5,2025-07-16 14:58:30.609334
2025-07-16,3320,2025071601034530,SCB,Vision Securities Pvt. Ltd,Dynamic Money Managers Securities Pvt. Ltd.,50,661.0,33050.0,2025-07-16 14:58:30.609515
2025-07-16,3319,2025071601034531,SCB,Vision Securities Pvt. Ltd,Naasa Securities Co. Ltd.,10,661.0,6610.0,2025-07-16 14:58:30.609593
2025-07-16,3318,2025071601034532,SCB,Vision Securities Pvt. Ltd,Premier Securities Company Ltd.,315,661.0,208215.0,2025-07-16 14:58:30.609665
2025-07-16,2317,2025071601034842,SCB,Sundhara Securities Limited,Premier Securities Company Ltd.,14,661.0,9254.0,2025-07-16 14:59:08.004095
2025-07-16,2316,2025071601034843,SCB,Sundhara Securities Limited,Linch Stock Market Ltd.,220,661.0,145420.0,2025-07-16 14:59:08.004332
2025-07-16,2315,2025071601034844,SCB,Sundhara Securities Limited,Oxford Securities Pvt. Ltd.,47,661.0,31067.0,2025-07-16 14:59:08.004426
2025-07-16,1064,2025071601035218,SCB,Vision Securities Pvt. Ltd,Nepal Investment And Securities Trading Private Limited,53,660.9,35027.7,2025-07-16 14:59:38.594611
2025-07-16,1063,2025071601035219,SCB,Vision Securities Pvt. Ltd,Imperial Securities Company Pvt. Ltd.,447,660.9,295422.3,2025-07-16 14:59:38.594805
