Date,S.N.,contract_id,symbol,buyer_broker,seller_broker,volume,price,amount,transaction_time
2025-07-16,99505,2025071604000001,SHL,Vision Securities Pvt. Ltd,Bhrikuti Stock Broking Co. Pvt. Ltd.,300,585.1,175530.0,2025-07-16 10:46:00.005079
2025-07-16,99504,2025071604000002,SHL,Vision Securities Pvt. Ltd,Bhrikuti Stock Broking Co. Pvt. Ltd.,200,585.1,117020.0,2025-07-16 10:46:00.005133
2025-07-16,99269,2025071604000078,SHL,Vision Securities Pvt. Ltd,KALASH STOCK MARKET PVT. LTD.,200,579.0,115800.0,2025-07-16 11:01:00.372863
2025-07-16,99268,2025071604000079,SHL,Vision Securities Pvt. Ltd,Trishakti Securities Public Limited,300,580.0,174000.0,2025-07-16 11:01:00.372995
2025-07-16,99229,2025071604000088,SHL,Miyo Securities Pvt Ltd,Aryatara Investment & Securities,330,580.8,191664.0,2025-07-16 11:01:19.395074
2025-07-16,99228,2025071604000089,SHL,Miyo Securities Pvt Ltd,Bhrikuti Stock Broking Co. Pvt. Ltd.,170,580.9,98753.0,2025-07-16 11:01:19.395132
2025-07-16,99025,2025071604000156,SHL,Vision Securities Pvt. Ltd,Sweta Securities Private Limited,100,580.0,58000.0,2025-07-16 11:02:21.838753
2025-07-16,99024,2025071604000157,SHL,Vision Securities Pvt. Ltd,Trishakti Securities Public Limited,694,580.0,402520.0,2025-07-16 11:02:21.838847
2025-07-16,98996,2025071604000172,SHL,Agrawal Securities (PVT) Ltd.,Sani Securities Company Ltd.,150,575.1,86265.0,2025-07-16 11:02:29.023099
2025-07-16,98027,2025071604000410,SHL,Capital Max Securities Ltd,Kumari Securities Private Limited,300,580.0,174000.0,2025-07-16 11:05:47.021913
2025-07-16,98026,2025071604000411,SHL,Capital Max Securities Ltd,R.B.B. Securities Company Ltd,100,581.9,58190.0,2025-07-16 11:05:47.021999
2025-07-16,97949,2025071604000428,SHL,Opal Securities Investment (PVT) Ltd.,Bhrikuti Stock Broking Co. Pvt. Ltd.,100,582.0,58200.0,2025-07-16 11:06:04.542495
2025-07-16,97948,2025071604000429,SHL,Opal Securities Investment (PVT) Ltd.,Miyo Securities Pvt Ltd,100,582.0,58200.0,2025-07-16 11:06:04.542644
2025-07-16,97907,2025071604000437,SHL,Capital Max Securities Ltd,Online Securities Pvt. Ltd.,1500,581.9,872850.0,2025-07-16 11:06:16.187345
2025-07-16,97885,2025071604000440,SHL,Capital Max Securities Ltd,Sweta Securities Private Limited,100,581.9,58190.0,2025-07-16 11:06:20.898631
2025-07-16,97837,2025071604000458,SHL,Capital Max Securities Ltd,Primo Securities (PVT) Ltd.,500,581.9,290950.0,2025-07-16 11:06:29.365154
2025-07-16,97820,2025071604000464,SHL,Capital Max Securities Ltd,Sweta Securities Private Limited,130,581.9,75647.0,2025-07-16 11:06:30.956720
2025-07-16,97046,2025071604000650,SHL,Nepal Stock House (PVT) Ltd.,Vision Securities Pvt. Ltd,100,575.2,57520.0,2025-07-16 11:08:34.432662
2025-07-16,97045,2025071604000651,SHL,Agrawal Securities (PVT) Ltd.,Vision Securities Pvt. Ltd,350,575.1,201285.0,2025-07-16 11:08:34.432803
2025-07-16,97044,2025071604000652,SHL,Naasa Securities Co. Ltd.,Vision Securities Pvt. Ltd,300,575.1,172530.0,2025-07-16 11:08:34.432852
2025-07-16,97025,2025071604000666,SHL,Elite Stock House Limited,Vision Securities Pvt. Ltd,600,575.1,345060.0,2025-07-16 11:08:38.237886
2025-07-16,97019,2025071604000669,SHL,ABC Securities Private Limited,Vision Securities Pvt. Ltd,370,575.1,212787.0,2025-07-16 11:08:40.229825
2025-07-16,95123,2025071604001135,SHL,Opal Securities Investment (PVT) Ltd.,Sundhara Securities Limited,300,579.0,173700.0,2025-07-16 11:13:34.787936
2025-07-16,94874,2025071604001204,SHL,Property Wiard Limited,Capital Max Securities Ltd,100,579.0,57900.0,2025-07-16 11:14:13.630954
2025-07-16,94726,2025071604001234,SHL,Nepal Investment And Securities Trading Private Limited,Sundhara Securities Limited,100,577.0,57700.0,2025-07-16 11:14:40.168498
2025-07-16,94638,2025071604001255,SHL,Nepal Investment And Securities Trading Private Limited,Nagarik Stock Dealer ,100,577.0,57700.0,2025-07-16 11:14:56.770757
2025-07-16,94247,2025071604001364,SHL,Property Wiard Limited,Online Securities Pvt. Ltd.,100,578.0,57800.0,2025-07-16 11:16:06.939456
2025-07-16,93944,2025071604001443,SHL,Cristal Kanchanjanga Securites Pvt. Ltd.,Siprabi Securities Pvt. Ltd.,100,577.0,57700.0,2025-07-16 11:16:46.363771
2025-07-16,93869,2025071604001457,SHL,Opal Securities Investment (PVT) Ltd.,Online Securities Pvt. Ltd.,100,578.0,57800.0,2025-07-16 11:17:01.747597
2025-07-16,93868,2025071604001458,SHL,Opal Securities Investment (PVT) Ltd.,Cristal Kanchanjanga Securites Pvt. Ltd.,200,578.9,115780.0,2025-07-16 11:17:01.747697
2025-07-16,93471,2025071604001581,SHL,Bhrikuti Stock Broking Co. Pvt. Ltd.,Linch Stock Market Ltd.,100,577.0,57700.0,2025-07-16 11:18:06.758982
2025-07-16,93470,2025071604001582,SHL,Elite Stock House Limited,Linch Stock Market Ltd.,150,576.9,86535.0,2025-07-16 11:18:06.759111
2025-07-16,92686,2025071604001798,SHL,Bhrikuti Stock Broking Co. Pvt. Ltd.,Deevyaa Securities & Stock House Pvt. Ltd,100,577.0,57700.0,2025-07-16 11:20:42.044735
2025-07-16,91730,2025071604002049,SHL,Capital Max Securities Ltd,Kohinoor Investment & Securities Pvt. Ltd.,200,578.0,115600.0,2025-07-16 11:23:15.482903
2025-07-16,91726,2025071604002051,SHL,Naasa Securities Co. Ltd.,Secured Securities Ltd.,170,577.0,98090.0,2025-07-16 11:23:16.245457
2025-07-16,91722,2025071604002052,SHL,Thrive Brokerage House Pvt. Ltd,Online Securities Pvt. Ltd.,169,578.8,97817.2,2025-07-16 11:23:16.872158
2025-07-16,91633,2025071604002081,SHL,Elite Stock House Limited,Online Securities Pvt. Ltd.,101,576.9,58266.9,2025-07-16 11:23:30.672170
2025-07-16,90430,2025071604002433,SHL,Thrive Brokerage House Pvt. Ltd,Deevyaa Securities & Stock House Pvt. Ltd,100,577.0,57700.0,2025-07-16 11:26:47.478092
2025-07-16,90429,2025071604002434,SHL,Elite Stock House Limited,Deevyaa Securities & Stock House Pvt. Ltd,170,576.9,98073.0,2025-07-16 11:26:47.478254
2025-07-16,90199,2025071604002477,SHL,Elite Stock House Limited,Online Securities Pvt. Ltd.,529,576.9,305180.1,2025-07-16 11:27:19.906201
2025-07-16,89646,2025071604002636,SHL,Property Wiard Limited,K.B.L. Securities Limited ,140,577.0,80780.0,2025-07-16 11:28:34.325923
2025-07-16,89614,2025071604002652,SHL,Property Wiard Limited,Hatemalo Financial Services Private Limited,160,577.0,92320.0,2025-07-16 11:28:39.222583
2025-07-16,89613,2025071604002653,SHL,Elite Stock House Limited,Hatemalo Financial Services Private Limited,250,576.9,144225.0,2025-07-16 11:28:39.222747
2025-07-16,89612,2025071604002654,SHL,Oxford Securities Pvt. Ltd.,Hatemalo Financial Services Private Limited,100,576.9,57690.0,2025-07-16 11:28:39.222822
2025-07-16,89611,2025071604002655,SHL,Elite Stock House Limited,Hatemalo Financial Services Private Limited,800,576.5,461200.0,2025-07-16 11:28:39.222884
2025-07-16,89610,2025071604002656,SHL,Thrive Brokerage House Pvt. Ltd,Hatemalo Financial Services Private Limited,100,576.2,57620.0,2025-07-16 11:28:39.222941
2025-07-16,88846,2025071604002827,SHL,Sumeru Securities Pvt. Ltd.,K.B.L. Securities Limited ,100,578.3,57830.0,2025-07-16 11:30:39.145960
2025-07-16,88845,2025071604002828,SHL,Sumeru Securities Pvt. Ltd.,Shree Krishna Securities Ltd.,400,578.6,231440.0,2025-07-16 11:30:39.146117
2025-07-16,88536,2025071604002893,SHL,Property Wiard Limited,Shree Krishna Securities Ltd.,500,578.6,289300.0,2025-07-16 11:31:22.853051
2025-07-16,88515,2025071604002895,SHL,ABC Securities Private Limited,Shree Krishna Securities Ltd.,100,578.6,57860.0,2025-07-16 11:31:24.976596
2025-07-16,88256,2025071604002942,SHL,South Asian Bulls Pvt. Ltd.,Sanima Securities Limited,100,578.9,57890.0,2025-07-16 11:32:05.301235
2025-07-16,88255,2025071604002943,SHL,South Asian Bulls Pvt. Ltd.,Capital Max Securities Ltd,628,579.0,363612.0,2025-07-16 11:32:05.301405
2025-07-16,88254,2025071604002944,SHL,South Asian Bulls Pvt. Ltd.,Dipshikha Dhitopatra Karobar Co. Pvt Ltd.,100,580.0,58000.0,2025-07-16 11:32:05.301483
2025-07-16,88253,2025071604002945,SHL,South Asian Bulls Pvt. Ltd.,Naasa Securities Co. Ltd.,151,580.0,87580.0,2025-07-16 11:32:05.301552
2025-07-16,88252,2025071604002946,SHL,South Asian Bulls Pvt. Ltd.,Agrawal Securities (PVT) Ltd.,100,580.5,58050.0,2025-07-16 11:32:05.301616
2025-07-16,88251,2025071604002947,SHL,South Asian Bulls Pvt. Ltd.,Dynamic Money Managers Securities Pvt. Ltd.,100,580.9,58090.0,2025-07-16 11:32:05.301681
2025-07-16,88250,2025071604002948,SHL,South Asian Bulls Pvt. Ltd.,Capital Max Securities Ltd,821,580.9,476918.9,2025-07-16 11:32:05.301748
2025-07-16,88033,2025071604002996,SHL,South Asian Bulls Pvt. Ltd.,Shree Krishna Securities Ltd.,500,580.0,290000.0,2025-07-16 11:32:35.419898
2025-07-16,88013,2025071604003005,SHL,Market Securities & Exchange (PVT) Ltd.,Shree Krishna Securities Ltd.,500,580.0,290000.0,2025-07-16 11:32:38.138082
2025-07-16,87899,2025071604003048,SHL,ABC Securities Private Limited,Citizens Share Broker Limited,250,578.6,144650.0,2025-07-16 11:32:52.851087
2025-07-16,87501,2025071604003131,SHL,Sundhara Securities Limited,Shree Krishna Securities Ltd.,300,580.9,174270.0,2025-07-16 11:33:53.064852
2025-07-16,86866,2025071604003236,SHL,Midas Stock Broking Company Private Limited,Sanima Securities Limited,100,580.7,58070.0,2025-07-16 11:35:38.275753
2025-07-16,85476,2025071604003524,SHL,Imperial Securities Company Pvt. Ltd.,Aryatara Investment & Securities,100,578.7,57870.0,2025-07-16 11:38:52.746349
2025-07-16,85328,2025071604003564,SHL,Primo Securities (PVT) Ltd.,Kumari Securities Private Limited,100,580.5,58050.0,2025-07-16 11:39:12.689689
2025-07-16,85327,2025071604003565,SHL,Primo Securities (PVT) Ltd.,Neev Securities Pvt. Ltd.,200,580.8,116160.0,2025-07-16 11:39:12.689985
2025-07-16,85326,2025071604003566,SHL,Primo Securities (PVT) Ltd.,Shree Krishna Securities Ltd.,700,580.9,406630.0,2025-07-16 11:39:12.690178
2025-07-16,85243,2025071604003586,SHL,Bhrikuti Stock Broking Co. Pvt. Ltd.,Capital Max Securities Ltd,1000,581.0,581000.0,2025-07-16 11:39:23.819031
2025-07-16,85075,2025071604003617,SHL,ABC Securities Private Limited,Linch Stock Market Ltd.,100,581.9,58190.0,2025-07-16 11:39:43.706175
2025-07-16,85074,2025071604003618,SHL,ABC Securities Private Limited,Swarna Laxmi Securities Pvt. Ltd.,100,581.9,58190.0,2025-07-16 11:39:43.706350
2025-07-16,85073,2025071604003619,SHL,ABC Securities Private Limited,ABC Securities Private Limited,200,581.9,116380.0,2025-07-16 11:39:43.706417
2025-07-16,85072,2025071604003620,SHL,ABC Securities Private Limited,Miyo Securities Pvt Ltd,400,582.0,232800.0,2025-07-16 11:39:43.706484
2025-07-16,85071,2025071604003621,SHL,ABC Securities Private Limited,Primo Securities (PVT) Ltd.,100,582.0,58200.0,2025-07-16 11:39:43.706544
2025-07-16,84689,2025071604003668,SHL,Imperial Securities Company Pvt. Ltd.,Capital Max Securities Ltd,100,583.0,58300.0,2025-07-16 11:40:31.297049
2025-07-16,84601,2025071604003694,SHL,ABC Securities Private Limited,Himalayan Securities Limited,3000,582.0,1746000.0,2025-07-16 11:40:44.240946
2025-07-16,84574,2025071604003701,SHL,ABC Securities Private Limited,SUN SECURITIES PVT LTD,100,582.0,58200.0,2025-07-16 11:40:48.417427
2025-07-16,84493,2025071604003726,SHL,Opal Securities Investment (PVT) Ltd.,Sweta Securities Private Limited,190,580.0,110200.0,2025-07-16 11:41:01.308145
2025-07-16,84417,2025071604003748,SHL,Opal Securities Investment (PVT) Ltd.,Agrawal Securities (PVT) Ltd.,500,580.0,290000.0,2025-07-16 11:41:13.109731
2025-07-16,84372,2025071604003753,SHL,Bhrikuti Stock Broking Co. Pvt. Ltd.,K.B.L. Securities Limited ,100,581.7,58170.0,2025-07-16 11:41:17.840881
2025-07-16,84371,2025071604003754,SHL,Bhrikuti Stock Broking Co. Pvt. Ltd.,Sweta Securities Private Limited,150,581.7,87255.0,2025-07-16 11:41:17.840977
2025-07-16,84218,2025071604003765,SHL,Malla & Malla Stock Broking Company Pvt. Limited,SUN SECURITIES PVT LTD,107,582.0,62274.0,2025-07-16 11:41:36.912240
2025-07-16,83919,2025071604003825,SHL,Online Securities Pvt. Ltd.,Sani Securities Company Ltd.,500,581.1,290550.0,2025-07-16 11:42:05.694840
2025-07-16,83825,2025071604003846,SHL,Imperial Securities Company Pvt. Ltd.,SUN SECURITIES PVT LTD,100,581.0,58100.0,2025-07-16 11:42:15.687429
2025-07-16,83824,2025071604003847,SHL,Opal Securities Investment (PVT) Ltd.,SUN SECURITIES PVT LTD,310,580.0,179800.0,2025-07-16 11:42:15.687498
2025-07-16,81802,2025071604004278,SHL,Online Securities Pvt. Ltd.,South Asian Bulls Pvt. Ltd.,100,580.9,58090.0,2025-07-16 11:46:18.146711
2025-07-16,81462,2025071604004360,SHL,Online Securities Pvt. Ltd.,Vision Securities Pvt. Ltd,400,579.2,231680.0,2025-07-16 11:46:53.711865
2025-07-16,81461,2025071604004361,SHL,Capital Max Securities Ltd,Vision Securities Pvt. Ltd,600,579.1,347460.0,2025-07-16 11:46:53.712272
2025-07-16,81144,2025071604004423,SHL,ABC Securities Private Limited,Sri Hari Securities Pvt. Ltd.,200,580.0,116000.0,2025-07-16 11:47:35.529478
2025-07-16,80758,2025071604004495,SHL,Capital Max Securities Ltd,Trishakti Securities Public Limited,150,579.1,86865.0,2025-07-16 11:48:39.234888
2025-07-16,80487,2025071604004562,SHL,Capital Max Securities Ltd,Vision Securities Pvt. Ltd,250,579.1,144775.0,2025-07-16 11:49:21.241255
2025-07-16,80486,2025071604004563,SHL,Opal Securities Investment (PVT) Ltd.,Vision Securities Pvt. Ltd,100,579.0,57900.0,2025-07-16 11:49:21.241456
2025-07-16,80395,2025071604004573,SHL,ABC Securities Private Limited,Vision Securities Pvt. Ltd,650,579.0,376350.0,2025-07-16 11:49:36.329928
2025-07-16,80394,2025071604004574,SHL,ABC Securities Private Limited,R.B.B. Securities Company Ltd,100,579.9,57990.0,2025-07-16 11:49:36.330265
2025-07-16,80393,2025071604004575,SHL,ABC Securities Private Limited,Himalayan Securities Limited,2000,580.0,1160000.0,2025-07-16 11:49:36.330503
2025-07-16,80118,2025071604004630,SHL,ABC Securities Private Limited,Primo Securities (PVT) Ltd.,100,580.0,58000.0,2025-07-16 11:50:20.594736
2025-07-16,80034,2025071604004647,SHL,ABC Securities Private Limited,Vision Securities Pvt. Ltd,200,580.0,116000.0,2025-07-16 11:50:31.171755
2025-07-16,79861,2025071604004685,SHL,ABC Securities Private Limited,Vision Securities Pvt. Ltd,630,580.0,365400.0,2025-07-16 11:50:52.946378
2025-07-16,79772,2025071604004702,SHL,Opal Securities Investment (PVT) Ltd.,Neev Securities Pvt. Ltd.,158,579.0,91482.0,2025-07-16 11:51:07.392748
2025-07-16,79242,2025071604004812,SHL,Opal Securities Investment (PVT) Ltd.,Vision Securities Pvt. Ltd,100,580.0,58000.0,2025-07-16 11:52:20.476870
2025-07-16,79140,2025071604004831,SHL,Trishakti Securities Public Limited,Trishakti Securities Public Limited,306,579.1,177204.6,2025-07-16 11:52:35.980111
2025-07-16,78731,2025071604004932,SHL,Opal Securities Investment (PVT) Ltd.,INDEX SECURITIES LIMITED,100,580.0,58000.0,2025-07-16 11:53:48.561636
2025-07-16,78730,2025071604004933,SHL,Opal Securities Investment (PVT) Ltd.,INDEX SECURITIES LIMITED,150,580.0,87000.0,2025-07-16 11:53:48.561868
2025-07-16,78602,2025071604004962,SHL,Opal Securities Investment (PVT) Ltd.,INDEX SECURITIES LIMITED,350,580.0,203000.0,2025-07-16 11:54:07.622847
2025-07-16,78601,2025071604004963,SHL,Dipshikha Dhitopatra Karobar Co. Pvt Ltd.,INDEX SECURITIES LIMITED,100,580.0,58000.0,2025-07-16 11:54:07.623045
2025-07-16,78543,2025071604004972,SHL,Trishakti Securities Public Limited,Citizens Share Broker Limited,100,579.1,57910.0,2025-07-16 11:54:15.522130
2025-07-16,77971,2025071604005147,SHL,Opal Securities Investment (PVT) Ltd.,Asian Securities Private Ltd.,100,580.0,58000.0,2025-07-16 11:55:44.351690
2025-07-16,77792,2025071604005202,SHL,Opal Securities Investment (PVT) Ltd.,Malla & Malla Stock Broking Company Pvt. Limited,100,580.0,58000.0,2025-07-16 11:56:09.502910
2025-07-16,77154,2025071604005386,SHL,Nepal Investment And Securities Trading Private Limited,Malla & Malla Stock Broking Company Pvt. Limited,200,579.2,115840.0,2025-07-16 11:58:02.561872
2025-07-16,77153,2025071604005387,SHL,Trishakti Securities Public Limited,Malla & Malla Stock Broking Company Pvt. Limited,496,579.1,287233.6,2025-07-16 11:58:02.562059
2025-07-16,77018,2025071604005443,SHL,Trishakti Securities Public Limited,Neev Securities Pvt. Ltd.,1000,579.1,579100.0,2025-07-16 11:58:20.863246
2025-07-16,76980,2025071604005452,SHL,Bhrikuti Stock Broking Co. Pvt. Ltd.,Malla & Malla Stock Broking Company Pvt. Limited,200,580.0,116000.0,2025-07-16 11:58:26.210454
2025-07-16,76928,2025071604005477,SHL,Opal Securities Investment (PVT) Ltd.,Investment Management Nepal Pvt. Ltd.,242,579.0,140118.0,2025-07-16 11:58:34.964165
2025-07-16,76927,2025071604005478,SHL,Arun Securities (PVT) Ltd.,Investment Management Nepal Pvt. Ltd.,958,579.0,554682.0,2025-07-16 11:58:34.964522
2025-07-16,76607,2025071604005543,SHL,Arun Securities (PVT) Ltd.,Investment Management Nepal Pvt. Ltd.,124,579.0,71796.0,2025-07-16 11:59:23.355368
2025-07-16,76464,2025071604005565,SHL,Trishakti Securities Public Limited,Sani Securities Company Ltd.,100,579.1,57910.0,2025-07-16 11:59:41.190648
2025-07-16,76130,2025071604005627,SHL,Trishakti Securities Public Limited,Midas Stock Broking Company Private Limited,100,579.1,57910.0,2025-07-16 12:00:27.399898
2025-07-16,76129,2025071604005628,SHL,Midas Stock Broking Company Private Limited,Malla & Malla Stock Broking Company Pvt. Limited,100,580.0,58000.0,2025-07-16 12:00:27.402007
2025-07-16,75808,2025071604005696,SHL,Primo Securities (PVT) Ltd.,SUN SECURITIES PVT LTD,193,580.0,111940.0,2025-07-16 12:01:22.601567
2025-07-16,75127,2025071604005833,SHL,Primo Securities (PVT) Ltd.,Shree Krishna Securities Ltd.,807,579.2,467414.4,2025-07-16 12:03:07.909716
2025-07-16,75095,2025071604005840,SHL,Aryatara Investment & Securities,Shree Krishna Securities Ltd.,193,579.2,111785.6,2025-07-16 12:03:12.687070
2025-07-16,75094,2025071604005841,SHL,Aryatara Investment & Securities,INDEX SECURITIES LIMITED,107,580.0,62060.0,2025-07-16 12:03:12.687255
2025-07-16,74922,2025071604005897,SHL,Aakashbhairab Securities Ltd.,INDEX SECURITIES LIMITED,200,580.0,116000.0,2025-07-16 12:03:37.864903
2025-07-16,74323,2025071604006078,SHL,Trishakti Securities Public Limited,Deevyaa Securities & Stock House Pvt. Ltd,1000,579.1,579100.0,2025-07-16 12:05:03.286569
2025-07-16,74231,2025071604006128,SHL,Trishakti Securities Public Limited,Magnet Securities and Investment Company Private Limited,500,579.1,289550.0,2025-07-16 12:05:19.546721
2025-07-16,74020,2025071604006168,SHL,Trishakti Securities Public Limited,Elite Stock House Limited,300,579.1,173730.0,2025-07-16 12:05:54.554383
2025-07-16,74019,2025071604006169,SHL,Arun Securities (PVT) Ltd.,Elite Stock House Limited,918,579.0,531522.0,2025-07-16 12:05:54.554583
2025-07-16,74018,2025071604006170,SHL,Thrive Brokerage House Pvt. Ltd,Elite Stock House Limited,100,578.8,57880.0,2025-07-16 12:05:54.554668
2025-07-16,74017,2025071604006171,SHL,Primo Securities (PVT) Ltd.,Elite Stock House Limited,432,578.8,250041.6,2025-07-16 12:05:54.554744
2025-07-16,73058,2025071604006549,SHL,Trishakti Securities Public Limited,INDEX SECURITIES LIMITED,243,578.9,140672.7,2025-07-16 12:08:26.109951
2025-07-16,72951,2025071604006584,SHL,Trishakti Securities Public Limited,Asian Securities Private Ltd.,1000,578.9,578900.0,2025-07-16 12:08:46.875653
2025-07-16,72823,2025071604006611,SHL,Trishakti Securities Public Limited,Vision Securities Pvt. Ltd,757,578.9,438227.3,2025-07-16 12:09:04.825728
2025-07-16,72822,2025071604006612,SHL,Primo Securities (PVT) Ltd.,Vision Securities Pvt. Ltd,243,578.8,140648.4,2025-07-16 12:09:04.825925
2025-07-16,72664,2025071604006655,SHL,Primo Securities (PVT) Ltd.,Primo Securities (PVT) Ltd.,325,578.8,188110.0,2025-07-16 12:09:30.307684
2025-07-16,72663,2025071604006656,SHL,ABC Securities Private Limited,Primo Securities (PVT) Ltd.,100,578.7,57870.0,2025-07-16 12:09:30.307945
2025-07-16,72662,2025071604006657,SHL,Thrive Brokerage House Pvt. Ltd,Primo Securities (PVT) Ltd.,338,578.0,195364.0,2025-07-16 12:09:30.308040
2025-07-16,71712,2025071604006883,SHL,Aryatara Investment & Securities,Sundhara Securities Limited,100,579.8,57980.0,2025-07-16 12:12:14.535942
2025-07-16,71711,2025071604006884,SHL,Aryatara Investment & Securities,South Asian Bulls Pvt. Ltd.,300,579.8,173940.0,2025-07-16 12:12:14.535984
2025-07-16,71645,2025071604006909,SHL,Aryatara Investment & Securities,South Asian Bulls Pvt. Ltd.,200,579.8,115960.0,2025-07-16 12:12:29.656777
2025-07-16,70726,2025071604007200,SHL,Agrawal Securities (PVT) Ltd.,Naasa Securities Co. Ltd.,210,578.1,121401.0,2025-07-16 12:15:35.053030
2025-07-16,70516,2025071604007232,SHL,Nepal Stock House (PVT) Ltd.,Bhrikuti Stock Broking Co. Pvt. Ltd.,200,578.2,115640.0,2025-07-16 12:16:18.851597
2025-07-16,70515,2025071604007233,SHL,Agrawal Securities (PVT) Ltd.,Bhrikuti Stock Broking Co. Pvt. Ltd.,290,578.1,167649.0,2025-07-16 12:16:18.851810
2025-07-16,70514,2025071604007234,SHL,Agrawal Securities (PVT) Ltd.,Bhrikuti Stock Broking Co. Pvt. Ltd.,500,578.1,289050.0,2025-07-16 12:16:18.851882
2025-07-16,70513,2025071604007235,SHL,Thrive Brokerage House Pvt. Ltd,Bhrikuti Stock Broking Co. Pvt. Ltd.,162,578.0,93636.0,2025-07-16 12:16:18.851958
2025-07-16,70512,2025071604007236,SHL,Siprabi Securities Pvt. Ltd.,Bhrikuti Stock Broking Co. Pvt. Ltd.,430,578.0,248540.0,2025-07-16 12:16:18.852031
2025-07-16,70511,2025071604007237,SHL,Kohinoor Investment & Securities Pvt. Ltd.,Bhrikuti Stock Broking Co. Pvt. Ltd.,500,578.0,289000.0,2025-07-16 12:16:18.852104
2025-07-16,70510,2025071604007238,SHL,Agrawal Securities (PVT) Ltd.,Bhrikuti Stock Broking Co. Pvt. Ltd.,500,577.2,288600.0,2025-07-16 12:16:18.852176
2025-07-16,70509,2025071604007239,SHL,Agrawal Securities (PVT) Ltd.,Bhrikuti Stock Broking Co. Pvt. Ltd.,800,577.2,461760.0,2025-07-16 12:16:18.852249
2025-07-16,70508,2025071604007240,SHL,Opal Securities Investment (PVT) Ltd.,Bhrikuti Stock Broking Co. Pvt. Ltd.,5603,577.1,3233491.3,2025-07-16 12:16:18.852353
2025-07-16,68330,2025071604007684,SHL,Vision Securities Pvt. Ltd,Siprabi Securities Pvt. Ltd.,100,579.0,57900.0,2025-07-16 12:23:42.976292
2025-07-16,68329,2025071604007685,SHL,Vision Securities Pvt. Ltd,Nabil Stock Dealer Ltd.,900,579.9,521910.0,2025-07-16 12:23:42.976698
2025-07-16,68286,2025071604007699,SHL,Dipshikha Dhitopatra Karobar Co. Pvt Ltd.,SUN SECURITIES PVT LTD,1100,578.4,636240.0,2025-07-16 12:23:52.293990
2025-07-16,68285,2025071604007700,SHL,Capital Max Securities Ltd,SUN SECURITIES PVT LTD,662,578.0,382636.0,2025-07-16 12:23:52.294216
2025-07-16,67962,2025071604007758,SHL,Sani Securities Company Ltd.,Nabil Stock Dealer Ltd.,1000,579.9,579900.0,2025-07-16 12:24:48.219093
2025-07-16,67822,2025071604007781,SHL,Imperial Securities Company Pvt. Ltd.,Nabil Stock Dealer Ltd.,100,579.9,57990.0,2025-07-16 12:25:24.516552
2025-07-16,67585,2025071604007836,SHL,Trishakti Securities Public Limited,R.B.B. Securities Company Ltd,200,580.0,116000.0,2025-07-16 12:26:08.357167
2025-07-16,67584,2025071604007837,SHL,Trishakti Securities Public Limited,Sundhara Securities Limited,100,580.0,58000.0,2025-07-16 12:26:08.357367
2025-07-16,67583,2025071604007838,SHL,Trishakti Securities Public Limited,Kumari Securities Private Limited,300,580.0,174000.0,2025-07-16 12:26:08.357489
2025-07-16,67582,2025071604007839,SHL,Trishakti Securities Public Limited,Dynamic Money Managers Securities Pvt. Ltd.,400,580.0,232000.0,2025-07-16 12:26:08.357593
2025-07-16,67581,2025071604007840,SHL,Trishakti Securities Public Limited,Agrawal Securities (PVT) Ltd.,500,580.0,290000.0,2025-07-16 12:26:08.357670
2025-07-16,67580,2025071604007841,SHL,Trishakti Securities Public Limited,Sani Securities Company Ltd.,150,580.4,87060.0,2025-07-16 12:26:08.357754
2025-07-16,67579,2025071604007842,SHL,Trishakti Securities Public Limited,Shree Krishna Securities Ltd.,100,580.5,58050.0,2025-07-16 12:26:08.357881
2025-07-16,67578,2025071604007843,SHL,Trishakti Securities Public Limited,Neev Securities Pvt. Ltd.,100,581.0,58100.0,2025-07-16 12:26:08.358044
2025-07-16,67577,2025071604007844,SHL,Trishakti Securities Public Limited,Agrawal Securities (PVT) Ltd.,150,581.0,87150.0,2025-07-16 12:26:08.358124
2025-07-16,67576,2025071604007845,SHL,Trishakti Securities Public Limited,Shree Krishna Securities Ltd.,2000,581.0,1162000.0,2025-07-16 12:26:08.358196
2025-07-16,67575,2025071604007846,SHL,Trishakti Securities Public Limited,Capital Max Securities Ltd,100,581.0,58100.0,2025-07-16 12:26:08.358272
2025-07-16,67574,2025071604007847,SHL,Trishakti Securities Public Limited,Agrawal Securities (PVT) Ltd.,200,581.0,116200.0,2025-07-16 12:26:08.358353
2025-07-16,67573,2025071604007848,SHL,Trishakti Securities Public Limited,Sundhara Securities Limited,100,581.0,58100.0,2025-07-16 12:26:08.358426
2025-07-16,67572,2025071604007849,SHL,Trishakti Securities Public Limited,Investment Management Nepal Pvt. Ltd.,100,581.0,58100.0,2025-07-16 12:26:08.358502
2025-07-16,67571,2025071604007850,SHL,Trishakti Securities Public Limited,Kohinoor Investment & Securities Pvt. Ltd.,400,581.0,232400.0,2025-07-16 12:26:08.358575
2025-07-16,67570,2025071604007851,SHL,Trishakti Securities Public Limited,Infinity Securities Limited,200,582.0,116400.0,2025-07-16 12:26:08.358647
2025-07-16,67569,2025071604007852,SHL,Trishakti Securities Public Limited,Thrive Brokerage House Pvt. Ltd,200,582.0,116400.0,2025-07-16 12:26:08.358718
2025-07-16,67568,2025071604007853,SHL,Trishakti Securities Public Limited,Online Securities Pvt. Ltd.,700,582.0,407400.0,2025-07-16 12:26:08.358789
2025-07-16,67450,2025071604007874,SHL,Dynamic Money Managers Securities Pvt. Ltd.,Dynamic Money Managers Securities Pvt. Ltd.,500,578.1,289050.0,2025-07-16 12:26:33.182224
2025-07-16,67035,2025071604007963,SHL,Asian Securities Private Ltd.,Sewa Securities Pvt. Ltd.,100,578.1,57810.0,2025-07-16 12:27:52.124494
2025-07-16,66065,2025071604008182,SHL,Asian Securities Private Ltd.,KALASH STOCK MARKET PVT. LTD.,100,578.1,57810.0,2025-07-16 12:31:04.947067
2025-07-16,65025,2025071604008328,SHL,Global IME Securities Limited,Swarna Laxmi Securities Pvt. Ltd.,200,580.0,116000.0,2025-07-16 12:33:58.473197
2025-07-16,65024,2025071604008329,SHL,Global IME Securities Limited,Agrawal Securities (PVT) Ltd.,300,580.0,174000.0,2025-07-16 12:33:58.473470
2025-07-16,64712,2025071604008394,SHL,Agrawal Securities (PVT) Ltd.,South Asian Bulls Pvt. Ltd.,100,579.0,57900.0,2025-07-16 12:34:46.592723
2025-07-16,64060,2025071604008520,SHL,Naasa Securities Co. Ltd.,Agrawal Securities (PVT) Ltd.,200,580.0,116000.0,2025-07-16 12:36:21.611804
2025-07-16,63813,2025071604008576,SHL,Naasa Securities Co. Ltd.,Sundhara Securities Limited,100,580.0,58000.0,2025-07-16 12:37:07.907737
2025-07-16,63030,2025071604008693,SHL,Asian Securities Private Ltd.,Capital Max Securities Ltd,200,579.1,115820.0,2025-07-16 12:39:02.912961
2025-07-16,61198,2025071604009094,SHL,Agrawal Securities (PVT) Ltd.,Sri Hari Securities Pvt. Ltd.,300,580.0,174000.0,2025-07-16 12:44:08.803793
2025-07-16,60593,2025071604009221,SHL,Dakshinkali Investment & Securities Pvt. Ltd.,Miyo Securities Pvt Ltd,100,580.0,58000.0,2025-07-16 12:45:48.516689
2025-07-16,60592,2025071604009222,SHL,Agrawal Securities (PVT) Ltd.,Miyo Securities Pvt Ltd,100,579.0,57900.0,2025-07-16 12:45:48.516733
2025-07-16,60591,2025071604009223,SHL,Bhrikuti Stock Broking Co. Pvt. Ltd.,Miyo Securities Pvt Ltd,1500,579.0,868500.0,2025-07-16 12:45:48.516761
2025-07-16,60590,2025071604009224,SHL,Agrawal Securities (PVT) Ltd.,Miyo Securities Pvt Ltd,800,579.0,463200.0,2025-07-16 12:45:48.516786
2025-07-16,60174,2025071604009381,SHL,Ashutosh Brokerage & Securities (PVT) Ltd.,SUN SECURITIES PVT LTD,100,580.4,58040.0,2025-07-16 12:46:53.842691
2025-07-16,60173,2025071604009382,SHL,Ashutosh Brokerage & Securities (PVT) Ltd.,Thrive Brokerage House Pvt. Ltd,244,580.5,141642.0,2025-07-16 12:46:53.842921
2025-07-16,59904,2025071604009471,SHL,Ashutosh Brokerage & Securities (PVT) Ltd.,Himalayan Brokerage Company Limited,200,580.8,116160.0,2025-07-16 12:47:39.238761
2025-07-16,59903,2025071604009472,SHL,Ashutosh Brokerage & Securities (PVT) Ltd.,Hatemalo Financial Services Private Limited,500,580.9,290450.0,2025-07-16 12:47:39.239129
2025-07-16,59102,2025071604009715,SHL,Dynamic Money Managers Securities Pvt. Ltd.,Naasa Securities Co. Ltd.,500,579.1,289550.0,2025-07-16 12:50:01.270618
2025-07-16,58842,2025071604009774,SHL,Agrawal Securities (PVT) Ltd.,Thrive Brokerage House Pvt. Ltd,100,580.0,58000.0,2025-07-16 12:50:54.451234
2025-07-16,58511,2025071604009849,SHL,Imperial Securities Company Pvt. Ltd.,Thrive Brokerage House Pvt. Ltd,143,580.0,82940.0,2025-07-16 12:51:56.592246
2025-07-16,58489,2025071604009857,SHL,Imperial Securities Company Pvt. Ltd.,Bhrikuti Stock Broking Co. Pvt. Ltd.,4000,580.0,2320000.0,2025-07-16 12:52:00.712670
2025-07-16,58358,2025071604009891,SHL,Imperial Securities Company Pvt. Ltd.,Bhrikuti Stock Broking Co. Pvt. Ltd.,2000,580.0,1160000.0,2025-07-16 12:52:31.927801
2025-07-16,58263,2025071604009921,SHL,Malla & Malla Stock Broking Company Pvt. Limited,Sharepro Securities Private Limited,100,580.9,58090.0,2025-07-16 12:52:53.156051
2025-07-16,58227,2025071604009924,SHL,Malla & Malla Stock Broking Company Pvt. Limited,Himalayan Securities Limited,200,580.9,116180.0,2025-07-16 12:52:59.465191
2025-07-16,58226,2025071604009925,SHL,Imperial Securities Company Pvt. Ltd.,Himalayan Securities Limited,100,580.0,58000.0,2025-07-16 12:52:59.465651
2025-07-16,58145,2025071604009933,SHL,Kalika Securities Pvt. Ltd.,South Asian Bulls Pvt. Ltd.,246,581.0,142926.0,2025-07-16 12:53:07.717992
2025-07-16,58141,2025071604009934,SHL,Imperial Securities Company Pvt. Ltd.,Vision Securities Pvt. Ltd,2000,580.0,1160000.0,2025-07-16 12:53:08.840146
2025-07-16,58080,2025071604009949,SHL,Cristal Kanchanjanga Securites Pvt. Ltd.,Vision Securities Pvt. Ltd,1000,580.1,580100.0,2025-07-16 12:53:22.049499
2025-07-16,57917,2025071604009994,SHL,Deevyaa Securities & Stock House Pvt. Ltd,Hatemalo Financial Services Private Limited,500,581.0,290500.0,2025-07-16 12:53:53.897629
2025-07-16,57580,2025071604010076,SHL,Naasa Securities Co. Ltd.,SHUBHAKAMANA SECURITIES PVT. LTD,100,581.3,58130.0,2025-07-16 12:55:01.705506
2025-07-16,57277,2025071604010162,SHL,Vision Securities Pvt. Ltd,Bhrikuti Stock Broking Co. Pvt. Ltd.,200,580.0,116000.0,2025-07-16 12:56:02.560941
2025-07-16,57171,2025071604010193,SHL,Capital Max Securities Ltd,Nabil Stock Dealer Ltd.,138,581.4,80233.2,2025-07-16 12:56:32.643555
2025-07-16,56624,2025071604010374,SHL,Capital Max Securities Ltd,Trisul Securities & Invt. Ltd.,700,579.1,405370.0,2025-07-16 12:58:20.165726
2025-07-16,56623,2025071604010375,SHL,Ashutosh Brokerage & Securities (PVT) Ltd.,Trisul Securities & Invt. Ltd.,500,579.0,289500.0,2025-07-16 12:58:20.165829
2025-07-16,56622,2025071604010376,SHL,Himalayan Brokerage Company Limited,Trisul Securities & Invt. Ltd.,800,579.0,463200.0,2025-07-16 12:58:20.165910
2025-07-16,56513,2025071604010399,SHL,Himalayan Brokerage Company Limited,Sumeru Securities Pvt. Ltd.,1000,579.0,579000.0,2025-07-16 12:58:40.837620
2025-07-16,55955,2025071604010529,SHL,Himalayan Brokerage Company Limited,Imperial Securities Company Pvt. Ltd.,130,579.0,75270.0,2025-07-16 12:59:48.214005
2025-07-16,55954,2025071604010530,SHL,Himalayan Brokerage Company Limited,Vision Securities Pvt. Ltd,70,579.0,40530.0,2025-07-16 12:59:48.214160
2025-07-16,55245,2025071604010736,SHL,Cristal Kanchanjanga Securites Pvt. Ltd.,Aakashbhairab Securities Ltd.,537,579.1,310976.7,2025-07-16 13:01:46.907154
2025-07-16,55110,2025071604010767,SHL,Cristal Kanchanjanga Securites Pvt. Ltd.,Agrawal Securities (PVT) Ltd.,130,579.1,75283.0,2025-07-16 13:02:12.225755
2025-07-16,54966,2025071604010832,SHL,Cristal Kanchanjanga Securites Pvt. Ltd.,Trisul Securities & Invt. Ltd.,333,579.1,192840.3,2025-07-16 13:02:36.919749
2025-07-16,54965,2025071604010833,SHL,Naasa Securities Co. Ltd.,Trisul Securities & Invt. Ltd.,667,579.0,386193.0,2025-07-16 13:02:36.919985
2025-07-16,54937,2025071604010838,SHL,Naasa Securities Co. Ltd.,Shree Krishna Securities Ltd.,830,579.0,480570.0,2025-07-16 13:02:44.401564
2025-07-16,53663,2025071604011290,SHL,Linch Stock Market Ltd.,Nagarik Stock Dealer ,300,579.1,173730.0,2025-07-16 13:06:59.091379
2025-07-16,53662,2025071604011291,SHL,Premier Securities Company Ltd.,Nagarik Stock Dealer ,100,579.0,57900.0,2025-07-16 13:06:59.091724
2025-07-16,53661,2025071604011292,SHL,Aryatara Investment & Securities,Nagarik Stock Dealer ,100,579.0,57900.0,2025-07-16 13:06:59.091840
2025-07-16,53452,2025071604011342,SHL,Midas Stock Broking Company Private Limited,Nagarik Stock Dealer ,100,579.8,57980.0,2025-07-16 13:07:44.111772
2025-07-16,53342,2025071604011362,SHL,Aryatara Investment & Securities,Bhrikuti Stock Broking Co. Pvt. Ltd.,100,579.0,57900.0,2025-07-16 13:08:04.492970
2025-07-16,53341,2025071604011363,SHL,Malla & Malla Stock Broking Company Pvt. Limited,Bhrikuti Stock Broking Co. Pvt. Ltd.,500,579.0,289500.0,2025-07-16 13:08:04.493403
2025-07-16,53340,2025071604011364,SHL,Agrawal Securities (PVT) Ltd.,Bhrikuti Stock Broking Co. Pvt. Ltd.,432,579.0,250128.0,2025-07-16 13:08:04.493651
2025-07-16,53014,2025071604011450,SHL,Agrawal Securities (PVT) Ltd.,Miyo Securities Pvt Ltd,368,579.0,213072.0,2025-07-16 13:09:03.747705
2025-07-16,53013,2025071604011451,SHL,Agrawal Securities (PVT) Ltd.,Miyo Securities Pvt Ltd,800,579.0,463200.0,2025-07-16 13:09:03.747797
2025-07-16,53012,2025071604011452,SHL,Elite Stock House Limited,Miyo Securities Pvt Ltd,300,578.5,173550.0,2025-07-16 13:09:03.747874
2025-07-16,53011,2025071604011453,SHL,Thrive Brokerage House Pvt. Ltd,Miyo Securities Pvt Ltd,100,578.3,57830.0,2025-07-16 13:09:03.747951
2025-07-16,53010,2025071604011454,SHL,Vision Securities Pvt. Ltd,Miyo Securities Pvt Ltd,100,578.1,57810.0,2025-07-16 13:09:03.748025
2025-07-16,53009,2025071604011455,SHL,Opal Securities Investment (PVT) Ltd.,Miyo Securities Pvt Ltd,332,578.1,191929.2,2025-07-16 13:09:03.748097
2025-07-16,52454,2025071604011565,SHL,Magnet Securities and Investment Company Private Limited,Hatemalo Financial Services Private Limited,700,578.3,404810.0,2025-07-16 13:10:39.465794
2025-07-16,52453,2025071604011566,SHL,Ashutosh Brokerage & Securities (PVT) Ltd.,Hatemalo Financial Services Private Limited,800,578.2,462560.0,2025-07-16 13:10:39.466018
2025-07-16,52452,2025071604011567,SHL,Opal Securities Investment (PVT) Ltd.,Hatemalo Financial Services Private Limited,1000,578.1,578100.0,2025-07-16 13:10:39.466103
2025-07-16,51507,2025071604011830,SHL,Trishakti Securities Public Limited,Dipshikha Dhitopatra Karobar Co. Pvt Ltd.,100,579.0,57900.0,2025-07-16 13:12:56.842809
2025-07-16,51506,2025071604011831,SHL,Trishakti Securities Public Limited,INDEX SECURITIES LIMITED,503,580.0,291740.0,2025-07-16 13:12:56.843176
2025-07-16,51505,2025071604011832,SHL,Trishakti Securities Public Limited,INDEX SECURITIES LIMITED,397,580.0,230260.0,2025-07-16 13:12:56.843455
2025-07-16,50585,2025071604012145,SHL,Vision Securities Pvt. Ltd,INDEX SECURITIES LIMITED,100,580.0,58000.0,2025-07-16 13:15:22.967750
2025-07-16,50204,2025071604012340,SHL,Vision Securities Pvt. Ltd,Secured Securities Ltd.,100,580.0,58000.0,2025-07-16 13:16:19.701209
2025-07-16,49947,2025071604012452,SHL,Trishakti Securities Public Limited,Linch Stock Market Ltd.,190,580.0,110200.0,2025-07-16 13:16:53.070894
2025-07-16,49730,2025071604012521,SHL,Market Securities & Exchange (PVT) Ltd.,Linch Stock Market Ltd.,210,580.0,121800.0,2025-07-16 13:17:25.323393
2025-07-16,48444,2025071604012981,SHL,Market Securities & Exchange (PVT) Ltd.,South Asian Bulls Pvt. Ltd.,300,578.3,173490.0,2025-07-16 13:21:07.094422
2025-07-16,48443,2025071604012982,SHL,Cristal Kanchanjanga Securites Pvt. Ltd.,South Asian Bulls Pvt. Ltd.,155,578.2,89621.0,2025-07-16 13:21:07.094653
2025-07-16,47469,2025071604013341,SHL,Opal Securities Investment (PVT) Ltd.,Indira securities pvt. ltd,4065,578.3,2350789.5,2025-07-16 13:24:01.952579
2025-07-16,47468,2025071604013342,SHL,Cristal Kanchanjanga Securites Pvt. Ltd.,Indira securities pvt. ltd,845,578.2,488579.0,2025-07-16 13:24:01.952923
2025-07-16,47467,2025071604013343,SHL,Kohinoor Investment & Securities Pvt. Ltd.,Indira securities pvt. ltd,500,578.0,289000.0,2025-07-16 13:24:01.953117
2025-07-16,47466,2025071604013344,SHL,Vision Securities Pvt. Ltd,Indira securities pvt. ltd,500,578.0,289000.0,2025-07-16 13:24:01.953242
2025-07-16,47100,2025071604013452,SHL,Creative Securities Pvt Ltd,Indira securities pvt. ltd,500,579.1,289550.0,2025-07-16 13:25:11.108236
2025-07-16,47099,2025071604013453,SHL,Kohinoor Investment & Securities Pvt. Ltd.,Indira securities pvt. ltd,1590,579.0,920610.0,2025-07-16 13:25:11.108498
2025-07-16,45409,2025071604014005,SHL,Bhrikuti Stock Broking Co. Pvt. Ltd.,Sweta Securities Private Limited,500,580.8,290400.0,2025-07-16 13:30:14.949784
2025-07-16,44713,2025071604014139,SHL,Trishakti Securities Public Limited,Oxford Securities Pvt. Ltd.,140,580.0,81200.0,2025-07-16 13:32:19.018218
2025-07-16,43581,2025071604014449,SHL,Creative Securities Pvt Ltd,Nagarik Stock Dealer ,100,579.2,57920.0,2025-07-16 13:35:26.066908
2025-07-16,43320,2025071604014511,SHL,Premier Securities Company Ltd.,Sani Securities Company Ltd.,20,569.0,11380.0,2025-07-16 13:36:03.902632
2025-07-16,42074,2025071604014832,SHL,Dakshinkali Investment & Securities Pvt. Ltd.,Online Securities Pvt. Ltd.,100,580.0,58000.0,2025-07-16 13:39:23.295720
2025-07-16,41663,2025071604014934,SHL,Vision Securities Pvt. Ltd,Linch Stock Market Ltd.,100,580.0,58000.0,2025-07-16 13:40:22.966837
2025-07-16,41577,2025071604014952,SHL,Vision Securities Pvt. Ltd,Aryatara Investment & Securities,100,580.5,58050.0,2025-07-16 13:40:47.306614
2025-07-16,41544,2025071604014965,SHL,Thrive Brokerage House Pvt. Ltd,Nagarik Stock Dealer ,100,580.6,58060.0,2025-07-16 13:40:55.578759
2025-07-16,41543,2025071604014966,SHL,Thrive Brokerage House Pvt. Ltd,Sharepro Securities Private Limited,125,580.7,72587.5,2025-07-16 13:40:55.578807
2025-07-16,41542,2025071604014967,SHL,Thrive Brokerage House Pvt. Ltd,Primo Securities (PVT) Ltd.,2000,580.8,1161600.0,2025-07-16 13:40:55.578839
2025-07-16,41541,2025071604014968,SHL,Thrive Brokerage House Pvt. Ltd,Vision Securities Pvt. Ltd,1775,580.8,1030920.0,2025-07-16 13:40:55.578872
2025-07-16,41047,2025071604015106,SHL,Agrawal Securities (PVT) Ltd.,Elite Stock House Limited,140,579.3,81102.0,2025-07-16 13:42:16.899285
2025-07-16,40634,2025071604015227,SHL,Linch Stock Market Ltd.,Dakshinkali Investment & Securities Pvt. Ltd.,400,580.0,232000.0,2025-07-16 13:43:32.210231
2025-07-16,40564,2025071604015246,SHL,Agrawal Securities (PVT) Ltd.,Bhrikuti Stock Broking Co. Pvt. Ltd.,150,579.3,86895.0,2025-07-16 13:43:39.497672
2025-07-16,40528,2025071604015255,SHL,Linch Stock Market Ltd.,Vision Securities Pvt. Ltd,225,580.8,130680.0,2025-07-16 13:43:47.422657
2025-07-16,40527,2025071604015256,SHL,Linch Stock Market Ltd.,Dynamic Money Managers Securities Pvt. Ltd.,100,581.0,58100.0,2025-07-16 13:43:47.423059
2025-07-16,40526,2025071604015257,SHL,Linch Stock Market Ltd.,Sundhara Securities Limited,100,581.0,58100.0,2025-07-16 13:43:47.423305
2025-07-16,40525,2025071604015258,SHL,Linch Stock Market Ltd.,Bhrikuti Stock Broking Co. Pvt. Ltd.,175,581.0,101675.0,2025-07-16 13:43:47.423598
2025-07-16,39035,2025071604015697,SHL,Aryatara Investment & Securities,Kumari Securities Private Limited,100,581.5,58150.0,2025-07-16 13:47:50.751689
2025-07-16,38446,2025071604015909,SHL,Agrawal Securities (PVT) Ltd.,Bhrikuti Stock Broking Co. Pvt. Ltd.,160,579.5,92720.0,2025-07-16 13:49:10.271885
2025-07-16,38445,2025071604015910,SHL,Sani Securities Company Ltd.,Bhrikuti Stock Broking Co. Pvt. Ltd.,100,579.5,57950.0,2025-07-16 13:49:10.271962
2025-07-16,38444,2025071604015911,SHL,Imperial Securities Company Pvt. Ltd.,Bhrikuti Stock Broking Co. Pvt. Ltd.,100,579.3,57930.0,2025-07-16 13:49:10.271995
2025-07-16,38443,2025071604015912,SHL,Creative Securities Pvt Ltd,Bhrikuti Stock Broking Co. Pvt. Ltd.,1900,579.2,1100480.0,2025-07-16 13:49:10.272020
2025-07-16,38442,2025071604015913,SHL,Kohinoor Investment & Securities Pvt. Ltd.,Bhrikuti Stock Broking Co. Pvt. Ltd.,410,579.0,237390.0,2025-07-16 13:49:10.272041
2025-07-16,38441,2025071604015914,SHL,Creative Securities Pvt Ltd,Bhrikuti Stock Broking Co. Pvt. Ltd.,500,579.0,289500.0,2025-07-16 13:49:10.272064
2025-07-16,38440,2025071604015915,SHL,ABC Securities Private Limited,Bhrikuti Stock Broking Co. Pvt. Ltd.,100,579.0,57900.0,2025-07-16 13:49:10.272082
2025-07-16,38439,2025071604015916,SHL,Capital Max Securities Ltd,Bhrikuti Stock Broking Co. Pvt. Ltd.,215,579.0,124485.0,2025-07-16 13:49:10.272103
2025-07-16,38438,2025071604015917,SHL,Creative Securities Pvt Ltd,Bhrikuti Stock Broking Co. Pvt. Ltd.,500,578.0,289000.0,2025-07-16 13:49:10.272123
2025-07-16,38437,2025071604015918,SHL,Sani Securities Company Ltd.,Bhrikuti Stock Broking Co. Pvt. Ltd.,215,578.0,124270.0,2025-07-16 13:49:10.272156
2025-07-16,37935,2025071604016048,SHL,Himalayan Securities Limited,Bhrikuti Stock Broking Co. Pvt. Ltd.,100,578.2,57820.0,2025-07-16 13:50:35.920260
2025-07-16,37002,2025071604016292,SHL,Himalayan Securities Limited,Neev Securities Pvt. Ltd.,900,578.2,520380.0,2025-07-16 13:52:58.803875
2025-07-16,37001,2025071604016293,SHL,Imperial Securities Company Pvt. Ltd.,Neev Securities Pvt. Ltd.,100,578.1,57810.0,2025-07-16 13:52:58.804274
2025-07-16,36888,2025071604016330,SHL,Sani Securities Company Ltd.,Kohinoor Investment & Securities Pvt. Ltd.,300,578.0,173400.0,2025-07-16 13:53:19.462014
2025-07-16,36539,2025071604016392,SHL,Asian Securities Private Ltd.,Kumari Securities Private Limited,100,579.0,57900.0,2025-07-16 13:54:05.970073
2025-07-16,36538,2025071604016393,SHL,Sani Securities Company Ltd.,Kumari Securities Private Limited,200,578.0,115600.0,2025-07-16 13:54:05.970275
2025-07-16,36512,2025071604016406,SHL,Naasa Securities Co. Ltd.,Trishakti Securities Public Limited,10,580.0,5800.0,2025-07-16 13:54:11.040174
2025-07-16,35999,2025071604016557,SHL,Magnet Securities and Investment Company Private Limited,Kohinoor Investment & Securities Pvt. Ltd.,180,580.0,104400.0,2025-07-16 13:55:20.279016
2025-07-16,35874,2025071604016579,SHL,Nepal Stock House (PVT) Ltd.,Citizens Share Broker Limited,100,580.0,58000.0,2025-07-16 13:55:43.167323
2025-07-16,35165,2025071604016808,SHL,Garima Securities Limited,Nabil Stock Dealer Ltd.,1000,578.1,578100.0,2025-07-16 13:57:13.263228
2025-07-16,35164,2025071604016809,SHL,Sani Securities Company Ltd.,Nabil Stock Dealer Ltd.,150,578.0,86700.0,2025-07-16 13:57:13.263734
2025-07-16,35163,2025071604016810,SHL,Sani Securities Company Ltd.,Nabil Stock Dealer Ltd.,250,578.0,144500.0,2025-07-16 13:57:13.263994
2025-07-16,34785,2025071604016898,SHL,Asian Securities Private Ltd.,Asian Securities Private Ltd.,30,567.0,17010.0,2025-07-16 13:58:06.115572
2025-07-16,34755,2025071604016904,SHL,Miyo Securities Pvt Ltd,Sumeru Securities Pvt. Ltd.,100,580.0,58000.0,2025-07-16 13:58:12.324548
2025-07-16,34754,2025071604016905,SHL,Miyo Securities Pvt Ltd,Pragyan Securities (PVT) Ltd.,100,580.0,58000.0,2025-07-16 13:58:12.324911
2025-07-16,34643,2025071604016927,SHL,Miyo Securities Pvt Ltd,Dynamic Money Managers Securities Pvt. Ltd.,500,581.0,290500.0,2025-07-16 13:58:32.387637
2025-07-16,34283,2025071604017042,SHL,Sani Securities Company Ltd.,Vision Securities Pvt. Ltd,121,578.0,69938.0,2025-07-16 13:59:35.112370
2025-07-16,33869,2025071604017101,SHL,Sani Securities Company Ltd.,Vision Securities Pvt. Ltd,494,578.0,285532.0,2025-07-16 14:00:41.029626
2025-07-16,33868,2025071604017102,SHL,Sani Securities Company Ltd.,Vision Securities Pvt. Ltd,406,578.0,234668.0,2025-07-16 14:00:41.029866
2025-07-16,32795,2025071604017396,SHL,Sani Securities Company Ltd.,Citizens Share Broker Limited,459,578.0,265302.0,2025-07-16 14:03:39.702905
2025-07-16,32794,2025071604017397,SHL,Opal Securities Investment (PVT) Ltd.,Citizens Share Broker Limited,241,578.0,139298.0,2025-07-16 14:03:39.703140
2025-07-16,31134,2025071604017742,SHL,Imperial Securities Company Pvt. Ltd.,Naasa Securities Co. Ltd.,110,578.1,63591.0,2025-07-16 14:08:38.981465
2025-07-16,31004,2025071604017759,SHL,Secured Securities Ltd.,Trisul Securities & Invt. Ltd.,100,579.0,57900.0,2025-07-16 14:09:01.402454
2025-07-16,30994,2025071604017765,SHL,Imperial Securities Company Pvt. Ltd.,Nabil Stock Dealer Ltd.,750,578.1,433575.0,2025-07-16 14:09:05.643719
2025-07-16,30993,2025071604017766,SHL,Opal Securities Investment (PVT) Ltd.,Nabil Stock Dealer Ltd.,100,578.0,57800.0,2025-07-16 14:09:05.643933
2025-07-16,30992,2025071604017767,SHL,Trishakti Securities Public Limited,Nabil Stock Dealer Ltd.,100,578.0,57800.0,2025-07-16 14:09:05.644062
2025-07-16,30922,2025071604017790,SHL,Online Securities Pvt. Ltd.,K.B.L. Securities Limited ,100,577.9,57790.0,2025-07-16 14:09:18.624621
2025-07-16,30921,2025071604017791,SHL,Global IME Securities Limited,K.B.L. Securities Limited ,800,577.8,462240.0,2025-07-16 14:09:18.624878
2025-07-16,30920,2025071604017792,SHL,Global IME Securities Limited,K.B.L. Securities Limited ,800,577.8,462240.0,2025-07-16 14:09:18.624983
2025-07-16,30919,2025071604017793,SHL,Primo Securities (PVT) Ltd.,K.B.L. Securities Limited ,1000,577.7,577700.0,2025-07-16 14:09:18.625099
2025-07-16,30918,2025071604017794,SHL,Cristal Kanchanjanga Securites Pvt. Ltd.,K.B.L. Securities Limited ,150,577.1,86565.0,2025-07-16 14:09:18.625181
2025-07-16,30917,2025071604017795,SHL,Vision Securities Pvt. Ltd,K.B.L. Securities Limited ,500,577.0,288500.0,2025-07-16 14:09:18.625263
2025-07-16,30916,2025071604017796,SHL,Primo Securities (PVT) Ltd.,K.B.L. Securities Limited ,1000,577.0,577000.0,2025-07-16 14:09:18.625356
2025-07-16,30700,2025071604017834,SHL,Vision Securities Pvt. Ltd,K.B.L. Securities Limited ,650,577.0,375050.0,2025-07-16 14:10:10.253892
2025-07-16,30699,2025071604017835,SHL,Vision Securities Pvt. Ltd,Nabil Stock Dealer Ltd.,1262,578.0,729436.0,2025-07-16 14:10:10.254138
2025-07-16,29213,2025071604018191,SHL,Naasa Securities Co. Ltd.,Infinity Securities Limited,150,577.0,86550.0,2025-07-16 14:14:19.576697
2025-07-16,28846,2025071604018292,SHL,Opal Securities Investment (PVT) Ltd.,Trishakti Securities Public Limited,1000,577.0,577000.0,2025-07-16 14:15:19.882119
2025-07-16,28845,2025071604018293,SHL,Opal Securities Investment (PVT) Ltd.,Infinity Securities Limited,100,577.0,57700.0,2025-07-16 14:15:19.882380
2025-07-16,28844,2025071604018294,SHL,Opal Securities Investment (PVT) Ltd.,Nabil Stock Dealer Ltd.,650,578.0,375700.0,2025-07-16 14:15:19.882483
2025-07-16,28843,2025071604018295,SHL,Opal Securities Investment (PVT) Ltd.,Nabil Stock Dealer Ltd.,2000,578.0,1156000.0,2025-07-16 14:15:19.882571
2025-07-16,28842,2025071604018296,SHL,Opal Securities Investment (PVT) Ltd.,Naasa Securities Co. Ltd.,500,578.0,289000.0,2025-07-16 14:15:19.882657
2025-07-16,28559,2025071604018382,SHL,Naasa Securities Co. Ltd.,Naasa Securities Co. Ltd.,100,578.9,57890.0,2025-07-16 14:16:07.819262
2025-07-16,28558,2025071604018383,SHL,Naasa Securities Co. Ltd.,Trisul Securities & Invt. Ltd.,150,579.0,86850.0,2025-07-16 14:16:07.819521
2025-07-16,28524,2025071604018392,SHL,Nabil Stock Dealer Ltd.,Trisul Securities & Invt. Ltd.,100,579.0,57900.0,2025-07-16 14:16:12.783380
2025-07-16,27538,2025071604018791,SHL,Imperial Securities Company Pvt. Ltd.,Hatemalo Financial Services Private Limited,100,577.0,57700.0,2025-07-16 14:19:03.330573
2025-07-16,27537,2025071604018792,SHL,Dynamic Money Managers Securities Pvt. Ltd.,Hatemalo Financial Services Private Limited,300,576.7,173010.0,2025-07-16 14:19:03.330793
2025-07-16,27536,2025071604018793,SHL,Vision Securities Pvt. Ltd,Hatemalo Financial Services Private Limited,190,576.7,109573.0,2025-07-16 14:19:03.330879
2025-07-16,27160,2025071604018858,SHL,Vision Securities Pvt. Ltd,Dipshikha Dhitopatra Karobar Co. Pvt Ltd.,250,576.7,144175.0,2025-07-16 14:20:10.078458
2025-07-16,26951,2025071604018896,SHL,Infinity Securities Limited,Nepal Investment And Securities Trading Private Limited,100,578.0,57800.0,2025-07-16 14:20:48.686573
2025-07-16,26950,2025071604018897,SHL,Infinity Securities Limited,Sewa Securities Pvt. Ltd.,100,578.0,57800.0,2025-07-16 14:20:48.686840
2025-07-16,25602,2025071604019300,SHL,Elite Stock House Limited,Imperial Securities Company Pvt. Ltd.,100,577.0,57700.0,2025-07-16 14:24:11.180380
2025-07-16,24637,2025071604019593,SHL,Imperial Securities Company Pvt. Ltd.,Sewa Securities Pvt. Ltd.,100,578.0,57800.0,2025-07-16 14:26:49.678174
2025-07-16,24429,2025071604019649,SHL,Imperial Securities Company Pvt. Ltd.,Trisul Securities & Invt. Ltd.,900,578.0,520200.0,2025-07-16 14:27:17.154421
2025-07-16,24428,2025071604019650,SHL,Sewa Securities Pvt. Ltd.,Trisul Securities & Invt. Ltd.,200,578.0,115600.0,2025-07-16 14:27:17.963681
2025-07-16,24132,2025071604019751,SHL,Dynamic Money Managers Securities Pvt. Ltd.,Trisul Securities & Invt. Ltd.,400,578.0,231200.0,2025-07-16 14:28:09.850559
2025-07-16,23356,2025071604020008,SHL,Elite Stock House Limited,Thrive Brokerage House Pvt. Ltd,200,577.0,115400.0,2025-07-16 14:30:02.807870
2025-07-16,23355,2025071604020009,SHL,Imperial Securities Company Pvt. Ltd.,Thrive Brokerage House Pvt. Ltd,300,577.0,173100.0,2025-07-16 14:30:02.808130
2025-07-16,23197,2025071604020055,SHL,Vision Securities Pvt. Ltd,Asian Securities Private Ltd.,400,577.5,231000.0,2025-07-16 14:30:22.711503
2025-07-16,22748,2025071604020191,SHL,Vision Securities Pvt. Ltd,Trisul Securities & Invt. Ltd.,350,577.5,202125.0,2025-07-16 14:31:33.133436
2025-07-16,22405,2025071604020259,SHL,Imperial Securities Company Pvt. Ltd.,Imperial Securities Company Pvt. Ltd.,11,567.0,6237.0,2025-07-16 14:32:14.774964
2025-07-16,21873,2025071604020377,SHL,Imperial Securities Company Pvt. Ltd.,Kumari Securities Private Limited,200,578.0,115600.0,2025-07-16 14:33:23.507167
2025-07-16,21537,2025071604020509,SHL,Imperial Securities Company Pvt. Ltd.,Naasa Securities Co. Ltd.,200,577.0,115400.0,2025-07-16 14:34:18.683186
2025-07-16,21536,2025071604020510,SHL,Nepal Stock House (PVT) Ltd.,Naasa Securities Co. Ltd.,100,577.0,57700.0,2025-07-16 14:34:18.683628
2025-07-16,21444,2025071604020552,SHL,Elite Stock House Limited,Sani Securities Company Ltd.,100,576.9,57690.0,2025-07-16 14:34:30.096082
2025-07-16,21398,2025071604020557,SHL,Elite Stock House Limited,Siprabi Securities Pvt. Ltd.,100,576.9,57690.0,2025-07-16 14:34:36.218633
2025-07-16,21352,2025071604020567,SHL,Vision Securities Pvt. Ltd,Asian Securities Private Ltd.,100,576.8,57680.0,2025-07-16 14:34:42.429974
2025-07-16,21351,2025071604020568,SHL,Vision Securities Pvt. Ltd,Asian Securities Private Ltd.,1000,576.8,576800.0,2025-07-16 14:34:42.430017
2025-07-16,21350,2025071604020569,SHL,Vision Securities Pvt. Ltd,Asian Securities Private Ltd.,560,576.7,322952.0,2025-07-16 14:34:42.430046
2025-07-16,21349,2025071604020570,SHL,Opal Securities Investment (PVT) Ltd.,Asian Securities Private Ltd.,950,576.7,547865.0,2025-07-16 14:34:42.430069
2025-07-16,21348,2025071604020571,SHL,Infinity Securities Limited,Asian Securities Private Ltd.,100,576.7,57670.0,2025-07-16 14:34:42.430092
2025-07-16,21347,2025071604020572,SHL,Opal Securities Investment (PVT) Ltd.,Asian Securities Private Ltd.,1590,576.6,916794.0,2025-07-16 14:34:42.430117
2025-07-16,21095,2025071604020637,SHL,Opal Securities Investment (PVT) Ltd.,Midas Stock Broking Company Private Limited,100,576.6,57660.0,2025-07-16 14:35:26.895089
2025-07-16,20892,2025071604020692,SHL,Market Securities & Exchange (PVT) Ltd.,Naasa Securities Co. Ltd.,200,577.0,115400.0,2025-07-16 14:35:52.076371
2025-07-16,20694,2025071604020735,SHL,Opal Securities Investment (PVT) Ltd.,Dipshikha Dhitopatra Karobar Co. Pvt Ltd.,100,576.8,57680.0,2025-07-16 14:36:20.940428
2025-07-16,20003,2025071604020895,SHL,Opal Securities Investment (PVT) Ltd.,Bhrikuti Stock Broking Co. Pvt. Ltd.,400,576.8,230720.0,2025-07-16 14:37:32.662014
2025-07-16,20002,2025071604020896,SHL,Opal Securities Investment (PVT) Ltd.,Bhrikuti Stock Broking Co. Pvt. Ltd.,100,576.6,57660.0,2025-07-16 14:37:32.662151
2025-07-16,19860,2025071604020942,SHL,Opal Securities Investment (PVT) Ltd.,Citizens Share Broker Limited,2000,576.6,1153200.0,2025-07-16 14:37:50.997692
2025-07-16,19316,2025071604021070,SHL,Opal Securities Investment (PVT) Ltd.,Asian Securities Private Ltd.,150,576.7,86505.0,2025-07-16 14:39:03.296139
2025-07-16,19315,2025071604021071,SHL,Dakshinkali Investment & Securities Pvt. Ltd.,Asian Securities Private Ltd.,100,576.7,57670.0,2025-07-16 14:39:03.296403
2025-07-16,19314,2025071604021072,SHL,Opal Securities Investment (PVT) Ltd.,Asian Securities Private Ltd.,250,576.6,144150.0,2025-07-16 14:39:03.296494
2025-07-16,18581,2025071604021299,SHL,Opal Securities Investment (PVT) Ltd.,Aryatara Investment & Securities,500,576.6,288300.0,2025-07-16 14:40:35.092110
2025-07-16,18411,2025071604021356,SHL,Opal Securities Investment (PVT) Ltd.,MILKY WAY SHARE BROKER COMPANY LTD ,3500,576.6,2018100.0,2025-07-16 14:40:57.368997
2025-07-16,18196,2025071604021394,SHL,Opal Securities Investment (PVT) Ltd.,J.F. Securites (PVT) Ltd.,350,576.6,201810.0,2025-07-16 14:41:19.822521
2025-07-16,17748,2025071604021536,SHL,Sani Securities Company Ltd.,Nabil Stock Dealer Ltd.,500,577.0,288500.0,2025-07-16 14:42:10.769597
2025-07-16,17747,2025071604021537,SHL,Sani Securities Company Ltd.,Sweta Securities Private Limited,174,578.0,100572.0,2025-07-16 14:42:10.769826
2025-07-16,17746,2025071604021538,SHL,Sani Securities Company Ltd.,Nabil Stock Dealer Ltd.,3000,578.0,1734000.0,2025-07-16 14:42:10.769916
2025-07-16,17249,2025071604021695,SHL,Sani Securities Company Ltd.,Bhrikuti Stock Broking Co. Pvt. Ltd.,100,578.0,57800.0,2025-07-16 14:43:08.778458
2025-07-16,16670,2025071604021837,SHL,Thrive Brokerage House Pvt. Ltd,Sundhara Securities Limited,200,578.7,115740.0,2025-07-16 14:44:03.701461
2025-07-16,15262,2025071604022164,SHL,Primo Securities (PVT) Ltd.,Opal Securities Investment (PVT) Ltd.,100,578.1,57810.0,2025-07-16 14:45:31.917505
2025-07-16,15261,2025071604022165,SHL,Thrive Brokerage House Pvt. Ltd,Opal Securities Investment (PVT) Ltd.,100,578.1,57810.0,2025-07-16 14:45:31.917730
2025-07-16,15125,2025071604022181,SHL,Opal Securities Investment (PVT) Ltd.,ABC Securities Private Limited,100,580.0,58000.0,2025-07-16 14:45:42.016387
2025-07-16,14876,2025071604022246,SHL,Opal Securities Investment (PVT) Ltd.,Naasa Securities Co. Ltd.,100,580.0,58000.0,2025-07-16 14:45:56.120411
2025-07-16,12527,2025071604022807,SHL,Aryatara Investment & Securities,Deevyaa Securities & Stock House Pvt. Ltd,100,580.0,58000.0,2025-07-16 14:49:13.815567
2025-07-16,12426,2025071604022837,SHL,Sundhara Securities Limited,Sundhara Securities Limited,100,580.0,58000.0,2025-07-16 14:49:21.423707
2025-07-16,12425,2025071604022838,SHL,Sundhara Securities Limited,R.B.B. Securities Company Ltd,100,580.0,58000.0,2025-07-16 14:49:21.423941
2025-07-16,12033,2025071604022940,SHL,Aryatara Investment & Securities,Malla & Malla Stock Broking Company Pvt. Limited,100,579.0,57900.0,2025-07-16 14:49:52.214146
2025-07-16,11986,2025071604022959,SHL,Sani Securities Company Ltd.,Sri Hari Securities Pvt. Ltd.,6226,578.0,3598628.0,2025-07-16 14:49:55.292731
2025-07-16,11985,2025071604022960,SHL,Sani Securities Company Ltd.,Sri Hari Securities Pvt. Ltd.,4743,578.0,2741454.0,2025-07-16 14:49:55.293010
2025-07-16,11678,2025071604023080,SHL,Trishakti Securities Public Limited,Creative Securities Pvt Ltd,100,580.5,58050.0,2025-07-16 14:50:19.730711
2025-07-16,10031,2025071604023541,SHL,Nepal Stock House (PVT) Ltd.,Trishakti Securities Public Limited,100,578.1,57810.0,2025-07-16 14:52:17.038592
2025-07-16,10030,2025071604023542,SHL,Sani Securities Company Ltd.,Trishakti Securities Public Limited,5257,578.0,3038546.0,2025-07-16 14:52:17.039056
2025-07-16,10029,2025071604023543,SHL,Online Securities Pvt. Ltd.,Trishakti Securities Public Limited,700,577.0,403900.0,2025-07-16 14:52:17.039345
2025-07-16,10028,2025071604023544,SHL,Premier Securities Company Ltd.,Trishakti Securities Public Limited,200,577.0,115400.0,2025-07-16 14:52:17.039621
2025-07-16,10027,2025071604023545,SHL,Sani Securities Company Ltd.,Trishakti Securities Public Limited,323,577.0,186371.0,2025-07-16 14:52:17.039873
2025-07-16,8907,2025071604023957,SHL,Creative Securities Pvt Ltd,Nagarik Stock Dealer ,429,577.0,247533.0,2025-07-16 14:53:28.763612
2025-07-16,8666,2025071604024046,SHL,Creative Securities Pvt Ltd,Trishakti Securities Public Limited,571,577.0,329467.0,2025-07-16 14:53:44.276393
2025-07-16,8665,2025071604024047,SHL,Online Securities Pvt. Ltd.,Trishakti Securities Public Limited,700,577.0,403900.0,2025-07-16 14:53:44.276601
2025-07-16,8664,2025071604024048,SHL,Vision Securities Pvt. Ltd,Trishakti Securities Public Limited,100,576.9,57690.0,2025-07-16 14:53:44.276718
2025-07-16,8663,2025071604024049,SHL,Vision Securities Pvt. Ltd,Trishakti Securities Public Limited,100,576.7,57670.0,2025-07-16 14:53:44.276804
2025-07-16,8662,2025071604024050,SHL,Opal Securities Investment (PVT) Ltd.,Trishakti Securities Public Limited,1876,576.6,1081701.6,2025-07-16 14:53:44.276890
2025-07-16,7678,2025071604024330,SHL,Sundhara Securities Limited,Nagarik Stock Dealer ,100,577.9,57790.0,2025-07-16 14:54:42.836046
2025-07-16,7677,2025071604024331,SHL,SHUBHAKAMANA SECURITIES PVT. LTD,Sundhara Securities Limited,180,577.1,103878.0,2025-07-16 14:54:42.838605
2025-07-16,7676,2025071604024332,SHL,Himalayan Brokerage Company Limited,Sundhara Securities Limited,100,577.0,57700.0,2025-07-16 14:54:42.838749
2025-07-16,7675,2025071604024333,SHL,Opal Securities Investment (PVT) Ltd.,Sundhara Securities Limited,353,576.6,203539.8,2025-07-16 14:54:42.838844
2025-07-16,7341,2025071604024415,SHL,Opal Securities Investment (PVT) Ltd.,Sundhara Securities Limited,600,576.6,345960.0,2025-07-16 14:55:02.999178
2025-07-16,7157,2025071604024480,SHL,Opal Securities Investment (PVT) Ltd.,Sundhara Securities Limited,400,576.6,230640.0,2025-07-16 14:55:15.087352
2025-07-16,6690,2025071604024622,SHL,Vision Securities Pvt. Ltd,Sundhara Securities Limited,100,576.7,57670.0,2025-07-16 14:55:45.349093
2025-07-16,6497,2025071604024715,SHL,Vision Securities Pvt. Ltd,Citizens Share Broker Limited,100,576.7,57670.0,2025-07-16 14:55:58.725379
2025-07-16,6496,2025071604024716,SHL,Opal Securities Investment (PVT) Ltd.,Citizens Share Broker Limited,589,576.6,339617.4,2025-07-16 14:55:58.725592
2025-07-16,6026,2025071604024935,SHL,Opal Securities Investment (PVT) Ltd.,Citizens Share Broker Limited,900,576.6,518940.0,2025-07-16 14:56:22.819986
2025-07-16,6023,2025071604024936,SHL,Opal Securities Investment (PVT) Ltd.,Dipshikha Dhitopatra Karobar Co. Pvt Ltd.,102,576.6,58813.2,2025-07-16 14:56:23.139252
2025-07-16,5228,2025071604025204,SHL,Opal Securities Investment (PVT) Ltd.,Vision Securities Pvt. Ltd,850,576.6,490110.0,2025-07-16 14:57:04.885247
2025-07-16,2881,2025071604025944,SHL,Sani Securities Company Ltd.,Imperial Securities Company Pvt. Ltd.,500,578.8,289400.0,2025-07-16 14:58:47.129501
2025-07-16,2880,2025071604025945,SHL,Sani Securities Company Ltd.,Nepal Investment And Securities Trading Private Limited,191,579.0,110589.0,2025-07-16 14:58:47.129739
2025-07-16,1976,2025071604026228,SHL,Sweta Securities Private Limited,Nabil Stock Dealer Ltd.,169,576.8,97479.2,2025-07-16 14:59:16.837628
2025-07-16,1975,2025071604026229,SHL,Trishakti Securities Public Limited,Nabil Stock Dealer Ltd.,100,576.7,57670.0,2025-07-16 14:59:16.837827
2025-07-16,1974,2025071604026230,SHL,Sundhara Securities Limited,Nabil Stock Dealer Ltd.,100,576.7,57670.0,2025-07-16 14:59:16.837929
2025-07-16,1973,2025071604026231,SHL,Creative Securities Pvt Ltd,Nabil Stock Dealer Ltd.,631,576.7,363897.7,2025-07-16 14:59:16.838024
2025-07-16,1858,2025071604026288,SHL,Sani Securities Company Ltd.,ABC Securities Private Limited,500,579.0,289500.0,2025-07-16 14:59:19.042783
2025-07-16,1485,2025071604026387,SHL,Bhrikuti Stock Broking Co. Pvt. Ltd.,Himalayan Brokerage Company Limited,200,579.0,115800.0,2025-07-16 14:59:29.719697
2025-07-16,1484,2025071604026388,SHL,Creative Securities Pvt Ltd,Himalayan Brokerage Company Limited,369,576.7,212802.3,2025-07-16 14:59:29.719924
2025-07-16,1483,2025071604026389,SHL,Sani Securities Company Ltd.,Himalayan Brokerage Company Limited,800,576.7,461360.0,2025-07-16 14:59:29.720027
2025-07-16,1482,2025071604026390,SHL,Opal Securities Investment (PVT) Ltd.,Himalayan Brokerage Company Limited,631,576.6,363834.6,2025-07-16 14:59:29.720112
