Date,S.N.,Contract ID,Symbol,Buyer Broker,Seller Broker,volume,rate,amount,transaction_time
2025-07-16,99255,2025071604000083,SHPC,Agrawal Securities (PVT) Ltd.,Aryatara Investment & Securities,10,610.0,6100.0,2025-07-16 11:01:04.059306
2025-07-16,99145,2025071604000109,SHPC,Agrawal Securities (PVT) Ltd.,Aryatara Investment & Securities,30,610.0,18300.0,2025-07-16 11:01:43.569181
2025-07-16,98826,2025071604000228,SHPC,Agrawal Securities (PVT) Ltd.,Aryatara Investment & Securities,10,610.0,6100.0,2025-07-16 11:03:07.682548
2025-07-16,98825,2025071604000229,SHPC,Kohinoor Investment & Securities Pvt. Ltd.,Aryatara Investment & Securities,50,610.0,30500.0,2025-07-16 11:03:07.682686
2025-07-16,98233,2025071604000355,SHPC,Imperial Securities Company Pvt. Ltd.,Neev Securities Pvt. Ltd.,100,612.0,61200.0,2025-07-16 11:04:58.358468
2025-07-16,98171,2025071604000368,SHPC,Vision Securities Pvt. Ltd,Garima Securities Limited,10,613.7,6137.0,2025-07-16 11:05:12.269838
2025-07-16,97152,2025071604000634,SHPC,Opal Securities Investment (PVT) Ltd.,Aryatara Investment & Securities,100,609.1,60910.0,2025-07-16 11:08:13.707988
2025-07-16,97151,2025071604000635,SHPC,Asian Securities Private Ltd.,Aryatara Investment & Securities,200,609.0,121800.0,2025-07-16 11:08:13.708159
2025-07-16,97150,2025071604000636,SHPC,Secured Securities Ltd.,Aryatara Investment & Securities,200,609.0,121800.0,2025-07-16 11:08:13.708232
2025-07-16,96819,2025071604000715,SHPC,Vision Securities Pvt. Ltd,Midas Stock Broking Company Private Limited,1000,610.0,610000.0,2025-07-16 11:09:09.560364
2025-07-16,96421,2025071604000823,SHPC,Opal Securities Investment (PVT) Ltd.,Aakashbhairab Securities Ltd.,900,611.0,549900.0,2025-07-16 11:10:22.923159
2025-07-16,96331,2025071604000841,SHPC,Secured Securities Ltd.,Aakashbhairab Securities Ltd.,50,611.0,30550.0,2025-07-16 11:10:38.197723
2025-07-16,96330,2025071604000842,SHPC,Secured Securities Ltd.,Linch Stock Market Ltd.,100,611.0,61100.0,2025-07-16 11:10:38.198025
2025-07-16,96329,2025071604000843,SHPC,Secured Securities Ltd.,Kumari Securities Private Limited,150,612.0,91800.0,2025-07-16 11:10:38.198215
2025-07-16,96328,2025071604000844,SHPC,Secured Securities Ltd.,Nagarik Stock Dealer ,1000,613.0,613000.0,2025-07-16 11:10:38.198451
2025-07-16,96252,2025071604000863,SHPC,Secured Securities Ltd.,Imperial Securities Company Pvt. Ltd.,700,613.0,429100.0,2025-07-16 11:10:53.289375
2025-07-16,95725,2025071604000983,SHPC,BHOLE GANESH SECURITIES LTD,Dynamic Money Managers Securities Pvt. Ltd.,1000,610.0,610000.0,2025-07-16 11:12:05.582002
2025-07-16,95724,2025071604000984,SHPC,Vision Securities Pvt. Ltd,Dynamic Money Managers Securities Pvt. Ltd.,1000,610.0,610000.0,2025-07-16 11:12:05.582153
2025-07-16,95723,2025071604000985,SHPC,Oxford Securities Pvt. Ltd.,Dynamic Money Managers Securities Pvt. Ltd.,300,610.0,183000.0,2025-07-16 11:12:05.582221
2025-07-16,95555,2025071604001037,SHPC,Magnet Securities and Investment Company Private Limited,Dynamic Money Managers Securities Pvt. Ltd.,50,610.0,30500.0,2025-07-16 11:12:27.748675
2025-07-16,95375,2025071604001066,SHPC,Sweta Securities Private Limited,Dynamic Money Managers Securities Pvt. Ltd.,650,610.0,396500.0,2025-07-16 11:12:52.424680
2025-07-16,95374,2025071604001067,SHPC,Sweta Securities Private Limited,Sundhara Securities Limited,200,612.8,122560.0,2025-07-16 11:12:52.425024
2025-07-16,95373,2025071604001068,SHPC,Sweta Securities Private Limited,Sundhara Securities Limited,150,612.9,91935.0,2025-07-16 11:12:52.425267
2025-07-16,95149,2025071604001119,SHPC,Secured Securities Ltd.,Oxford Securities Pvt. Ltd.,100,610.0,61000.0,2025-07-16 11:13:28.090968
2025-07-16,95078,2025071604001147,SHPC,Secured Securities Ltd.,Sundhara Securities Limited,300,612.9,183870.0,2025-07-16 11:13:41.468942
2025-07-16,95077,2025071604001148,SHPC,Secured Securities Ltd.,Thrive Brokerage House Pvt. Ltd,70,613.0,42910.0,2025-07-16 11:13:41.469268
2025-07-16,95076,2025071604001149,SHPC,Secured Securities Ltd.,Online Securities Pvt. Ltd.,600,613.0,367800.0,2025-07-16 11:13:41.469554
2025-07-16,95075,2025071604001150,SHPC,Secured Securities Ltd.,Sharepro Securities Private Limited,50,613.0,30650.0,2025-07-16 11:13:41.469789
2025-07-16,95074,2025071604001151,SHPC,Secured Securities Ltd.,Aryatara Investment & Securities,300,613.0,183900.0,2025-07-16 11:13:41.469991
2025-07-16,95073,2025071604001152,SHPC,Secured Securities Ltd.,Roadshow securities limited,500,613.0,306500.0,2025-07-16 11:13:41.470235
2025-07-16,95010,2025071604001164,SHPC,Secured Securities Ltd.,Nabil Stock Dealer Ltd.,10,613.0,6130.0,2025-07-16 11:13:52.161565
2025-07-16,94938,2025071604001184,SHPC,Secured Securities Ltd.,Dynamic Money Managers Securities Pvt. Ltd.,170,613.0,104210.0,2025-07-16 11:14:06.905774
2025-07-16,94507,2025071604001280,SHPC,Kumari Securities Private Limited,Online Securities Pvt. Ltd.,500,612.0,306000.0,2025-07-16 11:15:18.759091
2025-07-16,94362,2025071604001338,SHPC,Kumari Securities Private Limited,Dynamic Money Managers Securities Pvt. Ltd.,500,613.0,306500.0,2025-07-16 11:15:41.870826
2025-07-16,94264,2025071604001358,SHPC,Secured Securities Ltd.,Sani Securities Company Ltd.,1000,612.9,612900.0,2025-07-16 11:16:04.867245
2025-07-16,94263,2025071604001359,SHPC,Secured Securities Ltd.,Dynamic Money Managers Securities Pvt. Ltd.,1000,613.0,613000.0,2025-07-16 11:16:04.867452
2025-07-16,94108,2025071604001403,SHPC,Capital Max Securities Ltd,KALASH STOCK MARKET PVT. LTD.,60,610.1,36606.0,2025-07-16 11:16:28.864906
2025-07-16,94107,2025071604001404,SHPC,Vision Securities Pvt. Ltd,KALASH STOCK MARKET PVT. LTD.,500,610.1,305050.0,2025-07-16 11:16:28.865139
2025-07-16,94106,2025071604001405,SHPC,Kohinoor Investment & Securities Pvt. Ltd.,KALASH STOCK MARKET PVT. LTD.,440,610.1,268444.0,2025-07-16 11:16:28.865232
2025-07-16,94097,2025071604001410,SHPC,Investment Management Nepal Pvt. Ltd.,Dynamic Money Managers Securities Pvt. Ltd.,330,613.0,202290.0,2025-07-16 11:16:30.465530
2025-07-16,94096,2025071604001411,SHPC,Investment Management Nepal Pvt. Ltd.,Premier Securities Company Ltd.,170,613.0,104210.0,2025-07-16 11:16:30.465718
2025-07-16,93847,2025071604001463,SHPC,Siprabi Securities Pvt. Ltd.,Citizens Share Broker Limited,10,612.9,6129.0,2025-07-16 11:17:03.500092
2025-07-16,93846,2025071604001464,SHPC,Siprabi Securities Pvt. Ltd.,Premier Securities Company Ltd.,30,613.0,18390.0,2025-07-16 11:17:03.500270
2025-07-16,93845,2025071604001465,SHPC,Siprabi Securities Pvt. Ltd.,Midas Stock Broking Company Private Limited,60,613.0,36780.0,2025-07-16 11:17:03.500359
2025-07-16,93833,2025071604001466,SHPC,Stoxkarts Securities Limited,Midas Stock Broking Company Private Limited,940,613.0,576220.0,2025-07-16 11:17:06.210925
2025-07-16,93832,2025071604001467,SHPC,Stoxkarts Securities Limited,Online Securities Pvt. Ltd.,60,613.0,36780.0,2025-07-16 11:17:06.211000
2025-07-16,93412,2025071604001589,SHPC,Sharepro Securities Private Limited,Nagarik Stock Dealer ,50,611.0,30550.0,2025-07-16 11:18:18.848791
2025-07-16,93411,2025071604001590,SHPC,Oxford Securities Pvt. Ltd.,Nagarik Stock Dealer ,325,611.0,198575.0,2025-07-16 11:18:18.849185
2025-07-16,93410,2025071604001591,SHPC,Dipshikha Dhitopatra Karobar Co. Pvt Ltd.,Nagarik Stock Dealer ,300,610.6,183180.0,2025-07-16 11:18:18.849481
2025-07-16,93409,2025071604001592,SHPC,Deevyaa Securities & Stock House Pvt. Ltd,Nagarik Stock Dealer ,200,610.6,122120.0,2025-07-16 11:18:18.849733
2025-07-16,93408,2025071604001593,SHPC,Cristal Kanchanjanga Securites Pvt. Ltd.,Nagarik Stock Dealer ,875,610.5,534187.5,2025-07-16 11:18:18.849997
2025-07-16,93375,2025071604001599,SHPC,Naasa Securities Co. Ltd.,Dipshikha Dhitopatra Karobar Co. Pvt Ltd.,10,612.9,6129.0,2025-07-16 11:18:25.714421
2025-07-16,92489,2025071604001839,SHPC,Bhrikuti Stock Broking Co. Pvt. Ltd.,Online Securities Pvt. Ltd.,140,613.0,85820.0,2025-07-16 11:21:15.240860
2025-07-16,92488,2025071604001840,SHPC,Bhrikuti Stock Broking Co. Pvt. Ltd.,Infinity Securities Limited,10,613.0,6130.0,2025-07-16 11:21:15.241067
2025-07-16,92480,2025071604001842,SHPC,Sumeru Securities Pvt. Ltd.,Nagarik Stock Dealer ,30,611.1,18333.0,2025-07-16 11:21:19.447992
2025-07-16,92479,2025071604001843,SHPC,Secured Securities Ltd.,Nagarik Stock Dealer ,70,611.0,42770.0,2025-07-16 11:21:19.448212
2025-07-16,92379,2025071604001860,SHPC,J.F. Securites (PVT) Ltd.,Nagarik Stock Dealer ,10,612.5,6125.0,2025-07-16 11:21:31.674765
2025-07-16,91976,2025071604001955,SHPC,Secured Securities Ltd.,Nagarik Stock Dealer ,30,611.0,18330.0,2025-07-16 11:22:36.977425
2025-07-16,91975,2025071604001956,SHPC,Kohinoor Investment & Securities Pvt. Ltd.,Nagarik Stock Dealer ,360,610.8,219888.0,2025-07-16 11:22:36.977663
2025-07-16,91974,2025071604001957,SHPC,Deevyaa Securities & Stock House Pvt. Ltd,Nagarik Stock Dealer ,200,610.7,122140.0,2025-07-16 11:22:36.977764
2025-07-16,91973,2025071604001958,SHPC,Cristal Kanchanjanga Securites Pvt. Ltd.,Nagarik Stock Dealer ,125,610.5,76312.5,2025-07-16 11:22:36.977858
2025-07-16,91972,2025071604001959,SHPC,Deevyaa Securities & Stock House Pvt. Ltd,Nagarik Stock Dealer ,285,610.3,173935.5,2025-07-16 11:22:36.977952
2025-07-16,91804,2025071604002020,SHPC,Secured Securities Ltd.,Neev Securities Pvt. Ltd.,200,612.0,122400.0,2025-07-16 11:23:00.425603
2025-07-16,91803,2025071604002021,SHPC,Secured Securities Ltd.,J.F. Securites (PVT) Ltd.,120,612.0,73440.0,2025-07-16 11:23:00.425887
2025-07-16,91802,2025071604002022,SHPC,Secured Securities Ltd.,Nagarik Stock Dealer ,90,612.5,55125.0,2025-07-16 11:23:00.425983
2025-07-16,91801,2025071604002023,SHPC,Secured Securities Ltd.,Imperial Securities Company Pvt. Ltd.,150,612.9,91935.0,2025-07-16 11:23:00.426096
2025-07-16,91800,2025071604002024,SHPC,Secured Securities Ltd.,Infinity Securities Limited,190,613.0,116470.0,2025-07-16 11:23:00.426241
2025-07-16,91799,2025071604002025,SHPC,Secured Securities Ltd.,Dipshikha Dhitopatra Karobar Co. Pvt Ltd.,250,613.0,153250.0,2025-07-16 11:23:00.426436
2025-07-16,91503,2025071604002118,SHPC,Sweta Securities Private Limited,Dipshikha Dhitopatra Karobar Co. Pvt Ltd.,100,612.0,61200.0,2025-07-16 11:23:47.231798
2025-07-16,91502,2025071604002119,SHPC,Sweta Securities Private Limited,Dipshikha Dhitopatra Karobar Co. Pvt Ltd.,250,613.0,153250.0,2025-07-16 11:23:47.231885
2025-07-16,91501,2025071604002120,SHPC,Sweta Securities Private Limited,Naasa Securities Co. Ltd.,100,613.0,61300.0,2025-07-16 11:23:47.231914
2025-07-16,91500,2025071604002121,SHPC,Sweta Securities Private Limited,Dipshikha Dhitopatra Karobar Co. Pvt Ltd.,100,613.0,61300.0,2025-07-16 11:23:47.231935
2025-07-16,91499,2025071604002122,SHPC,Sweta Securities Private Limited,Trisul Securities & Invt. Ltd.,20,613.0,12260.0,2025-07-16 11:23:47.231958
2025-07-16,91498,2025071604002123,SHPC,Sweta Securities Private Limited,Agrawal Securities (PVT) Ltd.,100,613.0,61300.0,2025-07-16 11:23:47.231981
2025-07-16,91497,2025071604002124,SHPC,Sweta Securities Private Limited,Imperial Securities Company Pvt. Ltd.,130,613.0,79690.0,2025-07-16 11:23:47.232004
2025-07-16,90694,2025071604002359,SHPC,Kohinoor Investment & Securities Pvt. Ltd.,Midas Stock Broking Company Private Limited,100,611.1,61110.0,2025-07-16 11:26:08.315798
2025-07-16,90693,2025071604002360,SHPC,Dipshikha Dhitopatra Karobar Co. Pvt Ltd.,Midas Stock Broking Company Private Limited,270,611.0,164970.0,2025-07-16 11:26:08.316059
2025-07-16,90388,2025071604002438,SHPC,Dipshikha Dhitopatra Karobar Co. Pvt Ltd.,Nepal Stock House (PVT) Ltd.,30,611.1,18333.0,2025-07-16 11:26:55.108637
2025-07-16,90387,2025071604002439,SHPC,Agrawal Securities (PVT) Ltd.,Premier Securities Company Ltd.,100,611.0,61100.0,2025-07-16 11:26:55.117585
2025-07-16,90044,2025071604002514,SHPC,Naasa Securities Co. Ltd.,Nepal Stock House (PVT) Ltd.,69,611.1,42165.9,2025-07-16 11:27:34.529879
2025-07-16,90043,2025071604002515,SHPC,Naasa Securities Co. Ltd.,Capital Max Securities Ltd,82,612.0,50184.0,2025-07-16 11:27:34.530144
2025-07-16,89872,2025071604002558,SHPC,Linch Stock Market Ltd.,Nepal Investment And Securities Trading Private Limited,50,612.9,30645.0,2025-07-16 11:28:00.432362
2025-07-16,89758,2025071604002602,SHPC,Naasa Securities Co. Ltd.,INDEX SECURITIES LIMITED,49,612.0,29988.0,2025-07-16 11:28:21.504111
2025-07-16,89757,2025071604002603,SHPC,SHUBHAKAMANA SECURITIES PVT. LTD,INDEX SECURITIES LIMITED,50,612.0,30600.0,2025-07-16 11:28:21.504165
2025-07-16,89756,2025071604002604,SHPC,Sharepro Securities Private Limited,INDEX SECURITIES LIMITED,20,611.0,12220.0,2025-07-16 11:28:21.504193
2025-07-16,89755,2025071604002605,SHPC,Imperial Securities Company Pvt. Ltd.,INDEX SECURITIES LIMITED,1000,611.0,611000.0,2025-07-16 11:28:21.504217
2025-07-16,89754,2025071604002606,SHPC,Naasa Securities Co. Ltd.,INDEX SECURITIES LIMITED,200,610.5,122100.0,2025-07-16 11:28:21.504241
2025-07-16,89753,2025071604002607,SHPC,Naasa Securities Co. Ltd.,INDEX SECURITIES LIMITED,681,610.4,415682.4,2025-07-16 11:28:21.504266
2025-07-16,89517,2025071604002683,SHPC,Naasa Securities Co. Ltd.,INDEX SECURITIES LIMITED,327,610.4,199600.8,2025-07-16 11:28:53.587914
2025-07-16,89516,2025071604002684,SHPC,Deevyaa Securities & Stock House Pvt. Ltd,INDEX SECURITIES LIMITED,15,610.3,9154.5,2025-07-16 11:28:53.588007
2025-07-16,89515,2025071604002685,SHPC,Sani Securities Company Ltd.,INDEX SECURITIES LIMITED,150,610.3,91545.0,2025-07-16 11:28:53.588036
2025-07-16,89514,2025071604002686,SHPC,Asian Securities Private Ltd.,INDEX SECURITIES LIMITED,500,610.1,305050.0,2025-07-16 11:28:53.588059
2025-07-16,89513,2025071604002687,SHPC,Secured Securities Ltd.,INDEX SECURITIES LIMITED,100,610.0,61000.0,2025-07-16 11:28:53.588082
2025-07-16,89512,2025071604002688,SHPC,Dakshinkali Investment & Securities Pvt. Ltd.,INDEX SECURITIES LIMITED,200,610.0,122000.0,2025-07-16 11:28:53.588106
2025-07-16,89511,2025071604002689,SHPC,Trademow Securities Private Limited,INDEX SECURITIES LIMITED,100,610.0,61000.0,2025-07-16 11:28:53.588137
2025-07-16,89510,2025071604002690,SHPC,Vision Securities Pvt. Ltd,INDEX SECURITIES LIMITED,1000,610.0,610000.0,2025-07-16 11:28:53.588199
2025-07-16,89509,2025071604002691,SHPC,Sharepro Securities Private Limited,INDEX SECURITIES LIMITED,50,610.0,30500.0,2025-07-16 11:28:53.588240
2025-07-16,89508,2025071604002692,SHPC,Primo Securities (PVT) Ltd.,INDEX SECURITIES LIMITED,58,610.0,35380.0,2025-07-16 11:28:53.588264
2025-07-16,89389,2025071604002711,SHPC,Primo Securities (PVT) Ltd.,Imperial Securities Company Pvt. Ltd.,200,610.0,122000.0,2025-07-16 11:29:15.254651
2025-07-16,88367,2025071604002924,SHPC,Aryatara Investment & Securities,Aryatara Investment & Securities,3,607.1,1821.3,2025-07-16 11:31:51.135289
2025-07-16,88288,2025071604002939,SHPC,Kohinoor Investment & Securities Pvt. Ltd.,Kumari Securities Private Limited,15,610.1,9151.5,2025-07-16 11:32:02.044677
2025-07-16,88240,2025071604002952,SHPC,Aryatara Investment & Securities,Dynamic Money Managers Securities Pvt. Ltd.,100,610.2,61020.0,2025-07-16 11:32:07.279002
2025-07-16,88233,2025071604002955,SHPC,Dynamic Money Managers Securities Pvt. Ltd.,Dynamic Money Managers Securities Pvt. Ltd.,49900,610.2,30448980.0,2025-07-16 11:32:08.586161
2025-07-16,88099,2025071604002979,SHPC,Dynamic Money Managers Securities Pvt. Ltd.,Dynamic Money Managers Securities Pvt. Ltd.,100,610.2,61020.0,2025-07-16 11:32:24.691983
2025-07-16,88098,2025071604002980,SHPC,Dynamic Money Managers Securities Pvt. Ltd.,Dynamic Money Managers Securities Pvt. Ltd.,49900,610.2,30448980.0,2025-07-16 11:32:24.692264
2025-07-16,88032,2025071604002997,SHPC,Dynamic Money Managers Securities Pvt. Ltd.,Midas Stock Broking Company Private Limited,100,610.2,61020.0,2025-07-16 11:32:35.677650
2025-07-16,87954,2025071604003017,SHPC,Secured Securities Ltd.,Midas Stock Broking Company Private Limited,900,610.2,549180.0,2025-07-16 11:32:47.261327
2025-07-16,87953,2025071604003018,SHPC,Secured Securities Ltd.,Nagarik Stock Dealer ,55,612.5,33687.5,2025-07-16 11:32:47.261569
2025-07-16,87952,2025071604003019,SHPC,Secured Securities Ltd.,Agrawal Securities (PVT) Ltd.,22,612.5,13475.0,2025-07-16 11:32:47.261676
2025-07-16,87951,2025071604003020,SHPC,Secured Securities Ltd.,Naasa Securities Co. Ltd.,100,612.8,61280.0,2025-07-16 11:32:47.261781
2025-07-16,87950,2025071604003021,SHPC,Secured Securities Ltd.,Nepal Investment And Securities Trading Private Limited,150,612.9,91935.0,2025-07-16 11:32:47.261908
2025-07-16,87949,2025071604003022,SHPC,Secured Securities Ltd.,Imperial Securities Company Pvt. Ltd.,70,613.0,42910.0,2025-07-16 11:32:47.262043
2025-07-16,87948,2025071604003023,SHPC,Secured Securities Ltd.,Bhrikuti Stock Broking Co. Pvt. Ltd.,100,613.0,61300.0,2025-07-16 11:32:47.262153
2025-07-16,87947,2025071604003024,SHPC,Secured Securities Ltd.,Aryatara Investment & Securities,50,613.0,30650.0,2025-07-16 11:32:47.262267
2025-07-16,87946,2025071604003025,SHPC,Secured Securities Ltd.,Citizens Share Broker Limited,100,613.1,61310.0,2025-07-16 11:32:47.262386
2025-07-16,87945,2025071604003026,SHPC,Secured Securities Ltd.,Aryatara Investment & Securities,50,613.5,30675.0,2025-07-16 11:32:47.262490
2025-07-16,87944,2025071604003027,SHPC,Secured Securities Ltd.,Sri Hari Securities Pvt. Ltd.,100,613.5,61350.0,2025-07-16 11:32:47.262591
2025-07-16,87943,2025071604003028,SHPC,Secured Securities Ltd.,Garima Securities Limited,30,613.7,18411.0,2025-07-16 11:32:47.262692
2025-07-16,87942,2025071604003029,SHPC,Secured Securities Ltd.,Naasa Securities Co. Ltd.,40,613.7,24548.0,2025-07-16 11:32:47.262801
2025-07-16,87941,2025071604003030,SHPC,Secured Securities Ltd.,Citizens Share Broker Limited,700,613.7,429590.0,2025-07-16 11:32:47.262906
2025-07-16,87940,2025071604003031,SHPC,Secured Securities Ltd.,Sri Hari Securities Pvt. Ltd.,500,613.9,306950.0,2025-07-16 11:32:47.263018
2025-07-16,87939,2025071604003032,SHPC,Secured Securities Ltd.,Kumari Securities Private Limited,100,613.9,61390.0,2025-07-16 11:32:47.263126
2025-07-16,87938,2025071604003033,SHPC,Secured Securities Ltd.,Magnet Securities and Investment Company Private Limited,933,614.0,572862.0,2025-07-16 11:32:47.263229
2025-07-16,87694,2025071604003094,SHPC,Property Wiard Limited,Market Securities & Exchange (PVT) Ltd.,100,613.5,61350.0,2025-07-16 11:33:25.231333
2025-07-16,87693,2025071604003095,SHPC,Property Wiard Limited,Magnet Securities and Investment Company Private Limited,67,614.0,41138.0,2025-07-16 11:33:25.231608
2025-07-16,87692,2025071604003096,SHPC,Property Wiard Limited,Cristal Kanchanjanga Securites Pvt. Ltd.,1833,614.0,1125462.0,2025-07-16 11:33:25.231713
2025-07-16,87378,2025071604003139,SHPC,Bhrikuti Stock Broking Co. Pvt. Ltd.,Agrawal Securities (PVT) Ltd.,140,613.9,85946.0,2025-07-16 11:34:09.157777
2025-07-16,87377,2025071604003140,SHPC,Bhrikuti Stock Broking Co. Pvt. Ltd.,Cristal Kanchanjanga Securites Pvt. Ltd.,60,614.0,36840.0,2025-07-16 11:34:09.158125
2025-07-16,86441,2025071604003338,SHPC,Imperial Securities Company Pvt. Ltd.,Nagarik Stock Dealer ,50,611.0,30550.0,2025-07-16 11:36:45.608367
2025-07-16,86440,2025071604003339,SHPC,ABC Securities Private Limited,Nagarik Stock Dealer ,50,611.0,30550.0,2025-07-16 11:36:45.608649
2025-07-16,85585,2025071604003511,SHPC,Aryatara Investment & Securities,Aryatara Investment & Securities,3,601.1,1803.3,2025-07-16 11:38:37.215982
2025-07-16,85307,2025071604003575,SHPC,ABC Securities Private Limited,Aryatara Investment & Securities,100,612.9,61290.0,2025-07-16 11:39:16.488284
2025-07-16,85306,2025071604003576,SHPC,ABC Securities Private Limited,Kumari Securities Private Limited,38,613.0,23294.0,2025-07-16 11:39:16.488572
2025-07-16,85305,2025071604003577,SHPC,ABC Securities Private Limited,Dakshinkali Investment & Securities Pvt. Ltd.,200,613.0,122600.0,2025-07-16 11:39:16.488690
2025-07-16,85304,2025071604003578,SHPC,ABC Securities Private Limited,Online Securities Pvt. Ltd.,112,613.0,68656.0,2025-07-16 11:39:16.488803
2025-07-16,85257,2025071604003581,SHPC,South Asian Bulls Pvt. Ltd.,Online Securities Pvt. Ltd.,300,613.0,183900.0,2025-07-16 11:39:22.685205
2025-07-16,85168,2025071604003606,SHPC,South Asian Bulls Pvt. Ltd.,Online Securities Pvt. Ltd.,88,613.0,53944.0,2025-07-16 11:39:33.747891
2025-07-16,85167,2025071604003607,SHPC,South Asian Bulls Pvt. Ltd.,Dipshikha Dhitopatra Karobar Co. Pvt Ltd.,112,613.0,68656.0,2025-07-16 11:39:33.748203
2025-07-16,85133,2025071604003610,SHPC,Capital Max Securities Ltd,Miyo Securities Pvt Ltd,100,611.2,61120.0,2025-07-16 11:39:38.585401
2025-07-16,84611,2025071604003692,SHPC,J.F. Securites (PVT) Ltd.,Deevyaa Securities & Stock House Pvt. Ltd,200,612.0,122400.0,2025-07-16 11:40:42.875380
2025-07-16,84520,2025071604003712,SHPC,Sani Securities Company Ltd.,Dipshikha Dhitopatra Karobar Co. Pvt Ltd.,810,613.0,496530.0,2025-07-16 11:40:58.840921
2025-07-16,84265,2025071604003760,SHPC,Online Securities Pvt. Ltd.,Dipshikha Dhitopatra Karobar Co. Pvt Ltd.,78,613.0,47814.0,2025-07-16 11:41:30.347381
2025-07-16,84264,2025071604003761,SHPC,Online Securities Pvt. Ltd.,Naasa Securities Co. Ltd.,32,613.0,19616.0,2025-07-16 11:41:30.347695
2025-07-16,84099,2025071604003791,SHPC,Dipshikha Dhitopatra Karobar Co. Pvt Ltd.,Miyo Securities Pvt Ltd,100,612.0,61200.0,2025-07-16 11:41:51.038364
2025-07-16,84098,2025071604003792,SHPC,Sumeru Securities Pvt. Ltd.,Miyo Securities Pvt Ltd,200,611.5,122300.0,2025-07-16 11:41:51.038404
2025-07-16,82826,2025071604004035,SHPC,Sumeru Securities Pvt. Ltd.,Online Securities Pvt. Ltd.,30,611.5,18345.0,2025-07-16 11:44:16.648303
2025-07-16,82825,2025071604004036,SHPC,Capital Max Securities Ltd,Online Securities Pvt. Ltd.,100,611.2,61120.0,2025-07-16 11:44:16.648598
2025-07-16,82758,2025071604004045,SHPC,Market Securities & Exchange (PVT) Ltd.,Naasa Securities Co. Ltd.,10,612.9,6129.0,2025-07-16 11:44:27.839128
2025-07-16,82757,2025071604004046,SHPC,Market Securities & Exchange (PVT) Ltd.,Naasa Securities Co. Ltd.,10,613.0,6130.0,2025-07-16 11:44:27.839718
2025-07-16,82756,2025071604004047,SHPC,Naasa Securities Co. Ltd.,Naasa Securities Co. Ltd.,8,613.0,4904.0,2025-07-16 11:44:27.840030
2025-07-16,82538,2025071604004093,SHPC,Vision Securities Pvt. Ltd,Sani Securities Company Ltd.,500,613.0,306500.0,2025-07-16 11:44:49.497182
2025-07-16,81980,2025071604004225,SHPC,Stoxkarts Securities Limited,Sani Securities Company Ltd.,500,613.0,306500.0,2025-07-16 11:45:57.239877
2025-07-16,81979,2025071604004226,SHPC,Stoxkarts Securities Limited,Market Securities & Exchange (PVT) Ltd.,200,613.5,122700.0,2025-07-16 11:45:57.239946
2025-07-16,81978,2025071604004227,SHPC,Stoxkarts Securities Limited,Cristal Kanchanjanga Securites Pvt. Ltd.,400,614.0,245600.0,2025-07-16 11:45:57.239976
2025-07-16,81825,2025071604004274,SHPC,Vision Securities Pvt. Ltd,Cristal Kanchanjanga Securites Pvt. Ltd.,210,614.0,128940.0,2025-07-16 11:46:16.306486
2025-07-16,81612,2025071604004322,SHPC,Aryatara Investment & Securities,Aryatara Investment & Securities,3,605.1,1815.3,2025-07-16 11:46:35.373145
2025-07-16,81574,2025071604004327,SHPC,Vision Securities Pvt. Ltd,Cristal Kanchanjanga Securites Pvt. Ltd.,10,614.0,6140.0,2025-07-16 11:46:40.583567
2025-07-16,81428,2025071604004366,SHPC,ABC Securities Private Limited,Cristal Kanchanjanga Securites Pvt. Ltd.,250,614.0,153500.0,2025-07-16 11:46:59.175611
2025-07-16,81208,2025071604004412,SHPC,Trishakti Securities Public Limited,Cristal Kanchanjanga Securites Pvt. Ltd.,237,614.0,145518.0,2025-07-16 11:47:30.467755
2025-07-16,81207,2025071604004413,SHPC,Trishakti Securities Public Limited,Aryatara Investment & Securities,50,614.0,30700.0,2025-07-16 11:47:30.468061
2025-07-16,81206,2025071604004414,SHPC,Trishakti Securities Public Limited,Market Securities & Exchange (PVT) Ltd.,100,614.0,61400.0,2025-07-16 11:47:30.468186
2025-07-16,81168,2025071604004420,SHPC,Trishakti Securities Public Limited,Imperial Securities Company Pvt. Ltd.,250,614.0,153500.0,2025-07-16 11:47:31.926157
2025-07-16,80931,2025071604004455,SHPC,ABC Securities Private Limited,Online Securities Pvt. Ltd.,171,613.0,104823.0,2025-07-16 11:48:11.778230
2025-07-16,80910,2025071604004462,SHPC,ABC Securities Private Limited,INDEX SECURITIES LIMITED,129,613.0,79077.0,2025-07-16 11:48:15.378994
2025-07-16,80909,2025071604004463,SHPC,Trishakti Securities Public Limited,INDEX SECURITIES LIMITED,363,613.0,222519.0,2025-07-16 11:48:15.379330
2025-07-16,80398,2025071604004571,SHPC,Bhrikuti Stock Broking Co. Pvt. Ltd.,Market Securities & Exchange (PVT) Ltd.,200,614.0,122800.0,2025-07-16 11:49:35.934984
2025-07-16,80397,2025071604004572,SHPC,Bhrikuti Stock Broking Co. Pvt. Ltd.,Capital Max Securities Ltd,20,614.0,12280.0,2025-07-16 11:49:35.935726
2025-07-16,80354,2025071604004581,SHPC,Bhrikuti Stock Broking Co. Pvt. Ltd.,Nagarik Stock Dealer ,112,614.0,68768.0,2025-07-16 11:49:44.692547
2025-07-16,80348,2025071604004582,SHPC,Naasa Securities Co. Ltd.,Aryatara Investment & Securities,25,614.7,15367.5,2025-07-16 11:49:46.938528
2025-07-16,80347,2025071604004583,SHPC,Naasa Securities Co. Ltd.,Citizens Share Broker Limited,200,614.8,122960.0,2025-07-16 11:49:46.938830
2025-07-16,80346,2025071604004584,SHPC,Naasa Securities Co. Ltd.,Sri Hari Securities Pvt. Ltd.,100,614.8,61480.0,2025-07-16 11:49:46.938960
2025-07-16,80345,2025071604004585,SHPC,Naasa Securities Co. Ltd.,Sundhara Securities Limited,500,614.8,307400.0,2025-07-16 11:49:46.939093
2025-07-16,80344,2025071604004586,SHPC,Naasa Securities Co. Ltd.,Cristal Kanchanjanga Securites Pvt. Ltd.,10000,614.8,6148000.0,2025-07-16 11:49:46.939219
2025-07-16,80343,2025071604004587,SHPC,Naasa Securities Co. Ltd.,Citizens Share Broker Limited,250,614.9,153725.0,2025-07-16 11:49:46.939357
2025-07-16,80342,2025071604004588,SHPC,Naasa Securities Co. Ltd.,Citizens Share Broker Limited,1000,614.9,614900.0,2025-07-16 11:49:46.939498
2025-07-16,80341,2025071604004589,SHPC,Naasa Securities Co. Ltd.,Sri Hari Securities Pvt. Ltd.,500,614.9,307450.0,2025-07-16 11:49:46.939646
2025-07-16,80340,2025071604004590,SHPC,Naasa Securities Co. Ltd.,Bhrikuti Stock Broking Co. Pvt. Ltd.,300,615.0,184500.0,2025-07-16 11:49:46.939785
2025-07-16,80339,2025071604004591,SHPC,Naasa Securities Co. Ltd.,Aryatara Investment & Securities,100,615.0,61500.0,2025-07-16 11:49:46.939911
2025-07-16,80338,2025071604004592,SHPC,Naasa Securities Co. Ltd.,Dynamic Money Managers Securities Pvt. Ltd.,200,615.0,123000.0,2025-07-16 11:49:46.940033
2025-07-16,80337,2025071604004593,SHPC,Naasa Securities Co. Ltd.,SUN SECURITIES PVT LTD,60,615.0,36900.0,2025-07-16 11:49:46.940162
2025-07-16,80336,2025071604004594,SHPC,Naasa Securities Co. Ltd.,J.F. Securites (PVT) Ltd.,500,615.0,307500.0,2025-07-16 11:49:46.940297
2025-07-16,80335,2025071604004595,SHPC,Naasa Securities Co. Ltd.,Linch Stock Market Ltd.,100,615.0,61500.0,2025-07-16 11:49:46.940438
2025-07-16,80334,2025071604004596,SHPC,Naasa Securities Co. Ltd.,Imperial Securities Company Pvt. Ltd.,300,615.0,184500.0,2025-07-16 11:49:46.940564
2025-07-16,80333,2025071604004597,SHPC,Naasa Securities Co. Ltd.,Sewa Securities Pvt. Ltd.,100,615.0,61500.0,2025-07-16 11:49:46.940695
2025-07-16,80332,2025071604004598,SHPC,Naasa Securities Co. Ltd.,Nagarik Stock Dealer ,465,615.0,285975.0,2025-07-16 11:49:46.940828
2025-07-16,80258,2025071604004602,SHPC,Imperial Securities Company Pvt. Ltd.,Nagarik Stock Dealer ,60,615.0,36900.0,2025-07-16 11:49:59.867247
2025-07-16,80126,2025071604004629,SHPC,Bhrikuti Stock Broking Co. Pvt. Ltd.,Sri Hari Securities Pvt. Ltd.,100,614.0,61400.0,2025-07-16 11:50:19.900015
2025-07-16,80089,2025071604004632,SHPC,Trishakti Securities Public Limited,Nagarik Stock Dealer ,475,615.0,292125.0,2025-07-16 11:50:23.010075
2025-07-16,80088,2025071604004633,SHPC,Trishakti Securities Public Limited,Vision Securities Pvt. Ltd,200,615.0,123000.0,2025-07-16 11:50:23.010431
2025-07-16,80087,2025071604004634,SHPC,Trishakti Securities Public Limited,Nabil Stock Dealer Ltd.,5000,615.0,3075000.0,2025-07-16 11:50:23.010562
2025-07-16,80086,2025071604004635,SHPC,Trishakti Securities Public Limited,Midas Stock Broking Company Private Limited,325,615.0,199875.0,2025-07-16 11:50:23.010685
2025-07-16,80008,2025071604004648,SHPC,Siprabi Securities Pvt. Ltd.,Midas Stock Broking Company Private Limited,50,615.0,30750.0,2025-07-16 11:50:34.339294
2025-07-16,79970,2025071604004651,SHPC,Trishakti Securities Public Limited,Midas Stock Broking Company Private Limited,125,615.0,76875.0,2025-07-16 11:50:38.112249
2025-07-16,79969,2025071604004652,SHPC,Trishakti Securities Public Limited,Sani Securities Company Ltd.,800,615.0,492000.0,2025-07-16 11:50:38.112568
2025-07-16,79968,2025071604004653,SHPC,Trishakti Securities Public Limited,Agrawal Securities (PVT) Ltd.,500,615.0,307500.0,2025-07-16 11:50:38.112687
2025-07-16,79967,2025071604004654,SHPC,Trishakti Securities Public Limited,Online Securities Pvt. Ltd.,100,615.0,61500.0,2025-07-16 11:50:38.112807
2025-07-16,79912,2025071604004663,SHPC,Trishakti Securities Public Limited,Citizens Share Broker Limited,475,615.0,292125.0,2025-07-16 11:50:45.846107
2025-07-16,79911,2025071604004664,SHPC,Bhrikuti Stock Broking Co. Pvt. Ltd.,Citizens Share Broker Limited,525,614.0,322350.0,2025-07-16 11:50:45.846705
2025-07-16,79844,2025071604004687,SHPC,Online Securities Pvt. Ltd.,Naasa Securities Co. Ltd.,50,615.0,30750.0,2025-07-16 11:50:56.367102
2025-07-16,79722,2025071604004706,SHPC,Online Securities Pvt. Ltd.,Dynamic Money Managers Securities Pvt. Ltd.,150,615.0,92250.0,2025-07-16 11:51:10.867654
2025-07-16,79471,2025071604004774,SHPC,Sewa Securities Pvt. Ltd.,Magnet Securities and Investment Company Private Limited,100,615.0,61500.0,2025-07-16 11:51:48.013735
2025-07-16,79426,2025071604004778,SHPC,Bhrikuti Stock Broking Co. Pvt. Ltd.,Sumeru Securities Pvt. Ltd.,50,614.0,30700.0,2025-07-16 11:51:54.347535
2025-07-16,79288,2025071604004797,SHPC,Sani Securities Company Ltd.,Dynamic Money Managers Securities Pvt. Ltd.,48,615.0,29520.0,2025-07-16 11:52:11.521248
2025-07-16,79105,2025071604004837,SHPC,Sweta Securities Private Limited,Imperial Securities Company Pvt. Ltd.,132,614.1,81061.2,2025-07-16 11:52:43.906623
2025-07-16,79008,2025071604004844,SHPC,Sweta Securities Private Limited,Citizens Share Broker Limited,200,614.1,122820.0,2025-07-16 11:52:59.268693
2025-07-16,78962,2025071604004862,SHPC,Sundhara Securities Limited,Dynamic Money Managers Securities Pvt. Ltd.,14,615.0,8610.0,2025-07-16 11:53:10.120011
2025-07-16,78911,2025071604004888,SHPC,Sweta Securities Private Limited,Agrawal Securities (PVT) Ltd.,168,614.1,103168.8,2025-07-16 11:53:20.189660
2025-07-16,78876,2025071604004898,SHPC,Bhrikuti Stock Broking Co. Pvt. Ltd.,Imperial Securities Company Pvt. Ltd.,345,614.0,211830.0,2025-07-16 11:53:27.474196
2025-07-16,78714,2025071604004937,SHPC,Bhrikuti Stock Broking Co. Pvt. Ltd.,Vision Securities Pvt. Ltd,648,614.0,397872.0,2025-07-16 11:53:51.242637
2025-07-16,78713,2025071604004938,SHPC,Sweta Securities Private Limited,Vision Securities Pvt. Ltd,18,614.0,11052.0,2025-07-16 11:53:51.242942
2025-07-16,78712,2025071604004939,SHPC,Dipshikha Dhitopatra Karobar Co. Pvt Ltd.,Vision Securities Pvt. Ltd,100,613.0,61300.0,2025-07-16 11:53:51.243088
2025-07-16,78711,2025071604004940,SHPC,Primo Securities (PVT) Ltd.,Vision Securities Pvt. Ltd,300,613.0,183900.0,2025-07-16 11:53:51.243216
2025-07-16,78710,2025071604004941,SHPC,Sumeru Securities Pvt. Ltd.,Vision Securities Pvt. Ltd,300,613.0,183900.0,2025-07-16 11:53:51.243372
2025-07-16,78709,2025071604004942,SHPC,Naasa Securities Co. Ltd.,Vision Securities Pvt. Ltd,500,612.5,306250.0,2025-07-16 11:53:51.243506
2025-07-16,78708,2025071604004943,SHPC,Vision Securities Pvt. Ltd,Vision Securities Pvt. Ltd,134,612.3,82048.2,2025-07-16 11:53:51.243648
2025-07-16,78520,2025071604004977,SHPC,Market Securities & Exchange (PVT) Ltd.,Dynamic Money Managers Securities Pvt. Ltd.,10,615.0,6150.0,2025-07-16 11:54:19.786956
2025-07-16,78309,2025071604005032,SHPC,Vision Securities Pvt. Ltd,Sundhara Securities Limited,500,612.3,306150.0,2025-07-16 11:54:51.560606
2025-07-16,78252,2025071604005049,SHPC,Vision Securities Pvt. Ltd,Sundhara Securities Limited,366,612.3,224101.8,2025-07-16 11:55:01.594773
2025-07-16,78251,2025071604005050,SHPC,Vision Securities Pvt. Ltd,Sundhara Securities Limited,134,612.1,82021.4,2025-07-16 11:55:01.594862
2025-07-16,78078,2025071604005107,SHPC,KALASH STOCK MARKET PVT. LTD.,Vision Securities Pvt. Ltd,100,612.4,61240.0,2025-07-16 11:55:30.166308
2025-07-16,78073,2025071604005110,SHPC,KALASH STOCK MARKET PVT. LTD.,Sundhara Securities Limited,500,612.4,306200.0,2025-07-16 11:55:30.693820
2025-07-16,77976,2025071604005146,SHPC,Capital Hub P. Ltd,Sundhara Securities Limited,500,612.5,306250.0,2025-07-16 11:55:43.744189
2025-07-16,77869,2025071604005180,SHPC,Deevyaa Securities & Stock House Pvt. Ltd,Sundhara Securities Limited,500,612.5,306250.0,2025-07-16 11:56:00.855252
2025-07-16,77713,2025071604005222,SHPC,Deevyaa Securities & Stock House Pvt. Ltd,APPLE SECURITIES PRIVATE LIMITED,500,613.0,306500.0,2025-07-16 11:56:27.230353
2025-07-16,77674,2025071604005227,SHPC,Deevyaa Securities & Stock House Pvt. Ltd,APPLE SECURITIES PRIVATE LIMITED,500,613.0,306500.0,2025-07-16 11:56:35.256492
2025-07-16,77568,2025071604005250,SHPC,Deevyaa Securities & Stock House Pvt. Ltd,Sundhara Securities Limited,500,612.9,306450.0,2025-07-16 11:56:49.142615
2025-07-16,77524,2025071604005261,SHPC,Deevyaa Securities & Stock House Pvt. Ltd,Sundhara Securities Limited,500,612.9,306450.0,2025-07-16 11:56:59.199071
2025-07-16,77431,2025071604005281,SHPC,Capital Hub P. Ltd,Sundhara Securities Limited,111,612.9,68031.9,2025-07-16 11:57:13.289910
2025-07-16,77430,2025071604005282,SHPC,Deevyaa Securities & Stock House Pvt. Ltd,Sundhara Securities Limited,389,612.8,238379.2,2025-07-16 11:57:13.289951
2025-07-16,77293,2025071604005326,SHPC,Capital Hub P. Ltd,Magnet Securities and Investment Company Private Limited,222,612.9,136063.8,2025-07-16 11:57:41.180306
2025-07-16,77292,2025071604005327,SHPC,Deevyaa Securities & Stock House Pvt. Ltd,Magnet Securities and Investment Company Private Limited,278,612.8,170358.4,2025-07-16 11:57:41.180989
2025-07-16,76988,2025071604005450,SHPC,Capital Hub P. Ltd,Sundhara Securities Limited,444,612.9,272127.6,2025-07-16 11:58:24.645499
2025-07-16,76987,2025071604005451,SHPC,Deevyaa Securities & Stock House Pvt. Ltd,Sundhara Securities Limited,56,612.8,34316.8,2025-07-16 11:58:24.645580
2025-07-16,76936,2025071604005474,SHPC,Capital Hub P. Ltd,Sundhara Securities Limited,500,613.0,306500.0,2025-07-16 11:58:33.690604
2025-07-16,76498,2025071604005560,SHPC,Capital Hub P. Ltd,Oxford Securities Pvt. Ltd.,35,613.0,21455.0,2025-07-16 11:59:36.769931
2025-07-16,76457,2025071604005567,SHPC,Capital Hub P. Ltd,Sundhara Securities Limited,20,613.0,12260.0,2025-07-16 11:59:42.998152
2025-07-16,76456,2025071604005568,SHPC,Vision Securities Pvt. Ltd,Sundhara Securities Limited,315,613.0,193095.0,2025-07-16 11:59:42.998256
2025-07-16,76455,2025071604005569,SHPC,Deevyaa Securities & Stock House Pvt. Ltd,Sundhara Securities Limited,277,612.8,169745.6,2025-07-16 11:59:42.998360
2025-07-16,76454,2025071604005570,SHPC,Capital Hub P. Ltd,Sundhara Securities Limited,100,612.7,61270.0,2025-07-16 11:59:42.998430
2025-07-16,76453,2025071604005571,SHPC,Deevyaa Securities & Stock House Pvt. Ltd,Sundhara Securities Limited,1000,612.6,612600.0,2025-07-16 11:59:42.998494
2025-07-16,76452,2025071604005572,SHPC,Deevyaa Securities & Stock House Pvt. Ltd,Sundhara Securities Limited,500,612.5,306250.0,2025-07-16 11:59:42.998593
2025-07-16,76451,2025071604005573,SHPC,Trishakti Securities Public Limited,Sundhara Securities Limited,538,612.5,329525.0,2025-07-16 11:59:42.998678
2025-07-16,76180,2025071604005605,SHPC,Dynamic Money Managers Securities Pvt. Ltd.,Trisul Securities & Invt. Ltd.,100,613.9,61390.0,2025-07-16 12:00:24.521290
2025-07-16,76179,2025071604005606,SHPC,Dynamic Money Managers Securities Pvt. Ltd.,Online Securities Pvt. Ltd.,500,614.0,307000.0,2025-07-16 12:00:24.521721
2025-07-16,76178,2025071604005607,SHPC,Dynamic Money Managers Securities Pvt. Ltd.,Creative Securities Pvt Ltd,100,614.0,61400.0,2025-07-16 12:00:24.521876
2025-07-16,76177,2025071604005608,SHPC,Dynamic Money Managers Securities Pvt. Ltd.,Agrawal Securities (PVT) Ltd.,200,614.6,122920.0,2025-07-16 12:00:24.522026
2025-07-16,76176,2025071604005609,SHPC,Dynamic Money Managers Securities Pvt. Ltd.,Citizens Share Broker Limited,500,614.7,307350.0,2025-07-16 12:00:24.522184
2025-07-16,76175,2025071604005610,SHPC,Dynamic Money Managers Securities Pvt. Ltd.,Citizens Share Broker Limited,1100,614.8,676280.0,2025-07-16 12:00:24.522360
2025-07-16,76146,2025071604005615,SHPC,Trishakti Securities Public Limited,Nabil Stock Dealer Ltd.,462,612.5,282975.0,2025-07-16 12:00:26.582599
2025-07-16,76145,2025071604005616,SHPC,Arun Securities (PVT) Ltd.,Nabil Stock Dealer Ltd.,100,612.5,61250.0,2025-07-16 12:00:26.583010
2025-07-16,76144,2025071604005617,SHPC,KALASH STOCK MARKET PVT. LTD.,Nabil Stock Dealer Ltd.,400,612.4,244960.0,2025-07-16 12:00:26.583166
2025-07-16,76143,2025071604005618,SHPC,Imperial Securities Company Pvt. Ltd.,Nabil Stock Dealer Ltd.,1000,612.2,612200.0,2025-07-16 12:00:26.583334
2025-07-16,76142,2025071604005619,SHPC,Vision Securities Pvt. Ltd,Nabil Stock Dealer Ltd.,366,612.1,224028.6,2025-07-16 12:00:26.583484
2025-07-16,76141,2025071604005620,SHPC,Imperial Securities Company Pvt. Ltd.,Nabil Stock Dealer Ltd.,1000,612.1,612100.0,2025-07-16 12:00:26.583633
2025-07-16,76140,2025071604005621,SHPC,Imperial Securities Company Pvt. Ltd.,Nabil Stock Dealer Ltd.,24,612.1,14690.4,2025-07-16 12:00:26.583792
2025-07-16,76139,2025071604005622,SHPC,Sani Securities Company Ltd.,Nabil Stock Dealer Ltd.,500,612.0,306000.0,2025-07-16 12:00:26.583937
2025-07-16,76138,2025071604005623,SHPC,Kumari Securities Private Limited,Nabil Stock Dealer Ltd.,160,612.0,97920.0,2025-07-16 12:00:26.584087
2025-07-16,76137,2025071604005624,SHPC,Imperial Securities Company Pvt. Ltd.,Nabil Stock Dealer Ltd.,1988,612.0,1216656.0,2025-07-16 12:00:26.584231
2025-07-16,75716,2025071604005725,SHPC,Trademow Securities Private Limited,Cristal Kanchanjanga Securites Pvt. Ltd.,100,612.0,61200.0,2025-07-16 12:01:38.759888
2025-07-16,75715,2025071604005726,SHPC,Sumeru Securities Pvt. Ltd.,Cristal Kanchanjanga Securites Pvt. Ltd.,100,612.0,61200.0,2025-07-16 12:01:38.760207
2025-07-16,75572,2025071604005754,SHPC,Imperial Securities Company Pvt. Ltd.,Nepal Stock House (PVT) Ltd.,10,614.5,6145.0,2025-07-16 12:01:59.306600
2025-07-16,75552,2025071604005755,SHPC,Vision Securities Pvt. Ltd,Sundhara Securities Limited,50,613.0,30650.0,2025-07-16 12:02:02.746022
2025-07-16,75551,2025071604005756,SHPC,Sumeru Securities Pvt. Ltd.,Sundhara Securities Limited,200,612.0,122400.0,2025-07-16 12:02:02.746100
2025-07-16,75550,2025071604005757,SHPC,Himalayan Brokerage Company Limited,Sundhara Securities Limited,250,612.0,153000.0,2025-07-16 12:02:02.746126
2025-07-16,75493,2025071604005765,SHPC,Himalayan Brokerage Company Limited,Sundhara Securities Limited,50,612.0,30600.0,2025-07-16 12:02:12.801321
2025-07-16,75492,2025071604005766,SHPC,Naasa Securities Co. Ltd.,Sundhara Securities Limited,45,612.0,27540.0,2025-07-16 12:02:12.801395
2025-07-16,75491,2025071604005767,SHPC,Kohinoor Investment & Securities Pvt. Ltd.,Sundhara Securities Limited,305,611.5,186507.5,2025-07-16 12:02:12.801421
2025-07-16,75483,2025071604005770,SHPC,Imperial Securities Company Pvt. Ltd.,Trishakti Securities Public Limited,10,614.4,6144.0,2025-07-16 12:02:14.472605
2025-07-16,75460,2025071604005772,SHPC,Kohinoor Investment & Securities Pvt. Ltd.,Sundhara Securities Limited,108,611.5,66042.0,2025-07-16 12:02:19.844664
2025-07-16,74970,2025071604005880,SHPC,Premier Securities Company Ltd.,Kohinoor Investment & Securities Pvt. Ltd.,100,612.0,61200.0,2025-07-16 12:03:29.654001
2025-07-16,74969,2025071604005881,SHPC,Kohinoor Investment & Securities Pvt. Ltd.,Kohinoor Investment & Securities Pvt. Ltd.,372,611.5,227478.0,2025-07-16 12:03:29.654412
2025-07-16,74968,2025071604005882,SHPC,Naasa Securities Co. Ltd.,Kohinoor Investment & Securities Pvt. Ltd.,200,611.3,122260.0,2025-07-16 12:03:29.654572
2025-07-16,74967,2025071604005883,SHPC,Vision Securities Pvt. Ltd,Kohinoor Investment & Securities Pvt. Ltd.,500,611.2,305600.0,2025-07-16 12:03:29.654719
2025-07-16,74966,2025071604005884,SHPC,ABC Securities Private Limited,Kohinoor Investment & Securities Pvt. Ltd.,100,611.1,61110.0,2025-07-16 12:03:29.654864
2025-07-16,74965,2025071604005885,SHPC,Vision Securities Pvt. Ltd,Kohinoor Investment & Securities Pvt. Ltd.,354,611.0,216294.0,2025-07-16 12:03:29.655011
2025-07-16,74933,2025071604005894,SHPC,Vision Securities Pvt. Ltd,Aryatara Investment & Securities,242,611.0,147862.0,2025-07-16 12:03:34.917178
2025-07-16,74173,2025071604006139,SHPC,Aakashbhairab Securities Ltd.,Shree Krishna Securities Ltd.,200,611.1,122220.0,2025-07-16 12:05:28.558628
2025-07-16,74108,2025071604006148,SHPC,Vision Securities Pvt. Ltd,Imperial Securities Company Pvt. Ltd.,404,611.0,246844.0,2025-07-16 12:05:43.259637
2025-07-16,74107,2025071604006149,SHPC,Primo Securities (PVT) Ltd.,Imperial Securities Company Pvt. Ltd.,242,611.0,147862.0,2025-07-16 12:05:43.259699
2025-07-16,74106,2025071604006150,SHPC,Naasa Securities Co. Ltd.,Imperial Securities Company Pvt. Ltd.,100,611.0,61100.0,2025-07-16 12:05:43.259730
2025-07-16,74105,2025071604006151,SHPC,Trademow Securities Private Limited,Imperial Securities Company Pvt. Ltd.,100,611.0,61100.0,2025-07-16 12:05:43.259754
2025-07-16,74104,2025071604006152,SHPC,Secured Securities Ltd.,Imperial Securities Company Pvt. Ltd.,154,611.0,94094.0,2025-07-16 12:05:43.259776
2025-07-16,73582,2025071604006397,SHPC,Secured Securities Ltd.,Neev Securities Pvt. Ltd.,346,611.0,211406.0,2025-07-16 12:06:56.729223
2025-07-16,73581,2025071604006398,SHPC,Sani Securities Company Ltd.,Neev Securities Pvt. Ltd.,20,611.0,12220.0,2025-07-16 12:06:56.729929
2025-07-16,73506,2025071604006410,SHPC,Aryatara Investment & Securities,Neev Securities Pvt. Ltd.,50,611.0,30550.0,2025-07-16 12:07:08.371393
2025-07-16,73474,2025071604006421,SHPC,Sani Securities Company Ltd.,SUN SECURITIES PVT LTD,20,610.6,12212.0,2025-07-16 12:07:13.507487
2025-07-16,73327,2025071604006482,SHPC,Sani Securities Company Ltd.,Creative Securities Pvt Ltd,267,610.6,163030.2,2025-07-16 12:07:33.253504
2025-07-16,73326,2025071604006483,SHPC,Capital Max Securities Ltd,Creative Securities Pvt Ltd,200,610.5,122100.0,2025-07-16 12:07:33.253859
2025-07-16,73172,2025071604006515,SHPC,Trishakti Securities Public Limited,Vision Securities Pvt. Ltd,173,610.3,105581.9,2025-07-16 12:08:04.077677
2025-07-16,73140,2025071604006532,SHPC,Trishakti Securities Public Limited,Creative Securities Pvt Ltd,33,610.3,20139.9,2025-07-16 12:08:08.586502
2025-07-16,72980,2025071604006578,SHPC,Trishakti Securities Public Limited,Dipshikha Dhitopatra Karobar Co. Pvt Ltd.,500,610.3,305150.0,2025-07-16 12:08:41.577412
2025-07-16,72927,2025071604006594,SHPC,Linch Stock Market Ltd.,Neev Securities Pvt. Ltd.,284,611.0,173524.0,2025-07-16 12:08:50.499701
2025-07-16,72652,2025071604006660,SHPC,Naasa Securities Co. Ltd.,Sundhara Securities Limited,16,612.0,9792.0,2025-07-16 12:09:31.918063
2025-07-16,72432,2025071604006690,SHPC,Bhrikuti Stock Broking Co. Pvt. Ltd.,APPLE SECURITIES PRIVATE LIMITED,500,610.4,305200.0,2025-07-16 12:10:13.978557
2025-07-16,72415,2025071604006699,SHPC,Bhrikuti Stock Broking Co. Pvt. Ltd.,APPLE SECURITIES PRIVATE LIMITED,500,610.4,305200.0,2025-07-16 12:10:22.002934
2025-07-16,72346,2025071604006708,SHPC,Linch Stock Market Ltd.,Primo Securities (PVT) Ltd.,150,611.0,91650.0,2025-07-16 12:10:27.976618
2025-07-16,72342,2025071604006711,SHPC,Capital Hub P. Ltd,APPLE SECURITIES PRIVATE LIMITED,500,610.4,305200.0,2025-07-16 12:10:29.024775
2025-07-16,72304,2025071604006726,SHPC,Trishakti Securities Public Limited,APPLE SECURITIES PRIVATE LIMITED,294,610.3,179428.2,2025-07-16 12:10:37.049484
2025-07-16,72303,2025071604006727,SHPC,Siprabi Securities Pvt. Ltd.,APPLE SECURITIES PRIVATE LIMITED,100,610.2,61020.0,2025-07-16 12:10:37.049811
2025-07-16,72302,2025071604006728,SHPC,Imperial Securities Company Pvt. Ltd.,APPLE SECURITIES PRIVATE LIMITED,25,610.1,15252.5,2025-07-16 12:10:37.049967
2025-07-16,72301,2025071604006729,SHPC,Vision Securities Pvt. Ltd,APPLE SECURITIES PRIVATE LIMITED,81,610.1,49418.1,2025-07-16 12:10:37.050266
2025-07-16,72274,2025071604006744,SHPC,Vision Securities Pvt. Ltd,APPLE SECURITIES PRIVATE LIMITED,419,610.1,255631.9,2025-07-16 12:10:45.074095
2025-07-16,72273,2025071604006745,SHPC,Imperial Securities Company Pvt. Ltd.,APPLE SECURITIES PRIVATE LIMITED,81,610.0,49410.0,2025-07-16 12:10:45.074417
2025-07-16,72217,2025071604006753,SHPC,Imperial Securities Company Pvt. Ltd.,APPLE SECURITIES PRIVATE LIMITED,500,610.0,305000.0,2025-07-16 12:10:55.106135
2025-07-16,72166,2025071604006771,SHPC,Imperial Securities Company Pvt. Ltd.,APPLE SECURITIES PRIVATE LIMITED,450,610.0,274500.0,2025-07-16 12:11:02.126299
2025-07-16,72115,2025071604006777,SHPC,Imperial Securities Company Pvt. Ltd.,Imperial Securities Company Pvt. Ltd.,1000,610.0,610000.0,2025-07-16 12:11:09.426613
2025-07-16,72106,2025071604006778,SHPC,Imperial Securities Company Pvt. Ltd.,APPLE SECURITIES PRIVATE LIMITED,500,610.0,305000.0,2025-07-16 12:11:10.154504
2025-07-16,72075,2025071604006783,SHPC,Imperial Securities Company Pvt. Ltd.,APPLE SECURITIES PRIVATE LIMITED,469,610.0,286090.0,2025-07-16 12:11:16.172394
2025-07-16,72074,2025071604006784,SHPC,Aryatara Investment & Securities,APPLE SECURITIES PRIVATE LIMITED,31,610.0,18910.0,2025-07-16 12:11:16.172785
2025-07-16,72008,2025071604006815,SHPC,Aryatara Investment & Securities,Imperial Securities Company Pvt. Ltd.,69,610.0,42090.0,2025-07-16 12:11:23.550589
2025-07-16,72007,2025071604006816,SHPC,Premier Securities Company Ltd.,Imperial Securities Company Pvt. Ltd.,200,610.0,122000.0,2025-07-16 12:11:23.551271
2025-07-16,72006,2025071604006817,SHPC,Vision Securities Pvt. Ltd,Imperial Securities Company Pvt. Ltd.,20,610.0,12200.0,2025-07-16 12:11:23.551956
2025-07-16,72005,2025071604006818,SHPC,Online Securities Pvt. Ltd.,Imperial Securities Company Pvt. Ltd.,50,610.0,30500.0,2025-07-16 12:11:23.552640
2025-07-16,72004,2025071604006819,SHPC,Shree Krishna Securities Ltd.,Imperial Securities Company Pvt. Ltd.,84,610.0,51240.0,2025-07-16 12:11:23.553289
2025-07-16,72003,2025071604006820,SHPC,SHUBHAKAMANA SECURITIES PVT. LTD,Imperial Securities Company Pvt. Ltd.,77,610.0,46970.0,2025-07-16 12:11:23.553839
2025-07-16,71868,2025071604006857,SHPC,SHUBHAKAMANA SECURITIES PVT. LTD,Sundhara Securities Limited,23,610.0,14030.0,2025-07-16 12:11:47.657827
2025-07-16,71867,2025071604006858,SHPC,Creative Securities Pvt Ltd,Sundhara Securities Limited,127,610.0,77470.0,2025-07-16 12:11:47.657917
2025-07-16,71831,2025071604006863,SHPC,Creative Securities Pvt Ltd,Sundhara Securities Limited,173,610.0,105530.0,2025-07-16 12:11:52.686256
2025-07-16,71830,2025071604006864,SHPC,Secured Securities Ltd.,Sundhara Securities Limited,10,610.0,6100.0,2025-07-16 12:11:52.686319
2025-07-16,71829,2025071604006865,SHPC,Capital Max Securities Ltd,Sundhara Securities Limited,300,610.0,183000.0,2025-07-16 12:11:52.686361
2025-07-16,71828,2025071604006866,SHPC,Sani Securities Company Ltd.,Sundhara Securities Limited,17,610.0,10370.0,2025-07-16 12:11:52.686578
2025-07-16,71736,2025071604006879,SHPC,Sewa Securities Pvt. Ltd.,Sundhara Securities Limited,50,610.0,30500.0,2025-07-16 12:12:07.755798
2025-07-16,71735,2025071604006880,SHPC,Online Securities Pvt. Ltd.,Sundhara Securities Limited,100,610.0,61000.0,2025-07-16 12:12:07.755860
2025-07-16,71734,2025071604006881,SHPC,Deevyaa Securities & Stock House Pvt. Ltd,Sundhara Securities Limited,300,610.0,183000.0,2025-07-16 12:12:07.755882
2025-07-16,71733,2025071604006882,SHPC,Imperial Securities Company Pvt. Ltd.,Sundhara Securities Limited,50,609.3,30465.0,2025-07-16 12:12:07.755907
2025-07-16,71549,2025071604006922,SHPC,Linch Stock Market Ltd.,Dipshikha Dhitopatra Karobar Co. Pvt Ltd.,300,611.0,183300.0,2025-07-16 12:12:56.292151
2025-07-16,71329,2025071604006997,SHPC,Cristal Kanchanjanga Securites Pvt. Ltd.,Capital Max Securities Ltd,100,609.5,60950.0,2025-07-16 12:13:42.806733
2025-07-16,71328,2025071604006998,SHPC,Kohinoor Investment & Securities Pvt. Ltd.,Capital Max Securities Ltd,100,609.4,60940.0,2025-07-16 12:13:42.807048
2025-07-16,71327,2025071604006999,SHPC,Dipshikha Dhitopatra Karobar Co. Pvt Ltd.,Capital Max Securities Ltd,100,609.4,60940.0,2025-07-16 12:13:42.807192
2025-07-16,71326,2025071604007000,SHPC,Imperial Securities Company Pvt. Ltd.,Capital Max Securities Ltd,200,609.3,121860.0,2025-07-16 12:13:42.807345
2025-07-16,71061,2025071604007119,SHPC,South Asian Bulls Pvt. Ltd.,Citizens Share Broker Limited,100,610.0,61000.0,2025-07-16 12:14:26.414851
2025-07-16,71049,2025071604007123,SHPC,Imperial Securities Company Pvt. Ltd.,Blue Chip Securities Ltd,1750,609.3,1066275.0,2025-07-16 12:14:28.857310
2025-07-16,71048,2025071604007124,SHPC,Sumeru Securities Pvt. Ltd.,Blue Chip Securities Ltd,30,609.1,18273.0,2025-07-16 12:14:28.857463
2025-07-16,71047,2025071604007125,SHPC,Trishakti Securities Public Limited,Blue Chip Securities Ltd,1000,609.1,609100.0,2025-07-16 12:14:28.857596
2025-07-16,71046,2025071604007126,SHPC,Neev Securities Pvt. Ltd.,Blue Chip Securities Ltd,500,609.0,304500.0,2025-07-16 12:14:28.857692
2025-07-16,71045,2025071604007127,SHPC,Bhrikuti Stock Broking Co. Pvt. Ltd.,Blue Chip Securities Ltd,382,609.0,232638.0,2025-07-16 12:14:28.857758
2025-07-16,71044,2025071604007128,SHPC,Aryatara Investment & Securities,Blue Chip Securities Ltd,100,609.0,60900.0,2025-07-16 12:14:28.857835
2025-07-16,71043,2025071604007129,SHPC,Opal Securities Investment (PVT) Ltd.,Blue Chip Securities Ltd,15,609.0,9135.0,2025-07-16 12:14:28.857906
2025-07-16,71042,2025071604007130,SHPC,KALASH STOCK MARKET PVT. LTD.,Blue Chip Securities Ltd,200,609.0,121800.0,2025-07-16 12:14:28.857976
2025-07-16,71041,2025071604007131,SHPC,Sewa Securities Pvt. Ltd.,Blue Chip Securities Ltd,100,609.0,60900.0,2025-07-16 12:14:28.858050
2025-07-16,71040,2025071604007132,SHPC,Primo Securities (PVT) Ltd.,Blue Chip Securities Ltd,373,609.0,227157.0,2025-07-16 12:14:28.858113
2025-07-16,70962,2025071604007150,SHPC,Primo Securities (PVT) Ltd.,Sagarmatha Securities Private Limited,100,609.0,60900.0,2025-07-16 12:14:42.476627
2025-07-16,70880,2025071604007172,SHPC,Primo Securities (PVT) Ltd.,SHUBHAKAMANA SECURITIES PVT. LTD,1000,609.0,609000.0,2025-07-16 12:15:00.819287
2025-07-16,70862,2025071604007177,SHPC,Primo Securities (PVT) Ltd.,Imperial Securities Company Pvt. Ltd.,127,609.0,77343.0,2025-07-16 12:15:05.123718
2025-07-16,70861,2025071604007178,SHPC,Aakashbhairab Securities Ltd.,Imperial Securities Company Pvt. Ltd.,1873,609.0,1140657.0,2025-07-16 12:15:05.124163
2025-07-16,70557,2025071604007219,SHPC,Aakashbhairab Securities Ltd.,Trisul Securities & Invt. Ltd.,3120,609.0,1900080.0,2025-07-16 12:16:11.849166
2025-07-16,70554,2025071604007222,SHPC,Aryatara Investment & Securities,Premier Securities Company Ltd.,199,610.0,121390.0,2025-07-16 12:16:12.234630
2025-07-16,70359,2025071604007270,SHPC,Aryatara Investment & Securities,Trisul Securities & Invt. Ltd.,55,608.0,33440.0,2025-07-16 12:16:45.060114
2025-07-16,70358,2025071604007271,SHPC,Midas Stock Broking Company Private Limited,Trisul Securities & Invt. Ltd.,50,608.0,30400.0,2025-07-16 12:16:45.060486
2025-07-16,70357,2025071604007272,SHPC,Midas Stock Broking Company Private Limited,Trisul Securities & Invt. Ltd.,50,608.0,30400.0,2025-07-16 12:16:45.060667
2025-07-16,70295,2025071604007286,SHPC,Aryatara Investment & Securities,Trisul Securities & Invt. Ltd.,37,607.3,22470.1,2025-07-16 12:16:59.167432
2025-07-16,70250,2025071604007300,SHPC,Aryatara Investment & Securities,Imperial Securities Company Pvt. Ltd.,163,607.3,98989.9,2025-07-16 12:17:06.461710
2025-07-16,70066,2025071604007336,SHPC,Midas Stock Broking Company Private Limited,Elite Stock House Limited,10,607.1,6071.0,2025-07-16 12:17:56.166828
2025-07-16,70065,2025071604007337,SHPC,Aryatara Investment & Securities,Elite Stock House Limited,190,607.0,115330.0,2025-07-16 12:17:56.167204
2025-07-16,69985,2025071604007350,SHPC,Aryatara Investment & Securities,Malla & Malla Stock Broking Company Pvt. Limited,10,607.0,6070.0,2025-07-16 12:18:11.506398
2025-07-16,69984,2025071604007351,SHPC,Kumari Securities Private Limited,Malla & Malla Stock Broking Company Pvt. Limited,40,607.0,24280.0,2025-07-16 12:18:11.506754
2025-07-16,69983,2025071604007352,SHPC,Vision Securities Pvt. Ltd,Malla & Malla Stock Broking Company Pvt. Limited,142,607.0,86194.0,2025-07-16 12:18:11.506891
2025-07-16,69976,2025071604007355,SHPC,Sewa Securities Pvt. Ltd.,Imperial Securities Company Pvt. Ltd.,77,607.3,46762.1,2025-07-16 12:18:14.913948
2025-07-16,69832,2025071604007387,SHPC,Opal Securities Investment (PVT) Ltd.,Vision Securities Pvt. Ltd,8,606.0,4848.0,2025-07-16 12:18:42.435892
2025-07-16,69686,2025071604007412,SHPC,Deevyaa Securities & Stock House Pvt. Ltd,Trishakti Securities Public Limited,100,608.0,60800.0,2025-07-16 12:19:05.797969
2025-07-16,69627,2025071604007432,SHPC,Opal Securities Investment (PVT) Ltd.,INDEX SECURITIES LIMITED,8,605.0,4840.0,2025-07-16 12:19:22.690959
2025-07-16,69459,2025071604007464,SHPC,Opal Securities Investment (PVT) Ltd.,ABC Securities Private Limited,2,599.8,1199.6,2025-07-16 12:19:54.860877
2025-07-16,69074,2025071604007528,SHPC,Vision Securities Pvt. Ltd,Sweta Securities Private Limited,100,607.0,60700.0,2025-07-16 12:21:09.797551
2025-07-16,69050,2025071604007532,SHPC,Vision Securities Pvt. Ltd,Neev Securities Pvt. Ltd.,258,607.0,156606.0,2025-07-16 12:21:21.433671
2025-07-16,69049,2025071604007533,SHPC,Imperial Securities Company Pvt. Ltd.,Neev Securities Pvt. Ltd.,242,607.0,146894.0,2025-07-16 12:21:21.434355
2025-07-16,69018,2025071604007537,SHPC,Deevyaa Securities & Stock House Pvt. Ltd,Investment Management Nepal Pvt. Ltd.,200,609.0,121800.0,2025-07-16 12:21:29.923864
2025-07-16,68715,2025071604007595,SHPC,Deevyaa Securities & Stock House Pvt. Ltd,Trisul Securities & Invt. Ltd.,100,609.9,60990.0,2025-07-16 12:22:36.394478
2025-07-16,68714,2025071604007596,SHPC,Deevyaa Securities & Stock House Pvt. Ltd,Premier Securities Company Ltd.,200,610.0,122000.0,2025-07-16 12:22:36.394899
2025-07-16,68638,2025071604007619,SHPC,Imperial Securities Company Pvt. Ltd.,Aryatara Investment & Securities,200,608.0,121600.0,2025-07-16 12:22:55.404406
2025-07-16,68614,2025071604007625,SHPC,Imperial Securities Company Pvt. Ltd.,Sumeru Securities Pvt. Ltd.,19,608.0,11552.0,2025-07-16 12:22:59.061304
2025-07-16,68508,2025071604007642,SHPC,Linch Stock Market Ltd.,Premier Securities Company Ltd.,200,610.0,122000.0,2025-07-16 12:23:14.074459
2025-07-16,68507,2025071604007643,SHPC,Dipshikha Dhitopatra Karobar Co. Pvt Ltd.,Premier Securities Company Ltd.,40,610.0,24400.0,2025-07-16 12:23:14.169263
2025-07-16,68429,2025071604007666,SHPC,Sundhara Securities Limited,Premier Securities Company Ltd.,20,610.0,12200.0,2025-07-16 12:23:28.229523
2025-07-16,68325,2025071604007686,SHPC,Midas Stock Broking Company Private Limited,Premier Securities Company Ltd.,41,610.0,25010.0,2025-07-16 12:23:43.867780
2025-07-16,68324,2025071604007687,SHPC,Midas Stock Broking Company Private Limited,Imperial Securities Company Pvt. Ltd.,60,610.0,36600.0,2025-07-16 12:23:43.868138
2025-07-16,68323,2025071604007688,SHPC,Midas Stock Broking Company Private Limited,Trishakti Securities Public Limited,121,610.0,73810.0,2025-07-16 12:23:43.868430
2025-07-16,68322,2025071604007689,SHPC,Midas Stock Broking Company Private Limited,Dipshikha Dhitopatra Karobar Co. Pvt Ltd.,578,611.0,353158.0,2025-07-16 12:23:43.868637
2025-07-16,68218,2025071604007711,SHPC,ABC Securities Private Limited,Nagarik Stock Dealer ,100,610.0,61000.0,2025-07-16 12:24:02.768068
2025-07-16,68178,2025071604007723,SHPC,Sanima Securities Limited,Dipshikha Dhitopatra Karobar Co. Pvt Ltd.,122,611.0,74542.0,2025-07-16 12:24:12.791821
2025-07-16,68177,2025071604007724,SHPC,Sanima Securities Limited,Linch Stock Market Ltd.,75,611.0,45825.0,2025-07-16 12:24:12.791911
2025-07-16,68176,2025071604007725,SHPC,Sanima Securities Limited,APPLE SECURITIES PRIVATE LIMITED,50,611.5,30575.0,2025-07-16 12:24:12.791937
2025-07-16,68175,2025071604007726,SHPC,Sanima Securities Limited,Agrawal Securities (PVT) Ltd.,50,611.9,30595.0,2025-07-16 12:24:12.791960
2025-07-16,68174,2025071604007727,SHPC,Sanima Securities Limited,ABC Securities Private Limited,200,611.9,122380.0,2025-07-16 12:24:12.791999
2025-07-16,68173,2025071604007728,SHPC,Sanima Securities Limited,Arun Securities (PVT) Ltd.,500,611.9,305950.0,2025-07-16 12:24:12.792021
2025-07-16,68142,2025071604007735,SHPC,ABC Securities Private Limited,Miyo Securities Pvt Ltd,20,610.0,12200.0,2025-07-16 12:24:19.160854
2025-07-16,68105,2025071604007742,SHPC,ABC Securities Private Limited,Nagarik Stock Dealer ,340,610.0,207400.0,2025-07-16 12:24:24.861852
2025-07-16,67924,2025071604007762,SHPC,Sundhara Securities Limited,Sundhara Securities Limited,484,612.0,296208.0,2025-07-16 12:24:54.669271
2025-07-16,67923,2025071604007763,SHPC,Sundhara Securities Limited,Oxford Securities Pvt. Ltd.,516,612.0,315792.0,2025-07-16 12:24:54.669661
2025-07-16,66806,2025071604008004,SHPC,Imperial Securities Company Pvt. Ltd.,Oxford Securities Pvt. Ltd.,1484,612.0,908208.0,2025-07-16 12:28:44.867186
2025-07-16,66805,2025071604008005,SHPC,Imperial Securities Company Pvt. Ltd.,Nagarik Stock Dealer ,1000,612.0,612000.0,2025-07-16 12:28:44.867287
2025-07-16,66804,2025071604008006,SHPC,Imperial Securities Company Pvt. Ltd.,Premier Securities Company Ltd.,166,612.0,101592.0,2025-07-16 12:28:44.867340
2025-07-16,66803,2025071604008007,SHPC,Imperial Securities Company Pvt. Ltd.,Ashutosh Brokerage & Securities (PVT) Ltd.,50,612.0,30600.0,2025-07-16 12:28:44.867368
2025-07-16,66802,2025071604008008,SHPC,Imperial Securities Company Pvt. Ltd.,Dipshikha Dhitopatra Karobar Co. Pvt Ltd.,200,613.0,122600.0,2025-07-16 12:28:44.867394
2025-07-16,66028,2025071604008186,SHPC,J.F. Securites (PVT) Ltd.,Dipshikha Dhitopatra Karobar Co. Pvt Ltd.,125,613.0,76625.0,2025-07-16 12:31:13.286363
2025-07-16,66027,2025071604008187,SHPC,J.F. Securites (PVT) Ltd.,Aryatara Investment & Securities,10,613.0,6130.0,2025-07-16 12:31:13.286768
2025-07-16,66026,2025071604008188,SHPC,J.F. Securites (PVT) Ltd.,Premier Securities Company Ltd.,200,613.0,122600.0,2025-07-16 12:31:13.286926
2025-07-16,66025,2025071604008189,SHPC,J.F. Securites (PVT) Ltd.,Citizens Share Broker Limited,100,613.5,61350.0,2025-07-16 12:31:13.287105
2025-07-16,66024,2025071604008190,SHPC,J.F. Securites (PVT) Ltd.,Nepal Investment And Securities Trading Private Limited,65,613.7,39890.5,2025-07-16 12:31:13.287300
2025-07-16,65935,2025071604008198,SHPC,Sundhara Securities Limited,Nagarik Stock Dealer ,100,612.5,61250.0,2025-07-16 12:31:27.620954
2025-07-16,65853,2025071604008219,SHPC,Deevyaa Securities & Stock House Pvt. Ltd,Nagarik Stock Dealer ,500,612.5,306250.0,2025-07-16 12:31:45.380925
2025-07-16,65240,2025071604008305,SHPC,Naasa Securities Co. Ltd.,Dipshikha Dhitopatra Karobar Co. Pvt Ltd.,10,612.0,6120.0,2025-07-16 12:33:18.428914
2025-07-16,65089,2025071604008320,SHPC,Roadshow securities limited,Dipshikha Dhitopatra Karobar Co. Pvt Ltd.,50,612.0,30600.0,2025-07-16 12:33:45.913936
2025-07-16,64876,2025071604008349,SHPC,Trishakti Securities Public Limited,Nepal Investment And Securities Trading Private Limited,235,613.7,144219.5,2025-07-16 12:34:26.117200
2025-07-16,64875,2025071604008350,SHPC,Trishakti Securities Public Limited,Sri Hari Securities Pvt. Ltd.,500,613.7,306850.0,2025-07-16 12:34:26.117258
2025-07-16,64874,2025071604008351,SHPC,Trishakti Securities Public Limited,Aryatara Investment & Securities,16,613.9,9822.4,2025-07-16 12:34:26.117286
2025-07-16,64873,2025071604008352,SHPC,Trishakti Securities Public Limited,Nagarik Stock Dealer ,249,613.9,152861.1,2025-07-16 12:34:26.117310
2025-07-16,64663,2025071604008399,SHPC,South Asian Bulls Pvt. Ltd.,Nagarik Stock Dealer ,500,613.9,306950.0,2025-07-16 12:34:53.641403
2025-07-16,64004,2025071604008532,SHPC,ABC Securities Private Limited,Nepal Stock House (PVT) Ltd.,150,611.1,91665.0,2025-07-16 12:36:35.887556
2025-07-16,63920,2025071604008554,SHPC,Opal Securities Investment (PVT) Ltd.,Kumari Securities Private Limited,7,601.0,4207.0,2025-07-16 12:36:53.134795
2025-07-16,63739,2025071604008593,SHPC,Roadshow securities limited,Nepal Stock House (PVT) Ltd.,100,613.0,61300.0,2025-07-16 12:37:19.896046
2025-07-16,63738,2025071604008594,SHPC,Roadshow securities limited,MILKY WAY SHARE BROKER COMPANY LTD ,200,613.8,122760.0,2025-07-16 12:37:19.896177
2025-07-16,63737,2025071604008595,SHPC,Roadshow securities limited,Dipshikha Dhitopatra Karobar Co. Pvt Ltd.,50,613.8,30690.0,2025-07-16 12:37:19.896258
2025-07-16,63736,2025071604008596,SHPC,Roadshow securities limited,Imperial Securities Company Pvt. Ltd.,50,613.8,30690.0,2025-07-16 12:37:19.896348
2025-07-16,63512,2025071604008621,SHPC,Roadshow securities limited,Neev Securities Pvt. Ltd.,200,613.0,122600.0,2025-07-16 12:37:48.972406
2025-07-16,63447,2025071604008629,SHPC,Roadshow securities limited,Naasa Securities Co. Ltd.,100,613.7,61370.0,2025-07-16 12:38:02.007377
2025-07-16,63446,2025071604008630,SHPC,Roadshow securities limited,Thrive Brokerage House Pvt. Ltd,150,613.7,92055.0,2025-07-16 12:38:02.007437
2025-07-16,63368,2025071604008636,SHPC,Roadshow securities limited,Imperial Securities Company Pvt. Ltd.,450,613.6,276120.0,2025-07-16 12:38:17.064274
2025-07-16,63289,2025071604008655,SHPC,Roadshow securities limited,Nepal Stock House (PVT) Ltd.,150,613.5,92025.0,2025-07-16 12:38:33.103222
2025-07-16,63288,2025071604008656,SHPC,Roadshow securities limited,Nagarik Stock Dealer ,251,613.9,154088.9,2025-07-16 12:38:33.103307
2025-07-16,63287,2025071604008657,SHPC,Roadshow securities limited,Sri Hari Securities Pvt. Ltd.,99,613.9,60776.1,2025-07-16 12:38:33.103345
2025-07-16,63184,2025071604008677,SHPC,Roadshow securities limited,Sri Hari Securities Pvt. Ltd.,401,613.9,246173.9,2025-07-16 12:38:46.138598
2025-07-16,63183,2025071604008678,SHPC,Roadshow securities limited,Aakashbhairab Securities Ltd.,100,613.9,61390.0,2025-07-16 12:38:46.138743
2025-07-16,63182,2025071604008679,SHPC,Roadshow securities limited,ABC Securities Private Limited,199,613.9,122166.1,2025-07-16 12:38:46.138834
2025-07-16,63131,2025071604008687,SHPC,Roadshow securities limited,Thrive Brokerage House Pvt. Ltd,40,613.8,24552.0,2025-07-16 12:38:54.170976
2025-07-16,63130,2025071604008688,SHPC,Roadshow securities limited,Dynamic Money Managers Securities Pvt. Ltd.,660,613.9,405174.0,2025-07-16 12:38:54.171052
2025-07-16,62558,2025071604008780,SHPC,Roadshow securities limited,Neev Securities Pvt. Ltd.,300,613.0,183900.0,2025-07-16 12:40:24.436476
2025-07-16,62449,2025071604008797,SHPC,Secured Securities Ltd.,Sani Securities Company Ltd.,100,613.8,61380.0,2025-07-16 12:40:43.965777
2025-07-16,62403,2025071604008826,SHPC,Aryatara Investment & Securities,Sani Securities Company Ltd.,250,613.0,153250.0,2025-07-16 12:40:50.552808
2025-07-16,62238,2025071604008850,SHPC,Market Securities & Exchange (PVT) Ltd.,Sani Securities Company Ltd.,250,613.0,153250.0,2025-07-16 12:41:20.696358
2025-07-16,62237,2025071604008851,SHPC,Market Securities & Exchange (PVT) Ltd.,Nepal Stock House (PVT) Ltd.,250,613.0,153250.0,2025-07-16 12:41:20.697054
2025-07-16,62115,2025071604008878,SHPC,Naasa Securities Co. Ltd.,Imperial Securities Company Pvt. Ltd.,115,613.5,70552.5,2025-07-16 12:41:38.848267
2025-07-16,61762,2025071604008938,SHPC,INDEX SECURITIES LIMITED,Nepal Stock House (PVT) Ltd.,350,613.0,214550.0,2025-07-16 12:42:43.032665
2025-07-16,61761,2025071604008939,SHPC,INDEX SECURITIES LIMITED,Arun Securities (PVT) Ltd.,500,613.4,306700.0,2025-07-16 12:42:43.033089
2025-07-16,61760,2025071604008940,SHPC,INDEX SECURITIES LIMITED,Imperial Securities Company Pvt. Ltd.,885,613.5,542947.5,2025-07-16 12:42:43.033258
2025-07-16,61759,2025071604008941,SHPC,INDEX SECURITIES LIMITED,Citizens Share Broker Limited,100,613.5,61350.0,2025-07-16 12:42:43.033437
2025-07-16,61758,2025071604008942,SHPC,INDEX SECURITIES LIMITED,Sani Securities Company Ltd.,70,613.8,42966.0,2025-07-16 12:42:43.033604
2025-07-16,61757,2025071604008943,SHPC,INDEX SECURITIES LIMITED,Dipshikha Dhitopatra Karobar Co. Pvt Ltd.,100,613.8,61380.0,2025-07-16 12:42:43.033773
2025-07-16,61756,2025071604008944,SHPC,INDEX SECURITIES LIMITED,Dynamic Money Managers Securities Pvt. Ltd.,1140,613.9,699846.0,2025-07-16 12:42:43.033941
2025-07-16,61755,2025071604008945,SHPC,INDEX SECURITIES LIMITED,Nagarik Stock Dealer ,500,613.9,306950.0,2025-07-16 12:42:43.034102
2025-07-16,61754,2025071604008946,SHPC,INDEX SECURITIES LIMITED,Citizens Share Broker Limited,1450,614.0,890300.0,2025-07-16 12:42:43.034264
2025-07-16,61753,2025071604008947,SHPC,INDEX SECURITIES LIMITED,Online Securities Pvt. Ltd.,500,614.0,307000.0,2025-07-16 12:42:43.034426
2025-07-16,61752,2025071604008948,SHPC,INDEX SECURITIES LIMITED,Imperial Securities Company Pvt. Ltd.,2000,614.0,1228000.0,2025-07-16 12:42:43.034592
2025-07-16,61751,2025071604008949,SHPC,INDEX SECURITIES LIMITED,Capital Max Securities Ltd,1000,614.0,614000.0,2025-07-16 12:42:43.034753
2025-07-16,61699,2025071604008963,SHPC,INDEX SECURITIES LIMITED,Sumeru Securities Pvt. Ltd.,200,614.0,122800.0,2025-07-16 12:42:53.922047
2025-07-16,61470,2025071604009051,SHPC,INDEX SECURITIES LIMITED,Nepal Stock House (PVT) Ltd.,205,614.0,125870.0,2025-07-16 12:43:22.757047
2025-07-16,61463,2025071604009052,SHPC,Vision Securities Pvt. Ltd,Imperial Securities Company Pvt. Ltd.,205,612.1,125480.5,2025-07-16 12:43:23.620400
2025-07-16,61362,2025071604009078,SHPC,Dipshikha Dhitopatra Karobar Co. Pvt Ltd.,Aryatara Investment & Securities,20,614.0,12280.0,2025-07-16 12:43:39.390413
2025-07-16,61342,2025071604009080,SHPC,Himalayan Securities Limited,Market Securities & Exchange (PVT) Ltd.,205,614.0,125870.0,2025-07-16 12:43:43.946401
2025-07-16,61341,2025071604009081,SHPC,Himalayan Securities Limited,Sri Hari Securities Pvt. Ltd.,795,614.0,488130.0,2025-07-16 12:43:43.946861
2025-07-16,60923,2025071604009173,SHPC,Himalayan Brokerage Company Limited,Oxford Securities Pvt. Ltd.,1000,613.9,613900.0,2025-07-16 12:44:52.564961
2025-07-16,60798,2025071604009187,SHPC,INDEX SECURITIES LIMITED,Oxford Securities Pvt. Ltd.,330,613.9,202587.0,2025-07-16 12:45:16.479233
2025-07-16,60634,2025071604009208,SHPC,Aryatara Investment & Securities,Nagarik Stock Dealer ,100,613.1,61310.0,2025-07-16 12:45:42.851791
2025-07-16,60633,2025071604009209,SHPC,Secured Securities Ltd.,Nagarik Stock Dealer ,500,613.0,306500.0,2025-07-16 12:45:42.852182
2025-07-16,60632,2025071604009210,SHPC,Capital Max Securities Ltd,Nagarik Stock Dealer ,400,613.0,245200.0,2025-07-16 12:45:42.852363
2025-07-16,60525,2025071604009244,SHPC,Aryatara Investment & Securities,Oxford Securities Pvt. Ltd.,100,613.9,61390.0,2025-07-16 12:46:01.001761
2025-07-16,60471,2025071604009266,SHPC,INDEX SECURITIES LIMITED,Oxford Securities Pvt. Ltd.,63,613.9,38675.7,2025-07-16 12:46:09.631484
2025-07-16,60345,2025071604009313,SHPC,Aakashbhairab Securities Ltd.,Sri Hari Securities Pvt. Ltd.,205,614.0,125870.0,2025-07-16 12:46:29.276305
2025-07-16,60344,2025071604009314,SHPC,Aakashbhairab Securities Ltd.,Aryatara Investment & Securities,25,614.0,15350.0,2025-07-16 12:46:29.276712
2025-07-16,60343,2025071604009315,SHPC,Aakashbhairab Securities Ltd.,Dipshikha Dhitopatra Karobar Co. Pvt Ltd.,100,614.0,61400.0,2025-07-16 12:46:29.276883
2025-07-16,60342,2025071604009316,SHPC,Aakashbhairab Securities Ltd.,Citizens Share Broker Limited,500,614.1,307050.0,2025-07-16 12:46:29.277052
2025-07-16,60341,2025071604009317,SHPC,Aakashbhairab Securities Ltd.,Oxford Securities Pvt. Ltd.,1000,614.2,614200.0,2025-07-16 12:46:29.277219
2025-07-16,60340,2025071604009318,SHPC,Aakashbhairab Securities Ltd.,R.B.B. Securities Company Ltd,600,614.3,368580.0,2025-07-16 12:46:29.277392
2025-07-16,60339,2025071604009319,SHPC,Aakashbhairab Securities Ltd.,Trishakti Securities Public Limited,40,614.4,24576.0,2025-07-16 12:46:29.277560
2025-07-16,60338,2025071604009320,SHPC,Aakashbhairab Securities Ltd.,Citizens Share Broker Limited,1000,614.4,614400.0,2025-07-16 12:46:29.277728
2025-07-16,60337,2025071604009321,SHPC,Aakashbhairab Securities Ltd.,Magnet Securities and Investment Company Private Limited,1000,614.5,614500.0,2025-07-16 12:46:29.277895
2025-07-16,60336,2025071604009322,SHPC,Aakashbhairab Securities Ltd.,Citizens Share Broker Limited,310,614.8,190588.0,2025-07-16 12:46:29.278055
2025-07-16,60335,2025071604009323,SHPC,Aakashbhairab Securities Ltd.,Agrawal Securities (PVT) Ltd.,150,614.8,92220.0,2025-07-16 12:46:29.278221
2025-07-16,60334,2025071604009324,SHPC,Aakashbhairab Securities Ltd.,Citizens Share Broker Limited,70,614.8,43036.0,2025-07-16 12:46:29.278389
2025-07-16,60316,2025071604009330,SHPC,INDEX SECURITIES LIMITED,Nepal Stock House (PVT) Ltd.,100,613.9,61390.0,2025-07-16 12:46:33.607101
2025-07-16,60249,2025071604009363,SHPC,Capital Max Securities Ltd,Linch Stock Market Ltd.,500,613.0,306500.0,2025-07-16 12:46:39.943241
2025-07-16,60106,2025071604009400,SHPC,South Asian Bulls Pvt. Ltd.,Citizens Share Broker Limited,30,613.1,18393.0,2025-07-16 12:47:03.859230
2025-07-16,60085,2025071604009403,SHPC,South Asian Bulls Pvt. Ltd.,Market Securities & Exchange (PVT) Ltd.,100,613.1,61310.0,2025-07-16 12:47:08.079905
2025-07-16,59966,2025071604009444,SHPC,South Asian Bulls Pvt. Ltd.,Citizens Share Broker Limited,115,613.1,70506.5,2025-07-16 12:47:28.949436
2025-07-16,59900,2025071604009474,SHPC,South Asian Bulls Pvt. Ltd.,Capital Max Securities Ltd,255,613.1,156340.5,2025-07-16 12:47:40.143061
2025-07-16,59899,2025071604009475,SHPC,Sundhara Securities Limited,Capital Max Securities Ltd,745,613.1,456759.5,2025-07-16 12:47:40.143799
2025-07-16,59801,2025071604009494,SHPC,INDEX SECURITIES LIMITED,Oxford Securities Pvt. Ltd.,200,613.8,122760.0,2025-07-16 12:47:57.947496
2025-07-16,59704,2025071604009535,SHPC,Sundhara Securities Limited,Citizens Share Broker Limited,105,613.1,64375.5,2025-07-16 12:48:12.089697
2025-07-16,59631,2025071604009558,SHPC,Sundhara Securities Limited,Arun Securities (PVT) Ltd.,150,613.1,91965.0,2025-07-16 12:48:26.002469
2025-07-16,59630,2025071604009559,SHPC,Opal Securities Investment (PVT) Ltd.,Arun Securities (PVT) Ltd.,16,613.1,9809.6,2025-07-16 12:48:26.002862
2025-07-16,59629,2025071604009560,SHPC,Capital Max Securities Ltd,Arun Securities (PVT) Ltd.,834,613.0,511242.0,2025-07-16 12:48:26.003041
2025-07-16,59558,2025071604009576,SHPC,Capital Max Securities Ltd,Nepal Stock House (PVT) Ltd.,1518,613.0,930534.0,2025-07-16 12:48:39.227212
2025-07-16,59391,2025071604009645,SHPC,INDEX SECURITIES LIMITED,Oxford Securities Pvt. Ltd.,50,613.8,30690.0,2025-07-16 12:49:01.176948
2025-07-16,59365,2025071604009652,SHPC,Property Wiard Limited,Oxford Securities Pvt. Ltd.,750,613.8,460350.0,2025-07-16 12:49:10.135988
2025-07-16,59360,2025071604009654,SHPC,Property Wiard Limited,Market Securities & Exchange (PVT) Ltd.,50,613.8,30690.0,2025-07-16 12:49:11.970112
2025-07-16,59359,2025071604009655,SHPC,Capital Max Securities Ltd,Market Securities & Exchange (PVT) Ltd.,250,613.0,153250.0,2025-07-16 12:49:11.970504
2025-07-16,59250,2025071604009686,SHPC,Capital Max Securities Ltd,ABC Securities Private Limited,30,613.0,18390.0,2025-07-16 12:49:32.499556
2025-07-16,59103,2025071604009714,SHPC,Blue Chip Securities Ltd,Sri Hari Securities Pvt. Ltd.,500,613.1,306550.0,2025-07-16 12:50:00.441630
2025-07-16,59025,2025071604009723,SHPC,Aryatara Investment & Securities,Thrive Brokerage House Pvt. Ltd,10,613.5,6135.0,2025-07-16 12:50:19.630196
2025-07-16,58990,2025071604009734,SHPC,Blue Chip Securities Ltd,Imperial Securities Company Pvt. Ltd.,261,613.1,160019.1,2025-07-16 12:50:24.537633
2025-07-16,58861,2025071604009767,SHPC,Blue Chip Securities Ltd,Agrawal Securities (PVT) Ltd.,100,613.1,61310.0,2025-07-16 12:50:49.420397
2025-07-16,58406,2025071604009879,SHPC,Vision Securities Pvt. Ltd,Primo Securities (PVT) Ltd.,1,601.0,601.0,2025-07-16 12:52:23.151887
2025-07-16,58139,2025071604009935,SHPC,Trishakti Securities Public Limited,Thrive Brokerage House Pvt. Ltd,60,613.5,36810.0,2025-07-16 12:53:12.015231
2025-07-16,58133,2025071604009939,SHPC,Agrawal Securities (PVT) Ltd.,Thrive Brokerage House Pvt. Ltd,1000,613.5,613500.0,2025-07-16 12:53:14.725860
2025-07-16,58125,2025071604009942,SHPC,Online Securities Pvt. Ltd.,Thrive Brokerage House Pvt. Ltd,30,613.5,18405.0,2025-07-16 12:53:16.286210
2025-07-16,58112,2025071604009945,SHPC,Online Securities Pvt. Ltd.,Imperial Securities Company Pvt. Ltd.,170,613.5,104295.0,2025-07-16 12:53:18.668056
2025-07-16,57777,2025071604010035,SHPC,KALASH STOCK MARKET PVT. LTD.,Naasa Securities Co. Ltd.,100,613.3,61330.0,2025-07-16 12:54:18.811693
2025-07-16,57687,2025071604010053,SHPC,KALASH STOCK MARKET PVT. LTD.,Imperial Securities Company Pvt. Ltd.,980,613.3,601034.0,2025-07-16 12:54:34.458351
2025-07-16,57639,2025071604010064,SHPC,Capital Hub P. Ltd,Imperial Securities Company Pvt. Ltd.,1090,613.2,668388.0,2025-07-16 12:54:46.567069
2025-07-16,57617,2025071604010065,SHPC,Capital Max Securities Ltd,Imperial Securities Company Pvt. Ltd.,910,613.2,558012.0,2025-07-16 12:54:50.220592
2025-07-16,57616,2025071604010066,SHPC,Capital Max Securities Ltd,Imperial Securities Company Pvt. Ltd.,558,613.3,342221.4,2025-07-16 12:54:50.220996
2025-07-16,57473,2025071604010113,SHPC,Blue Chip Securities Ltd,Imperial Securities Company Pvt. Ltd.,239,613.1,146530.9,2025-07-16 12:55:21.113839
2025-07-16,57472,2025071604010114,SHPC,Malla & Malla Stock Broking Company Pvt. Limited,Imperial Securities Company Pvt. Ltd.,153,613.1,93804.3,2025-07-16 12:55:21.114292
2025-07-16,57333,2025071604010150,SHPC,Vision Securities Pvt. Ltd,Himalayan Brokerage Company Limited,500,613.3,306650.0,2025-07-16 12:55:56.583207
2025-07-16,57270,2025071604010164,SHPC,Malla & Malla Stock Broking Company Pvt. Limited,Dynamic Money Managers Securities Pvt. Ltd.,172,613.1,105453.2,2025-07-16 12:56:04.328916
2025-07-16,56920,2025071604010281,SHPC,Cristal Kanchanjanga Securites Pvt. Ltd.,Imperial Securities Company Pvt. Ltd.,10,613.0,6130.0,2025-07-16 12:57:28.610940
2025-07-16,56919,2025071604010282,SHPC,Sani Securities Company Ltd.,Imperial Securities Company Pvt. Ltd.,20,613.0,12260.0,2025-07-16 12:57:28.611030
2025-07-16,56918,2025071604010283,SHPC,Vision Securities Pvt. Ltd,Imperial Securities Company Pvt. Ltd.,295,612.6,180717.0,2025-07-16 12:57:28.611116
2025-07-16,56917,2025071604010284,SHPC,Aryatara Investment & Securities,Imperial Securities Company Pvt. Ltd.,200,612.6,122520.0,2025-07-16 12:57:28.611178
2025-07-16,56916,2025071604010285,SHPC,Roadshow securities limited,Imperial Securities Company Pvt. Ltd.,700,612.5,428750.0,2025-07-16 12:57:28.611247
2025-07-16,56915,2025071604010286,SHPC,Roadshow securities limited,Imperial Securities Company Pvt. Ltd.,700,612.5,428750.0,2025-07-16 12:57:28.611331
2025-07-16,56914,2025071604010287,SHPC,Roadshow securities limited,Imperial Securities Company Pvt. Ltd.,700,612.5,428750.0,2025-07-16 12:57:28.611399
2025-07-16,56913,2025071604010288,SHPC,Roadshow securities limited,Imperial Securities Company Pvt. Ltd.,475,612.5,290937.5,2025-07-16 12:57:28.611464
2025-07-16,56430,2025071604010427,SHPC,Malla & Malla Stock Broking Company Pvt. Limited,Naasa Securities Co. Ltd.,10,613.0,6130.0,2025-07-16 12:58:51.017115
2025-07-16,56177,2025071604010452,SHPC,Midas Stock Broking Company Private Limited,Naasa Securities Co. Ltd.,123,613.0,75399.0,2025-07-16 12:59:21.587066
2025-07-16,56176,2025071604010453,SHPC,Midas Stock Broking Company Private Limited,Dipshikha Dhitopatra Karobar Co. Pvt Ltd.,80,613.0,49040.0,2025-07-16 12:59:21.587488
2025-07-16,56175,2025071604010454,SHPC,Midas Stock Broking Company Private Limited,Dynamic Money Managers Securities Pvt. Ltd.,178,613.1,109131.8,2025-07-16 12:59:21.587727
2025-07-16,56174,2025071604010455,SHPC,Midas Stock Broking Company Private Limited,Sri Hari Securities Pvt. Ltd.,419,613.2,256930.8,2025-07-16 12:59:21.587933
2025-07-16,56074,2025071604010501,SHPC,Aakashbhairab Securities Ltd.,Sri Hari Securities Pvt. Ltd.,81,613.2,49669.2,2025-07-16 12:59:38.536194
2025-07-16,56073,2025071604010502,SHPC,Aakashbhairab Securities Ltd.,Himalayan Brokerage Company Limited,1500,613.3,919950.0,2025-07-16 12:59:38.536657
2025-07-16,56072,2025071604010503,SHPC,Aakashbhairab Securities Ltd.,Sani Securities Company Ltd.,50,613.9,30695.0,2025-07-16 12:59:38.536856
2025-07-16,56071,2025071604010504,SHPC,Aakashbhairab Securities Ltd.,Sweta Securities Private Limited,80,613.9,49112.0,2025-07-16 12:59:38.537032
2025-07-16,56070,2025071604010505,SHPC,Aakashbhairab Securities Ltd.,Neev Securities Pvt. Ltd.,580,614.0,356120.0,2025-07-16 12:59:38.537220
2025-07-16,56069,2025071604010506,SHPC,Aakashbhairab Securities Ltd.,Nepal Investment And Securities Trading Private Limited,500,614.0,307000.0,2025-07-16 12:59:38.537417
2025-07-16,56068,2025071604010507,SHPC,Aakashbhairab Securities Ltd.,Aryatara Investment & Securities,25,614.0,15350.0,2025-07-16 12:59:38.537607
2025-07-16,56067,2025071604010508,SHPC,Aakashbhairab Securities Ltd.,Kohinoor Investment & Securities Pvt. Ltd.,184,614.0,112976.0,2025-07-16 12:59:38.537808
2025-07-16,56034,2025071604010512,SHPC,Sumeru Securities Pvt. Ltd.,Imperial Securities Company Pvt. Ltd.,500,612.7,306350.0,2025-07-16 12:59:43.111225
2025-07-16,56033,2025071604010513,SHPC,Capital Max Securities Ltd,Imperial Securities Company Pvt. Ltd.,3000,612.6,1837800.0,2025-07-16 12:59:43.111286
2025-07-16,56032,2025071604010514,SHPC,Roadshow securities limited,Imperial Securities Company Pvt. Ltd.,25,612.5,15312.5,2025-07-16 12:59:43.111327
2025-07-16,56031,2025071604010515,SHPC,Roadshow securities limited,Imperial Securities Company Pvt. Ltd.,500,612.5,306250.0,2025-07-16 12:59:43.111358
2025-07-16,56030,2025071604010516,SHPC,Roadshow securities limited,Imperial Securities Company Pvt. Ltd.,500,612.5,306250.0,2025-07-16 12:59:43.111383
2025-07-16,56029,2025071604010517,SHPC,Roadshow securities limited,Imperial Securities Company Pvt. Ltd.,500,612.5,306250.0,2025-07-16 12:59:43.111409
2025-07-16,56028,2025071604010518,SHPC,Roadshow securities limited,Imperial Securities Company Pvt. Ltd.,750,612.5,459375.0,2025-07-16 12:59:43.111431
2025-07-16,56027,2025071604010519,SHPC,Roadshow securities limited,Imperial Securities Company Pvt. Ltd.,750,612.5,459375.0,2025-07-16 12:59:43.111455
2025-07-16,56026,2025071604010520,SHPC,Roadshow securities limited,Imperial Securities Company Pvt. Ltd.,700,612.5,428750.0,2025-07-16 12:59:43.111507
2025-07-16,56025,2025071604010521,SHPC,Roadshow securities limited,Imperial Securities Company Pvt. Ltd.,700,612.5,428750.0,2025-07-16 12:59:43.111566
2025-07-16,56024,2025071604010522,SHPC,Naasa Securities Co. Ltd.,Imperial Securities Company Pvt. Ltd.,163,612.2,99788.6,2025-07-16 12:59:43.111587
2025-07-16,56023,2025071604010523,SHPC,Vision Securities Pvt. Ltd,Imperial Securities Company Pvt. Ltd.,1912,612.2,1170526.4,2025-07-16 12:59:43.111612
2025-07-16,55909,2025071604010538,SHPC,Imperial Securities Company Pvt. Ltd.,Kohinoor Investment & Securities Pvt. Ltd.,10,614.0,6140.0,2025-07-16 12:59:57.354395
2025-07-16,55773,2025071604010562,SHPC,Imperial Securities Company Pvt. Ltd.,Naasa Securities Co. Ltd.,10,614.5,6145.0,2025-07-16 13:00:18.560201
2025-07-16,55594,2025071604010615,SHPC,Vision Securities Pvt. Ltd,Naasa Securities Co. Ltd.,20,614.5,12290.0,2025-07-16 13:00:51.190622
2025-07-16,55404,2025071604010700,SHPC,Nepal Investment And Securities Trading Private Limited,Agrawal Securities (PVT) Ltd.,34,614.0,20876.0,2025-07-16 13:01:21.250929
2025-07-16,55161,2025071604010755,SHPC,Nepal Investment And Securities Trading Private Limited,Naasa Securities Co. Ltd.,95,614.0,58330.0,2025-07-16 13:02:03.629151
2025-07-16,55089,2025071604010774,SHPC,Linch Stock Market Ltd.,Creative Securities Pvt Ltd,114,614.4,70041.6,2025-07-16 13:02:16.461577
2025-07-16,54990,2025071604010816,SHPC,Nepal Investment And Securities Trading Private Limited,Market Securities & Exchange (PVT) Ltd.,300,614.0,184200.0,2025-07-16 13:02:31.110873
2025-07-16,54535,2025071604010986,SHPC,Nepal Investment And Securities Trading Private Limited,Prabhu Stock Market Limited,250,614.0,153500.0,2025-07-16 13:03:58.996238
2025-07-16,54294,2025071604011091,SHPC,Nepal Investment And Securities Trading Private Limited,Cristal Kanchanjanga Securites Pvt. Ltd.,321,614.0,197094.0,2025-07-16 13:04:48.711249
2025-07-16,54293,2025071604011092,SHPC,Naasa Securities Co. Ltd.,Cristal Kanchanjanga Securites Pvt. Ltd.,500,614.0,307000.0,2025-07-16 13:04:48.711730
2025-07-16,54292,2025071604011093,SHPC,Nepal Investment And Securities Trading Private Limited,Cristal Kanchanjanga Securites Pvt. Ltd.,300,614.0,184200.0,2025-07-16 13:04:48.712017
2025-07-16,54291,2025071604011094,SHPC,Naasa Securities Co. Ltd.,Cristal Kanchanjanga Securites Pvt. Ltd.,115,614.0,70610.0,2025-07-16 13:04:48.712217
2025-07-16,53957,2025071604011214,SHPC,Aakashbhairab Securities Ltd.,Cristal Kanchanjanga Securites Pvt. Ltd.,8764,614.0,5381096.0,2025-07-16 13:05:52.681573
2025-07-16,53843,2025071604011242,SHPC,BHOLE GANESH SECURITIES LTD,S.P.S.A. Securities Limited,100,613.0,61300.0,2025-07-16 13:06:14.635877
2025-07-16,53691,2025071604011281,SHPC,Linch Stock Market Ltd.,Capital Max Securities Ltd,50,613.1,30655.0,2025-07-16 13:06:51.275148
2025-07-16,53690,2025071604011282,SHPC,BHOLE GANESH SECURITIES LTD,Capital Max Securities Ltd,100,613.0,61300.0,2025-07-16 13:06:51.275250
2025-07-16,53689,2025071604011283,SHPC,Naasa Securities Co. Ltd.,Capital Max Securities Ltd,30,613.0,18390.0,2025-07-16 13:06:51.275414
2025-07-16,53688,2025071604011284,SHPC,Linch Stock Market Ltd.,Capital Max Securities Ltd,320,612.7,196064.0,2025-07-16 13:06:51.275492
2025-07-16,53635,2025071604011296,SHPC,Linch Stock Market Ltd.,Roadshow securities limited,180,612.7,110286.0,2025-07-16 13:07:05.817365
2025-07-16,53634,2025071604011297,SHPC,Investment Management Nepal Pvt. Ltd.,Roadshow securities limited,50,612.7,30635.0,2025-07-16 13:07:05.818289
2025-07-16,53633,2025071604011298,SHPC,Naasa Securities Co. Ltd.,Roadshow securities limited,31,612.6,18990.6,2025-07-16 13:07:05.819178
2025-07-16,53632,2025071604011299,SHPC,Imperial Securities Company Pvt. Ltd.,Roadshow securities limited,1000,612.6,612600.0,2025-07-16 13:07:05.819966
2025-07-16,53618,2025071604011303,SHPC,Market Securities & Exchange (PVT) Ltd.,Roadshow securities limited,239,612.6,146411.4,2025-07-16 13:07:13.412683
2025-07-16,53044,2025071604011443,SHPC,Kumari Securities Private Limited,Ashutosh Brokerage & Securities (PVT) Ltd.,100,614.0,61400.0,2025-07-16 13:08:57.945771
2025-07-16,53043,2025071604011444,SHPC,Cristal Kanchanjanga Securites Pvt. Ltd.,Ashutosh Brokerage & Securities (PVT) Ltd.,10,614.0,6140.0,2025-07-16 13:08:57.946194
2025-07-16,52854,2025071604011493,SHPC,Sundhara Securities Limited,Ashutosh Brokerage & Securities (PVT) Ltd.,100,614.0,61400.0,2025-07-16 13:09:29.599154
2025-07-16,52520,2025071604011543,SHPC,Sipla Securities Private Limited,SUN SECURITIES PVT LTD,100,613.2,61320.0,2025-07-16 13:10:26.055999
2025-07-16,52407,2025071604011579,SHPC,South Asian Bulls Pvt. Ltd.,Ashutosh Brokerage & Securities (PVT) Ltd.,200,614.0,122800.0,2025-07-16 13:10:45.674604
2025-07-16,52179,2025071604011618,SHPC,Sipla Securities Private Limited,Miyo Securities Pvt Ltd,100,613.2,61320.0,2025-07-16 13:11:19.184436
2025-07-16,52178,2025071604011619,SHPC,Vision Securities Pvt. Ltd,Miyo Securities Pvt Ltd,900,613.1,551790.0,2025-07-16 13:11:19.184949
2025-07-16,52156,2025071604011627,SHPC,Neev Securities Pvt. Ltd.,Ashutosh Brokerage & Securities (PVT) Ltd.,90,614.0,55260.0,2025-07-16 13:11:23.911011
2025-07-16,52155,2025071604011628,SHPC,Neev Securities Pvt. Ltd.,Nagarik Stock Dealer ,210,614.0,128940.0,2025-07-16 13:11:23.911468
2025-07-16,51967,2025071604011681,SHPC,Market Securities & Exchange (PVT) Ltd.,Nagarik Stock Dealer ,65,614.0,39910.0,2025-07-16 13:11:49.649169
2025-07-16,51966,2025071604011682,SHPC,Market Securities & Exchange (PVT) Ltd.,ABC Securities Private Limited,250,614.0,153500.0,2025-07-16 13:11:49.649585
2025-07-16,51835,2025071604011721,SHPC,Market Securities & Exchange (PVT) Ltd.,Dipshikha Dhitopatra Karobar Co. Pvt Ltd.,47,614.1,28862.7,2025-07-16 13:12:09.745205
2025-07-16,51834,2025071604011722,SHPC,Market Securities & Exchange (PVT) Ltd.,Aryatara Investment & Securities,25,614.1,15352.5,2025-07-16 13:12:09.745642
2025-07-16,51780,2025071604011742,SHPC,South Asian Bulls Pvt. Ltd.,Nepal Stock House (PVT) Ltd.,50,614.2,30710.0,2025-07-16 13:12:15.325040
2025-07-16,51779,2025071604011743,SHPC,South Asian Bulls Pvt. Ltd.,Sri Hari Securities Pvt. Ltd.,450,614.2,276390.0,2025-07-16 13:12:15.325091
2025-07-16,51777,2025071604011745,SHPC,Sri Hari Securities Pvt. Ltd.,Sri Hari Securities Pvt. Ltd.,50,614.2,30710.0,2025-07-16 13:12:16.449952
2025-07-16,51776,2025071604011746,SHPC,Sri Hari Securities Pvt. Ltd.,Citizens Share Broker Limited,200,614.3,122860.0,2025-07-16 13:12:16.450030
2025-07-16,51719,2025071604011752,SHPC,Himalayan Brokerage Company Limited,Citizens Share Broker Limited,300,614.3,184290.0,2025-07-16 13:12:25.349686
2025-07-16,51614,2025071604011794,SHPC,Dipshikha Dhitopatra Karobar Co. Pvt Ltd.,Dipshikha Dhitopatra Karobar Co. Pvt Ltd.,10,614.4,6144.0,2025-07-16 13:12:38.915737
2025-07-16,51613,2025071604011795,SHPC,Dipshikha Dhitopatra Karobar Co. Pvt Ltd.,Cristal Kanchanjanga Securites Pvt. Ltd.,990,614.4,608256.0,2025-07-16 13:12:38.916126
2025-07-16,51598,2025071604011804,SHPC,Market Securities & Exchange (PVT) Ltd.,Naasa Securities Co. Ltd.,42,614.1,25792.2,2025-07-16 13:12:41.360825
2025-07-16,51520,2025071604011825,SHPC,Market Securities & Exchange (PVT) Ltd.,Cristal Kanchanjanga Securites Pvt. Ltd.,10,614.4,6144.0,2025-07-16 13:12:54.972715
2025-07-16,51519,2025071604011826,SHPC,Market Securities & Exchange (PVT) Ltd.,Deevyaa Securities & Stock House Pvt. Ltd,436,614.4,267878.4,2025-07-16 13:12:54.973184
2025-07-16,51479,2025071604011836,SHPC,Sri Hari Securities Pvt. Ltd.,Deevyaa Securities & Stock House Pvt. Ltd,64,614.4,39321.6,2025-07-16 13:13:00.859629
2025-07-16,51478,2025071604011837,SHPC,Sri Hari Securities Pvt. Ltd.,Dipshikha Dhitopatra Karobar Co. Pvt Ltd.,936,614.5,575172.0,2025-07-16 13:13:00.860059
2025-07-16,51455,2025071604011842,SHPC,Sri Hari Securities Pvt. Ltd.,Dipshikha Dhitopatra Karobar Co. Pvt Ltd.,50,614.5,30725.0,2025-07-16 13:13:06.894231
2025-07-16,51402,2025071604011877,SHPC,Property Wiard Limited,Dipshikha Dhitopatra Karobar Co. Pvt Ltd.,14,614.5,8603.0,2025-07-16 13:13:14.419590
2025-07-16,51401,2025071604011878,SHPC,Property Wiard Limited,Cristal Kanchanjanga Securites Pvt. Ltd.,2986,614.5,1834897.0,2025-07-16 13:13:14.420015
2025-07-16,51364,2025071604011881,SHPC,Midas Stock Broking Company Private Limited,Cristal Kanchanjanga Securites Pvt. Ltd.,2000,614.5,1229000.0,2025-07-16 13:13:21.715476
2025-07-16,51362,2025071604011882,SHPC,Trishakti Securities Public Limited,Cristal Kanchanjanga Securites Pvt. Ltd.,14,614.5,8603.0,2025-07-16 13:13:22.089454
2025-07-16,51361,2025071604011883,SHPC,Trishakti Securities Public Limited,Deevyaa Securities & Stock House Pvt. Ltd,500,614.6,307300.0,2025-07-16 13:13:22.089957
2025-07-16,51360,2025071604011884,SHPC,Trishakti Securities Public Limited,Deevyaa Securities & Stock House Pvt. Ltd,486,614.7,298744.2,2025-07-16 13:13:22.090186
2025-07-16,51328,2025071604011892,SHPC,Trishakti Securities Public Limited,Deevyaa Securities & Stock House Pvt. Ltd,14,614.7,8605.8,2025-07-16 13:13:29.245688
2025-07-16,51327,2025071604011893,SHPC,Trishakti Securities Public Limited,South Asian Bulls Pvt. Ltd.,800,614.8,491840.0,2025-07-16 13:13:29.246148
2025-07-16,51326,2025071604011894,SHPC,Trishakti Securities Public Limited,Deevyaa Securities & Stock House Pvt. Ltd,500,614.8,307400.0,2025-07-16 13:13:29.246375
2025-07-16,51325,2025071604011895,SHPC,Trishakti Securities Public Limited,Citizens Share Broker Limited,500,614.9,307450.0,2025-07-16 13:13:29.246587
2025-07-16,51324,2025071604011896,SHPC,Trishakti Securities Public Limited,Capital Max Securities Ltd,186,614.9,114371.4,2025-07-16 13:13:29.246775
2025-07-16,51302,2025071604011901,SHPC,Sundhara Securities Limited,Capital Max Securities Ltd,900,614.9,553410.0,2025-07-16 13:13:34.846465
2025-07-16,51283,2025071604011903,SHPC,Magnet Securities and Investment Company Private Limited,Shree Krishna Securities Ltd.,200,614.2,122840.0,2025-07-16 13:13:38.876084
2025-07-16,51245,2025071604011921,SHPC,ABC Securities Private Limited,Capital Max Securities Ltd,914,614.9,562018.6,2025-07-16 13:13:45.082133
2025-07-16,51244,2025071604011922,SHPC,ABC Securities Private Limited,Deevyaa Securities & Stock House Pvt. Ltd,500,614.9,307450.0,2025-07-16 13:13:45.082193
2025-07-16,51243,2025071604011923,SHPC,ABC Securities Private Limited,Dynamic Money Managers Securities Pvt. Ltd.,228,615.0,140220.0,2025-07-16 13:13:45.082230
2025-07-16,51242,2025071604011924,SHPC,ABC Securities Private Limited,Imperial Securities Company Pvt. Ltd.,490,615.0,301350.0,2025-07-16 13:13:45.082264
2025-07-16,51241,2025071604011925,SHPC,ABC Securities Private Limited,Online Securities Pvt. Ltd.,100,615.0,61500.0,2025-07-16 13:13:45.082291
2025-07-16,51240,2025071604011926,SHPC,ABC Securities Private Limited,Naasa Securities Co. Ltd.,10,615.0,6150.0,2025-07-16 13:13:45.082327
2025-07-16,51239,2025071604011927,SHPC,ABC Securities Private Limited,Sri Hari Securities Pvt. Ltd.,500,615.0,307500.0,2025-07-16 13:13:45.082359
2025-07-16,51238,2025071604011928,SHPC,ABC Securities Private Limited,Aryatara Investment & Securities,10,615.0,6150.0,2025-07-16 13:13:45.082401
2025-07-16,51237,2025071604011929,SHPC,ABC Securities Private Limited,Agrawal Securities (PVT) Ltd.,200,615.0,123000.0,2025-07-16 13:13:45.082434
2025-07-16,51236,2025071604011930,SHPC,ABC Securities Private Limited,Sundhara Securities Limited,50,615.0,30750.0,2025-07-16 13:13:45.082459
2025-07-16,51235,2025071604011931,SHPC,ABC Securities Private Limited,Kohinoor Investment & Securities Pvt. Ltd.,23,615.0,14145.0,2025-07-16 13:13:45.082493
2025-07-16,51234,2025071604011932,SHPC,ABC Securities Private Limited,Naasa Securities Co. Ltd.,12,615.0,7380.0,2025-07-16 13:13:45.082528
2025-07-16,51233,2025071604011933,SHPC,ABC Securities Private Limited,Premier Securities Company Ltd.,300,615.0,184500.0,2025-07-16 13:13:45.082565
2025-07-16,51232,2025071604011934,SHPC,ABC Securities Private Limited,Neev Securities Pvt. Ltd.,200,615.0,123000.0,2025-07-16 13:13:45.082596
2025-07-16,51231,2025071604011935,SHPC,ABC Securities Private Limited,Sri Hari Securities Pvt. Ltd.,420,615.0,258300.0,2025-07-16 13:13:45.082622
2025-07-16,51230,2025071604011936,SHPC,ABC Securities Private Limited,N.M.B. SECURITIES LIMITED,990,615.0,608850.0,2025-07-16 13:13:45.082652
2025-07-16,51229,2025071604011937,SHPC,ABC Securities Private Limited,Oxford Securities Pvt. Ltd.,30,615.0,18450.0,2025-07-16 13:13:45.082690
2025-07-16,51228,2025071604011938,SHPC,ABC Securities Private Limited,Sani Securities Company Ltd.,23,615.0,14145.0,2025-07-16 13:13:45.082734
2025-07-16,51165,2025071604011945,SHPC,Magnet Securities and Investment Company Private Limited,Secured Securities Ltd.,25,614.2,15355.0,2025-07-16 13:13:47.861310
2025-07-16,51150,2025071604011946,SHPC,Market Securities & Exchange (PVT) Ltd.,Dipshikha Dhitopatra Karobar Co. Pvt Ltd.,386,614.3,237119.8,2025-07-16 13:13:50.531774
2025-07-16,51149,2025071604011947,SHPC,Magnet Securities and Investment Company Private Limited,Dipshikha Dhitopatra Karobar Co. Pvt Ltd.,114,614.2,70018.8,2025-07-16 13:13:50.532190
2025-07-16,51103,2025071604011952,SHPC,ABC Securities Private Limited,Sani Securities Company Ltd.,320,615.0,196800.0,2025-07-16 13:13:57.266038
2025-07-16,51062,2025071604011961,SHPC,Aakashbhairab Securities Ltd.,Sani Securities Company Ltd.,54,615.0,33210.0,2025-07-16 13:14:02.579217
2025-07-16,51061,2025071604011962,SHPC,Aakashbhairab Securities Ltd.,Imperial Securities Company Pvt. Ltd.,1000,615.0,615000.0,2025-07-16 13:14:02.579639
2025-07-16,51060,2025071604011963,SHPC,Aakashbhairab Securities Ltd.,Property Wiard Limited,320,615.0,196800.0,2025-07-16 13:14:02.579832
2025-07-16,51059,2025071604011964,SHPC,Aakashbhairab Securities Ltd.,Vision Securities Pvt. Ltd,200,615.0,123000.0,2025-07-16 13:14:02.580000
2025-07-16,51058,2025071604011965,SHPC,Aakashbhairab Securities Ltd.,Trishakti Securities Public Limited,500,615.0,307500.0,2025-07-16 13:14:02.580171
2025-07-16,51057,2025071604011966,SHPC,Aakashbhairab Securities Ltd.,Trishakti Securities Public Limited,10,615.0,6150.0,2025-07-16 13:14:02.580339
2025-07-16,51056,2025071604011967,SHPC,Aakashbhairab Securities Ltd.,Infinity Securities Limited,1000,615.0,615000.0,2025-07-16 13:14:02.580506
2025-07-16,51055,2025071604011968,SHPC,Aakashbhairab Securities Ltd.,Nagarik Stock Dealer ,1000,615.0,615000.0,2025-07-16 13:14:02.580673
2025-07-16,50911,2025071604012009,SHPC,Market Securities & Exchange (PVT) Ltd.,Citizens Share Broker Limited,132,615.1,81193.2,2025-07-16 13:14:23.393223
2025-07-16,50900,2025071604012015,SHPC,Market Securities & Exchange (PVT) Ltd.,Imperial Securities Company Pvt. Ltd.,80,615.1,49208.0,2025-07-16 13:14:25.880607
2025-07-16,50885,2025071604012020,SHPC,Imperial Securities Company Pvt. Ltd.,Kohinoor Investment & Securities Pvt. Ltd.,200,615.8,123160.0,2025-07-16 13:14:30.930877
2025-07-16,50884,2025071604012021,SHPC,Imperial Securities Company Pvt. Ltd.,Magnet Securities and Investment Company Private Limited,1000,616.0,616000.0,2025-07-16 13:14:30.931303
2025-07-16,50883,2025071604012022,SHPC,Imperial Securities Company Pvt. Ltd.,Hatemalo Financial Services Private Limited,1000,616.0,616000.0,2025-07-16 13:14:30.931478
2025-07-16,50882,2025071604012023,SHPC,Imperial Securities Company Pvt. Ltd.,Asian Securities Private Ltd.,150,616.0,92400.0,2025-07-16 13:14:30.931642
2025-07-16,50881,2025071604012024,SHPC,Imperial Securities Company Pvt. Ltd.,SUN SECURITIES PVT LTD,324,616.0,199584.0,2025-07-16 13:14:30.931826
2025-07-16,50880,2025071604012025,SHPC,Imperial Securities Company Pvt. Ltd.,Aryatara Investment & Securities,25,616.0,15400.0,2025-07-16 13:14:30.931985
2025-07-16,50879,2025071604012026,SHPC,Imperial Securities Company Pvt. Ltd.,Imperial Securities Company Pvt. Ltd.,500,616.0,308000.0,2025-07-16 13:14:30.932142
2025-07-16,50878,2025071604012027,SHPC,Imperial Securities Company Pvt. Ltd.,Dipshikha Dhitopatra Karobar Co. Pvt Ltd.,321,617.0,198057.0,2025-07-16 13:14:30.935006
2025-07-16,50869,2025071604012029,SHPC,South Asian Bulls Pvt. Ltd.,Dipshikha Dhitopatra Karobar Co. Pvt Ltd.,679,617.0,418943.0,2025-07-16 13:14:34.494767
2025-07-16,50868,2025071604012030,SHPC,South Asian Bulls Pvt. Ltd.,Magnet Securities and Investment Company Private Limited,121,617.0,74657.0,2025-07-16 13:14:34.495478
2025-07-16,50852,2025071604012043,SHPC,Imperial Securities Company Pvt. Ltd.,Shree Krishna Securities Ltd.,100,616.0,61600.0,2025-07-16 13:14:38.115860
2025-07-16,50831,2025071604012047,SHPC,South Asian Bulls Pvt. Ltd.,Magnet Securities and Investment Company Private Limited,600,617.0,370200.0,2025-07-16 13:14:41.528762
2025-07-16,50827,2025071604012048,SHPC,Online Securities Pvt. Ltd.,Magnet Securities and Investment Company Private Limited,279,617.0,172143.0,2025-07-16 13:14:41.920012
2025-07-16,50826,2025071604012049,SHPC,Online Securities Pvt. Ltd.,Dipshikha Dhitopatra Karobar Co. Pvt Ltd.,21,617.0,12957.0,2025-07-16 13:14:41.920806
2025-07-16,50793,2025071604012062,SHPC,BHOLE GANESH SECURITIES LTD,Dipshikha Dhitopatra Karobar Co. Pvt Ltd.,149,617.0,91933.0,2025-07-16 13:14:45.240369
2025-07-16,50792,2025071604012063,SHPC,BHOLE GANESH SECURITIES LTD,Citizens Share Broker Limited,100,617.0,61700.0,2025-07-16 13:14:45.240767
2025-07-16,50791,2025071604012064,SHPC,BHOLE GANESH SECURITIES LTD,Aryatara Investment & Securities,251,617.0,154867.0,2025-07-16 13:14:45.240936
2025-07-16,50778,2025071604012069,SHPC,Sri Hari Securities Pvt. Ltd.,Aryatara Investment & Securities,249,617.0,153633.0,2025-07-16 13:14:47.910288
2025-07-16,50706,2025071604012089,SHPC,Imperial Securities Company Pvt. Ltd.,Dynamic Money Managers Securities Pvt. Ltd.,300,617.8,185340.0,2025-07-16 13:14:59.308516
2025-07-16,50705,2025071604012090,SHPC,Imperial Securities Company Pvt. Ltd.,Deevyaa Securities & Stock House Pvt. Ltd,100,617.9,61790.0,2025-07-16 13:14:59.308922
2025-07-16,50704,2025071604012091,SHPC,Imperial Securities Company Pvt. Ltd.,Bhrikuti Stock Broking Co. Pvt. Ltd.,300,618.0,185400.0,2025-07-16 13:14:59.309093
2025-07-16,50703,2025071604012092,SHPC,Imperial Securities Company Pvt. Ltd.,Trisul Securities & Invt. Ltd.,10,618.0,6180.0,2025-07-16 13:14:59.309260
2025-07-16,50702,2025071604012093,SHPC,Imperial Securities Company Pvt. Ltd.,Nagarik Stock Dealer ,500,618.0,309000.0,2025-07-16 13:14:59.309456
2025-07-16,50701,2025071604012094,SHPC,Imperial Securities Company Pvt. Ltd.,Oxford Securities Pvt. Ltd.,20,618.0,12360.0,2025-07-16 13:14:59.309634
2025-07-16,50700,2025071604012095,SHPC,Imperial Securities Company Pvt. Ltd.,Aryatara Investment & Securities,310,618.0,191580.0,2025-07-16 13:14:59.309801
2025-07-16,50699,2025071604012096,SHPC,Imperial Securities Company Pvt. Ltd.,Aryatara Investment & Securities,500,618.0,309000.0,2025-07-16 13:14:59.309971
2025-07-16,50698,2025071604012097,SHPC,Imperial Securities Company Pvt. Ltd.,Imperial Securities Company Pvt. Ltd.,2000,618.0,1236000.0,2025-07-16 13:14:59.310145
2025-07-16,50697,2025071604012098,SHPC,Imperial Securities Company Pvt. Ltd.,Sani Securities Company Ltd.,350,618.0,216300.0,2025-07-16 13:14:59.310333
2025-07-16,50696,2025071604012099,SHPC,Imperial Securities Company Pvt. Ltd.,Naasa Securities Co. Ltd.,190,618.0,117420.0,2025-07-16 13:14:59.310514
2025-07-16,50653,2025071604012114,SHPC,Imperial Securities Company Pvt. Ltd.,Miyo Securities Pvt Ltd,20,618.0,12360.0,2025-07-16 13:15:09.062143
2025-07-16,50636,2025071604012128,SHPC,Imperial Securities Company Pvt. Ltd.,Shree Krishna Securities Ltd.,100,618.0,61800.0,2025-07-16 13:15:11.253178
2025-07-16,50630,2025071604012129,SHPC,Investment Management Nepal Pvt. Ltd.,Shree Krishna Securities Ltd.,85,619.0,52615.0,2025-07-16 13:15:13.034602
2025-07-16,50629,2025071604012130,SHPC,Investment Management Nepal Pvt. Ltd.,Vision Securities Pvt. Ltd,399,619.0,246981.0,2025-07-16 13:15:13.035353
2025-07-16,50628,2025071604012131,SHPC,Investment Management Nepal Pvt. Ltd.,Asian Securities Private Ltd.,516,619.0,319404.0,2025-07-16 13:15:13.035884
2025-07-16,50625,2025071604012132,SHPC,Imperial Securities Company Pvt. Ltd.,Asian Securities Private Ltd.,400,619.0,247600.0,2025-07-16 13:15:13.600156
2025-07-16,50615,2025071604012137,SHPC,Sweta Securities Private Limited,Asian Securities Private Ltd.,84,619.0,51996.0,2025-07-16 13:15:15.153177
2025-07-16,50614,2025071604012138,SHPC,Sweta Securities Private Limited,Aakashbhairab Securities Ltd.,27,619.0,16713.0,2025-07-16 13:15:15.153281
2025-07-16,50613,2025071604012139,SHPC,Sweta Securities Private Limited,Citizens Share Broker Limited,300,619.7,185910.0,2025-07-16 13:15:15.153379
2025-07-16,50612,2025071604012140,SHPC,Sweta Securities Private Limited,Citizens Share Broker Limited,1589,619.9,985021.1,2025-07-16 13:15:15.153446
2025-07-16,50471,2025071604012196,SHPC,Nepal Investment And Securities Trading Private Limited,Investment Management Nepal Pvt. Ltd.,200,619.0,123800.0,2025-07-16 13:15:43.205435
