Date,S.N.,Contract ID,Symbol,Buyer Broker,Seller Broker,volume,rate,amount,transaction_time
2025-07-16,99232,2025071604000087,SSHL,Pragyan Securities (PVT) Ltd.,Naasa Securities Co. Ltd.,10,255.0,2550.0,2025-07-16 11:01:17.340591
2025-07-16,99010,2025071604000164,SSHL,Neev Securities Pvt. Ltd.,Siprabi Securities Pvt. Ltd.,10,258.8,2588.0,2025-07-16 11:02:27.210230
2025-07-16,98945,2025071604000186,SSHL,NIMB Stock Markets Limited,Siprabi Securities Pvt. Ltd.,140,258.8,36232.0,2025-07-16 11:02:41.158857
2025-07-16,98944,2025071604000187,SSHL,NIMB Stock Markets Limited,Imperial Securities Company Pvt. Ltd.,10,258.8,2588.0,2025-07-16 11:02:41.158993
2025-07-16,98943,2025071604000188,SSHL,NIMB Stock Markets Limited,Bhrikuti Stock Broking Co. Pvt. Ltd.,200,259.0,51800.0,2025-07-16 11:02:41.159076
2025-07-16,98942,2025071604000189,SSHL,NIMB Stock Markets Limited,Ashutosh Brokerage & Securities (PVT) Ltd.,1000,259.8,259800.0,2025-07-16 11:02:41.159160
2025-07-16,98941,2025071604000190,SSHL,NIMB Stock Markets Limited,Creative Securities Pvt Ltd,1000,259.9,259900.0,2025-07-16 11:02:41.159239
2025-07-16,98940,2025071604000191,SSHL,NIMB Stock Markets Limited,Aryatara Investment & Securities,100,259.9,25990.0,2025-07-16 11:02:41.159342
2025-07-16,98939,2025071604000192,SSHL,NIMB Stock Markets Limited,Naasa Securities Co. Ltd.,300,260.0,78000.0,2025-07-16 11:02:41.159430
2025-07-16,98938,2025071604000193,SSHL,NIMB Stock Markets Limited,Sani Securities Company Ltd.,500,260.0,130000.0,2025-07-16 11:02:41.159522
2025-07-16,98937,2025071604000194,SSHL,NIMB Stock Markets Limited,Aryatara Investment & Securities,1000,260.0,260000.0,2025-07-16 11:02:41.159605
2025-07-16,98936,2025071604000195,SSHL,NIMB Stock Markets Limited,Imperial Securities Company Pvt. Ltd.,250,260.0,65000.0,2025-07-16 11:02:41.159686
2025-07-16,98935,2025071604000196,SSHL,NIMB Stock Markets Limited,J.F. Securites (PVT) Ltd.,200,260.0,52000.0,2025-07-16 11:02:41.159756
2025-07-16,98934,2025071604000197,SSHL,NIMB Stock Markets Limited,Bhrikuti Stock Broking Co. Pvt. Ltd.,200,260.0,52000.0,2025-07-16 11:02:41.159829
2025-07-16,98933,2025071604000198,SSHL,NIMB Stock Markets Limited,Linch Stock Market Ltd.,100,260.0,26000.0,2025-07-16 11:02:41.159896
2025-07-16,98932,2025071604000199,SSHL,NIMB Stock Markets Limited,Ashutosh Brokerage & Securities (PVT) Ltd.,200,260.0,52000.0,2025-07-16 11:02:41.159968
2025-07-16,98931,2025071604000200,SSHL,NIMB Stock Markets Limited,Aryatara Investment & Securities,100,260.0,26000.0,2025-07-16 11:02:41.160036
2025-07-16,98848,2025071604000218,SSHL,NIMB Stock Markets Limited,Trishakti Securities Public Limited,400,260.0,104000.0,2025-07-16 11:02:58.975265
2025-07-16,98748,2025071604000241,SSHL,NIMB Stock Markets Limited,Naasa Securities Co. Ltd.,300,260.0,78000.0,2025-07-16 11:03:17.368134
2025-07-16,98543,2025071604000279,SSHL,Arun Securities (PVT) Ltd.,Naasa Securities Co. Ltd.,50,260.0,13000.0,2025-07-16 11:03:53.212576
2025-07-16,98542,2025071604000280,SSHL,Arun Securities (PVT) Ltd.,Asian Securities Private Ltd.,200,260.0,52000.0,2025-07-16 11:03:53.212613
2025-07-16,98541,2025071604000281,SSHL,Arun Securities (PVT) Ltd.,Thrive Brokerage House Pvt. Ltd,500,260.0,130000.0,2025-07-16 11:03:53.212636
2025-07-16,98540,2025071604000282,SSHL,Arun Securities (PVT) Ltd.,Naasa Securities Co. Ltd.,125,260.0,32500.0,2025-07-16 11:03:53.212659
2025-07-16,98539,2025071604000283,SSHL,Arun Securities (PVT) Ltd.,Dipshikha Dhitopatra Karobar Co. Pvt Ltd.,125,260.0,32500.0,2025-07-16 11:03:53.212682
2025-07-16,97612,2025071604000522,SSHL,Oxford Securities Pvt. Ltd.,Thrive Brokerage House Pvt. Ltd,400,259.0,103600.0,2025-07-16 11:07:10.908712
2025-07-16,97584,2025071604000523,SSHL,Naasa Securities Co. Ltd.,Dakshinkali Investment & Securities Pvt. Ltd.,25,256.1,6402.5,2025-07-16 11:07:15.747868
2025-07-16,97339,2025071604000599,SSHL,Ashutosh Brokerage & Securities (PVT) Ltd.,Thrive Brokerage House Pvt. Ltd,100,259.0,25900.0,2025-07-16 11:07:51.375116
2025-07-16,96546,2025071604000788,SSHL,Sri Hari Securities Pvt. Ltd.,Kalika Securities Pvt. Ltd.,20,256.3,5126.0,2025-07-16 11:09:57.973272
2025-07-16,96449,2025071604000818,SSHL,Imperial Securities Company Pvt. Ltd.,Sundhara Securities Limited,10,257.0,2570.0,2025-07-16 11:10:16.932334
2025-07-16,96033,2025071604000925,SSHL,Dipshikha Dhitopatra Karobar Co. Pvt Ltd.,Premier Securities Company Ltd.,30,258.0,7740.0,2025-07-16 11:11:28.838430
2025-07-16,95866,2025071604000965,SSHL,Dipshikha Dhitopatra Karobar Co. Pvt Ltd.,Imperial Securities Company Pvt. Ltd.,150,258.9,38835.0,2025-07-16 11:11:52.102573
2025-07-16,95552,2025071604001038,SSHL,Creative Securities Pvt Ltd,Sri Hari Securities Pvt. Ltd.,990,257.0,254430.0,2025-07-16 11:12:28.876924
2025-07-16,95275,2025071604001092,SSHL,Dipshikha Dhitopatra Karobar Co. Pvt Ltd.,Investment Management Nepal Pvt. Ltd.,20,258.0,5160.0,2025-07-16 11:13:09.828066
2025-07-16,95098,2025071604001141,SSHL,Creative Securities Pvt Ltd,Sri Hari Securities Pvt. Ltd.,10,257.0,2570.0,2025-07-16 11:13:38.997532
2025-07-16,94450,2025071604001305,SSHL,Naasa Securities Co. Ltd.,Investment Management Nepal Pvt. Ltd.,10,258.0,2580.0,2025-07-16 11:15:26.205104
2025-07-16,94322,2025071604001346,SSHL,Imperial Securities Company Pvt. Ltd.,Vision Securities Pvt. Ltd,100,257.9,25790.0,2025-07-16 11:15:51.632962
2025-07-16,94253,2025071604001361,SSHL,Oxford Securities Pvt. Ltd.,Sumeru Securities Pvt. Ltd.,1500,257.5,386250.0,2025-07-16 11:16:05.518900
2025-07-16,93677,2025071604001512,SSHL,Oxford Securities Pvt. Ltd.,South Asian Bulls Pvt. Ltd.,300,257.5,77250.0,2025-07-16 11:17:29.994264
2025-07-16,93661,2025071604001514,SSHL,Oxford Securities Pvt. Ltd.,Investment Management Nepal Pvt. Ltd.,100,257.5,25750.0,2025-07-16 11:17:33.030701
2025-07-16,93508,2025071604001555,SSHL,Online Securities Pvt. Ltd.,Sundhara Securities Limited,10,257.0,2570.0,2025-07-16 11:18:00.379999
2025-07-16,93019,2025071604001701,SSHL,Imperial Securities Company Pvt. Ltd.,Trisul Securities & Invt. Ltd.,50,257.1,12855.0,2025-07-16 11:19:34.264650
2025-07-16,93018,2025071604001702,SSHL,Online Securities Pvt. Ltd.,Trisul Securities & Invt. Ltd.,380,257.0,97660.0,2025-07-16 11:19:34.264696
2025-07-16,93017,2025071604001703,SSHL,Aryatara Investment & Securities,Trisul Securities & Invt. Ltd.,80,257.0,20560.0,2025-07-16 11:19:34.264725
2025-07-16,92940,2025071604001715,SSHL,Aryatara Investment & Securities,Sani Securities Company Ltd.,10,257.0,2570.0,2025-07-16 11:19:52.364947
2025-07-16,92798,2025071604001765,SSHL,Naasa Securities Co. Ltd.,Sani Securities Company Ltd.,10,257.5,2575.0,2025-07-16 11:20:20.929587
2025-07-16,92504,2025071604001834,SSHL,Kohinoor Investment & Securities Pvt. Ltd.,Primo Securities (PVT) Ltd.,10,258.0,2580.0,2025-07-16 11:21:11.324117
2025-07-16,91602,2025071604002100,SSHL,Kumari Securities Private Limited,Primo Securities (PVT) Ltd.,70,258.0,18060.0,2025-07-16 11:23:33.641417
2025-07-16,91601,2025071604002101,SSHL,Kumari Securities Private Limited,ABC Securities Private Limited,500,258.0,129000.0,2025-07-16 11:23:33.641737
2025-07-16,91379,2025071604002145,SSHL,Kumari Securities Private Limited,Naasa Securities Co. Ltd.,80,258.0,20640.0,2025-07-16 11:24:11.125024
2025-07-16,91378,2025071604002146,SSHL,Sri Hari Securities Pvt. Ltd.,Naasa Securities Co. Ltd.,220,258.0,56760.0,2025-07-16 11:24:11.125214
2025-07-16,91144,2025071604002199,SSHL,Sri Hari Securities Pvt. Ltd.,South Asian Bulls Pvt. Ltd.,100,258.0,25800.0,2025-07-16 11:24:52.441120
2025-07-16,90813,2025071604002310,SSHL,Sri Hari Securities Pvt. Ltd.,ABC Securities Private Limited,180,258.0,46440.0,2025-07-16 11:25:44.548296
2025-07-16,90812,2025071604002311,SSHL,Vision Securities Pvt. Ltd,ABC Securities Private Limited,59,258.0,15222.0,2025-07-16 11:25:44.548518
2025-07-16,90688,2025071604002363,SSHL,Aryatara Investment & Securities,Sumeru Securities Pvt. Ltd.,68,257.0,17476.0,2025-07-16 11:26:09.986501
2025-07-16,90687,2025071604002364,SSHL,ABC Securities Private Limited,Sumeru Securities Pvt. Ltd.,150,257.0,38550.0,2025-07-16 11:26:09.986672
2025-07-16,90686,2025071604002365,SSHL,Thrive Brokerage House Pvt. Ltd,Sumeru Securities Pvt. Ltd.,200,257.0,51400.0,2025-07-16 11:26:09.986749
2025-07-16,90685,2025071604002366,SSHL,Secured Securities Ltd.,Sumeru Securities Pvt. Ltd.,500,257.0,128500.0,2025-07-16 11:26:09.986814
2025-07-16,90684,2025071604002367,SSHL,Aryatara Investment & Securities,Sumeru Securities Pvt. Ltd.,70,257.0,17990.0,2025-07-16 11:26:09.986880
2025-07-16,90683,2025071604002368,SSHL,Capital Max Securities Ltd,Sumeru Securities Pvt. Ltd.,10,257.0,2570.0,2025-07-16 11:26:09.986945
2025-07-16,90546,2025071604002414,SSHL,Ashutosh Brokerage & Securities (PVT) Ltd.,ABC Securities Private Limited,30,258.0,7740.0,2025-07-16 11:26:30.747353
2025-07-16,90385,2025071604002441,SSHL,Naasa Securities Co. Ltd.,Imperial Securities Company Pvt. Ltd.,40,257.2,10288.0,2025-07-16 11:26:56.009253
2025-07-16,90384,2025071604002442,SSHL,Vision Securities Pvt. Ltd,Imperial Securities Company Pvt. Ltd.,50,257.1,12855.0,2025-07-16 11:26:56.009450
2025-07-16,90358,2025071604002449,SSHL,Secured Securities Ltd.,Oxford Securities Pvt. Ltd.,500,256.6,128300.0,2025-07-16 11:26:59.008119
2025-07-16,90357,2025071604002450,SSHL,Nepal Stock House (PVT) Ltd.,Oxford Securities Pvt. Ltd.,500,256.5,128250.0,2025-07-16 11:26:59.008282
2025-07-16,90356,2025071604002451,SSHL,Imperial Securities Company Pvt. Ltd.,Oxford Securities Pvt. Ltd.,500,256.5,128250.0,2025-07-16 11:26:59.008396
2025-07-16,89531,2025071604002679,SSHL,Dynamic Money Managers Securities Pvt. Ltd.,Imperial Securities Company Pvt. Ltd.,116,257.0,29812.0,2025-07-16 11:28:51.358616
2025-07-16,89468,2025071604002704,SSHL,Dynamic Money Managers Securities Pvt. Ltd.,Stoxkarts Securities Limited,90,257.0,23130.0,2025-07-16 11:29:04.334796
2025-07-16,89207,2025071604002762,SSHL,Dynamic Money Managers Securities Pvt. Ltd.,Thrive Brokerage House Pvt. Ltd,294,257.0,75558.0,2025-07-16 11:29:44.257833
2025-07-16,89141,2025071604002767,SSHL,Shree Krishna Securities Ltd.,Thrive Brokerage House Pvt. Ltd,206,257.0,52942.0,2025-07-16 11:29:57.853780
2025-07-16,88154,2025071604002967,SSHL,Shree Krishna Securities Ltd.,Vision Securities Pvt. Ltd,97,257.0,24929.0,2025-07-16 11:32:14.924541
2025-07-16,88153,2025071604002968,SSHL,Oxford Securities Pvt. Ltd.,Vision Securities Pvt. Ltd,200,257.0,51400.0,2025-07-16 11:32:14.924761
2025-07-16,88142,2025071604002969,SSHL,Secured Securities Ltd.,Dipshikha Dhitopatra Karobar Co. Pvt Ltd.,10,256.6,2566.0,2025-07-16 11:32:19.047498
2025-07-16,88059,2025071604002991,SSHL,Secured Securities Ltd.,Sundhara Securities Limited,20,256.6,5132.0,2025-07-16 11:32:33.324659
2025-07-16,87758,2025071604003086,SSHL,Secured Securities Ltd.,Cristal Kanchanjanga Securites Pvt. Ltd.,300,256.6,76980.0,2025-07-16 11:33:16.858794
2025-07-16,86373,2025071604003358,SSHL,Secured Securities Ltd.,Kumari Securities Private Limited,170,256.6,43622.0,2025-07-16 11:36:54.651182
2025-07-16,86372,2025071604003359,SSHL,Secured Securities Ltd.,Kumari Securities Private Limited,500,256.5,128250.0,2025-07-16 11:36:54.651382
2025-07-16,86371,2025071604003360,SSHL,Creative Securities Pvt Ltd,Kumari Securities Private Limited,1000,256.4,256400.0,2025-07-16 11:36:54.651459
2025-07-16,86370,2025071604003361,SSHL,Sri Hari Securities Pvt. Ltd.,Kumari Securities Private Limited,330,256.4,84612.0,2025-07-16 11:36:54.651529
2025-07-16,85623,2025071604003507,SSHL,Sundhara Securities Limited,Vision Securities Pvt. Ltd,200,257.0,51400.0,2025-07-16 11:38:34.504449
2025-07-16,83866,2025071604003831,SSHL,Asian Securities Private Ltd.,Imperial Securities Company Pvt. Ltd.,500,257.0,128500.0,2025-07-16 11:42:10.697721
2025-07-16,83865,2025071604003832,SSHL,Asian Securities Private Ltd.,Dipshikha Dhitopatra Karobar Co. Pvt Ltd.,450,257.0,115650.0,2025-07-16 11:42:10.698086
2025-07-16,83864,2025071604003833,SSHL,Asian Securities Private Ltd.,Sweta Securities Private Limited,800,257.0,205600.0,2025-07-16 11:42:10.698308
2025-07-16,83863,2025071604003834,SSHL,Asian Securities Private Ltd.,Aryatara Investment & Securities,1000,257.0,257000.0,2025-07-16 11:42:10.698561
2025-07-16,83862,2025071604003835,SSHL,Asian Securities Private Ltd.,Dipshikha Dhitopatra Karobar Co. Pvt Ltd.,20,257.8,5156.0,2025-07-16 11:42:10.698778
2025-07-16,83861,2025071604003836,SSHL,Asian Securities Private Ltd.,Linch Stock Market Ltd.,25,257.9,6447.5,2025-07-16 11:42:10.698994
2025-07-16,83860,2025071604003837,SSHL,Asian Securities Private Ltd.,ABC Securities Private Limited,205,258.0,52890.0,2025-07-16 11:42:10.699209
2025-07-16,83441,2025071604003931,SSHL,Asian Securities Private Ltd.,Nagarik Stock Dealer ,100,257.9,25790.0,2025-07-16 11:43:02.957701
2025-07-16,83440,2025071604003932,SSHL,Asian Securities Private Ltd.,ABC Securities Private Limited,26,258.0,6708.0,2025-07-16 11:43:02.957933
2025-07-16,83439,2025071604003933,SSHL,Asian Securities Private Ltd.,Imperial Securities Company Pvt. Ltd.,100,258.0,25800.0,2025-07-16 11:43:02.958023
2025-07-16,83438,2025071604003934,SSHL,Asian Securities Private Ltd.,Premier Securities Company Ltd.,250,258.0,64500.0,2025-07-16 11:43:02.958095
2025-07-16,83437,2025071604003935,SSHL,Asian Securities Private Ltd.,South Asian Bulls Pvt. Ltd.,37,258.0,9546.0,2025-07-16 11:43:02.958165
2025-07-16,83436,2025071604003936,SSHL,Asian Securities Private Ltd.,Imperial Securities Company Pvt. Ltd.,100,258.3,25830.0,2025-07-16 11:43:02.958236
2025-07-16,83435,2025071604003937,SSHL,Asian Securities Private Ltd.,Shree Krishna Securities Ltd.,500,258.3,129150.0,2025-07-16 11:43:02.958307
2025-07-16,83434,2025071604003938,SSHL,Asian Securities Private Ltd.,Thrive Brokerage House Pvt. Ltd,887,258.4,229200.8,2025-07-16 11:43:02.958410
2025-07-16,81265,2025071604004404,SSHL,Sundhara Securities Limited,Secured Securities Ltd.,100,257.1,25710.0,2025-07-16 11:47:20.231883
2025-07-16,81159,2025071604004422,SSHL,Sipla Securities Private Limited,Secured Securities Ltd.,170,256.7,43639.0,2025-07-16 11:47:34.258836
2025-07-16,81101,2025071604004428,SSHL,Nepal Stock House (PVT) Ltd.,Secured Securities Ltd.,1000,256.6,256600.0,2025-07-16 11:47:42.059051
2025-07-16,81044,2025071604004435,SSHL,Sri Hari Securities Pvt. Ltd.,Secured Securities Ltd.,170,256.4,43588.0,2025-07-16 11:47:54.150688
2025-07-16,80959,2025071604004450,SSHL,Sri Hari Securities Pvt. Ltd.,Secured Securities Ltd.,980,256.3,251174.0,2025-07-16 11:48:06.221826
2025-07-16,80958,2025071604004451,SSHL,Sani Securities Company Ltd.,Secured Securities Ltd.,20,256.3,5126.0,2025-07-16 11:48:06.222029
2025-07-16,80919,2025071604004458,SSHL,Sani Securities Company Ltd.,Secured Securities Ltd.,980,256.3,251174.0,2025-07-16 11:48:13.982373
2025-07-16,80868,2025071604004469,SSHL,Creative Securities Pvt Ltd,Thrive Brokerage House Pvt. Ltd,500,256.0,128000.0,2025-07-16 11:48:22.589362
2025-07-16,80857,2025071604004476,SSHL,Creative Securities Pvt Ltd,Secured Securities Ltd.,500,256.0,128000.0,2025-07-16 11:48:23.904507
2025-07-16,80856,2025071604004477,SSHL,Vision Securities Pvt. Ltd,Secured Securities Ltd.,500,256.0,128000.0,2025-07-16 11:48:23.904728
2025-07-16,80805,2025071604004483,SSHL,Dynamic Money Managers Securities Pvt. Ltd.,Secured Securities Ltd.,50,256.0,12800.0,2025-07-16 11:48:31.238929
2025-07-16,80804,2025071604004484,SSHL,Sani Securities Company Ltd.,Secured Securities Ltd.,500,256.0,128000.0,2025-07-16 11:48:31.239133
2025-07-16,80803,2025071604004485,SSHL,Primo Securities (PVT) Ltd.,Secured Securities Ltd.,200,256.0,51200.0,2025-07-16 11:48:31.239208
2025-07-16,80802,2025071604004486,SSHL,Ashutosh Brokerage & Securities (PVT) Ltd.,Secured Securities Ltd.,250,256.0,64000.0,2025-07-16 11:48:31.239279
2025-07-16,80766,2025071604004490,SSHL,Ashutosh Brokerage & Securities (PVT) Ltd.,Miyo Securities Pvt Ltd,217,256.0,55552.0,2025-07-16 11:48:37.444573
2025-07-16,80765,2025071604004491,SSHL,Sani Securities Company Ltd.,Miyo Securities Pvt Ltd,113,256.0,28928.0,2025-07-16 11:48:37.444873
2025-07-16,80733,2025071604004497,SSHL,Sani Securities Company Ltd.,Secured Securities Ltd.,667,256.0,170752.0,2025-07-16 11:48:41.287732
2025-07-16,80732,2025071604004498,SSHL,Aryatara Investment & Securities,Secured Securities Ltd.,263,256.0,67328.0,2025-07-16 11:48:41.287929
2025-07-16,80085,2025071604004636,SSHL,Bhrikuti Stock Broking Co. Pvt. Ltd.,Siprabi Securities Pvt. Ltd.,50,257.8,12890.0,2025-07-16 11:50:23.286235
2025-07-16,79925,2025071604004659,SSHL,Sundhara Securities Limited,Dipshikha Dhitopatra Karobar Co. Pvt Ltd.,200,256.1,51220.0,2025-07-16 11:50:43.678528
2025-07-16,79799,2025071604004692,SSHL,Opal Securities Investment (PVT) Ltd.,Midas Stock Broking Company Private Limited,143,256.0,36608.0,2025-07-16 11:51:02.694288
2025-07-16,79798,2025071604004693,SSHL,Trisul Securities & Invt. Ltd.,Midas Stock Broking Company Private Limited,600,256.0,153600.0,2025-07-16 11:51:02.694649
2025-07-16,79797,2025071604004694,SSHL,Sri Hari Securities Pvt. Ltd.,Midas Stock Broking Company Private Limited,500,255.2,127600.0,2025-07-16 11:51:02.694853
2025-07-16,79796,2025071604004695,SSHL,Kalika Securities Pvt. Ltd.,Midas Stock Broking Company Private Limited,757,255.1,193110.7,2025-07-16 11:51:02.695055
2025-07-16,79428,2025071604004776,SSHL,Kalika Securities Pvt. Ltd.,Dipshikha Dhitopatra Karobar Co. Pvt Ltd.,243,255.1,61989.3,2025-07-16 11:51:54.333037
2025-07-16,79427,2025071604004777,SSHL,Sri Hari Securities Pvt. Ltd.,Dipshikha Dhitopatra Karobar Co. Pvt Ltd.,1000,255.1,255100.0,2025-07-16 11:51:54.333437
2025-07-16,79248,2025071604004810,SSHL,Thrive Brokerage House Pvt. Ltd,Dipshikha Dhitopatra Karobar Co. Pvt Ltd.,300,255.1,76530.0,2025-07-16 11:52:19.589513
2025-07-16,79232,2025071604004814,SSHL,Sewa Securities Pvt. Ltd.,Kalika Securities Pvt. Ltd.,521,255.0,132855.0,2025-07-16 11:52:23.056040
2025-07-16,79090,2025071604004840,SSHL,Sewa Securities Pvt. Ltd.,Dipshikha Dhitopatra Karobar Co. Pvt Ltd.,42,255.0,10710.0,2025-07-16 11:52:46.836868
2025-07-16,78307,2025071604005033,SSHL,Linch Stock Market Ltd.,Hatemalo Financial Services Private Limited,200,255.1,51020.0,2025-07-16 11:54:51.976298
2025-07-16,78208,2025071604005063,SSHL,Sewa Securities Pvt. Ltd.,Hatemalo Financial Services Private Limited,800,255.0,204000.0,2025-07-16 11:55:09.025129
2025-07-16,77592,2025071604005245,SSHL,Premier Securities Company Ltd.,Aryatara Investment & Securities,650,255.3,165945.0,2025-07-16 11:56:44.071255
2025-07-16,76063,2025071604005643,SSHL,Premier Securities Company Ltd.,Premier Securities Company Ltd.,200,255.3,51060.0,2025-07-16 12:00:39.473909
2025-07-16,75497,2025071604005764,SSHL,Premier Securities Company Ltd.,Cristal Kanchanjanga Securites Pvt. Ltd.,100,255.3,25530.0,2025-07-16 12:02:11.979351
2025-07-16,75268,2025071604005814,SSHL,Premier Securities Company Ltd.,Trishakti Securities Public Limited,50,255.3,12765.0,2025-07-16 12:02:48.503980
2025-07-16,75267,2025071604005815,SSHL,Capital Max Securities Ltd,Trishakti Securities Public Limited,450,255.3,114885.0,2025-07-16 12:02:48.504244
2025-07-16,74803,2025071604005919,SSHL,Capital Max Securities Ltd,Vision Securities Pvt. Ltd,100,255.3,25530.0,2025-07-16 12:03:52.386962
2025-07-16,74522,2025071604006008,SSHL,Dynamic Money Managers Securities Pvt. Ltd.,Vision Securities Pvt. Ltd,18,255.5,4599.0,2025-07-16 12:04:36.365219
2025-07-16,74145,2025071604006143,SSHL,Sweta Securities Private Limited,Vision Securities Pvt. Ltd,300,255.5,76650.0,2025-07-16 12:05:33.566978
2025-07-16,73783,2025071604006320,SSHL,Capital Max Securities Ltd,Pragyan Securities (PVT) Ltd.,450,255.3,114885.0,2025-07-16 12:06:19.901379
2025-07-16,73782,2025071604006321,SSHL,Cristal Kanchanjanga Securites Pvt. Ltd.,Pragyan Securities (PVT) Ltd.,626,255.3,159817.8,2025-07-16 12:06:19.901821
2025-07-16,73679,2025071604006359,SSHL,Sweta Securities Private Limited,Pragyan Securities (PVT) Ltd.,200,255.3,51060.0,2025-07-16 12:06:38.039286
2025-07-16,73645,2025071604006381,SSHL,South Asian Bulls Pvt. Ltd.,Dynamic Money Managers Securities Pvt. Ltd.,19,255.2,4848.8,2025-07-16 12:06:43.304500
2025-07-16,73383,2025071604006448,SSHL,Dipshikha Dhitopatra Karobar Co. Pvt Ltd.,Pragyan Securities (PVT) Ltd.,500,255.3,127650.0,2025-07-16 12:07:26.827244
2025-07-16,73382,2025071604006449,SSHL,Sweta Securities Private Limited,Pragyan Securities (PVT) Ltd.,24,255.3,6127.2,2025-07-16 12:07:27.874349
2025-07-16,73184,2025071604006512,SSHL,Dynamic Money Managers Securities Pvt. Ltd.,Vision Securities Pvt. Ltd,32,255.5,8176.0,2025-07-16 12:08:01.572625
2025-07-16,73183,2025071604006513,SSHL,Dynamic Money Managers Securities Pvt. Ltd.,Shree Krishna Securities Ltd.,50,255.5,12775.0,2025-07-16 12:08:01.572867
2025-07-16,72806,2025071604006622,SSHL,Dynamic Money Managers Securities Pvt. Ltd.,Cristal Kanchanjanga Securites Pvt. Ltd.,100,255.5,25550.0,2025-07-16 12:09:07.599075
2025-07-16,72626,2025071604006662,SSHL,Asian Securities Private Ltd.,Naasa Securities Co. Ltd.,50,256.4,12820.0,2025-07-16 12:09:36.084018
2025-07-16,72625,2025071604006663,SSHL,Asian Securities Private Ltd.,Dynamic Money Managers Securities Pvt. Ltd.,1435,256.5,368077.5,2025-07-16 12:09:36.084299
2025-07-16,72624,2025071604006664,SSHL,Asian Securities Private Ltd.,Imperial Securities Company Pvt. Ltd.,515,256.8,132252.0,2025-07-16 12:09:36.084409
2025-07-16,71814,2025071604006872,SSHL,Dynamic Money Managers Securities Pvt. Ltd.,Sweta Securities Private Limited,18,255.5,4599.0,2025-07-16 12:11:57.456445
2025-07-16,71813,2025071604006873,SSHL,Naasa Securities Co. Ltd.,Sweta Securities Private Limited,12,255.5,3066.0,2025-07-16 12:11:57.456547
2025-07-16,71483,2025071604006934,SSHL,Sweta Securities Private Limited,Imperial Securities Company Pvt. Ltd.,276,256.8,70876.8,2025-07-16 12:13:10.942229
2025-07-16,69992,2025071604007347,SSHL,Naasa Securities Co. Ltd.,Naasa Securities Co. Ltd.,88,255.5,22484.0,2025-07-16 12:18:09.609139
2025-07-16,69991,2025071604007348,SSHL,Dynamic Money Managers Securities Pvt. Ltd.,Naasa Securities Co. Ltd.,12,255.5,3066.0,2025-07-16 12:18:09.609417
2025-07-16,69578,2025071604007445,SSHL,Dynamic Money Managers Securities Pvt. Ltd.,Trishakti Securities Public Limited,30,255.5,7665.0,2025-07-16 12:19:31.056843
2025-07-16,69430,2025071604007473,SSHL,Sundhara Securities Limited,Imperial Securities Company Pvt. Ltd.,300,256.0,76800.0,2025-07-16 12:20:02.307669
2025-07-16,69227,2025071604007503,SSHL,Sundhara Securities Limited,Cristal Kanchanjanga Securites Pvt. Ltd.,100,256.0,25600.0,2025-07-16 12:20:35.359102
2025-07-16,68921,2025071604007563,SSHL,Sundhara Securities Limited,Creative Securities Pvt Ltd,50,256.0,12800.0,2025-07-16 12:21:48.398452
2025-07-16,68824,2025071604007578,SSHL,Sundhara Securities Limited,Sri Hari Securities Pvt. Ltd.,110,256.0,28160.0,2025-07-16 12:22:11.561754
2025-07-16,68290,2025071604007695,SSHL,Sundhara Securities Limited,Dipshikha Dhitopatra Karobar Co. Pvt Ltd.,40,256.0,10240.0,2025-07-16 12:23:51.519202
2025-07-16,68289,2025071604007696,SSHL,MILKY WAY SHARE BROKER COMPANY LTD ,Dipshikha Dhitopatra Karobar Co. Pvt Ltd.,160,256.0,40960.0,2025-07-16 12:23:51.519684
2025-07-16,67389,2025071604007893,SSHL,Asian Securities Private Ltd.,Dipshikha Dhitopatra Karobar Co. Pvt Ltd.,100,256.5,25650.0,2025-07-16 12:26:45.778368
2025-07-16,67388,2025071604007894,SSHL,Asian Securities Private Ltd.,Infinity Securities Limited,500,256.6,128300.0,2025-07-16 12:26:45.778664
2025-07-16,67387,2025071604007895,SSHL,Asian Securities Private Ltd.,Nepal Stock House (PVT) Ltd.,100,256.7,25670.0,2025-07-16 12:26:45.778764
2025-07-16,67386,2025071604007896,SSHL,Asian Securities Private Ltd.,Imperial Securities Company Pvt. Ltd.,109,256.8,27991.2,2025-07-16 12:26:45.778859
2025-07-16,67385,2025071604007897,SSHL,Asian Securities Private Ltd.,Vision Securities Pvt. Ltd,500,256.8,128400.0,2025-07-16 12:26:45.778952
2025-07-16,67384,2025071604007898,SSHL,Asian Securities Private Ltd.,Neev Securities Pvt. Ltd.,70,256.8,17976.0,2025-07-16 12:26:45.779085
2025-07-16,67383,2025071604007899,SSHL,Asian Securities Private Ltd.,Vision Securities Pvt. Ltd,255,257.0,65535.0,2025-07-16 12:26:45.779223
2025-07-16,67382,2025071604007900,SSHL,Asian Securities Private Ltd.,Kalika Securities Pvt. Ltd.,100,257.0,25700.0,2025-07-16 12:26:45.779324
2025-07-16,67381,2025071604007901,SSHL,Asian Securities Private Ltd.,Sumeru Securities Pvt. Ltd.,15,257.0,3855.0,2025-07-16 12:26:45.779414
2025-07-16,67380,2025071604007902,SSHL,Asian Securities Private Ltd.,Imperial Securities Company Pvt. Ltd.,251,257.0,64507.0,2025-07-16 12:26:45.779517
2025-07-16,67318,2025071604007912,SSHL,Asian Securities Private Ltd.,Imperial Securities Company Pvt. Ltd.,249,257.0,63993.0,2025-07-16 12:27:00.848296
2025-07-16,67317,2025071604007913,SSHL,Asian Securities Private Ltd.,Online Securities Pvt. Ltd.,100,257.0,25700.0,2025-07-16 12:27:00.848869
2025-07-16,67316,2025071604007914,SSHL,Asian Securities Private Ltd.,Dipshikha Dhitopatra Karobar Co. Pvt Ltd.,200,257.0,51400.0,2025-07-16 12:27:00.849305
2025-07-16,67315,2025071604007915,SSHL,Asian Securities Private Ltd.,Sani Securities Company Ltd.,10,257.0,2570.0,2025-07-16 12:27:00.849727
2025-07-16,67314,2025071604007916,SSHL,Asian Securities Private Ltd.,Deevyaa Securities & Stock House Pvt. Ltd,25,257.5,6437.5,2025-07-16 12:27:00.850113
2025-07-16,67313,2025071604007917,SSHL,Asian Securities Private Ltd.,Nepal Investment And Securities Trading Private Limited,250,257.9,64475.0,2025-07-16 12:27:00.850528
2025-07-16,67312,2025071604007918,SSHL,Asian Securities Private Ltd.,Sundhara Securities Limited,166,257.9,42811.4,2025-07-16 12:27:00.850915
2025-07-16,65335,2025071604008288,SSHL,Sri Hari Securities Pvt. Ltd.,Bhrikuti Stock Broking Co. Pvt. Ltd.,117,257.1,30080.7,2025-07-16 12:33:09.483032
2025-07-16,64092,2025071604008519,SSHL,Sri Hari Securities Pvt. Ltd.,Investment Management Nepal Pvt. Ltd.,170,257.1,43707.0,2025-07-16 12:36:15.837547
2025-07-16,62235,2025071604008853,SSHL,Sri Hari Securities Pvt. Ltd.,Bhrikuti Stock Broking Co. Pvt. Ltd.,100,257.1,25710.0,2025-07-16 12:41:20.899336
2025-07-16,61851,2025071604008925,SSHL,Sri Hari Securities Pvt. Ltd.,Prabhu Stock Market Limited,413,257.1,106182.3,2025-07-16 12:42:25.266752
2025-07-16,61781,2025071604008931,SSHL,Kalika Securities Pvt. Ltd.,Imperial Securities Company Pvt. Ltd.,10,257.0,2570.0,2025-07-16 12:42:39.765048
2025-07-16,61780,2025071604008932,SSHL,Sani Securities Company Ltd.,Imperial Securities Company Pvt. Ltd.,990,257.0,254430.0,2025-07-16 12:42:39.765309
2025-07-16,61396,2025071604009075,SSHL,Sani Securities Company Ltd.,Online Securities Pvt. Ltd.,100,257.0,25700.0,2025-07-16 12:43:32.917622
2025-07-16,61196,2025071604009095,SSHL,Sani Securities Company Ltd.,Thrive Brokerage House Pvt. Ltd,10,257.0,2570.0,2025-07-16 12:44:09.352180
2025-07-16,61195,2025071604009096,SSHL,Kohinoor Investment & Securities Pvt. Ltd.,Thrive Brokerage House Pvt. Ltd,95,257.0,24415.0,2025-07-16 12:44:09.352710
2025-07-16,61194,2025071604009097,SSHL,Trisul Securities & Invt. Ltd.,Thrive Brokerage House Pvt. Ltd,100,257.0,25700.0,2025-07-16 12:44:09.353007
2025-07-16,59818,2025071604009487,SSHL,Dynamic Money Managers Securities Pvt. Ltd.,Dynamic Money Managers Securities Pvt. Ltd.,90,256.6,23094.0,2025-07-16 12:47:54.272072
2025-07-16,59817,2025071604009488,SSHL,Dipshikha Dhitopatra Karobar Co. Pvt Ltd.,Dynamic Money Managers Securities Pvt. Ltd.,110,256.5,28215.0,2025-07-16 12:47:54.272141
2025-07-16,59434,2025071604009641,SSHL,Dipshikha Dhitopatra Karobar Co. Pvt Ltd.,SUN SECURITIES PVT LTD,11,256.5,2821.5,2025-07-16 12:48:51.285518
2025-07-16,59364,2025071604009653,SSHL,Pragyan Securities (PVT) Ltd.,Thrive Brokerage House Pvt. Ltd,50,257.0,12850.0,2025-07-16 12:49:11.301451
2025-07-16,58704,2025071604009810,SSHL,Naasa Securities Co. Ltd.,Thrive Brokerage House Pvt. Ltd,22,257.0,5654.0,2025-07-16 12:51:10.042243
2025-07-16,58458,2025071604009865,SSHL,Sani Securities Company Ltd.,Thrive Brokerage House Pvt. Ltd,100,257.0,25700.0,2025-07-16 12:52:07.997143
2025-07-16,58385,2025071604009886,SSHL,Aryatara Investment & Securities,Thrive Brokerage House Pvt. Ltd,158,257.0,40606.0,2025-07-16 12:52:28.083151
2025-07-16,57504,2025071604010104,SSHL,Agrawal Securities (PVT) Ltd.,Thrive Brokerage House Pvt. Ltd,50,257.0,12850.0,2025-07-16 12:55:13.557645
2025-07-16,56670,2025071604010371,SSHL,Dipshikha Dhitopatra Karobar Co. Pvt Ltd.,Prabhu Stock Market Limited,87,256.5,22315.5,2025-07-16 12:58:13.753058
2025-07-16,55168,2025071604010752,SSHL,Oxford Securities Pvt. Ltd.,Imperial Securities Company Pvt. Ltd.,100,256.9,25690.0,2025-07-16 13:02:01.884062
2025-07-16,55167,2025071604010753,SSHL,Oxford Securities Pvt. Ltd.,Thrive Brokerage House Pvt. Ltd,308,257.0,79156.0,2025-07-16 13:02:01.884595
2025-07-16,55019,2025071604010801,SSHL,Nepal Stock House (PVT) Ltd.,Thrive Brokerage House Pvt. Ltd,107,257.0,27499.0,2025-07-16 13:02:26.465450
2025-07-16,55018,2025071604010802,SSHL,Nepal Stock House (PVT) Ltd.,Siprabi Securities Pvt. Ltd.,393,257.0,101001.0,2025-07-16 13:02:26.465730
2025-07-16,54968,2025071604010831,SSHL,Property Wiard Limited,Siprabi Securities Pvt. Ltd.,35,257.0,8995.0,2025-07-16 13:02:35.561234
2025-07-16,54518,2025071604010993,SSHL,Kohinoor Investment & Securities Pvt. Ltd.,Siprabi Securities Pvt. Ltd.,72,257.0,18504.0,2025-07-16 13:04:00.875043
2025-07-16,54517,2025071604010994,SSHL,Kohinoor Investment & Securities Pvt. Ltd.,Aryatara Investment & Securities,1000,257.3,257300.0,2025-07-16 13:04:00.875304
2025-07-16,54516,2025071604010995,SSHL,Kohinoor Investment & Securities Pvt. Ltd.,Nepal Investment And Securities Trading Private Limited,200,257.7,51540.0,2025-07-16 13:04:00.875428
2025-07-16,54515,2025071604010996,SSHL,Kohinoor Investment & Securities Pvt. Ltd.,Infinity Securities Limited,500,257.9,128950.0,2025-07-16 13:04:00.875539
2025-07-16,54514,2025071604010997,SSHL,Kohinoor Investment & Securities Pvt. Ltd.,Linch Stock Market Ltd.,100,258.0,25800.0,2025-07-16 13:04:00.875646
2025-07-16,54513,2025071604010998,SSHL,Kohinoor Investment & Securities Pvt. Ltd.,Kumari Securities Private Limited,500,258.0,129000.0,2025-07-16 13:04:00.875753
2025-07-16,54512,2025071604010999,SSHL,Kohinoor Investment & Securities Pvt. Ltd.,Dipshikha Dhitopatra Karobar Co. Pvt Ltd.,500,258.0,129000.0,2025-07-16 13:04:00.875858
2025-07-16,54511,2025071604011000,SSHL,Kohinoor Investment & Securities Pvt. Ltd.,Infinity Securities Limited,850,258.0,219300.0,2025-07-16 13:04:00.875961
2025-07-16,54510,2025071604011001,SSHL,Kohinoor Investment & Securities Pvt. Ltd.,Dakshinkali Investment & Securities Pvt. Ltd.,50,258.0,12900.0,2025-07-16 13:04:00.876069
2025-07-16,54509,2025071604011002,SSHL,Kohinoor Investment & Securities Pvt. Ltd.,Property Wiard Limited,1000,258.0,258000.0,2025-07-16 13:04:00.876175
2025-07-16,54508,2025071604011003,SSHL,Kohinoor Investment & Securities Pvt. Ltd.,Bhrikuti Stock Broking Co. Pvt. Ltd.,50,258.0,12900.0,2025-07-16 13:04:00.876283
2025-07-16,54507,2025071604011004,SSHL,Kohinoor Investment & Securities Pvt. Ltd.,Dipshikha Dhitopatra Karobar Co. Pvt Ltd.,178,258.0,45924.0,2025-07-16 13:04:00.876423
2025-07-16,54409,2025071604011044,SSHL,Trademow Securities Private Limited,Aryatara Investment & Securities,1000,257.1,257100.0,2025-07-16 13:04:18.640348
2025-07-16,54408,2025071604011045,SSHL,Neev Securities Pvt. Ltd.,Aryatara Investment & Securities,1200,257.0,308400.0,2025-07-16 13:04:18.640877
2025-07-16,54394,2025071604011053,SSHL,Pragyan Securities (PVT) Ltd.,Dipshikha Dhitopatra Karobar Co. Pvt Ltd.,80,258.0,20640.0,2025-07-16 13:04:21.510998
2025-07-16,54252,2025071604011116,SSHL,Dynamic Money Managers Securities Pvt. Ltd.,Dipshikha Dhitopatra Karobar Co. Pvt Ltd.,742,258.0,191436.0,2025-07-16 13:04:59.100454
2025-07-16,54251,2025071604011117,SSHL,Dynamic Money Managers Securities Pvt. Ltd.,Nagarik Stock Dealer ,100,258.3,25830.0,2025-07-16 13:04:59.100953
2025-07-16,54250,2025071604011118,SSHL,Dynamic Money Managers Securities Pvt. Ltd.,Thrive Brokerage House Pvt. Ltd,113,258.4,29199.2,2025-07-16 13:04:59.101279
2025-07-16,54249,2025071604011119,SSHL,Dynamic Money Managers Securities Pvt. Ltd.,Naasa Securities Co. Ltd.,545,258.4,140828.0,2025-07-16 13:04:59.101613
2025-07-16,54155,2025071604011155,SSHL,Dynamic Money Managers Securities Pvt. Ltd.,KALASH STOCK MARKET PVT. LTD.,100,258.0,25800.0,2025-07-16 13:05:15.519285
2025-07-16,54105,2025071604011171,SSHL,Neev Securities Pvt. Ltd.,Naasa Securities Co. Ltd.,10,258.4,2584.0,2025-07-16 13:05:26.940263
2025-07-16,54059,2025071604011191,SSHL,Neev Securities Pvt. Ltd.,Vision Securities Pvt. Ltd,10,258.7,2587.0,2025-07-16 13:05:34.001979
2025-07-16,54035,2025071604011194,SSHL,Dynamic Money Managers Securities Pvt. Ltd.,KALASH STOCK MARKET PVT. LTD.,100,258.0,25800.0,2025-07-16 13:05:38.598897
2025-07-16,54024,2025071604011196,SSHL,Dynamic Money Managers Securities Pvt. Ltd.,Vision Securities Pvt. Ltd,90,258.7,23283.0,2025-07-16 13:05:41.525679
2025-07-16,54023,2025071604011197,SSHL,Dynamic Money Managers Securities Pvt. Ltd.,Infinity Securities Limited,500,258.7,129350.0,2025-07-16 13:05:41.526053
2025-07-16,54022,2025071604011198,SSHL,Dynamic Money Managers Securities Pvt. Ltd.,Investment Management Nepal Pvt. Ltd.,500,258.9,129450.0,2025-07-16 13:05:41.526170
2025-07-16,54021,2025071604011199,SSHL,Dynamic Money Managers Securities Pvt. Ltd.,Trisul Securities & Invt. Ltd.,100,259.0,25900.0,2025-07-16 13:05:41.526275
2025-07-16,54020,2025071604011200,SSHL,Dynamic Money Managers Securities Pvt. Ltd.,Citizens Share Broker Limited,15,259.0,3885.0,2025-07-16 13:05:41.526396
2025-07-16,54019,2025071604011201,SSHL,Dynamic Money Managers Securities Pvt. Ltd.,Bhrikuti Stock Broking Co. Pvt. Ltd.,295,259.0,76405.0,2025-07-16 13:05:41.526504
2025-07-16,53916,2025071604011224,SSHL,Kohinoor Investment & Securities Pvt. Ltd.,Bhrikuti Stock Broking Co. Pvt. Ltd.,105,259.0,27195.0,2025-07-16 13:06:02.603386
2025-07-16,53822,2025071604011247,SSHL,Market Securities & Exchange (PVT) Ltd.,Neev Securities Pvt. Ltd.,50,259.7,12985.0,2025-07-16 13:06:20.184148
2025-07-16,53821,2025071604011248,SSHL,Market Securities & Exchange (PVT) Ltd.,Naasa Securities Co. Ltd.,150,259.9,38985.0,2025-07-16 13:06:20.184409
2025-07-16,53796,2025071604011255,SSHL,Naasa Securities Co. Ltd.,Naasa Securities Co. Ltd.,10,259.9,2599.0,2025-07-16 13:06:28.952939
2025-07-16,53504,2025071604011330,SSHL,Kohinoor Investment & Securities Pvt. Ltd.,Aryatara Investment & Securities,50,258.1,12905.0,2025-07-16 13:07:34.691921
2025-07-16,53503,2025071604011331,SSHL,Dynamic Money Managers Securities Pvt. Ltd.,Aryatara Investment & Securities,500,258.0,129000.0,2025-07-16 13:07:34.692233
2025-07-16,53356,2025071604011361,SSHL,Kohinoor Investment & Securities Pvt. Ltd.,Online Securities Pvt. Ltd.,2000,258.0,516000.0,2025-07-16 13:08:01.385153
2025-07-16,53006,2025071604011456,SSHL,Neev Securities Pvt. Ltd.,Nepal Stock House (PVT) Ltd.,10,259.4,2594.0,2025-07-16 13:09:04.195909
2025-07-16,51596,2025071604011805,SSHL,Swarna Laxmi Securities Pvt. Ltd.,Sundhara Securities Limited,10,258.0,2580.0,2025-07-16 13:12:43.572247
2025-07-16,50920,2025071604012008,SSHL,Swarna Laxmi Securities Pvt. Ltd.,Aryatara Investment & Securities,290,258.0,74820.0,2025-07-16 13:14:22.988400
2025-07-16,50816,2025071604012055,SSHL,Sweta Securities Private Limited,Neev Securities Pvt. Ltd.,250,257.4,64350.0,2025-07-16 13:14:43.904652
2025-07-16,50815,2025071604012056,SSHL,Sweta Securities Private Limited,Neev Securities Pvt. Ltd.,250,257.3,64325.0,2025-07-16 13:14:43.904939
2025-07-16,50814,2025071604012057,SSHL,Dynamic Money Managers Securities Pvt. Ltd.,Neev Securities Pvt. Ltd.,3000,257.3,771900.0,2025-07-16 13:14:43.905056
2025-07-16,50813,2025071604012058,SSHL,Sri Hari Securities Pvt. Ltd.,Neev Securities Pvt. Ltd.,200,257.1,51420.0,2025-07-16 13:14:43.905174
2025-07-16,50812,2025071604012059,SSHL,Trademow Securities Private Limited,Neev Securities Pvt. Ltd.,800,257.0,205600.0,2025-07-16 13:14:43.905284
2025-07-16,50743,2025071604012077,SSHL,Trademow Securities Private Limited,Neev Securities Pvt. Ltd.,700,257.0,179900.0,2025-07-16 13:14:54.953457
2025-07-16,50742,2025071604012078,SSHL,Sani Securities Company Ltd.,Neev Securities Pvt. Ltd.,100,257.0,25700.0,2025-07-16 13:14:54.953778
2025-07-16,50736,2025071604012082,SSHL,Sani Securities Company Ltd.,Sundhara Securities Limited,10,257.0,2570.0,2025-07-16 13:14:56.222440
2025-07-16,50735,2025071604012083,SSHL,Capital Max Securities Ltd,Sundhara Securities Limited,10,257.0,2570.0,2025-07-16 13:14:56.222745
2025-07-16,49895,2025071604012474,SSHL,Sani Securities Company Ltd.,Neev Securities Pvt. Ltd.,250,257.0,64250.0,2025-07-16 13:17:01.605359
2025-07-16,49894,2025071604012475,SSHL,Nepal Investment And Securities Trading Private Limited,Neev Securities Pvt. Ltd.,450,257.0,115650.0,2025-07-16 13:17:01.605880
2025-07-16,49887,2025071604012482,SSHL,Nepal Investment And Securities Trading Private Limited,Sani Securities Company Ltd.,50,257.0,12850.0,2025-07-16 13:17:01.775883
2025-07-16,49711,2025071604012529,SSHL,Creative Securities Pvt Ltd,Sani Securities Company Ltd.,200,256.9,51380.0,2025-07-16 13:17:29.226241
2025-07-16,49710,2025071604012530,SSHL,Kohinoor Investment & Securities Pvt. Ltd.,Sani Securities Company Ltd.,450,256.9,115605.0,2025-07-16 13:17:29.226526
2025-07-16,48925,2025071604012820,SSHL,Naasa Securities Co. Ltd.,Aryatara Investment & Securities,100,257.0,25700.0,2025-07-16 13:19:41.775484
2025-07-16,48591,2025071604012933,SSHL,Naasa Securities Co. Ltd.,Sundhara Securities Limited,30,257.0,7710.0,2025-07-16 13:20:35.206202
2025-07-16,48569,2025071604012939,SSHL,Naasa Securities Co. Ltd.,Online Securities Pvt. Ltd.,50,257.0,12850.0,2025-07-16 13:20:40.975629
2025-07-16,48545,2025071604012953,SSHL,Naasa Securities Co. Ltd.,Sundhara Securities Limited,40,257.0,10280.0,2025-07-16 13:20:47.262935
2025-07-16,48204,2025071604013096,SSHL,Naasa Securities Co. Ltd.,Neev Securities Pvt. Ltd.,780,257.0,200460.0,2025-07-16 13:21:52.187083
2025-07-16,48203,2025071604013097,SSHL,Swarna Laxmi Securities Pvt. Ltd.,Neev Securities Pvt. Ltd.,200,257.0,51400.0,2025-07-16 13:21:52.187420
2025-07-16,47716,2025071604013272,SSHL,Kohinoor Investment & Securities Pvt. Ltd.,Linch Stock Market Ltd.,1500,256.9,385350.0,2025-07-16 13:23:13.535963
2025-07-16,47658,2025071604013286,SSHL,Kohinoor Investment & Securities Pvt. Ltd.,Sundhara Securities Limited,50,256.9,12845.0,2025-07-16 13:23:26.126429
2025-07-16,47646,2025071604013294,SSHL,Nepal Stock House (PVT) Ltd.,Neev Securities Pvt. Ltd.,20,257.0,5140.0,2025-07-16 13:23:27.150221
2025-07-16,47645,2025071604013295,SSHL,Nepal Stock House (PVT) Ltd.,Sundhara Securities Limited,50,257.0,12850.0,2025-07-16 13:23:27.150888
2025-07-16,47644,2025071604013296,SSHL,Nepal Stock House (PVT) Ltd.,Sumeru Securities Pvt. Ltd.,430,257.0,110510.0,2025-07-16 13:23:27.151530
2025-07-16,47556,2025071604013314,SSHL,Sri Hari Securities Pvt. Ltd.,Sumeru Securities Pvt. Ltd.,15,257.0,3855.0,2025-07-16 13:23:44.757178
2025-07-16,46785,2025071604013568,SSHL,Cristal Kanchanjanga Securites Pvt. Ltd.,Linch Stock Market Ltd.,12,256.9,3082.8,2025-07-16 13:26:07.666050
2025-07-16,46414,2025071604013723,SSHL,Ashutosh Brokerage & Securities (PVT) Ltd.,Online Securities Pvt. Ltd.,61,256.6,15652.6,2025-07-16 13:27:11.196305
2025-07-16,46323,2025071604013757,SSHL,Dipshikha Dhitopatra Karobar Co. Pvt Ltd.,Neev Securities Pvt. Ltd.,292,256.5,74898.0,2025-07-16 13:27:30.276503
2025-07-16,46322,2025071604013758,SSHL,Sri Hari Securities Pvt. Ltd.,Neev Securities Pvt. Ltd.,100,256.5,25650.0,2025-07-16 13:27:30.276829
2025-07-16,46321,2025071604013759,SSHL,Imperial Securities Company Pvt. Ltd.,Neev Securities Pvt. Ltd.,10,256.2,2562.0,2025-07-16 13:27:30.276947
2025-07-16,46320,2025071604013760,SSHL,Ashutosh Brokerage & Securities (PVT) Ltd.,Neev Securities Pvt. Ltd.,1000,256.0,256000.0,2025-07-16 13:27:30.277061
2025-07-16,46319,2025071604013761,SSHL,Aryatara Investment & Securities,Neev Securities Pvt. Ltd.,237,256.0,60672.0,2025-07-16 13:27:30.277174
2025-07-16,46318,2025071604013762,SSHL,Asian Securities Private Ltd.,Neev Securities Pvt. Ltd.,100,256.0,25600.0,2025-07-16 13:27:30.277287
2025-07-16,46317,2025071604013763,SSHL,Online Securities Pvt. Ltd.,Neev Securities Pvt. Ltd.,45,256.0,11520.0,2025-07-16 13:27:30.277408
2025-07-16,46316,2025071604013764,SSHL,Imperial Securities Company Pvt. Ltd.,Neev Securities Pvt. Ltd.,1500,256.0,384000.0,2025-07-16 13:27:30.277516
2025-07-16,46315,2025071604013765,SSHL,Imperial Securities Company Pvt. Ltd.,Neev Securities Pvt. Ltd.,1300,256.0,332800.0,2025-07-16 13:27:30.277624
2025-07-16,46314,2025071604013766,SSHL,Dynamic Money Managers Securities Pvt. Ltd.,Neev Securities Pvt. Ltd.,200,256.0,51200.0,2025-07-16 13:27:30.277731
2025-07-16,46313,2025071604013767,SSHL,Naasa Securities Co. Ltd.,Neev Securities Pvt. Ltd.,216,256.0,55296.0,2025-07-16 13:27:30.277840
2025-07-16,45899,2025071604013902,SSHL,Naasa Securities Co. Ltd.,Online Securities Pvt. Ltd.,584,256.0,149504.0,2025-07-16 13:28:47.079201
2025-07-16,45898,2025071604013903,SSHL,Aryatara Investment & Securities,Online Securities Pvt. Ltd.,455,256.0,116480.0,2025-07-16 13:28:47.079754
2025-07-16,45768,2025071604013937,SSHL,Malla & Malla Stock Broking Company Pvt. Limited,Linch Stock Market Ltd.,100,256.9,25690.0,2025-07-16 13:29:11.248453
2025-07-16,43771,2025071604014392,SSHL,Nepal Stock House (PVT) Ltd.,Sundhara Securities Limited,10,256.5,2565.0,2025-07-16 13:34:58.784995
2025-07-16,43068,2025071604014590,SSHL,Aryatara Investment & Securities,Linch Stock Market Ltd.,138,256.9,35452.2,2025-07-16 13:36:53.439064
2025-07-16,42589,2025071604014705,SSHL,Aryatara Investment & Securities,Sumeru Securities Pvt. Ltd.,125,257.0,32125.0,2025-07-16 13:38:00.601194
2025-07-16,42286,2025071604014782,SSHL,Aryatara Investment & Securities,Imperial Securities Company Pvt. Ltd.,110,257.0,28270.0,2025-07-16 13:38:42.723710
2025-07-16,42077,2025071604014829,SSHL,Aryatara Investment & Securities,Linch Stock Market Ltd.,627,257.0,161139.0,2025-07-16 13:39:21.650385
2025-07-16,42076,2025071604014830,SSHL,Himalayan Brokerage Company Limited,Linch Stock Market Ltd.,373,257.0,95861.0,2025-07-16 13:39:21.650464
2025-07-16,41921,2025071604014874,SSHL,Himalayan Brokerage Company Limited,Prabhu Stock Market Limited,127,257.0,32639.0,2025-07-16 13:39:44.872993
2025-07-16,41653,2025071604014940,SSHL,KALASH STOCK MARKET PVT. LTD.,Prabhu Stock Market Limited,373,257.0,95861.0,2025-07-16 13:40:24.929088
2025-07-16,41652,2025071604014941,SSHL,KALASH STOCK MARKET PVT. LTD.,Sharepro Securities Private Limited,100,257.8,25780.0,2025-07-16 13:40:24.929367
2025-07-16,41651,2025071604014942,SSHL,KALASH STOCK MARKET PVT. LTD.,Vision Securities Pvt. Ltd,387,257.8,99768.6,2025-07-16 13:40:24.929524
2025-07-16,40862,2025071604015152,SSHL,Aryatara Investment & Securities,Aryatara Investment & Securities,500,257.7,128850.0,2025-07-16 13:42:46.480085
2025-07-16,40861,2025071604015153,SSHL,Aryatara Investment & Securities,Vision Securities Pvt. Ltd,500,257.8,128900.0,2025-07-16 13:42:46.480616
2025-07-16,40249,2025071604015340,SSHL,Trishakti Securities Public Limited,Arun Securities (PVT) Ltd.,200,257.0,51400.0,2025-07-16 13:44:46.446061
2025-07-16,39891,2025071604015444,SSHL,Siprabi Securities Pvt. Ltd.,Arun Securities (PVT) Ltd.,800,257.0,205600.0,2025-07-16 13:45:48.483251
2025-07-16,39890,2025071604015445,SSHL,Siprabi Securities Pvt. Ltd.,Sundhara Securities Limited,200,257.0,51400.0,2025-07-16 13:45:48.483542
2025-07-16,38371,2025071604015939,SSHL,ABC Securities Private Limited,J.F. Securites (PVT) Ltd.,50,257.5,12875.0,2025-07-16 13:49:24.547076
2025-07-16,38338,2025071604015947,SSHL,Trishakti Securities Public Limited,Prabhu Stock Market Limited,250,257.1,64275.0,2025-07-16 13:49:33.628424
2025-07-16,38337,2025071604015948,SSHL,Siprabi Securities Pvt. Ltd.,Prabhu Stock Market Limited,250,257.0,64250.0,2025-07-16 13:49:33.629030
2025-07-16,38278,2025071604015967,SSHL,Siprabi Securities Pvt. Ltd.,Arun Securities (PVT) Ltd.,750,257.0,192750.0,2025-07-16 13:49:42.092253
2025-07-16,37933,2025071604016050,SSHL,Aryatara Investment & Securities,Arun Securities (PVT) Ltd.,200,257.0,51400.0,2025-07-16 13:50:36.422867
2025-07-16,37735,2025071604016109,SSHL,Nepal Stock House (PVT) Ltd.,Naasa Securities Co. Ltd.,40,256.5,10260.0,2025-07-16 13:51:08.158254
2025-07-16,37511,2025071604016164,SSHL,Nepal Stock House (PVT) Ltd.,Naasa Securities Co. Ltd.,550,256.5,141075.0,2025-07-16 13:51:42.806489
2025-07-16,37510,2025071604016165,SSHL,Sipla Securities Private Limited,Naasa Securities Co. Ltd.,100,256.5,25650.0,2025-07-16 13:51:42.807011
2025-07-16,37395,2025071604016200,SSHL,Aryatara Investment & Securities,Swarna Laxmi Securities Pvt. Ltd.,45,256.0,11520.0,2025-07-16 13:51:56.221970
2025-07-16,37394,2025071604016201,SSHL,Vision Securities Pvt. Ltd,Swarna Laxmi Securities Pvt. Ltd.,500,256.0,128000.0,2025-07-16 13:51:56.222341
2025-07-16,37393,2025071604016202,SSHL,Vision Securities Pvt. Ltd,Swarna Laxmi Securities Pvt. Ltd.,700,256.0,179200.0,2025-07-16 13:51:56.222493
2025-07-16,37392,2025071604016203,SSHL,Online Securities Pvt. Ltd.,Swarna Laxmi Securities Pvt. Ltd.,25,256.0,6400.0,2025-07-16 13:51:56.222612
2025-07-16,37391,2025071604016204,SSHL,Sani Securities Company Ltd.,Swarna Laxmi Securities Pvt. Ltd.,100,256.0,25600.0,2025-07-16 13:51:56.222763
2025-07-16,37390,2025071604016205,SSHL,Aryatara Investment & Securities,Swarna Laxmi Securities Pvt. Ltd.,300,256.0,76800.0,2025-07-16 13:51:56.222885
2025-07-16,37389,2025071604016206,SSHL,Naasa Securities Co. Ltd.,Swarna Laxmi Securities Pvt. Ltd.,165,256.0,42240.0,2025-07-16 13:51:56.223037
2025-07-16,37388,2025071604016207,SSHL,Trishakti Securities Public Limited,Swarna Laxmi Securities Pvt. Ltd.,50,256.0,12800.0,2025-07-16 13:51:56.223195
2025-07-16,37372,2025071604016214,SSHL,Kumari Securities Private Limited,Swarna Laxmi Securities Pvt. Ltd.,115,256.0,29440.0,2025-07-16 13:51:57.817224
2025-07-16,36140,2025071604016535,SSHL,Online Securities Pvt. Ltd.,Deevyaa Securities & Stock House Pvt. Ltd,50,255.7,12785.0,2025-07-16 13:55:02.306019
2025-07-16,36055,2025071604016550,SSHL,Oxford Securities Pvt. Ltd.,Deevyaa Securities & Stock House Pvt. Ltd,110,255.7,28127.0,2025-07-16 13:55:11.224897
2025-07-16,36054,2025071604016551,SSHL,Oxford Securities Pvt. Ltd.,J.F. Securites (PVT) Ltd.,140,255.9,35826.0,2025-07-16 13:55:11.225189
2025-07-16,36053,2025071604016552,SSHL,Oxford Securities Pvt. Ltd.,Imperial Securities Company Pvt. Ltd.,750,256.0,192000.0,2025-07-16 13:55:11.225336
2025-07-16,35979,2025071604016560,SSHL,Malla & Malla Stock Broking Company Pvt. Limited,Imperial Securities Company Pvt. Ltd.,50,256.0,12800.0,2025-07-16 13:55:25.613998
2025-07-16,35977,2025071604016561,SSHL,Trishakti Securities Public Limited,Sundhara Securities Limited,200,255.6,51120.0,2025-07-16 13:55:26.843212
2025-07-16,35616,2025071604016699,SSHL,Oxford Securities Pvt. Ltd.,Imperial Securities Company Pvt. Ltd.,200,256.0,51200.0,2025-07-16 13:56:13.734288
2025-07-16,34763,2025071604016903,SSHL,Vision Securities Pvt. Ltd,Dipshikha Dhitopatra Karobar Co. Pvt Ltd.,1500,256.4,384600.0,2025-07-16 13:58:09.634633
2025-07-16,34606,2025071604016942,SSHL,Trishakti Securities Public Limited,Naasa Securities Co. Ltd.,300,256.1,76830.0,2025-07-16 13:58:40.555862
2025-07-16,33749,2025071604017130,SSHL,Premier Securities Company Ltd.,Sweta Securities Private Limited,100,256.2,25620.0,2025-07-16 14:01:01.257360
2025-07-16,33574,2025071604017187,SSHL,Trishakti Securities Public Limited,Sundhara Securities Limited,200,256.1,51220.0,2025-07-16 14:01:36.807611
2025-07-16,33344,2025071604017252,SSHL,Trishakti Securities Public Limited,Market Securities & Exchange (PVT) Ltd.,300,256.1,76830.0,2025-07-16 14:02:24.702574
2025-07-16,33343,2025071604017253,SSHL,Sani Securities Company Ltd.,Market Securities & Exchange (PVT) Ltd.,184,256.1,47122.4,2025-07-16 14:02:24.702867
2025-07-16,33267,2025071604017270,SSHL,Sani Securities Company Ltd.,J.F. Securites (PVT) Ltd.,16,256.1,4097.6,2025-07-16 14:02:32.963047
2025-07-16,33266,2025071604017271,SSHL,Nagarik Stock Dealer ,J.F. Securites (PVT) Ltd.,484,256.1,123952.4,2025-07-16 14:02:32.963310
2025-07-16,32783,2025071604017398,SSHL,Nagarik Stock Dealer ,Naasa Securities Co. Ltd.,1516,256.1,388247.6,2025-07-16 14:03:41.363073
2025-07-16,32782,2025071604017399,SSHL,South Asian Bulls Pvt. Ltd.,Naasa Securities Co. Ltd.,184,256.0,47104.0,2025-07-16 14:03:41.363620
2025-07-16,32282,2025071604017500,SSHL,South Asian Bulls Pvt. Ltd.,Sharepro Securities Private Limited,21,256.0,5376.0,2025-07-16 14:05:15.044933
2025-07-16,31934,2025071604017560,SSHL,Online Securities Pvt. Ltd.,Naasa Securities Co. Ltd.,10,256.0,2560.0,2025-07-16 14:06:08.891825
2025-07-16,31655,2025071604017621,SSHL,Online Securities Pvt. Ltd.,Sharepro Securities Private Limited,90,256.0,23040.0,2025-07-16 14:07:00.491677
2025-07-16,31511,2025071604017669,SSHL,Linch Stock Market Ltd.,Sundhara Securities Limited,100,255.7,25570.0,2025-07-16 14:07:21.742374
2025-07-16,31500,2025071604017672,SSHL,Primo Securities (PVT) Ltd.,Sundhara Securities Limited,80,255.7,20456.0,2025-07-16 14:07:26.791919
2025-07-16,31494,2025071604017675,SSHL,Dynamic Money Managers Securities Pvt. Ltd.,Vision Securities Pvt. Ltd,70,255.5,17885.0,2025-07-16 14:07:29.167866
2025-07-16,31357,2025071604017700,SSHL,Dynamic Money Managers Securities Pvt. Ltd.,Sundhara Securities Limited,30,255.5,7665.0,2025-07-16 14:07:53.946752
2025-07-16,31356,2025071604017701,SSHL,Malla & Malla Stock Broking Company Pvt. Limited,Sundhara Securities Limited,185,255.5,47267.5,2025-07-16 14:07:53.947064
2025-07-16,31355,2025071604017702,SSHL,South Asian Bulls Pvt. Ltd.,Sundhara Securities Limited,85,255.5,21717.5,2025-07-16 14:07:53.947227
2025-07-16,30977,2025071604017769,SSHL,South Asian Bulls Pvt. Ltd.,Sundhara Securities Limited,15,255.5,3832.5,2025-07-16 14:09:07.304074
2025-07-16,30976,2025071604017770,SSHL,Secured Securities Ltd.,Sundhara Securities Limited,485,255.3,123820.5,2025-07-16 14:09:07.304346
2025-07-16,30832,2025071604017806,SSHL,Kalika Securities Pvt. Ltd.,Vision Securities Pvt. Ltd,50,256.5,12825.0,2025-07-16 14:09:41.307831
2025-07-16,30223,2025071604017925,SSHL,Linch Stock Market Ltd.,Kumari Securities Private Limited,100,255.5,25550.0,2025-07-16 14:11:33.824448
2025-07-16,29705,2025071604018047,SSHL,Trishakti Securities Public Limited,Linch Stock Market Ltd.,50,255.4,12770.0,2025-07-16 14:12:51.751386
2025-07-16,29704,2025071604018048,SSHL,Secured Securities Ltd.,Linch Stock Market Ltd.,15,255.3,3829.5,2025-07-16 14:12:51.751632
2025-07-16,29703,2025071604018049,SSHL,South Asian Bulls Pvt. Ltd.,Linch Stock Market Ltd.,481,255.2,122751.2,2025-07-16 14:12:51.751756
2025-07-16,29702,2025071604018050,SSHL,Capital Max Securities Ltd,Linch Stock Market Ltd.,1000,255.1,255100.0,2025-07-16 14:12:51.751874
2025-07-16,29701,2025071604018051,SSHL,Swarna Laxmi Securities Pvt. Ltd.,Linch Stock Market Ltd.,100,255.1,25510.0,2025-07-16 14:12:51.752008
2025-07-16,29700,2025071604018052,SSHL,Sri Hari Securities Pvt. Ltd.,Linch Stock Market Ltd.,154,255.0,39270.0,2025-07-16 14:12:51.752127
2025-07-16,29590,2025071604018078,SSHL,Sri Hari Securities Pvt. Ltd.,Kumari Securities Private Limited,346,255.0,88230.0,2025-07-16 14:13:10.026701
2025-07-16,29589,2025071604018079,SSHL,Investment Management Nepal Pvt. Ltd.,Kumari Securities Private Limited,30,255.0,7650.0,2025-07-16 14:13:10.027028
2025-07-16,29588,2025071604018080,SSHL,Imperial Securities Company Pvt. Ltd.,Kumari Securities Private Limited,17,255.0,4335.0,2025-07-16 14:13:10.027171
2025-07-16,29546,2025071604018086,SSHL,Imperial Securities Company Pvt. Ltd.,Asian Securities Private Ltd.,140,256.0,35840.0,2025-07-16 14:13:18.874139
2025-07-16,29545,2025071604018087,SSHL,Imperial Securities Company Pvt. Ltd.,Asian Securities Private Ltd.,93,256.0,23808.0,2025-07-16 14:13:18.874466
2025-07-16,29544,2025071604018088,SSHL,Imperial Securities Company Pvt. Ltd.,J.F. Securites (PVT) Ltd.,10,256.4,2564.0,2025-07-16 14:13:18.874586
2025-07-16,29543,2025071604018089,SSHL,Imperial Securities Company Pvt. Ltd.,Vision Securities Pvt. Ltd,50,256.5,12825.0,2025-07-16 14:13:18.874731
2025-07-16,29542,2025071604018090,SSHL,Imperial Securities Company Pvt. Ltd.,Malla & Malla Stock Broking Company Pvt. Limited,50,256.5,12825.0,2025-07-16 14:13:18.874850
2025-07-16,29541,2025071604018091,SSHL,Imperial Securities Company Pvt. Ltd.,Arun Securities (PVT) Ltd.,50,257.0,12850.0,2025-07-16 14:13:18.874963
2025-07-16,29540,2025071604018092,SSHL,Imperial Securities Company Pvt. Ltd.,Nagarik Stock Dealer ,200,257.0,51400.0,2025-07-16 14:13:18.875076
2025-07-16,29539,2025071604018093,SSHL,Imperial Securities Company Pvt. Ltd.,Kumari Securities Private Limited,100,257.0,25700.0,2025-07-16 14:13:18.875208
2025-07-16,29538,2025071604018094,SSHL,Imperial Securities Company Pvt. Ltd.,Investment Management Nepal Pvt. Ltd.,307,257.0,78899.0,2025-07-16 14:13:18.875336
2025-07-16,29420,2025071604018125,SSHL,Oxford Securities Pvt. Ltd.,Sundhara Securities Limited,200,256.0,51200.0,2025-07-16 14:13:46.104357
2025-07-16,29270,2025071604018174,SSHL,SHUBHAKAMANA SECURITIES PVT. LTD,INDEX SECURITIES LIMITED,1900,255.4,485260.0,2025-07-16 14:14:08.246059
2025-07-16,29111,2025071604018217,SSHL,INDEX SECURITIES LIMITED,SHUBHAKAMANA SECURITIES PVT. LTD,1900,255.4,485260.0,2025-07-16 14:14:35.483566
2025-07-16,28917,2025071604018262,SSHL,Naasa Securities Co. Ltd.,Sundhara Securities Limited,300,256.0,76800.0,2025-07-16 14:15:09.186772
2025-07-16,28916,2025071604018263,SSHL,Naasa Securities Co. Ltd.,Asian Securities Private Ltd.,10,256.0,2560.0,2025-07-16 14:15:09.187296
2025-07-16,28840,2025071604018298,SSHL,Dipshikha Dhitopatra Karobar Co. Pvt Ltd.,Sharepro Securities Private Limited,129,256.9,33140.1,2025-07-16 14:15:20.372018
2025-07-16,28839,2025071604018299,SSHL,Dipshikha Dhitopatra Karobar Co. Pvt Ltd.,Investment Management Nepal Pvt. Ltd.,21,257.0,5397.0,2025-07-16 14:15:20.372082
2025-07-16,28742,2025071604018341,SSHL,INDEX SECURITIES LIMITED,Investment Management Nepal Pvt. Ltd.,50,257.0,12850.0,2025-07-16 14:15:32.513904
2025-07-16,28541,2025071604018385,SSHL,Kohinoor Investment & Securities Pvt. Ltd.,Investment Management Nepal Pvt. Ltd.,122,257.0,31354.0,2025-07-16 14:16:10.632718
2025-07-16,28540,2025071604018386,SSHL,Kohinoor Investment & Securities Pvt. Ltd.,Sri Hari Securities Pvt. Ltd.,1000,257.0,257000.0,2025-07-16 14:16:10.633017
2025-07-16,28539,2025071604018387,SSHL,Kohinoor Investment & Securities Pvt. Ltd.,Bhrikuti Stock Broking Co. Pvt. Ltd.,300,257.0,77100.0,2025-07-16 14:16:10.633140
2025-07-16,28113,2025071604018583,SSHL,Naasa Securities Co. Ltd.,Siprabi Securities Pvt. Ltd.,111,257.5,28582.5,2025-07-16 14:17:16.662186
2025-07-16,27799,2025071604018731,SSHL,Kohinoor Investment & Securities Pvt. Ltd.,Nepal Stock House (PVT) Ltd.,500,257.0,128500.0,2025-07-16 14:18:15.712578
2025-07-16,27665,2025071604018758,SSHL,Kohinoor Investment & Securities Pvt. Ltd.,Sundhara Securities Limited,78,257.0,20046.0,2025-07-16 14:18:39.923097
2025-07-16,26112,2025071604019174,SSHL,Trishakti Securities Public Limited,Naasa Securities Co. Ltd.,1000,256.1,256100.0,2025-07-16 14:23:06.934646
2025-07-16,26031,2025071604019196,SSHL,Secured Securities Ltd.,Bhrikuti Stock Broking Co. Pvt. Ltd.,386,256.1,98854.6,2025-07-16 14:23:18.895248
2025-07-16,25466,2025071604019345,SSHL,Naasa Securities Co. Ltd.,Naasa Securities Co. Ltd.,90,256.0,23040.0,2025-07-16 14:24:40.939014
2025-07-16,25465,2025071604019346,SSHL,Trishakti Securities Public Limited,Naasa Securities Co. Ltd.,60,256.0,15360.0,2025-07-16 14:24:40.939432
2025-07-16,25063,2025071604019475,SSHL,Premier Securities Company Ltd.,Sundhara Securities Limited,22,257.0,5654.0,2025-07-16 14:25:43.475617
2025-07-16,24768,2025071604019547,SSHL,Trishakti Securities Public Limited,Bhrikuti Stock Broking Co. Pvt. Ltd.,10,256.0,2560.0,2025-07-16 14:26:29.665513
2025-07-16,23843,2025071604019862,SSHL,Trishakti Securities Public Limited,Linch Stock Market Ltd.,30,256.0,7680.0,2025-07-16 14:28:49.704948
2025-07-16,22849,2025071604020141,SSHL,Online Securities Pvt. Ltd.,Linch Stock Market Ltd.,120,256.0,30720.0,2025-07-16 14:31:21.784117
2025-07-16,22640,2025071604020211,SSHL,Online Securities Pvt. Ltd.,Imperial Securities Company Pvt. Ltd.,1000,256.0,256000.0,2025-07-16 14:31:46.432450
2025-07-16,21675,2025071604020434,SSHL,Magnet Securities and Investment Company Private Limited,ABC Securities Private Limited,50,256.1,12805.0,2025-07-16 14:33:58.909219
2025-07-16,21674,2025071604020435,SSHL,Aryatara Investment & Securities,ABC Securities Private Limited,50,256.1,12805.0,2025-07-16 14:33:58.909533
2025-07-16,21543,2025071604020506,SSHL,Online Securities Pvt. Ltd.,ABC Securities Private Limited,100,256.0,25600.0,2025-07-16 14:34:17.132352
2025-07-16,21489,2025071604020536,SSHL,Online Securities Pvt. Ltd.,Premier Securities Company Ltd.,228,256.0,58368.0,2025-07-16 14:34:24.977369
2025-07-16,20522,2025071604020781,SSHL,Online Securities Pvt. Ltd.,Kohinoor Investment & Securities Pvt. Ltd.,350,256.0,89600.0,2025-07-16 14:36:41.159539
2025-07-16,20118,2025071604020872,SSHL,Online Securities Pvt. Ltd.,Kohinoor Investment & Securities Pvt. Ltd.,350,256.0,89600.0,2025-07-16 14:37:15.531251
2025-07-16,19295,2025071604021078,SSHL,Oxford Securities Pvt. Ltd.,Sharepro Securities Private Limited,200,256.1,51220.0,2025-07-16 14:39:06.431061
2025-07-16,19276,2025071604021086,SSHL,Online Securities Pvt. Ltd.,Online Securities Pvt. Ltd.,292,256.0,74752.0,2025-07-16 14:39:10.434232
2025-07-16,18791,2025071604021235,SSHL,Online Securities Pvt. Ltd.,Online Securities Pvt. Ltd.,100,256.0,25600.0,2025-07-16 14:40:09.008586
2025-07-16,17690,2025071604021560,SSHL,Online Securities Pvt. Ltd.,Siprabi Securities Pvt. Ltd.,400,256.0,102400.0,2025-07-16 14:42:16.789459
2025-07-16,17592,2025071604021589,SSHL,Online Securities Pvt. Ltd.,Sani Securities Company Ltd.,1467,256.0,375552.0,2025-07-16 14:42:28.143362
2025-07-16,17285,2025071604021685,SSHL,Online Securities Pvt. Ltd.,Vision Securities Pvt. Ltd,113,256.0,28928.0,2025-07-16 14:43:03.620920
2025-07-16,16753,2025071604021818,SSHL,Online Securities Pvt. Ltd.,Neev Securities Pvt. Ltd.,100,256.0,25600.0,2025-07-16 14:43:53.950865
2025-07-16,16562,2025071604021868,SSHL,Dipshikha Dhitopatra Karobar Co. Pvt Ltd.,Aryatara Investment & Securities,50,256.5,12825.0,2025-07-16 14:44:17.465567
2025-07-16,15649,2025071604022073,SSHL,Online Securities Pvt. Ltd.,Aryatara Investment & Securities,1800,256.0,460800.0,2025-07-16 14:45:07.524081
2025-07-16,14427,2025071604022375,SSHL,Kohinoor Investment & Securities Pvt. Ltd.,Sani Securities Company Ltd.,500,256.2,128100.0,2025-07-16 14:46:31.270652
2025-07-16,14134,2025071604022431,SSHL,Creative Securities Pvt Ltd,ABC Securities Private Limited,30,256.6,7698.0,2025-07-16 14:47:01.312205
2025-07-16,14133,2025071604022432,SSHL,Creative Securities Pvt Ltd,Sani Securities Company Ltd.,78,256.6,20014.8,2025-07-16 14:47:01.312560
2025-07-16,14091,2025071604022439,SSHL,Midas Stock Broking Company Private Limited,Sani Securities Company Ltd.,390,256.6,100074.0,2025-07-16 14:47:03.370435
2025-07-16,14064,2025071604022453,SSHL,Dipshikha Dhitopatra Karobar Co. Pvt Ltd.,Sani Securities Company Ltd.,32,256.6,8211.2,2025-07-16 14:47:06.481506
2025-07-16,14063,2025071604022454,SSHL,Dipshikha Dhitopatra Karobar Co. Pvt Ltd.,Nabil Stock Dealer Ltd.,18,256.8,4622.4,2025-07-16 14:47:06.481635
2025-07-16,13937,2025071604022469,SSHL,South Asian Bulls Pvt. Ltd.,Nabil Stock Dealer Ltd.,132,256.8,33897.6,2025-07-16 14:47:18.581943
2025-07-16,13936,2025071604022470,SSHL,South Asian Bulls Pvt. Ltd.,Vision Securities Pvt. Ltd,520,256.9,133588.0,2025-07-16 14:47:18.582267
2025-07-16,13935,2025071604022471,SSHL,South Asian Bulls Pvt. Ltd.,Imperial Securities Company Pvt. Ltd.,385,257.0,98945.0,2025-07-16 14:47:18.582407
2025-07-16,13934,2025071604022472,SSHL,South Asian Bulls Pvt. Ltd.,Sundhara Securities Limited,50,257.0,12850.0,2025-07-16 14:47:18.582536
2025-07-16,13870,2025071604022483,SSHL,Dipshikha Dhitopatra Karobar Co. Pvt Ltd.,Siprabi Securities Pvt. Ltd.,20,257.5,5150.0,2025-07-16 14:47:21.710853
2025-07-16,12929,2025071604022710,SSHL,ABC Securities Private Limited,Asian Securities Private Ltd.,51,257.4,13127.4,2025-07-16 14:48:35.827256
2025-07-16,12885,2025071604022718,SSHL,Secured Securities Ltd.,Asian Securities Private Ltd.,49,257.4,12612.6,2025-07-16 14:48:39.974752
2025-07-16,12763,2025071604022736,SSHL,Secured Securities Ltd.,Agrawal Securities (PVT) Ltd.,50,257.4,12870.0,2025-07-16 14:48:54.022245
2025-07-16,12610,2025071604022772,SSHL,South Asian Bulls Pvt. Ltd.,Siprabi Securities Pvt. Ltd.,369,257.5,95017.5,2025-07-16 14:49:03.591615
2025-07-16,12609,2025071604022773,SSHL,South Asian Bulls Pvt. Ltd.,Sri Hari Securities Pvt. Ltd.,10,257.5,2575.0,2025-07-16 14:49:03.591896
2025-07-16,12608,2025071604022774,SSHL,South Asian Bulls Pvt. Ltd.,Trishakti Securities Public Limited,500,257.5,128750.0,2025-07-16 14:49:03.592030
2025-07-16,12607,2025071604022775,SSHL,South Asian Bulls Pvt. Ltd.,ABC Securities Private Limited,34,257.5,8755.0,2025-07-16 14:49:03.592190
2025-07-16,12554,2025071604022799,SSHL,Trishakti Securities Public Limited,Sumeru Securities Pvt. Ltd.,50,257.1,12855.0,2025-07-16 14:49:12.220269
2025-07-16,12460,2025071604022823,SSHL,Trishakti Securities Public Limited,Sumeru Securities Pvt. Ltd.,250,257.1,64275.0,2025-07-16 14:49:18.265703
2025-07-16,12041,2025071604022939,SSHL,Nepal Investment And Securities Trading Private Limited,Sumeru Securities Pvt. Ltd.,250,257.1,64275.0,2025-07-16 14:49:50.216823
2025-07-16,11766,2025071604023056,SSHL,Aryatara Investment & Securities,Market Securities & Exchange (PVT) Ltd.,10,258.0,2580.0,2025-07-16 14:50:11.184869
2025-07-16,10862,2025071604023355,SSHL,Siprabi Securities Pvt. Ltd.,Nagarik Stock Dealer ,990,256.8,254232.0,2025-07-16 14:51:19.074551
2025-07-16,10861,2025071604023356,SSHL,Capital Max Securities Ltd,Nagarik Stock Dealer ,240,256.6,61584.0,2025-07-16 14:51:19.075181
2025-07-16,10860,2025071604023357,SSHL,Secured Securities Ltd.,Nagarik Stock Dealer ,270,256.6,69282.0,2025-07-16 14:51:19.075643
2025-07-16,9299,2025071604023839,SSHL,Secured Securities Ltd.,Citizens Share Broker Limited,401,257.5,103257.5,2025-07-16 14:53:10.970548
2025-07-16,9298,2025071604023840,SSHL,Secured Securities Ltd.,Citizens Share Broker Limited,230,257.1,59133.0,2025-07-16 14:53:10.970629
2025-07-16,9297,2025071604023841,SSHL,Shree Krishna Securities Ltd.,Citizens Share Broker Limited,95,257.0,24415.0,2025-07-16 14:53:10.970666
2025-07-16,9296,2025071604023842,SSHL,Kohinoor Investment & Securities Pvt. Ltd.,Citizens Share Broker Limited,274,257.0,70418.0,2025-07-16 14:53:10.970693
2025-07-16,9022,2025071604023914,SSHL,Kohinoor Investment & Securities Pvt. Ltd.,Sumeru Securities Pvt. Ltd.,1000,257.0,257000.0,2025-07-16 14:53:24.070575
2025-07-16,8987,2025071604023917,SSHL,Kohinoor Investment & Securities Pvt. Ltd.,ABC Securities Private Limited,226,257.0,58082.0,2025-07-16 14:53:25.084064
2025-07-16,8986,2025071604023918,SSHL,Kohinoor Investment & Securities Pvt. Ltd.,ABC Securities Private Limited,74,257.0,19018.0,2025-07-16 14:53:25.084371
2025-07-16,8917,2025071604023956,SSHL,Kohinoor Investment & Securities Pvt. Ltd.,Siprabi Securities Pvt. Ltd.,380,257.0,97660.0,2025-07-16 14:53:28.690657
2025-07-16,8765,2025071604024005,SSHL,Kohinoor Investment & Securities Pvt. Ltd.,Nagarik Stock Dealer ,100,257.0,25700.0,2025-07-16 14:53:39.811150
2025-07-16,8263,2025071604024171,SSHL,Kohinoor Investment & Securities Pvt. Ltd.,Linch Stock Market Ltd.,1446,257.0,371622.0,2025-07-16 14:54:07.648743
2025-07-16,8113,2025071604024212,SSHL,Magnet Securities and Investment Company Private Limited,Linch Stock Market Ltd.,100,257.0,25700.0,2025-07-16 14:54:20.164962
2025-07-16,7251,2025071604024459,SSHL,Shree Krishna Securities Ltd.,Linch Stock Market Ltd.,2000,256.6,513200.0,2025-07-16 14:55:09.003975
2025-07-16,7162,2025071604024479,SSHL,Thrive Brokerage House Pvt. Ltd,Miyo Securities Pvt Ltd,400,256.1,102440.0,2025-07-16 14:55:15.075361
2025-07-16,6558,2025071604024686,SSHL,Thrive Brokerage House Pvt. Ltd,Secured Securities Ltd.,100,256.1,25610.0,2025-07-16 14:55:54.508391
2025-07-16,5498,2025071604025066,SSHL,Online Securities Pvt. Ltd.,Naasa Securities Co. Ltd.,300,256.0,76800.0,2025-07-16 14:56:51.206747
2025-07-16,5218,2025071604025208,SSHL,Online Securities Pvt. Ltd.,Online Securities Pvt. Ltd.,82,256.0,20992.0,2025-07-16 14:57:05.901904
2025-07-16,5208,2025071604025209,SSHL,Online Securities Pvt. Ltd.,Sumeru Securities Pvt. Ltd.,625,256.0,160000.0,2025-07-16 14:57:06.023501
2025-07-16,4907,2025071604025316,SSHL,Online Securities Pvt. Ltd.,Secured Securities Ltd.,100,256.0,25600.0,2025-07-16 14:57:20.106408
2025-07-16,4885,2025071604025320,SSHL,Online Securities Pvt. Ltd.,Siprabi Securities Pvt. Ltd.,100,256.0,25600.0,2025-07-16 14:57:22.179363
2025-07-16,4276,2025071604025504,SSHL,Online Securities Pvt. Ltd.,Sundhara Securities Limited,20,256.0,5120.0,2025-07-16 14:57:51.404117
2025-07-16,3726,2025071604025662,SSHL,Agrawal Securities (PVT) Ltd.,Aryatara Investment & Securities,30,256.8,7704.0,2025-07-16 14:58:15.576335
2025-07-16,2868,2025071604025948,SSHL,Online Securities Pvt. Ltd.,Dynamic Money Managers Securities Pvt. Ltd.,1500,256.0,384000.0,2025-07-16 14:58:47.767061
2025-07-16,2716,2025071604025995,SSHL,Online Securities Pvt. Ltd.,Infinity Securities Limited,853,256.0,218368.0,2025-07-16 14:58:52.642801
2025-07-16,2715,2025071604025996,SSHL,Aryatara Investment & Securities,Infinity Securities Limited,105,256.0,26880.0,2025-07-16 14:58:52.643130
2025-07-16,2714,2025071604025997,SSHL,S.P.S.A. Securities Limited,Infinity Securities Limited,35,256.0,8960.0,2025-07-16 14:58:52.643266
2025-07-16,2713,2025071604025998,SSHL,Sri Hari Securities Pvt. Ltd.,Infinity Securities Limited,200,256.0,51200.0,2025-07-16 14:58:52.643405
2025-07-16,2712,2025071604025999,SSHL,Trisul Securities & Invt. Ltd.,Infinity Securities Limited,15,256.0,3840.0,2025-07-16 14:58:52.643541
2025-07-16,2711,2025071604026000,SSHL,Ashutosh Brokerage & Securities (PVT) Ltd.,Infinity Securities Limited,1000,256.0,256000.0,2025-07-16 14:58:52.643672
2025-07-16,2691,2025071604026006,SSHL,Midas Stock Broking Company Private Limited,Linch Stock Market Ltd.,50,255.5,12775.0,2025-07-16 14:58:53.930537
2025-07-16,2690,2025071604026007,SSHL,Indira securities pvt. ltd,Linch Stock Market Ltd.,10,255.5,2555.0,2025-07-16 14:58:53.930577
2025-07-16,2689,2025071604026008,SSHL,Trishakti Securities Public Limited,Linch Stock Market Ltd.,100,255.5,25550.0,2025-07-16 14:58:53.930600
2025-07-16,2688,2025071604026009,SSHL,Opal Securities Investment (PVT) Ltd.,Linch Stock Market Ltd.,55,255.5,14052.5,2025-07-16 14:58:53.930632
2025-07-16,2687,2025071604026010,SSHL,Vision Securities Pvt. Ltd,Linch Stock Market Ltd.,100,255.2,25520.0,2025-07-16 14:58:53.930673
2025-07-16,2686,2025071604026011,SSHL,Thrive Brokerage House Pvt. Ltd,Linch Stock Market Ltd.,139,255.1,35458.9,2025-07-16 14:58:53.930709
2025-07-16,2547,2025071604026067,SSHL,Vision Securities Pvt. Ltd,Infinity Securities Limited,1000,256.0,256000.0,2025-07-16 14:58:59.336205
2025-07-16,2331,2025071604026139,SSHL,Thrive Brokerage House Pvt. Ltd,Infinity Securities Limited,361,255.1,92091.1,2025-07-16 14:59:07.688760
2025-07-16,2330,2025071604026140,SSHL,Agrawal Securities (PVT) Ltd.,Infinity Securities Limited,500,255.1,127550.0,2025-07-16 14:59:07.689354
2025-07-16,2329,2025071604026141,SSHL,Dynamic Money Managers Securities Pvt. Ltd.,Infinity Securities Limited,1400,255.0,357000.0,2025-07-16 14:59:07.689771
2025-07-16,2328,2025071604026142,SSHL,Agrawal Securities (PVT) Ltd.,Infinity Securities Limited,20,255.0,5100.0,2025-07-16 14:59:07.690136
2025-07-16,2327,2025071604026143,SSHL,Nepal Stock House (PVT) Ltd.,Infinity Securities Limited,1211,255.0,308805.0,2025-07-16 14:59:07.690534
2025-07-16,2179,2025071604026181,SSHL,Nepal Stock House (PVT) Ltd.,Siprabi Securities Pvt. Ltd.,739,255.0,188445.0,2025-07-16 14:59:12.160859
2025-07-16,2178,2025071604026182,SSHL,Kohinoor Investment & Securities Pvt. Ltd.,Siprabi Securities Pvt. Ltd.,61,255.0,15555.0,2025-07-16 14:59:12.161151
2025-07-16,1658,2025071604026349,SSHL,Kohinoor Investment & Securities Pvt. Ltd.,APPLE SECURITIES PRIVATE LIMITED,349,255.0,88995.0,2025-07-16 14:59:25.705787
2025-07-16,1657,2025071604026350,SSHL,Sewa Securities Pvt. Ltd.,APPLE SECURITIES PRIVATE LIMITED,50,255.0,12750.0,2025-07-16 14:59:25.706074
2025-07-16,1656,2025071604026351,SSHL,Kohinoor Investment & Securities Pvt. Ltd.,APPLE SECURITIES PRIVATE LIMITED,20,255.0,5100.0,2025-07-16 14:59:25.706210
2025-07-16,1655,2025071604026352,SSHL,Vision Securities Pvt. Ltd,APPLE SECURITIES PRIVATE LIMITED,3000,255.0,765000.0,2025-07-16 14:59:25.706346
2025-07-16,1654,2025071604026353,SSHL,Sani Securities Company Ltd.,APPLE SECURITIES PRIVATE LIMITED,81,255.0,20655.0,2025-07-16 14:59:25.706469
2025-07-16,1490,2025071604026386,SSHL,Dynamic Money Managers Securities Pvt. Ltd.,Dynamic Money Managers Securities Pvt. Ltd.,1500,256.0,384000.0,2025-07-16 14:59:29.492197
2025-07-16,994,2025071604026499,SSHL,Sani Securities Company Ltd.,Nepal Stock House (PVT) Ltd.,119,255.0,30345.0,2025-07-16 14:59:40.332274
2025-07-16,993,2025071604026500,SSHL,J.F. Securites (PVT) Ltd.,Nepal Stock House (PVT) Ltd.,50,255.0,12750.0,2025-07-16 14:59:40.332604
2025-07-16,992,2025071604026501,SSHL,Siprabi Securities Pvt. Ltd.,Nepal Stock House (PVT) Ltd.,331,255.0,84405.0,2025-07-16 14:59:40.332730
2025-07-16,875,2025071604026510,SSHL,Opal Securities Investment (PVT) Ltd.,ABC Securities Private Limited,40,256.0,10240.0,2025-07-16 14:59:42.153651
2025-07-16,709,2025071604026564,SSHL,Siprabi Securities Pvt. Ltd.,Sweta Securities Private Limited,656,255.0,167280.0,2025-07-16 14:59:46.388253
2025-07-16,672,2025071604026571,SSHL,Siprabi Securities Pvt. Ltd.,Infinity Securities Limited,13,255.0,3315.0,2025-07-16 14:59:47.844867
2025-07-16,671,2025071604026572,SSHL,Oxford Securities Pvt. Ltd.,Infinity Securities Limited,15,255.0,3825.0,2025-07-16 14:59:47.845158
2025-07-16,670,2025071604026573,SSHL,Dynamic Money Managers Securities Pvt. Ltd.,Infinity Securities Limited,2000,255.0,510000.0,2025-07-16 14:59:47.845288
2025-07-16,669,2025071604026574,SSHL,Miyo Securities Pvt Ltd,Infinity Securities Limited,50,255.0,12750.0,2025-07-16 14:59:47.845417
2025-07-16,668,2025071604026575,SSHL,Sani Securities Company Ltd.,Infinity Securities Limited,500,255.0,127500.0,2025-07-16 14:59:47.845537
2025-07-16,667,2025071604026576,SSHL,Naasa Securities Co. Ltd.,Infinity Securities Limited,10,255.0,2550.0,2025-07-16 14:59:47.845658
2025-07-16,666,2025071604026577,SSHL,Online Securities Pvt. Ltd.,Infinity Securities Limited,15,255.0,3825.0,2025-07-16 14:59:47.845773
2025-07-16,665,2025071604026578,SSHL,Opal Securities Investment (PVT) Ltd.,Infinity Securities Limited,155,255.0,39525.0,2025-07-16 14:59:47.845896
2025-07-16,664,2025071604026579,SSHL,Premier Securities Company Ltd.,Infinity Securities Limited,500,255.0,127500.0,2025-07-16 14:59:47.846016
2025-07-16,622,2025071604026584,SSHL,Dipshikha Dhitopatra Karobar Co. Pvt Ltd.,Infinity Securities Limited,70,255.0,17850.0,2025-07-16 14:59:48.982289
2025-07-16,300,2025071604026663,SSHL,Primo Securities (PVT) Ltd.,Infinity Securities Limited,250,255.0,63750.0,2025-07-16 14:59:56.174142
