Date,S.N.,contract_id,symbol,buyer_broker,seller_broker,volume,price,amount,transaction_time
2025-07-16,98987,2025071601000238,TPC,Vision Securities Pvt. Ltd,Naasa Securities Co. Ltd.,10,393.0,3930.0,2025-07-16 11:02:33.272040
2025-07-16,96356,2025071601001450,TPC,Premier Securities Company Ltd.,Sani Securities Company Ltd.,100,388.0,38800.0,2025-07-16 11:10:33.132469
2025-07-16,96355,2025071601001451,TPC,Vision Securities Pvt. Ltd,Sani Securities Company Ltd.,280,386.0,108080.0,2025-07-16 11:10:33.132596
2025-07-16,96354,2025071601001452,TPC,Aryatara Investment & Securities,Sani Securities Company Ltd.,200,386.0,77200.0,2025-07-16 11:10:33.132695
2025-07-16,96353,2025071601001453,TPC,Vision Securities Pvt. Ltd,Sani Securities Company Ltd.,100,385.8,38580.0,2025-07-16 11:10:33.132792
2025-07-16,96352,2025071601001454,TPC,Vision Securities Pvt. Ltd,Sani Securities Company Ltd.,110,385.5,42405.0,2025-07-16 11:10:33.132869
2025-07-16,96351,2025071601001455,TPC,Cristal Kanchanjanga Securites Pvt. Ltd.,Sani Securities Company Ltd.,200,385.3,77060.0,2025-07-16 11:10:33.132944
2025-07-16,96350,2025071601001456,TPC,Sumeru Securities Pvt. Ltd.,Sani Securities Company Ltd.,1000,385.3,385300.0,2025-07-16 11:10:33.133042
2025-07-16,96349,2025071601001457,TPC,Sweta Securities Private Limited,Sani Securities Company Ltd.,50,385.3,19265.0,2025-07-16 11:10:33.133135
2025-07-16,96348,2025071601001458,TPC,Sagarmatha Securities Private Limited,Sani Securities Company Ltd.,500,385.2,192600.0,2025-07-16 11:10:33.133213
2025-07-16,96347,2025071601001459,TPC,Online Securities Pvt. Ltd.,Sani Securities Company Ltd.,250,385.2,96300.0,2025-07-16 11:10:33.133294
2025-07-16,93685,2025071601002525,TPC,Sweta Securities Private Limited,Sani Securities Company Ltd.,100,385.2,38520.0,2025-07-16 11:17:29.522227
2025-07-16,93684,2025071601002526,TPC,Dynamic Money Managers Securities Pvt. Ltd.,Sani Securities Company Ltd.,100,385.0,38500.0,2025-07-16 11:17:29.522306
2025-07-16,93683,2025071601002527,TPC,Cristal Kanchanjanga Securites Pvt. Ltd.,Sani Securities Company Ltd.,200,384.8,76960.0,2025-07-16 11:17:29.522350
2025-07-16,93682,2025071601002528,TPC,Kohinoor Investment & Securities Pvt. Ltd.,Sani Securities Company Ltd.,200,384.7,76940.0,2025-07-16 11:17:29.522394
2025-07-16,93681,2025071601002529,TPC,Sewa Securities Pvt. Ltd.,Sani Securities Company Ltd.,50,384.5,19225.0,2025-07-16 11:17:29.522436
2025-07-16,93680,2025071601002530,TPC,Cristal Kanchanjanga Securites Pvt. Ltd.,Sani Securities Company Ltd.,200,384.1,76820.0,2025-07-16 11:17:29.522470
2025-07-16,93679,2025071601002531,TPC,Sewa Securities Pvt. Ltd.,Sani Securities Company Ltd.,50,384.0,19200.0,2025-07-16 11:17:29.522503
2025-07-16,93578,2025071601002572,TPC,Dipshikha Dhitopatra Karobar Co. Pvt Ltd.,Sani Securities Company Ltd.,500,384.0,192000.0,2025-07-16 11:17:47.847371
2025-07-16,93255,2025071601002666,TPC,Vision Securities Pvt. Ltd,Sani Securities Company Ltd.,55,383.1,21070.5,2025-07-16 11:18:46.431201
2025-07-16,93254,2025071601002667,TPC,Sewa Securities Pvt. Ltd.,Sani Securities Company Ltd.,100,383.0,38300.0,2025-07-16 11:18:46.431358
2025-07-16,93219,2025071601002680,TPC,Premier Securities Company Ltd.,Sani Securities Company Ltd.,98,383.0,37534.0,2025-07-16 11:18:53.738214
2025-07-16,93153,2025071601002704,TPC,Premier Securities Company Ltd.,Trisul Securities & Invt. Ltd.,155,383.0,59365.0,2025-07-16 11:19:10.033622
2025-07-16,93152,2025071601002705,TPC,Cristal Kanchanjanga Securites Pvt. Ltd.,Trisul Securities & Invt. Ltd.,300,382.1,114630.0,2025-07-16 11:19:10.033672
2025-07-16,93151,2025071601002706,TPC,Malla & Malla Stock Broking Company Pvt. Limited,Trisul Securities & Invt. Ltd.,500,382.0,191000.0,2025-07-16 11:19:10.033694
2025-07-16,93150,2025071601002707,TPC,Sumeru Securities Pvt. Ltd.,Trisul Securities & Invt. Ltd.,75,381.1,28582.5,2025-07-16 11:19:10.033718
2025-07-16,93041,2025071601002735,TPC,Sumeru Securities Pvt. Ltd.,Sani Securities Company Ltd.,35,381.1,13338.5,2025-07-16 11:19:30.901949
2025-07-16,92411,2025071601002948,TPC,Premier Securities Company Ltd.,Naasa Securities Co. Ltd.,247,381.8,94304.6,2025-07-16 11:21:26.293504
2025-07-16,92410,2025071601002949,TPC,Cristal Kanchanjanga Securites Pvt. Ltd.,Naasa Securities Co. Ltd.,200,381.7,76340.0,2025-07-16 11:21:26.293577
2025-07-16,92409,2025071601002950,TPC,Sweta Securities Private Limited,Naasa Securities Co. Ltd.,53,381.5,20219.5,2025-07-16 11:21:26.293614
2025-07-16,91578,2025071601003248,TPC,Kohinoor Investment & Securities Pvt. Ltd.,Ashutosh Brokerage & Securities (PVT) Ltd.,70,384.5,26915.0,2025-07-16 11:23:37.600202
2025-07-16,91486,2025071601003270,TPC,Hatemalo Financial Services Private Limited,Ashutosh Brokerage & Securities (PVT) Ltd.,980,384.5,376810.0,2025-07-16 11:23:49.228120
2025-07-16,91343,2025071601003327,TPC,Sweta Securities Private Limited,Imperial Securities Company Pvt. Ltd.,173,385.0,66605.0,2025-07-16 11:24:16.356329
2025-07-16,91342,2025071601003328,TPC,Sweta Securities Private Limited,Opal Securities Investment (PVT) Ltd.,40,385.0,15400.0,2025-07-16 11:24:16.356426
2025-07-16,90152,2025071601003700,TPC,Malla & Malla Stock Broking Company Pvt. Limited,Imperial Securities Company Pvt. Ltd.,14,388.0,5432.0,2025-07-16 11:27:25.918163
2025-07-16,88300,2025071601004390,TPC,Hatemalo Financial Services Private Limited,Siprabi Securities Pvt. Ltd.,10,385.1,3851.0,2025-07-16 11:32:00.373052
2025-07-16,88167,2025071601004444,TPC,Kalika Securities Pvt. Ltd.,Vision Securities Pvt. Ltd,10,389.0,3890.0,2025-07-16 11:32:13.620433
2025-07-16,84980,2025071601005768,TPC,Midas Stock Broking Company Private Limited,Imperial Securities Company Pvt. Ltd.,86,388.9,33445.4,2025-07-16 11:39:58.478291
2025-07-16,84979,2025071601005769,TPC,Midas Stock Broking Company Private Limited,Vision Securities Pvt. Ltd,45,389.0,17505.0,2025-07-16 11:39:58.478396
2025-07-16,84978,2025071601005770,TPC,Midas Stock Broking Company Private Limited,Ashutosh Brokerage & Securities (PVT) Ltd.,169,389.0,65741.0,2025-07-16 11:39:58.478448
2025-07-16,84889,2025071601005820,TPC,Sani Securities Company Ltd.,Ashutosh Brokerage & Securities (PVT) Ltd.,300,389.0,116700.0,2025-07-16 11:40:12.292717
2025-07-16,84444,2025071601005989,TPC,Hatemalo Financial Services Private Limited,Ashutosh Brokerage & Securities (PVT) Ltd.,581,389.0,226009.0,2025-07-16 11:41:07.310652
2025-07-16,84088,2025071601006170,TPC,Online Securities Pvt. Ltd.,Neev Securities Pvt. Ltd.,10,389.9,3899.0,2025-07-16 11:41:51.596888
2025-07-16,84087,2025071601006171,TPC,Online Securities Pvt. Ltd.,Oxford Securities Pvt. Ltd.,20,390.0,7800.0,2025-07-16 11:41:51.596992
2025-07-16,84086,2025071601006172,TPC,Online Securities Pvt. Ltd.,Sani Securities Company Ltd.,10,392.7,3927.0,2025-07-16 11:41:51.597055
2025-07-16,82523,2025071601006918,TPC,Sani Securities Company Ltd.,Trishakti Securities Public Limited,300,392.0,117600.0,2025-07-16 11:44:52.116550
2025-07-16,79894,2025071601007921,TPC,Aryatara Investment & Securities,Asian Securities Private Ltd.,10,389.1,3891.0,2025-07-16 11:50:48.890297
2025-07-16,79789,2025071601007966,TPC,Citizens Share Broker Limited,Trishakti Securities Public Limited,100,392.0,39200.0,2025-07-16 11:51:03.886561
2025-07-16,77083,2025071601008960,TPC,Imperial Securities Company Pvt. Ltd.,Online Securities Pvt. Ltd.,100,390.0,39000.0,2025-07-16 11:58:13.919966
2025-07-16,75745,2025071601009442,TPC,Hatemalo Financial Services Private Limited,Trishakti Securities Public Limited,100,390.1,39010.0,2025-07-16 12:01:35.061185
2025-07-16,75448,2025071601009581,TPC,Hatemalo Financial Services Private Limited,Aryatara Investment & Securities,153,390.1,59685.3,2025-07-16 12:02:22.072718
2025-07-16,75376,2025071601009608,TPC,Hatemalo Financial Services Private Limited,Sani Securities Company Ltd.,156,390.1,60855.6,2025-07-16 12:02:34.604921
2025-07-16,75375,2025071601009609,TPC,Sani Securities Company Ltd.,Sani Securities Company Ltd.,84,390.0,32760.0,2025-07-16 12:02:34.605048
2025-07-16,75225,2025071601009675,TPC,Sani Securities Company Ltd.,Elite Stock House Limited,66,390.0,25740.0,2025-07-16 12:02:54.820600
2025-07-16,74563,2025071601009955,TPC,Aryatara Investment & Securities,Sani Securities Company Ltd.,50,389.1,19455.0,2025-07-16 12:04:30.673478
2025-07-16,74427,2025071601010022,TPC,Aryatara Investment & Securities,Machhapuchchhre Securities Limited,10,389.1,3891.0,2025-07-16 12:04:50.123809
2025-07-16,74144,2025071601010107,TPC,Hatemalo Financial Services Private Limited,Cristal Kanchanjanga Securites Pvt. Ltd.,20,389.9,7798.0,2025-07-16 12:05:34.015054
2025-07-16,74135,2025071601010109,TPC,Dipshikha Dhitopatra Karobar Co. Pvt Ltd.,Cristal Kanchanjanga Securites Pvt. Ltd.,80,389.9,31192.0,2025-07-16 12:05:35.908435
2025-07-16,73639,2025071601010229,TPC,Dipshikha Dhitopatra Karobar Co. Pvt Ltd.,Cristal Kanchanjanga Securites Pvt. Ltd.,20,389.9,7798.0,2025-07-16 12:06:44.995160
2025-07-16,73271,2025071601010383,TPC,Dipshikha Dhitopatra Karobar Co. Pvt Ltd.,Cristal Kanchanjanga Securites Pvt. Ltd.,80,389.9,31192.0,2025-07-16 12:07:46.108179
2025-07-16,73067,2025071601010463,TPC,Imperial Securities Company Pvt. Ltd.,Elite Stock House Limited,900,390.0,351000.0,2025-07-16 12:08:25.509353
2025-07-16,72535,2025071601010670,TPC,Dipshikha Dhitopatra Karobar Co. Pvt Ltd.,Elite Stock House Limited,20,390.0,7800.0,2025-07-16 12:10:00.460003
2025-07-16,71373,2025071601011163,TPC,Aryatara Investment & Securities,Elite Stock House Limited,14,389.1,5447.4,2025-07-16 12:13:29.243418
2025-07-16,71037,2025071601011279,TPC,Kalika Securities Pvt. Ltd.,Online Securities Pvt. Ltd.,10,390.0,3900.0,2025-07-16 12:14:29.529592
2025-07-16,71036,2025071601011280,TPC,Kalika Securities Pvt. Ltd.,J.F. Securites (PVT) Ltd.,100,390.0,39000.0,2025-07-16 12:14:29.529791
2025-07-16,71035,2025071601011281,TPC,Kalika Securities Pvt. Ltd.,K.B.L. Securities Limited ,90,390.0,35100.0,2025-07-16 12:14:29.529913
2025-07-16,70819,2025071601011367,TPC,Capital Max Securities Ltd,K.B.L. Securities Limited ,30,390.0,11700.0,2025-07-16 12:15:12.293443
2025-07-16,70616,2025071601011457,TPC,Online Securities Pvt. Ltd.,K.B.L. Securities Limited ,10,390.0,3900.0,2025-07-16 12:15:59.234432
2025-07-16,70448,2025071601011505,TPC,Aryatara Investment & Securities,Imperial Securities Company Pvt. Ltd.,16,389.1,6225.6,2025-07-16 12:16:40.135400
2025-07-16,70166,2025071601011641,TPC,ABC Securities Private Limited,Imperial Securities Company Pvt. Ltd.,274,389.1,106613.4,2025-07-16 12:17:26.581021
2025-07-16,70155,2025071601011642,TPC,Trishakti Securities Public Limited,K.B.L. Securities Limited ,30,390.0,11700.0,2025-07-16 12:17:28.007928
2025-07-16,69982,2025071601011717,TPC,Sri Hari Securities Pvt. Ltd.,K.B.L. Securities Limited ,840,390.0,327600.0,2025-07-16 12:18:11.828930
2025-07-16,69769,2025071601011811,TPC,Imperial Securities Company Pvt. Ltd.,Online Securities Pvt. Ltd.,10,390.1,3901.0,2025-07-16 12:18:46.464510
2025-07-16,69130,2025071601012054,TPC,South Asian Bulls Pvt. Ltd.,Cristal Kanchanjanga Securites Pvt. Ltd.,100,391.8,39180.0,2025-07-16 12:20:55.308698
2025-07-16,68992,2025071601012117,TPC,Sri Hari Securities Pvt. Ltd.,Sani Securities Company Ltd.,250,391.9,97975.0,2025-07-16 12:21:34.201192
2025-07-16,68991,2025071601012118,TPC,Sri Hari Securities Pvt. Ltd.,Kalika Securities Pvt. Ltd.,100,392.0,39200.0,2025-07-16 12:21:34.201281
2025-07-16,67954,2025071601012556,TPC,Vision Securities Pvt. Ltd,Kalika Securities Pvt. Ltd.,85,391.1,33243.5,2025-07-16 12:24:49.932496
2025-07-16,66656,2025071601013002,TPC,South Asian Bulls Pvt. Ltd.,SUN SECURITIES PVT LTD,410,392.0,160720.0,2025-07-16 12:29:10.857429
2025-07-16,66533,2025071601013064,TPC,Vision Securities Pvt. Ltd,SUN SECURITIES PVT LTD,580,392.0,227360.0,2025-07-16 12:29:34.974056
2025-07-16,65917,2025071601013349,TPC,ABC Securities Private Limited,SUN SECURITIES PVT LTD,226,392.0,88592.0,2025-07-16 12:31:31.436850
2025-07-16,64395,2025071601013984,TPC,Himalayan Brokerage Company Limited,SUN SECURITIES PVT LTD,774,392.0,303408.0,2025-07-16 12:35:25.876929
2025-07-16,63940,2025071601014154,TPC,Himalayan Brokerage Company Limited,SUN SECURITIES PVT LTD,226,392.0,88592.0,2025-07-16 12:36:48.764344
2025-07-16,63515,2025071601014357,TPC,Kohinoor Investment & Securities Pvt. Ltd.,Linch Stock Market Ltd.,41,391.4,16047.4,2025-07-16 12:37:48.465878
2025-07-16,63514,2025071601014358,TPC,Vision Securities Pvt. Ltd,Linch Stock Market Ltd.,459,391.3,179606.7,2025-07-16 12:37:48.466004
2025-07-16,63480,2025071601014383,TPC,Bhrikuti Stock Broking Co. Pvt. Ltd.,SUN SECURITIES PVT LTD,110,392.0,43120.0,2025-07-16 12:37:55.383671
2025-07-16,63412,2025071601014414,TPC,Vision Securities Pvt. Ltd,Vision Securities Pvt. Ltd,41,391.3,16043.3,2025-07-16 12:38:08.713556
2025-07-16,63411,2025071601014415,TPC,Vision Securities Pvt. Ltd,Vision Securities Pvt. Ltd,415,391.1,162306.5,2025-07-16 12:38:08.713746
2025-07-16,62961,2025071601014612,TPC,Trishakti Securities Public Limited,Vision Securities Pvt. Ltd,44,391.1,17208.4,2025-07-16 12:39:18.234711
2025-07-16,62960,2025071601014613,TPC,Trishakti Securities Public Limited,SUN SECURITIES PVT LTD,156,392.0,61152.0,2025-07-16 12:39:18.234879
2025-07-16,62952,2025071601014616,TPC,Bhrikuti Stock Broking Co. Pvt. Ltd.,SUN SECURITIES PVT LTD,200,392.0,78400.0,2025-07-16 12:39:21.018306
2025-07-16,62847,2025071601014662,TPC,Sweta Securities Private Limited,SUN SECURITIES PVT LTD,108,392.0,42336.0,2025-07-16 12:39:38.099485
2025-07-16,62789,2025071601014688,TPC,ABC Securities Private Limited,Thrive Brokerage House Pvt. Ltd,500,390.8,195400.0,2025-07-16 12:39:49.206862
2025-07-16,62788,2025071601014689,TPC,Sri Hari Securities Pvt. Ltd.,Thrive Brokerage House Pvt. Ltd,200,390.8,78160.0,2025-07-16 12:39:49.207056
2025-07-16,62787,2025071601014690,TPC,Vision Securities Pvt. Ltd,Thrive Brokerage House Pvt. Ltd,500,390.7,195350.0,2025-07-16 12:39:49.207119
2025-07-16,62786,2025071601014691,TPC,Himalayan Brokerage Company Limited,Thrive Brokerage House Pvt. Ltd,1000,390.6,390600.0,2025-07-16 12:39:49.207200
2025-07-16,61771,2025071601015151,TPC,Naasa Securities Co. Ltd.,Investment Management Nepal Pvt. Ltd.,30,392.5,11775.0,2025-07-16 12:42:41.824845
2025-07-16,61770,2025071601015152,TPC,Naasa Securities Co. Ltd.,Kumari Securities Private Limited,25,392.8,9820.0,2025-07-16 12:42:41.824964
2025-07-16,61769,2025071601015153,TPC,Naasa Securities Co. Ltd.,Cristal Kanchanjanga Securites Pvt. Ltd.,10,393.0,3930.0,2025-07-16 12:42:41.825052
2025-07-16,61768,2025071601015154,TPC,Naasa Securities Co. Ltd.,Pragyan Securities (PVT) Ltd.,20,393.0,7860.0,2025-07-16 12:42:41.825109
2025-07-16,61767,2025071601015155,TPC,Naasa Securities Co. Ltd.,Aryatara Investment & Securities,15,394.0,5910.0,2025-07-16 12:42:41.825171
2025-07-16,60744,2025071601015588,TPC,Vision Securities Pvt. Ltd,Naasa Securities Co. Ltd.,10,391.3,3913.0,2025-07-16 12:45:21.772764
2025-07-16,60503,2025071601015665,TPC,Online Securities Pvt. Ltd.,Vision Securities Pvt. Ltd,500,392.7,196350.0,2025-07-16 12:46:05.744363
2025-07-16,60124,2025071601015782,TPC,Vision Securities Pvt. Ltd,Oxford Securities Pvt. Ltd.,29,391.3,11347.7,2025-07-16 12:47:00.605969
2025-07-16,59812,2025071601015870,TPC,Vision Securities Pvt. Ltd,SUN SECURITIES PVT LTD,100,392.0,39200.0,2025-07-16 12:47:55.282903
2025-07-16,59709,2025071601015887,TPC,Online Securities Pvt. Ltd.,SUN SECURITIES PVT LTD,230,392.0,90160.0,2025-07-16 12:48:11.895681
2025-07-16,59596,2025071601015944,TPC,Sani Securities Company Ltd.,Trishakti Securities Public Limited,100,391.4,39140.0,2025-07-16 12:48:32.185823
2025-07-16,59595,2025071601015945,TPC,Vision Securities Pvt. Ltd,Trishakti Securities Public Limited,461,391.3,180389.3,2025-07-16 12:48:32.185861
2025-07-16,59594,2025071601015946,TPC,Miyo Securities Pvt Ltd,Trishakti Securities Public Limited,39,391.2,15256.8,2025-07-16 12:48:32.185887
2025-07-16,59319,2025071601016041,TPC,Miyo Securities Pvt Ltd,R.B.B. Securities Company Ltd,300,391.2,117360.0,2025-07-16 12:49:18.580188
2025-07-16,59237,2025071601016059,TPC,Miyo Securities Pvt Ltd,Deevyaa Securities & Stock House Pvt. Ltd,61,391.2,23863.2,2025-07-16 12:49:34.103665
2025-07-16,59236,2025071601016060,TPC,Agrawal Securities (PVT) Ltd.,Deevyaa Securities & Stock House Pvt. Ltd,64,391.0,25024.0,2025-07-16 12:49:34.103784
2025-07-16,58580,2025071601016333,TPC,Neev Securities Pvt. Ltd.,SUN SECURITIES PVT LTD,10,392.0,3920.0,2025-07-16 12:51:35.537880
2025-07-16,58539,2025071601016351,TPC,Agrawal Securities (PVT) Ltd.,Kalika Securities Pvt. Ltd.,10,391.0,3910.0,2025-07-16 12:51:47.465933
2025-07-16,57999,2025071601016607,TPC,Vision Securities Pvt. Ltd,R.B.B. Securities Company Ltd,50,391.1,19555.0,2025-07-16 12:53:42.285432
2025-07-16,57998,2025071601016608,TPC,Sri Hari Securities Pvt. Ltd.,R.B.B. Securities Company Ltd,30,391.0,11730.0,2025-07-16 12:53:42.285659
2025-07-16,57997,2025071601016609,TPC,Agrawal Securities (PVT) Ltd.,R.B.B. Securities Company Ltd,170,391.0,66470.0,2025-07-16 12:53:42.285794
2025-07-16,57863,2025071601016665,TPC,Agrawal Securities (PVT) Ltd.,Imperial Securities Company Pvt. Ltd.,50,391.0,19550.0,2025-07-16 12:54:02.112868
2025-07-16,57795,2025071601016689,TPC,Neev Securities Pvt. Ltd.,SUN SECURITIES PVT LTD,100,392.0,39200.0,2025-07-16 12:54:11.408619
2025-07-16,57766,2025071601016702,TPC,Vision Securities Pvt. Ltd,R.B.B. Securities Company Ltd,140,390.7,54698.0,2025-07-16 12:54:22.871909
2025-07-16,57597,2025071601016786,TPC,Neev Securities Pvt. Ltd.,SUN SECURITIES PVT LTD,10,392.0,3920.0,2025-07-16 12:54:54.629350
2025-07-16,57481,2025071601016824,TPC,Neev Securities Pvt. Ltd.,SUN SECURITIES PVT LTD,10,392.0,3920.0,2025-07-16 12:55:19.781609
2025-07-16,56618,2025071601017109,TPC,Dakshinkali Investment & Securities Pvt. Ltd.,Naasa Securities Co. Ltd.,350,391.1,136885.0,2025-07-16 12:58:20.457042
2025-07-16,55892,2025071601017406,TPC,Himalayan Brokerage Company Limited,SUN SECURITIES PVT LTD,40,392.0,15680.0,2025-07-16 12:59:59.873959
2025-07-16,55744,2025071601017479,TPC,Himalayan Brokerage Company Limited,Imperial Securities Company Pvt. Ltd.,50,392.0,19600.0,2025-07-16 13:00:22.595155
2025-07-16,53996,2025071601018040,TPC,Sani Securities Company Ltd.,ABC Securities Private Limited,100,393.0,39300.0,2025-07-16 13:05:45.087801
2025-07-16,53995,2025071601018041,TPC,Sani Securities Company Ltd.,Aryatara Investment & Securities,10,393.0,3930.0,2025-07-16 13:05:45.088043
2025-07-16,53753,2025071601018148,TPC,Himalayan Brokerage Company Limited,Miyo Securities Pvt Ltd,410,392.0,160720.0,2025-07-16 13:06:40.299066
2025-07-16,53752,2025071601018149,TPC,Dakshinkali Investment & Securities Pvt. Ltd.,Miyo Securities Pvt Ltd,150,391.1,58665.0,2025-07-16 13:06:40.299183
2025-07-16,53751,2025071601018150,TPC,Agrawal Securities (PVT) Ltd.,Miyo Securities Pvt Ltd,116,391.1,45367.6,2025-07-16 13:06:40.299267
2025-07-16,53750,2025071601018151,TPC,Sundhara Securities Limited,Miyo Securities Pvt Ltd,500,391.1,195550.0,2025-07-16 13:06:40.299344
2025-07-16,53749,2025071601018152,TPC,Naasa Securities Co. Ltd.,Miyo Securities Pvt Ltd,6824,391.0,2668184.0,2025-07-16 13:06:40.299419
2025-07-16,53095,2025071601018379,TPC,Bhrikuti Stock Broking Co. Pvt. Ltd.,Sundhara Securities Limited,10,391.1,3911.0,2025-07-16 13:08:49.336644
2025-07-16,51343,2025071601019036,TPC,Vision Securities Pvt. Ltd,Naasa Securities Co. Ltd.,100,392.0,39200.0,2025-07-16 13:13:25.070972
2025-07-16,51342,2025071601019037,TPC,Investment Management Nepal Pvt. Ltd.,Naasa Securities Co. Ltd.,1000,391.6,391600.0,2025-07-16 13:13:25.071230
2025-07-16,51341,2025071601019038,TPC,Sundhara Securities Limited,Naasa Securities Co. Ltd.,150,391.6,58740.0,2025-07-16 13:13:25.071376
2025-07-16,50610,2025071601019242,TPC,Sani Securities Company Ltd.,Imperial Securities Company Pvt. Ltd.,20,392.0,7840.0,2025-07-16 13:15:15.622189
2025-07-16,49524,2025071601019534,TPC,Sani Securities Company Ltd.,Bhrikuti Stock Broking Co. Pvt. Ltd.,100,392.0,39200.0,2025-07-16 13:17:58.811192
2025-07-16,49059,2025071601019673,TPC,Sani Securities Company Ltd.,Bhrikuti Stock Broking Co. Pvt. Ltd.,28,393.0,11004.0,2025-07-16 13:19:14.104131
2025-07-16,48979,2025071601019706,TPC,Market Securities & Exchange (PVT) Ltd.,Aryatara Investment & Securities,20,393.9,7878.0,2025-07-16 13:19:30.951883
2025-07-16,48978,2025071601019707,TPC,Market Securities & Exchange (PVT) Ltd.,Imperial Securities Company Pvt. Ltd.,1000,393.9,393900.0,2025-07-16 13:19:30.952016
2025-07-16,48744,2025071601019806,TPC,Vision Securities Pvt. Ltd,Aryatara Investment & Securities,200,394.0,78800.0,2025-07-16 13:20:15.114280
2025-07-16,48372,2025071601019903,TPC,Sani Securities Company Ltd.,Aryatara Investment & Securities,285,394.0,112290.0,2025-07-16 13:21:17.990749
2025-07-16,48371,2025071601019904,TPC,Sani Securities Company Ltd.,Kalika Securities Pvt. Ltd.,15,394.0,5910.0,2025-07-16 13:21:17.990897
2025-07-16,48202,2025071601019937,TPC,Primo Securities (PVT) Ltd.,Kalika Securities Pvt. Ltd.,85,394.0,33490.0,2025-07-16 13:21:52.215969
2025-07-16,47252,2025071601020262,TPC,Naasa Securities Co. Ltd.,Nagarik Stock Dealer ,160,394.5,63120.0,2025-07-16 13:24:49.898156
2025-07-16,47251,2025071601020263,TPC,Primo Securities (PVT) Ltd.,Nagarik Stock Dealer ,15,394.0,5910.0,2025-07-16 13:24:49.898325
2025-07-16,47250,2025071601020264,TPC,Kumari Securities Private Limited,Nagarik Stock Dealer ,220,394.0,86680.0,2025-07-16 13:24:49.898512
2025-07-16,46438,2025071601020450,TPC,Online Securities Pvt. Ltd.,Nagarik Stock Dealer ,105,394.0,41370.0,2025-07-16 13:27:06.948242
2025-07-16,46437,2025071601020451,TPC,Online Securities Pvt. Ltd.,Premier Securities Company Ltd.,30,394.0,11820.0,2025-07-16 13:27:06.948539
2025-07-16,46228,2025071601020510,TPC,Online Securities Pvt. Ltd.,Naasa Securities Co. Ltd.,45,394.0,17730.0,2025-07-16 13:27:45.776146
2025-07-16,46227,2025071601020511,TPC,Sani Securities Company Ltd.,Naasa Securities Co. Ltd.,272,392.5,106760.0,2025-07-16 13:27:45.776274
2025-07-16,46226,2025071601020512,TPC,Secured Securities Ltd.,Naasa Securities Co. Ltd.,255,392.3,100036.5,2025-07-16 13:27:45.776327
2025-07-16,46225,2025071601020513,TPC,Dakshinkali Investment & Securities Pvt. Ltd.,Naasa Securities Co. Ltd.,500,392.2,196100.0,2025-07-16 13:27:45.776378
2025-07-16,46224,2025071601020514,TPC,Sundhara Securities Limited,Naasa Securities Co. Ltd.,28,392.2,10981.6,2025-07-16 13:27:45.776431
2025-07-16,45638,2025071601020703,TPC,Malla & Malla Stock Broking Company Pvt. Limited,Cristal Kanchanjanga Securites Pvt. Ltd.,50,394.9,19745.0,2025-07-16 13:29:29.339867
2025-07-16,45486,2025071601020740,TPC,ABC Securities Private Limited,Naasa Securities Co. Ltd.,100,392.3,39230.0,2025-07-16 13:29:59.795161
2025-07-16,45485,2025071601020741,TPC,Sundhara Securities Limited,Naasa Securities Co. Ltd.,200,392.2,78440.0,2025-07-16 13:29:59.795300
2025-07-16,45466,2025071601020749,TPC,Sundhara Securities Limited,SUN SECURITIES PVT LTD,800,392.2,313760.0,2025-07-16 13:30:03.152251
2025-07-16,45152,2025071601020866,TPC,Primo Securities (PVT) Ltd.,SUN SECURITIES PVT LTD,100,392.1,39210.0,2025-07-16 13:31:08.408339
2025-07-16,45151,2025071601020867,TPC,Vision Securities Pvt. Ltd,SUN SECURITIES PVT LTD,80,392.0,31360.0,2025-07-16 13:31:08.408468
2025-07-16,45042,2025071601020911,TPC,Asian Securities Private Ltd.,SUN SECURITIES PVT LTD,150,391.3,58695.0,2025-07-16 13:31:26.458124
2025-07-16,45041,2025071601020912,TPC,Linch Stock Market Ltd.,SUN SECURITIES PVT LTD,500,391.2,195600.0,2025-07-16 13:31:26.458244
2025-07-16,45040,2025071601020913,TPC,Bhrikuti Stock Broking Co. Pvt. Ltd.,SUN SECURITIES PVT LTD,30,391.1,11733.0,2025-07-16 13:31:26.458293
2025-07-16,45039,2025071601020914,TPC,Pragyan Securities (PVT) Ltd.,SUN SECURITIES PVT LTD,300,391.0,117300.0,2025-07-16 13:31:26.458357
2025-07-16,45038,2025071601020915,TPC,Vision Securities Pvt. Ltd,SUN SECURITIES PVT LTD,440,390.7,171908.0,2025-07-16 13:31:26.458407
2025-07-16,44899,2025071601020982,TPC,Vision Securities Pvt. Ltd,SUN SECURITIES PVT LTD,220,390.7,85954.0,2025-07-16 13:31:48.522214
2025-07-16,44898,2025071601020983,TPC,Sundhara Securities Limited,SUN SECURITIES PVT LTD,384,390.6,149990.4,2025-07-16 13:31:48.522326
2025-07-16,44897,2025071601020984,TPC,Vision Securities Pvt. Ltd,SUN SECURITIES PVT LTD,500,390.5,195250.0,2025-07-16 13:31:48.522374
2025-07-16,44896,2025071601020985,TPC,Agrawal Securities (PVT) Ltd.,SUN SECURITIES PVT LTD,500,390.5,195250.0,2025-07-16 13:31:48.522420
2025-07-16,44895,2025071601020986,TPC,Midas Stock Broking Company Private Limited,SUN SECURITIES PVT LTD,300,390.0,117000.0,2025-07-16 13:31:48.522466
2025-07-16,44894,2025071601020987,TPC,Bhrikuti Stock Broking Co. Pvt. Ltd.,SUN SECURITIES PVT LTD,1096,390.0,427440.0,2025-07-16 13:31:48.522511
2025-07-16,40299,2025071601022372,TPC,Imperial Securities Company Pvt. Ltd.,SUN SECURITIES PVT LTD,100,391.0,39100.0,2025-07-16 13:44:40.274701
2025-07-16,40298,2025071601022373,TPC,Bhrikuti Stock Broking Co. Pvt. Ltd.,SUN SECURITIES PVT LTD,500,390.2,195100.0,2025-07-16 13:44:40.274934
2025-07-16,40297,2025071601022374,TPC,Agrawal Securities (PVT) Ltd.,SUN SECURITIES PVT LTD,1000,390.1,390100.0,2025-07-16 13:44:40.275096
2025-07-16,40296,2025071601022375,TPC,ABC Securities Private Limited,SUN SECURITIES PVT LTD,100,390.0,39000.0,2025-07-16 13:44:40.275230
2025-07-16,40295,2025071601022376,TPC,Vision Securities Pvt. Ltd,SUN SECURITIES PVT LTD,100,390.0,39000.0,2025-07-16 13:44:40.275349
2025-07-16,40294,2025071601022377,TPC,Imperial Securities Company Pvt. Ltd.,SUN SECURITIES PVT LTD,84,390.0,32760.0,2025-07-16 13:44:40.275476
2025-07-16,40293,2025071601022378,TPC,Sundhara Securities Limited,SUN SECURITIES PVT LTD,616,390.0,240240.0,2025-07-16 13:44:40.275601
2025-07-16,39791,2025071601022543,TPC,ABC Securities Private Limited,SUN SECURITIES PVT LTD,250,390.5,97625.0,2025-07-16 13:46:02.659349
2025-07-16,39790,2025071601022544,TPC,Sundhara Securities Limited,SUN SECURITIES PVT LTD,250,390.0,97500.0,2025-07-16 13:46:02.659569
2025-07-16,39110,2025071601022724,TPC,KALASH STOCK MARKET PVT. LTD.,SUN SECURITIES PVT LTD,1000,390.1,390100.0,2025-07-16 13:47:34.022030
2025-07-16,37731,2025071601023102,TPC,Sani Securities Company Ltd.,Sani Securities Company Ltd.,100,389.3,38930.0,2025-07-16 13:51:08.411487
2025-07-16,37436,2025071601023207,TPC,Sani Securities Company Ltd.,N.M.B. SECURITIES LIMITED,150,389.4,58410.0,2025-07-16 13:51:51.530719
2025-07-16,37435,2025071601023208,TPC,Cristal Kanchanjanga Securites Pvt. Ltd.,N.M.B. SECURITIES LIMITED,1000,389.3,389300.0,2025-07-16 13:51:51.530843
2025-07-16,37434,2025071601023209,TPC,Oxford Securities Pvt. Ltd.,N.M.B. SECURITIES LIMITED,41,389.2,15957.2,2025-07-16 13:51:51.530894
2025-07-16,37433,2025071601023210,TPC,Vision Securities Pvt. Ltd,N.M.B. SECURITIES LIMITED,500,389.1,194550.0,2025-07-16 13:51:51.530943
2025-07-16,37432,2025071601023211,TPC,ABC Securities Private Limited,N.M.B. SECURITIES LIMITED,100,389.1,38910.0,2025-07-16 13:51:51.530997
2025-07-16,37431,2025071601023212,TPC,KALASH STOCK MARKET PVT. LTD.,N.M.B. SECURITIES LIMITED,1000,389.1,389100.0,2025-07-16 13:51:51.531053
2025-07-16,37430,2025071601023213,TPC,Vision Securities Pvt. Ltd,N.M.B. SECURITIES LIMITED,500,389.1,194550.0,2025-07-16 13:51:51.531101
2025-07-16,37429,2025071601023214,TPC,Naasa Securities Co. Ltd.,N.M.B. SECURITIES LIMITED,50,389.0,19450.0,2025-07-16 13:51:51.531145
2025-07-16,37428,2025071601023215,TPC,Naasa Securities Co. Ltd.,N.M.B. SECURITIES LIMITED,24,388.0,9312.0,2025-07-16 13:51:51.531199
2025-07-16,37427,2025071601023216,TPC,Bhrikuti Stock Broking Co. Pvt. Ltd.,N.M.B. SECURITIES LIMITED,404,388.0,156752.0,2025-07-16 13:51:51.531247
2025-07-16,36507,2025071601023541,TPC,Online Securities Pvt. Ltd.,R.B.B. Securities Company Ltd,50,387.3,19365.0,2025-07-16 13:54:12.648644
2025-07-16,36506,2025071601023542,TPC,Naasa Securities Co. Ltd.,R.B.B. Securities Company Ltd,450,387.1,174195.0,2025-07-16 13:54:12.648899
2025-07-16,35216,2025071601023992,TPC,Naasa Securities Co. Ltd.,R.B.B. Securities Company Ltd,50,387.1,19355.0,2025-07-16 13:57:08.147724
2025-07-16,35215,2025071601023993,TPC,Naasa Securities Co. Ltd.,R.B.B. Securities Company Ltd,70,387.0,27090.0,2025-07-16 13:57:08.147864
2025-07-16,35214,2025071601023994,TPC,Imperial Securities Company Pvt. Ltd.,R.B.B. Securities Company Ltd,50,387.0,19350.0,2025-07-16 13:57:08.147933
2025-07-16,34941,2025071601024062,TPC,Imperial Securities Company Pvt. Ltd.,R.B.B. Securities Company Ltd,49,387.0,18963.0,2025-07-16 13:57:40.268921
2025-07-16,34788,2025071601024125,TPC,Linch Stock Market Ltd.,R.B.B. Securities Company Ltd,500,386.0,193000.0,2025-07-16 13:58:05.372186
2025-07-16,34787,2025071601024126,TPC,Sewa Securities Pvt. Ltd.,R.B.B. Securities Company Ltd,200,386.0,77200.0,2025-07-16 13:58:05.372399
2025-07-16,34488,2025071601024214,TPC,KALASH STOCK MARKET PVT. LTD.,N.M.B. SECURITIES LIMITED,300,388.0,116400.0,2025-07-16 13:59:04.018538
2025-07-16,34284,2025071601024294,TPC,Cristal Kanchanjanga Securites Pvt. Ltd.,R.B.B. Securities Company Ltd,350,387.0,135450.0,2025-07-16 13:59:34.652400
2025-07-16,33453,2025071601024629,TPC,Investment Management Nepal Pvt. Ltd.,R.B.B. Securities Company Ltd,800,385.8,308640.0,2025-07-16 14:02:00.725904
2025-07-16,32780,2025071601024933,TPC,Sweta Securities Private Limited,Online Securities Pvt. Ltd.,10,386.0,3860.0,2025-07-16 14:03:41.815474
2025-07-16,31506,2025071601025424,TPC,Sumeru Securities Pvt. Ltd.,Naasa Securities Co. Ltd.,10,386.2,3862.0,2025-07-16 14:07:24.220064
2025-07-16,31347,2025071601025478,TPC,Online Securities Pvt. Ltd.,N.M.B. SECURITIES LIMITED,270,388.0,104760.0,2025-07-16 14:07:56.347448
2025-07-16,29987,2025071601025984,TPC,Linch Stock Market Ltd.,Naasa Securities Co. Ltd.,10,386.5,3865.0,2025-07-16 14:12:07.565390
2025-07-16,29450,2025071601026151,TPC,Investment Management Nepal Pvt. Ltd.,Dipshikha Dhitopatra Karobar Co. Pvt Ltd.,150,387.9,58185.0,2025-07-16 14:13:40.203794
2025-07-16,29269,2025071601026206,TPC,Investment Management Nepal Pvt. Ltd.,Citizens Share Broker Limited,200,386.7,77340.0,2025-07-16 14:14:08.878019
2025-07-16,29268,2025071601026207,TPC,Sumeru Securities Pvt. Ltd.,Citizens Share Broker Limited,290,386.6,112114.0,2025-07-16 14:14:08.878164
2025-07-16,29267,2025071601026208,TPC,Linch Stock Market Ltd.,Citizens Share Broker Limited,510,386.5,197115.0,2025-07-16 14:14:08.878219
2025-07-16,28983,2025071601026316,TPC,J.F. Securites (PVT) Ltd.,Citizens Share Broker Limited,500,387.0,193500.0,2025-07-16 14:14:56.847245
2025-07-16,28777,2025071601026384,TPC,Investment Management Nepal Pvt. Ltd.,N.M.B. SECURITIES LIMITED,400,388.0,155200.0,2025-07-16 14:15:28.960570
2025-07-16,28706,2025071601026412,TPC,Malla & Malla Stock Broking Company Pvt. Limited,N.M.B. SECURITIES LIMITED,10,388.0,3880.0,2025-07-16 14:15:41.768005
2025-07-16,28614,2025071601026440,TPC,Market Securities & Exchange (PVT) Ltd.,N.M.B. SECURITIES LIMITED,500,388.0,194000.0,2025-07-16 14:15:57.879379
2025-07-16,27585,2025071601026727,TPC,Cristal Kanchanjanga Securites Pvt. Ltd.,Citizens Share Broker Limited,500,387.9,193950.0,2025-07-16 14:18:54.059570
2025-07-16,27583,2025071601026728,TPC,Shree Krishna Securities Ltd.,Dipshikha Dhitopatra Karobar Co. Pvt Ltd.,200,387.0,77400.0,2025-07-16 14:18:54.762730
2025-07-16,27316,2025071601026842,TPC,Shree Krishna Securities Ltd.,N.M.B. SECURITIES LIMITED,800,387.0,309600.0,2025-07-16 14:19:43.835069
2025-07-16,27315,2025071601026843,TPC,Secured Securities Ltd.,N.M.B. SECURITIES LIMITED,500,387.0,193500.0,2025-07-16 14:19:43.835204
2025-07-16,26893,2025071601026972,TPC,Sharepro Securities Private Limited,N.M.B. SECURITIES LIMITED,751,387.0,290637.0,2025-07-16 14:21:00.620535
2025-07-16,26892,2025071601026973,TPC,Sharepro Securities Private Limited,Oxford Securities Pvt. Ltd.,10,387.0,3870.0,2025-07-16 14:21:00.620807
2025-07-16,26029,2025071601027198,TPC,Sri Hari Securities Pvt. Ltd.,Sani Securities Company Ltd.,15,386.8,5802.0,2025-07-16 14:23:19.145450
2025-07-16,26028,2025071601027199,TPC,Market Securities & Exchange (PVT) Ltd.,Sani Securities Company Ltd.,485,386.8,187598.0,2025-07-16 14:23:19.145639
2025-07-16,25908,2025071601027255,TPC,Dynamic Money Managers Securities Pvt. Ltd.,Linch Stock Market Ltd.,60,388.0,23280.0,2025-07-16 14:23:32.362728
2025-07-16,25212,2025071601027462,TPC,Naasa Securities Co. Ltd.,Naasa Securities Co. Ltd.,8333,387.8,3231537.4,2025-07-16 14:25:19.004928
2025-07-16,25161,2025071601027475,TPC,Dakshinkali Investment & Securities Pvt. Ltd.,Sani Securities Company Ltd.,69,387.1,26709.9,2025-07-16 14:25:29.205791
2025-07-16,23940,2025071601027885,TPC,KALASH STOCK MARKET PVT. LTD.,N.M.B. SECURITIES LIMITED,60,387.2,23232.0,2025-07-16 14:28:39.363998
2025-07-16,23939,2025071601027886,TPC,Dakshinkali Investment & Securities Pvt. Ltd.,N.M.B. SECURITIES LIMITED,231,387.1,89420.1,2025-07-16 14:28:39.364175
2025-07-16,23759,2025071601027935,TPC,Imperial Securities Company Pvt. Ltd.,N.M.B. SECURITIES LIMITED,75,387.0,29025.0,2025-07-16 14:29:02.013698
2025-07-16,23633,2025071601027965,TPC,Aryatara Investment & Securities,N.M.B. SECURITIES LIMITED,630,387.0,243810.0,2025-07-16 14:29:19.351424
2025-07-16,23632,2025071601027966,TPC,Aryatara Investment & Securities,Neev Securities Pvt. Ltd.,10,387.8,3878.0,2025-07-16 14:29:19.351702
2025-07-16,23631,2025071601027967,TPC,Aryatara Investment & Securities,Indira securities pvt. ltd,500,387.9,193950.0,2025-07-16 14:29:19.351872
2025-07-16,23630,2025071601027968,TPC,Aryatara Investment & Securities,Linch Stock Market Ltd.,45,388.0,17460.0,2025-07-16 14:29:19.352062
2025-07-16,23629,2025071601027969,TPC,Aryatara Investment & Securities,N.M.B. SECURITIES LIMITED,315,388.0,122220.0,2025-07-16 14:29:19.352226
2025-07-16,22927,2025071601028186,TPC,Market Securities & Exchange (PVT) Ltd.,Imperial Securities Company Pvt. Ltd.,15,386.8,5802.0,2025-07-16 14:31:09.791240
2025-07-16,22926,2025071601028187,TPC,Sani Securities Company Ltd.,Imperial Securities Company Pvt. Ltd.,100,386.8,38680.0,2025-07-16 14:31:09.791382
2025-07-16,22925,2025071601028188,TPC,Investment Management Nepal Pvt. Ltd.,Imperial Securities Company Pvt. Ltd.,85,386.7,32869.5,2025-07-16 14:31:09.791446
2025-07-16,21797,2025071601028558,TPC,Naasa Securities Co. Ltd.,Deevyaa Securities & Stock House Pvt. Ltd,300,387.0,116100.0,2025-07-16 14:33:34.516309
2025-07-16,21720,2025071601028591,TPC,Investment Management Nepal Pvt. Ltd.,N.M.B. SECURITIES LIMITED,415,386.7,160480.5,2025-07-16 14:33:49.308232
2025-07-16,21719,2025071601028592,TPC,Thrive Brokerage House Pvt. Ltd,N.M.B. SECURITIES LIMITED,270,386.6,104382.0,2025-07-16 14:33:49.308377
2025-07-16,21397,2025071601028696,TPC,Thrive Brokerage House Pvt. Ltd,N.M.B. SECURITIES LIMITED,340,386.6,131444.0,2025-07-16 14:34:36.452292
2025-07-16,21396,2025071601028697,TPC,Investment Management Nepal Pvt. Ltd.,N.M.B. SECURITIES LIMITED,360,386.2,139032.0,2025-07-16 14:34:36.452587
2025-07-16,21188,2025071601028795,TPC,Investment Management Nepal Pvt. Ltd.,N.M.B. SECURITIES LIMITED,40,386.2,15448.0,2025-07-16 14:35:10.568834
2025-07-16,21187,2025071601028796,TPC,Sweta Securities Private Limited,N.M.B. SECURITIES LIMITED,300,386.1,115830.0,2025-07-16 14:35:10.569009
2025-07-16,21186,2025071601028797,TPC,Linch Stock Market Ltd.,N.M.B. SECURITIES LIMITED,480,386.1,185328.0,2025-07-16 14:35:10.569091
2025-07-16,21185,2025071601028798,TPC,Sweta Securities Private Limited,N.M.B. SECURITIES LIMITED,90,386.0,34740.0,2025-07-16 14:35:10.569145
2025-07-16,21184,2025071601028799,TPC,Neev Securities Pvt. Ltd.,N.M.B. SECURITIES LIMITED,90,386.0,34740.0,2025-07-16 14:35:10.569199
2025-07-16,20994,2025071601028856,TPC,Neev Securities Pvt. Ltd.,N.M.B. SECURITIES LIMITED,1910,386.0,737260.0,2025-07-16 14:35:38.654232
2025-07-16,20993,2025071601028857,TPC,Siprabi Securities Pvt. Ltd.,N.M.B. SECURITIES LIMITED,1000,386.0,386000.0,2025-07-16 14:35:38.654494
2025-07-16,20992,2025071601028858,TPC,Ashutosh Brokerage & Securities (PVT) Ltd.,N.M.B. SECURITIES LIMITED,100,386.0,38600.0,2025-07-16 14:35:38.654652
2025-07-16,20991,2025071601028859,TPC,Imperial Securities Company Pvt. Ltd.,N.M.B. SECURITIES LIMITED,1000,385.7,385700.0,2025-07-16 14:35:38.654973
2025-07-16,20990,2025071601028860,TPC,Dipshikha Dhitopatra Karobar Co. Pvt Ltd.,N.M.B. SECURITIES LIMITED,60,385.6,23136.0,2025-07-16 14:35:38.655271
2025-07-16,20989,2025071601028861,TPC,Dynamic Money Managers Securities Pvt. Ltd.,N.M.B. SECURITIES LIMITED,100,385.0,38500.0,2025-07-16 14:35:38.655479
2025-07-16,20988,2025071601028862,TPC,Market Securities & Exchange (PVT) Ltd.,N.M.B. SECURITIES LIMITED,500,385.0,192500.0,2025-07-16 14:35:38.655772
2025-07-16,20987,2025071601028863,TPC,Investment Management Nepal Pvt. Ltd.,N.M.B. SECURITIES LIMITED,1000,385.0,385000.0,2025-07-16 14:35:38.656051
2025-07-16,20986,2025071601028864,TPC,Asian Securities Private Ltd.,N.M.B. SECURITIES LIMITED,100,385.0,38500.0,2025-07-16 14:35:38.656271
2025-07-16,20985,2025071601028865,TPC,Naasa Securities Co. Ltd.,N.M.B. SECURITIES LIMITED,780,385.0,300300.0,2025-07-16 14:35:38.656487
2025-07-16,20984,2025071601028866,TPC,Malla & Malla Stock Broking Company Pvt. Limited,N.M.B. SECURITIES LIMITED,200,385.0,77000.0,2025-07-16 14:35:38.656760
2025-07-16,20983,2025071601028867,TPC,Sumeru Securities Pvt. Ltd.,N.M.B. SECURITIES LIMITED,2000,385.0,770000.0,2025-07-16 14:35:38.656930
2025-07-16,20982,2025071601028868,TPC,Vision Securities Pvt. Ltd,N.M.B. SECURITIES LIMITED,500,385.0,192500.0,2025-07-16 14:35:38.657206
2025-07-16,20981,2025071601028869,TPC,Sumeru Securities Pvt. Ltd.,N.M.B. SECURITIES LIMITED,200,385.0,77000.0,2025-07-16 14:35:38.657465
2025-07-16,20980,2025071601028870,TPC,Sanima Securities Limited,N.M.B. SECURITIES LIMITED,10,385.0,3850.0,2025-07-16 14:35:38.657677
2025-07-16,20979,2025071601028871,TPC,Online Securities Pvt. Ltd.,N.M.B. SECURITIES LIMITED,75,385.0,28875.0,2025-07-16 14:35:38.657961
2025-07-16,20978,2025071601028872,TPC,ABC Securities Private Limited,N.M.B. SECURITIES LIMITED,100,385.0,38500.0,2025-07-16 14:35:38.658196
2025-07-16,20811,2025071601028934,TPC,Dynamic Money Managers Securities Pvt. Ltd.,N.M.B. SECURITIES LIMITED,365,385.0,140525.0,2025-07-16 14:36:06.257589
2025-07-16,19268,2025071601029438,TPC,Naasa Securities Co. Ltd.,Deevyaa Securities & Stock House Pvt. Ltd,200,387.0,77400.0,2025-07-16 14:39:11.959806
2025-07-16,19267,2025071601029439,TPC,Naasa Securities Co. Ltd.,Trishakti Securities Public Limited,100,387.0,38700.0,2025-07-16 14:39:11.959859
2025-07-16,19266,2025071601029440,TPC,Naasa Securities Co. Ltd.,Secured Securities Ltd.,150,387.0,58050.0,2025-07-16 14:39:11.959892
2025-07-16,19265,2025071601029441,TPC,Naasa Securities Co. Ltd.,Online Securities Pvt. Ltd.,10,389.0,3890.0,2025-07-16 14:39:11.959918
2025-07-16,19264,2025071601029442,TPC,Naasa Securities Co. Ltd.,Nepal Stock House (PVT) Ltd.,145,389.9,56535.5,2025-07-16 14:39:11.959947
2025-07-16,19263,2025071601029443,TPC,Naasa Securities Co. Ltd.,Nagarik Stock Dealer ,395,389.9,154010.5,2025-07-16 14:39:11.959983
2025-07-16,19227,2025071601029461,TPC,Naasa Securities Co. Ltd.,Nagarik Stock Dealer ,105,389.9,40939.5,2025-07-16 14:39:18.450273
2025-07-16,19226,2025071601029462,TPC,Naasa Securities Co. Ltd.,Sewa Securities Pvt. Ltd.,80,390.0,31200.0,2025-07-16 14:39:18.450326
2025-07-16,19225,2025071601029463,TPC,Naasa Securities Co. Ltd.,Naasa Securities Co. Ltd.,16,390.0,6240.0,2025-07-16 14:39:18.450364
2025-07-16,19224,2025071601029464,TPC,Naasa Securities Co. Ltd.,Imperial Securities Company Pvt. Ltd.,65,390.0,25350.0,2025-07-16 14:39:18.450401
2025-07-16,19223,2025071601029465,TPC,Naasa Securities Co. Ltd.,Naasa Securities Co. Ltd.,100,393.0,39300.0,2025-07-16 14:39:18.450434
2025-07-16,19222,2025071601029466,TPC,Naasa Securities Co. Ltd.,Naasa Securities Co. Ltd.,100,394.0,39400.0,2025-07-16 14:39:18.450466
2025-07-16,19221,2025071601029467,TPC,Naasa Securities Co. Ltd.,Cristal Kanchanjanga Securites Pvt. Ltd.,34,394.3,13406.2,2025-07-16 14:39:18.450499
2025-07-16,19114,2025071601029513,TPC,Dakshinkali Investment & Securities Pvt. Ltd.,SUN SECURITIES PVT LTD,2000,390.0,780000.0,2025-07-16 14:39:33.769469
2025-07-16,18803,2025071601029594,TPC,Naasa Securities Co. Ltd.,Cristal Kanchanjanga Securites Pvt. Ltd.,16,394.3,6308.8,2025-07-16 14:40:08.873337
2025-07-16,18802,2025071601029595,TPC,Naasa Securities Co. Ltd.,Sundhara Securities Limited,200,394.4,78880.0,2025-07-16 14:40:08.873382
2025-07-16,18801,2025071601029596,TPC,Naasa Securities Co. Ltd.,Sweta Securities Private Limited,100,394.4,39440.0,2025-07-16 14:40:08.873415
2025-07-16,18800,2025071601029597,TPC,Naasa Securities Co. Ltd.,Aryatara Investment & Securities,100,394.5,39450.0,2025-07-16 14:40:08.873446
2025-07-16,18799,2025071601029598,TPC,Naasa Securities Co. Ltd.,Dipshikha Dhitopatra Karobar Co. Pvt Ltd.,200,394.7,78940.0,2025-07-16 14:40:08.873491
2025-07-16,18798,2025071601029599,TPC,Naasa Securities Co. Ltd.,Premier Securities Company Ltd.,200,394.8,78960.0,2025-07-16 14:40:08.873521
2025-07-16,18797,2025071601029600,TPC,Naasa Securities Co. Ltd.,Cristal Kanchanjanga Securites Pvt. Ltd.,50,394.9,19745.0,2025-07-16 14:40:08.873548
2025-07-16,18796,2025071601029601,TPC,Naasa Securities Co. Ltd.,Linch Stock Market Ltd.,134,394.9,52916.6,2025-07-16 14:40:08.873574
2025-07-16,18619,2025071601029664,TPC,Naasa Securities Co. Ltd.,Linch Stock Market Ltd.,10,394.9,3949.0,2025-07-16 14:40:28.950633
2025-07-16,17503,2025071601030072,TPC,Sewa Securities Pvt. Ltd.,SUN SECURITIES PVT LTD,1000,390.0,390000.0,2025-07-16 14:42:38.428636
2025-07-16,16911,2025071601030265,TPC,Swarna Laxmi Securities Pvt. Ltd.,Thrive Brokerage House Pvt. Ltd,47,388.1,18240.7,2025-07-16 14:43:39.543700
2025-07-16,16651,2025071601030350,TPC,Swarna Laxmi Securities Pvt. Ltd.,Naasa Securities Co. Ltd.,10,388.1,3881.0,2025-07-16 14:44:07.125423
2025-07-16,12779,2025071601031625,TPC,Swarna Laxmi Securities Pvt. Ltd.,SUN SECURITIES PVT LTD,143,388.2,55512.6,2025-07-16 14:48:52.081120
2025-07-16,12778,2025071601031626,TPC,Malla & Malla Stock Broking Company Pvt. Limited,SUN SECURITIES PVT LTD,200,388.0,77600.0,2025-07-16 14:48:52.081276
2025-07-16,12777,2025071601031627,TPC,Dipshikha Dhitopatra Karobar Co. Pvt Ltd.,SUN SECURITIES PVT LTD,500,388.0,194000.0,2025-07-16 14:48:52.081326
2025-07-16,11824,2025071601031919,TPC,Sani Securities Company Ltd.,Nagarik Stock Dealer ,50,387.2,19360.0,2025-07-16 14:50:07.007804
2025-07-16,11823,2025071601031920,TPC,Investment Management Nepal Pvt. Ltd.,Nagarik Stock Dealer ,300,385.3,115590.0,2025-07-16 14:50:07.008072
2025-07-16,11822,2025071601031921,TPC,Vision Securities Pvt. Ltd,Nagarik Stock Dealer ,500,385.2,192600.0,2025-07-16 14:50:07.008224
2025-07-16,11821,2025071601031922,TPC,Siprabi Securities Pvt. Ltd.,Nagarik Stock Dealer ,50,385.2,19260.0,2025-07-16 14:50:07.008379
2025-07-16,11820,2025071601031923,TPC,Malla & Malla Stock Broking Company Pvt. Limited,Nagarik Stock Dealer ,300,385.2,115560.0,2025-07-16 14:50:07.008523
2025-07-16,11819,2025071601031924,TPC,Investment Management Nepal Pvt. Ltd.,Nagarik Stock Dealer ,300,385.1,115530.0,2025-07-16 14:50:07.008687
2025-07-16,11069,2025071601032127,TPC,Investment Management Nepal Pvt. Ltd.,Nagarik Stock Dealer ,220,385.1,84722.0,2025-07-16 14:51:05.012915
2025-07-16,9500,2025071601032717,TPC,Investment Management Nepal Pvt. Ltd.,Sanima Securities Limited,30,385.1,11553.0,2025-07-16 14:52:57.292369
2025-07-16,9499,2025071601032718,TPC,Vision Securities Pvt. Ltd,Sanima Securities Limited,140,385.0,53900.0,2025-07-16 14:52:57.292613
2025-07-16,9005,2025071601032835,TPC,Vision Securities Pvt. Ltd,Nagarik Stock Dealer ,360,385.0,138600.0,2025-07-16 14:53:24.744960
2025-07-16,9004,2025071601032836,TPC,Dynamic Money Managers Securities Pvt. Ltd.,Nagarik Stock Dealer ,35,385.0,13475.0,2025-07-16 14:53:24.745085
2025-07-16,9003,2025071601032837,TPC,Deevyaa Securities & Stock House Pvt. Ltd,Nagarik Stock Dealer ,15,384.5,5767.5,2025-07-16 14:53:24.745135
2025-07-16,9002,2025071601032838,TPC,Investment Management Nepal Pvt. Ltd.,Nagarik Stock Dealer ,100,384.4,38440.0,2025-07-16 14:53:24.745184
2025-07-16,9001,2025071601032839,TPC,Linch Stock Market Ltd.,Nagarik Stock Dealer ,53,384.4,20373.2,2025-07-16 14:53:24.745227
2025-07-16,9000,2025071601032840,TPC,Himalayan Brokerage Company Limited,Nagarik Stock Dealer ,13,384.3,4995.9,2025-07-16 14:53:24.745274
2025-07-16,8999,2025071601032841,TPC,Ashutosh Brokerage & Securities (PVT) Ltd.,Nagarik Stock Dealer ,133,384.2,51098.6,2025-07-16 14:53:24.745319
2025-07-16,8998,2025071601032842,TPC,Sweta Securities Private Limited,Nagarik Stock Dealer ,100,384.0,38400.0,2025-07-16 14:53:24.745383
2025-07-16,8997,2025071601032843,TPC,Cristal Kanchanjanga Securites Pvt. Ltd.,Nagarik Stock Dealer ,191,383.4,73229.4,2025-07-16 14:53:24.745439
2025-07-16,6450,2025071601033631,TPC,Agrawal Securities (PVT) Ltd.,Aryatara Investment & Securities,30,387.9,11637.0,2025-07-16 14:56:01.671211
2025-07-16,4142,2025071601034295,TPC,Trishakti Securities Public Limited,SUN SECURITIES PVT LTD,50,388.0,19400.0,2025-07-16 14:57:58.753688
2025-07-16,3112,2025071601034594,TPC,Naasa Securities Co. Ltd.,SUN SECURITIES PVT LTD,10,388.0,3880.0,2025-07-16 14:58:37.793434
2025-07-16,2255,2025071601034866,TPC,Pragyan Securities (PVT) Ltd.,Dipshikha Dhitopatra Karobar Co. Pvt Ltd.,50,385.0,19250.0,2025-07-16 14:59:09.755892
2025-07-16,2229,2025071601034873,TPC,Sumeru Securities Pvt. Ltd.,SUN SECURITIES PVT LTD,200,388.0,77600.0,2025-07-16 14:59:11.084851
2025-07-16,566,2025071601035378,TPC,Pragyan Securities (PVT) Ltd.,SUN SECURITIES PVT LTD,200,388.0,77600.0,2025-07-16 14:59:50.097379
