Date,S.N.,Contract ID,Symbol,Buyer Broker,Seller Broker,quantity,rate,amount,transaction_time
2025-09-07,57307,2025090701000321,ADBL,Dipshikha Dhitopatra Karobar Co. Pvt Ltd.,Online Securities Pvt. Ltd.,20,327.8,6556.0,2025-09-07 11:05:49.061288
2025-09-07,56997,2025090701000475,ADBL,Dipshikha Dhitopatra Karobar Co. Pvt Ltd.,Asian Securities Private Ltd.,36,325.0,11700.0,2025-09-07 11:07:48.438745
2025-09-07,55194,2025090701001210,ADBL,Midas Stock Broking Company Private Limited,Secured Securities Ltd.,10,327.0,3270.0,2025-09-07 11:18:36.679129
2025-09-07,55140,2025090701001235,ADBL,Online Securities Pvt. Ltd.,Secured Securities Ltd.,80,327.0,26160.0,2025-09-07 11:18:58.406578
2025-09-07,55106,2025090701001246,ADBL,Sani Securities Company Ltd.,Creative Securities Pvt Ltd,51,326.1,16631.1,2025-09-07 11:19:04.771189
2025-09-07,55105,2025090701001247,ADBL,Aryatara Investment & Securities,Creative Securities Pvt Ltd,150,326.0,48900.0,2025-09-07 11:19:04.771272
2025-09-07,55104,2025090701001248,ADBL,Siprabi Securities Pvt. Ltd.,Creative Securities Pvt Ltd,104,325.1,33810.4,2025-09-07 11:19:04.771311
2025-09-07,55103,2025090701001249,ADBL,Dipshikha Dhitopatra Karobar Co. Pvt Ltd.,Creative Securities Pvt Ltd,14,325.0,4550.0,2025-09-07 11:19:04.771392
2025-09-07,55102,2025090701001250,ADBL,Creative Securities Pvt Ltd,Creative Securities Pvt Ltd,450,325.0,146250.0,2025-09-07 11:19:04.771425
2025-09-07,55101,2025090701001251,ADBL,Naasa Securities Co. Ltd.,Creative Securities Pvt Ltd,46,325.0,14950.0,2025-09-07 11:19:04.771458
2025-09-07,55100,2025090701001252,ADBL,Sweta Securities Private Limited,Creative Securities Pvt Ltd,20,325.0,6500.0,2025-09-07 11:19:04.771493
2025-09-07,55099,2025090701001253,ADBL,Deevyaa Securities & Stock House Pvt. Ltd,Creative Securities Pvt Ltd,165,325.0,53625.0,2025-09-07 11:19:04.771523
2025-09-07,54836,2025090701001345,ADBL,Deevyaa Securities & Stock House Pvt. Ltd,Premier Securities Company Ltd.,35,325.0,11375.0,2025-09-07 11:20:28.902199
2025-09-07,54835,2025090701001346,ADBL,Sundhara Securities Limited,Premier Securities Company Ltd.,15,325.0,4875.0,2025-09-07 11:20:28.902351
2025-09-07,54599,2025090701001427,ADBL,Secured Securities Ltd.,Premier Securities Company Ltd.,40,325.0,13000.0,2025-09-07 11:21:42.798393
2025-09-07,53957,2025090701001639,ADBL,Dipshikha Dhitopatra Karobar Co. Pvt Ltd.,Nepal Stock House (PVT) Ltd.,20,324.0,6480.0,2025-09-07 11:24:53.179829
2025-09-07,53897,2025090701001659,ADBL,Dipshikha Dhitopatra Karobar Co. Pvt Ltd.,Opal Securities Investment (PVT) Ltd.,50,323.0,16150.0,2025-09-07 11:25:17.109700
2025-09-07,53896,2025090701001660,ADBL,Sundhara Securities Limited,Opal Securities Investment (PVT) Ltd.,100,323.0,32300.0,2025-09-07 11:25:17.109872
2025-09-07,53851,2025090701001675,ADBL,Sani Securities Company Ltd.,Opal Securities Investment (PVT) Ltd.,165,322.0,53130.0,2025-09-07 11:25:34.659413
2025-09-07,53796,2025090701001700,ADBL,Secured Securities Ltd.,Kumari Securities Private Limited,90,322.0,28980.0,2025-09-07 11:25:56.758491
2025-09-07,53711,2025090701001730,ADBL,Secured Securities Ltd.,Opal Securities Investment (PVT) Ltd.,110,322.0,35420.0,2025-09-07 11:26:22.278196
2025-09-07,52262,2025090701002194,ADBL,Naasa Securities Co. Ltd.,Swarna Laxmi Securities Pvt. Ltd.,35,322.0,11270.0,2025-09-07 11:33:10.985502
2025-09-07,52261,2025090701002195,ADBL,Deevyaa Securities & Stock House Pvt. Ltd,Swarna Laxmi Securities Pvt. Ltd.,300,322.0,96600.0,2025-09-07 11:33:10.985594
2025-09-07,52221,2025090701002210,ADBL,Agrawal Securities (PVT) Ltd.,Agrawal Securities (PVT) Ltd.,114,321.6,36662.4,2025-09-07 11:33:27.001667
2025-09-07,52155,2025090701002238,ADBL,Agrawal Securities (PVT) Ltd.,N.M.B. SECURITIES LIMITED,16,321.6,5145.6,2025-09-07 11:33:49.691480
2025-09-07,52154,2025090701002239,ADBL,Dipshikha Dhitopatra Karobar Co. Pvt Ltd.,N.M.B. SECURITIES LIMITED,155,321.5,49832.5,2025-09-07 11:33:49.691608
2025-09-07,52035,2025090701002288,ADBL,Dipshikha Dhitopatra Karobar Co. Pvt Ltd.,Naasa Securities Co. Ltd.,45,321.5,14467.5,2025-09-07 11:34:14.568849
2025-09-07,52034,2025090701002289,ADBL,Vision Securities Pvt. Ltd,Naasa Securities Co. Ltd.,18,321.4,5785.2,2025-09-07 11:34:14.568937
2025-09-07,51595,2025090701002455,ADBL,Sundhara Securities Limited,Sundhara Securities Limited,144,321.7,46324.8,2025-09-07 11:36:42.178265
2025-09-07,51577,2025090701002462,ADBL,Sri Hari Securities Pvt. Ltd.,Swarna Laxmi Securities Pvt. Ltd.,44,322.0,14168.0,2025-09-07 11:36:47.049792
2025-09-07,51576,2025090701002463,ADBL,Sri Hari Securities Pvt. Ltd.,Kalika Securities Pvt. Ltd.,76,322.0,24472.0,2025-09-07 11:36:47.049900
2025-09-07,51225,2025090701002595,ADBL,Sundhara Securities Limited,Kalika Securities Pvt. Ltd.,52,321.7,16728.4,2025-09-07 11:38:24.838073
2025-09-07,51014,2025090701002688,ADBL,Aryatara Investment & Securities,Opal Securities Investment (PVT) Ltd.,10,322.0,3220.0,2025-09-07 11:39:06.634800
2025-09-07,49002,2025090701003390,ADBL,Naasa Securities Co. Ltd.,Midas Stock Broking Company Private Limited,13,322.6,4193.8,2025-09-07 11:47:09.512737
2025-09-07,48745,2025090701003464,ADBL,Siprabi Securities Pvt. Ltd.,Midas Stock Broking Company Private Limited,10,322.6,3226.0,2025-09-07 11:48:06.872206
2025-09-07,48736,2025090701003470,ADBL,Nepal Stock House (PVT) Ltd.,Midas Stock Broking Company Private Limited,277,322.6,89360.2,2025-09-07 11:48:11.858041
2025-09-07,48717,2025090701003478,ADBL,Naasa Securities Co. Ltd.,Thrive Brokerage House Pvt. Ltd,100,324.8,32480.0,2025-09-07 11:48:16.361885
2025-09-07,48711,2025090701003479,ADBL,Nepal Stock House (PVT) Ltd.,Aakashbhairab Securities Ltd.,723,322.6,233239.8,2025-09-07 11:48:17.747579
2025-09-07,48710,2025090701003480,ADBL,Dipshikha Dhitopatra Karobar Co. Pvt Ltd.,Aakashbhairab Securities Ltd.,350,322.5,112875.0,2025-09-07 11:48:17.747685
2025-09-07,48709,2025090701003481,ADBL,Vision Securities Pvt. Ltd,Aakashbhairab Securities Ltd.,200,322.1,64420.0,2025-09-07 11:48:17.747733
2025-09-07,48708,2025090701003482,ADBL,Aryatara Investment & Securities,Aakashbhairab Securities Ltd.,45,322.0,14490.0,2025-09-07 11:48:17.747783
2025-09-07,48707,2025090701003483,ADBL,Secured Securities Ltd.,Aakashbhairab Securities Ltd.,15,322.0,4830.0,2025-09-07 11:48:17.747834
2025-09-07,48706,2025090701003484,ADBL,Sri Hari Securities Pvt. Ltd.,Aakashbhairab Securities Ltd.,500,321.9,160950.0,2025-09-07 11:48:17.747879
2025-09-07,48705,2025090701003485,ADBL,Vision Securities Pvt. Ltd,Aakashbhairab Securities Ltd.,167,321.8,53740.6,2025-09-07 11:48:17.747925
2025-09-07,48389,2025090701003593,ADBL,Vision Securities Pvt. Ltd,Aakashbhairab Securities Ltd.,252,321.8,81093.6,2025-09-07 11:49:40.926080
2025-09-07,48388,2025090701003594,ADBL,Sundhara Securities Limited,Aakashbhairab Securities Ltd.,304,321.7,97796.8,2025-09-07 11:49:40.926210
2025-09-07,48387,2025090701003595,ADBL,Sundhara Securities Limited,Aakashbhairab Securities Ltd.,4444,321.7,1429634.8,2025-09-07 11:49:40.926263
2025-09-07,48356,2025090701003606,ADBL,Naasa Securities Co. Ltd.,Trishakti Securities Public Limited,50,321.8,16090.0,2025-09-07 11:49:52.356580
2025-09-07,48355,2025090701003607,ADBL,Sundhara Securities Limited,Trishakti Securities Public Limited,97,321.7,31204.9,2025-09-07 11:49:52.356675
2025-09-07,47971,2025090701003770,ADBL,Online Securities Pvt. Ltd.,Dynamic Money Managers Securities Pvt. Ltd.,20,322.3,6446.0,2025-09-07 11:51:32.868882
2025-09-07,47800,2025090701003837,ADBL,Deevyaa Securities & Stock House Pvt. Ltd,Dynamic Money Managers Securities Pvt. Ltd.,113,322.3,36419.9,2025-09-07 11:52:26.227171
2025-09-07,47660,2025090701003882,ADBL,Sani Securities Company Ltd.,Dynamic Money Managers Securities Pvt. Ltd.,113,322.3,36419.9,2025-09-07 11:53:01.514083
2025-09-07,47401,2025090701003992,ADBL,Naasa Securities Co. Ltd.,Deevyaa Securities & Stock House Pvt. Ltd,10,322.0,3220.0,2025-09-07 11:54:21.391373
2025-09-07,47400,2025090701003993,ADBL,Kumari Securities Private Limited,Deevyaa Securities & Stock House Pvt. Ltd,137,321.8,44086.6,2025-09-07 11:54:21.391496
2025-09-07,47183,2025090701004080,ADBL,Sundhara Securities Limited,Shree Krishna Securities Ltd.,14,322.0,4508.0,2025-09-07 11:55:29.812349
2025-09-07,45584,2025090701004756,ADBL,Kohinoor Investment & Securities Pvt. Ltd.,Dynamic Money Managers Securities Pvt. Ltd.,110,322.3,35453.0,2025-09-07 12:02:13.972377
2025-09-07,45487,2025090701004787,ADBL,Nepal Stock House (PVT) Ltd.,Dipshikha Dhitopatra Karobar Co. Pvt Ltd.,387,322.0,124614.0,2025-09-07 12:02:46.083851
2025-09-07,45357,2025090701004839,ADBL,Nepal Stock House (PVT) Ltd.,Nepal Investment And Securities Trading Private Limited,445,322.0,143290.0,2025-09-07 12:03:28.207211
2025-09-07,45228,2025090701004892,ADBL,Opal Securities Investment (PVT) Ltd.,Dipshikha Dhitopatra Karobar Co. Pvt Ltd.,200,322.1,64420.0,2025-09-07 12:04:15.406248
2025-09-07,45227,2025090701004893,ADBL,Nepal Stock House (PVT) Ltd.,Dipshikha Dhitopatra Karobar Co. Pvt Ltd.,168,322.0,54096.0,2025-09-07 12:04:15.406363
2025-09-07,45226,2025090701004894,ADBL,Neev Securities Pvt. Ltd.,Dipshikha Dhitopatra Karobar Co. Pvt Ltd.,18,322.0,5796.0,2025-09-07 12:04:15.406426
2025-09-07,45134,2025090701004932,ADBL,Neev Securities Pvt. Ltd.,Dipshikha Dhitopatra Karobar Co. Pvt Ltd.,100,322.0,32200.0,2025-09-07 12:04:53.935826
2025-09-07,45065,2025090701004955,ADBL,Sweta Securities Private Limited,Sewa Securities Pvt. Ltd.,10,321.9,3219.0,2025-09-07 12:05:06.833204
2025-09-07,45064,2025090701004956,ADBL,Kumari Securities Private Limited,Sewa Securities Pvt. Ltd.,159,321.8,51166.2,2025-09-07 12:05:06.833351
2025-09-07,45056,2025090701004962,ADBL,Online Securities Pvt. Ltd.,Dipshikha Dhitopatra Karobar Co. Pvt Ltd.,16,322.0,5152.0,2025-09-07 12:05:09.135708
2025-09-07,44988,2025090701004984,ADBL,Kumari Securities Private Limited,Dipshikha Dhitopatra Karobar Co. Pvt Ltd.,104,322.0,33488.0,2025-09-07 12:05:32.419173
2025-09-07,44903,2025090701005012,ADBL,Sundhara Securities Limited,Siprabi Securities Pvt. Ltd.,459,321.7,147660.3,2025-09-07 12:05:57.141000
2025-09-07,44902,2025090701005013,ADBL,Sweta Securities Private Limited,Siprabi Securities Pvt. Ltd.,66,321.6,21225.6,2025-09-07 12:05:57.141259
2025-09-07,44716,2025090701005067,ADBL,Beni Securities Pvt.Ltd.,Dipshikha Dhitopatra Karobar Co. Pvt Ltd.,52,322.0,16744.0,2025-09-07 12:06:49.206110
2025-09-07,44556,2025090701005132,ADBL,Dipshikha Dhitopatra Karobar Co. Pvt Ltd.,Sri Hari Securities Pvt. Ltd.,3,321.0,963.0,2025-09-07 12:07:32.312148
2025-09-07,44486,2025090701005154,ADBL,Nepal Investment And Securities Trading Private Limited,Nepal Investment And Securities Trading Private Limited,20,321.7,6434.0,2025-09-07 12:07:53.743884
2025-09-07,44485,2025090701005155,ADBL,Sweta Securities Private Limited,Nepal Investment And Securities Trading Private Limited,126,321.6,40521.6,2025-09-07 12:07:53.744042
2025-09-07,44397,2025090701005181,ADBL,Sweta Securities Private Limited,Nepal Investment And Securities Trading Private Limited,208,321.6,66892.8,2025-09-07 12:08:18.819656
2025-09-07,44396,2025090701005182,ADBL,Kohinoor Investment & Securities Pvt. Ltd.,Nepal Investment And Securities Trading Private Limited,105,321.5,33757.5,2025-09-07 12:08:18.819891
2025-09-07,44395,2025090701005183,ADBL,Nepal Stock House (PVT) Ltd.,Nepal Investment And Securities Trading Private Limited,55,321.5,17682.5,2025-09-07 12:08:18.820059
2025-09-07,44394,2025090701005184,ADBL,Dynamic Money Managers Securities Pvt. Ltd.,Nepal Investment And Securities Trading Private Limited,132,321.1,42385.2,2025-09-07 12:08:18.820207
2025-09-07,44359,2025090701005194,ADBL,Dipshikha Dhitopatra Karobar Co. Pvt Ltd.,Agrawal Securities (PVT) Ltd.,1,321.3,321.3,2025-09-07 12:08:35.001900
2025-09-07,43918,2025090701005346,ADBL,Primo Securities (PVT) Ltd.,Naasa Securities Co. Ltd.,100,321.5,32150.0,2025-09-07 12:10:31.514043
2025-09-07,43917,2025090701005347,ADBL,Naasa Securities Co. Ltd.,Naasa Securities Co. Ltd.,50,321.3,16065.0,2025-09-07 12:10:31.514171
2025-09-07,43916,2025090701005348,ADBL,Sani Securities Company Ltd.,Naasa Securities Co. Ltd.,40,321.2,12848.0,2025-09-07 12:10:31.514223
2025-09-07,43915,2025090701005349,ADBL,Sweta Securities Private Limited,Naasa Securities Co. Ltd.,10,321.2,3212.0,2025-09-07 12:10:31.514272
2025-09-07,43914,2025090701005350,ADBL,Bhrikuti Stock Broking Co. Pvt. Ltd.,Naasa Securities Co. Ltd.,15,321.2,4818.0,2025-09-07 12:10:31.514368
2025-09-07,43913,2025090701005351,ADBL,Dynamic Money Managers Securities Pvt. Ltd.,Naasa Securities Co. Ltd.,168,321.1,53944.8,2025-09-07 12:10:31.514415
2025-09-07,43912,2025090701005352,ADBL,Imperial Securities Company Pvt. Ltd.,Naasa Securities Co. Ltd.,647,321.1,207751.7,2025-09-07 12:10:31.514466
2025-09-07,43797,2025090701005408,ADBL,Imperial Securities Company Pvt. Ltd.,Aryatara Investment & Securities,86,321.1,27614.6,2025-09-07 12:11:11.918074
2025-09-07,43623,2025090701005467,ADBL,Trisul Securities & Invt. Ltd.,Dipshikha Dhitopatra Karobar Co. Pvt Ltd.,100,322.0,32200.0,2025-09-07 12:12:00.985387
2025-09-07,43362,2025090701005577,ADBL,Asian Securities Private Ltd.,Dipshikha Dhitopatra Karobar Co. Pvt Ltd.,15,321.2,4818.0,2025-09-07 12:13:05.786702
2025-09-07,41632,2025090701006255,ADBL,Nepal Stock House (PVT) Ltd.,Naasa Securities Co. Ltd.,1000,321.5,321500.0,2025-09-07 12:20:26.653791
2025-09-07,41423,2025090701006320,ADBL,Asian Securities Private Ltd.,Sani Securities Company Ltd.,57,321.2,18308.4,2025-09-07 12:21:13.123226
2025-09-07,41343,2025090701006351,ADBL,Asian Securities Private Ltd.,Aakashbhairab Securities Ltd.,428,321.2,137473.6,2025-09-07 12:21:43.729572
2025-09-07,41342,2025090701006352,ADBL,Imperial Securities Company Pvt. Ltd.,Aakashbhairab Securities Ltd.,267,321.1,85733.7,2025-09-07 12:21:43.729862
2025-09-07,41341,2025090701006353,ADBL,Midas Stock Broking Company Private Limited,Aakashbhairab Securities Ltd.,20,321.1,6422.0,2025-09-07 12:21:43.730088
2025-09-07,41340,2025090701006354,ADBL,Vision Securities Pvt. Ltd,Aakashbhairab Securities Ltd.,500,321.1,160550.0,2025-09-07 12:21:43.730342
2025-09-07,41339,2025090701006355,ADBL,Bhrikuti Stock Broking Co. Pvt. Ltd.,Aakashbhairab Securities Ltd.,2000,321.0,642000.0,2025-09-07 12:21:43.730568
2025-09-07,41338,2025090701006356,ADBL,Online Securities Pvt. Ltd.,Aakashbhairab Securities Ltd.,100,321.0,32100.0,2025-09-07 12:21:43.730792
2025-09-07,41337,2025090701006357,ADBL,Nepal Stock House (PVT) Ltd.,Aakashbhairab Securities Ltd.,50,321.0,16050.0,2025-09-07 12:21:43.731060
2025-09-07,41336,2025090701006358,ADBL,Imperial Securities Company Pvt. Ltd.,Aakashbhairab Securities Ltd.,25,321.0,8025.0,2025-09-07 12:21:43.731289
2025-09-07,41335,2025090701006359,ADBL,Aryatara Investment & Securities,Aakashbhairab Securities Ltd.,610,321.0,195810.0,2025-09-07 12:21:43.731522
2025-09-07,40342,2025090701006709,ADBL,Sani Securities Company Ltd.,Dynamic Money Managers Securities Pvt. Ltd.,16,322.3,5156.8,2025-09-07 12:26:27.364279
2025-09-07,40341,2025090701006710,ADBL,Sani Securities Company Ltd.,Naasa Securities Co. Ltd.,100,323.0,32300.0,2025-09-07 12:26:27.364405
2025-09-07,40340,2025090701006711,ADBL,Sani Securities Company Ltd.,Sani Securities Company Ltd.,200,323.0,64600.0,2025-09-07 12:26:27.364461
2025-09-07,40339,2025090701006712,ADBL,Sani Securities Company Ltd.,Aakashbhairab Securities Ltd.,363,324.0,117612.0,2025-09-07 12:26:27.364516
2025-09-07,39976,2025090701006847,ADBL,Swarna Laxmi Securities Pvt. Ltd.,Aakashbhairab Securities Ltd.,2000,324.0,648000.0,2025-09-07 12:28:01.450417
2025-09-07,39120,2025090701007173,ADBL,Thrive Brokerage House Pvt. Ltd,Aakashbhairab Securities Ltd.,100,324.0,32400.0,2025-09-07 12:32:13.715088
2025-09-07,38433,2025090701007439,ADBL,Kumari Securities Private Limited,Aakashbhairab Securities Ltd.,537,324.0,173988.0,2025-09-07 12:35:43.033590
2025-09-07,38432,2025090701007440,ADBL,Kumari Securities Private Limited,Aryatara Investment & Securities,55,324.0,17820.0,2025-09-07 12:35:43.033886
2025-09-07,38431,2025090701007441,ADBL,Kumari Securities Private Limited,Naasa Securities Co. Ltd.,86,324.0,27864.0,2025-09-07 12:35:43.034092
2025-09-07,38430,2025090701007442,ADBL,Kumari Securities Private Limited,Sundhara Securities Limited,20,324.0,6480.0,2025-09-07 12:35:43.034267
2025-09-07,38418,2025090701007447,ADBL,Kumari Securities Private Limited,SHUBHAKAMANA SECURITIES PVT. LTD,128,324.0,41472.0,2025-09-07 12:35:50.962435
2025-09-07,37666,2025090701007716,ADBL,Deevyaa Securities & Stock House Pvt. Ltd,Thrive Brokerage House Pvt. Ltd,34,324.8,11043.2,2025-09-07 12:38:58.879983
2025-09-07,37665,2025090701007717,ADBL,Deevyaa Securities & Stock House Pvt. Ltd,Aryatara Investment & Securities,25,324.8,8120.0,2025-09-07 12:38:58.880170
2025-09-07,37262,2025090701007827,ADBL,Kumari Securities Private Limited,Bhrikuti Stock Broking Co. Pvt. Ltd.,84,324.0,27216.0,2025-09-07 12:40:48.018440
2025-09-07,35863,2025090701008322,ADBL,Sundhara Securities Limited,Nepal Investment And Securities Trading Private Limited,20,324.9,6498.0,2025-09-07 12:46:15.416772
2025-09-07,34775,2025090701008675,ADBL,Kumari Securities Private Limited,Arun Securities (PVT) Ltd.,90,324.0,29160.0,2025-09-07 12:50:15.602237
2025-09-07,34127,2025090701008842,ADBL,Secured Securities Ltd.,Arun Securities (PVT) Ltd.,10,324.0,3240.0,2025-09-07 12:52:55.069513
2025-09-07,33960,2025090701008900,ADBL,Sani Securities Company Ltd.,ABC Securities Private Limited,12,322.1,3865.2,2025-09-07 12:53:54.044223
2025-09-07,32474,2025090701009380,ADBL,Nepal Stock House (PVT) Ltd.,Kohinoor Investment & Securities Pvt. Ltd.,250,324.0,81000.0,2025-09-07 13:01:00.364476
2025-09-07,32043,2025090701009501,ADBL,South Asian Bulls Pvt. Ltd.,Nepal Investment And Securities Trading Private Limited,180,324.9,58482.0,2025-09-07 13:03:03.365480
2025-09-07,32042,2025090701009502,ADBL,South Asian Bulls Pvt. Ltd.,Pragyan Securities (PVT) Ltd.,100,324.9,32490.0,2025-09-07 13:03:03.365805
2025-09-07,32041,2025090701009503,ADBL,South Asian Bulls Pvt. Ltd.,Premier Securities Company Ltd.,172,325.0,55900.0,2025-09-07 13:03:03.365990
2025-09-07,32040,2025090701009504,ADBL,South Asian Bulls Pvt. Ltd.,Online Securities Pvt. Ltd.,48,325.0,15600.0,2025-09-07 13:03:03.366201
2025-09-07,30994,2025090701009830,ADBL,Linch Stock Market Ltd.,Naasa Securities Co. Ltd.,50,324.9,16245.0,2025-09-07 13:07:40.603360
2025-09-07,30934,2025090701009865,ADBL,Linch Stock Market Ltd.,S.P.S.A. Securities Limited,50,324.9,16245.0,2025-09-07 13:07:52.823619
2025-09-07,30933,2025090701009866,ADBL,Nepal Stock House (PVT) Ltd.,S.P.S.A. Securities Limited,64,324.0,20736.0,2025-09-07 13:07:52.823662
2025-09-07,30211,2025090701010085,ADBL,Nepal Stock House (PVT) Ltd.,Naasa Securities Co. Ltd.,10,324.0,3240.0,2025-09-07 13:10:52.151668
2025-09-07,29729,2025090701010244,ADBL,Imperial Securities Company Pvt. Ltd.,Online Securities Pvt. Ltd.,43,324.5,13953.5,2025-09-07 13:12:57.938490
2025-09-07,29715,2025090701010246,ADBL,Nepal Stock House (PVT) Ltd.,Bhrikuti Stock Broking Co. Pvt. Ltd.,10,324.0,3240.0,2025-09-07 13:13:02.758137
2025-09-07,29507,2025090701010316,ADBL,Nepal Stock House (PVT) Ltd.,Midas Stock Broking Company Private Limited,30,324.0,9720.0,2025-09-07 13:14:07.374718
2025-09-07,29324,2025090701010381,ADBL,Nepal Stock House (PVT) Ltd.,Secured Securities Ltd.,10,324.0,3240.0,2025-09-07 13:15:07.921002
2025-09-07,29240,2025090701010417,ADBL,Nepal Stock House (PVT) Ltd.,Sweta Securities Private Limited,60,324.0,19440.0,2025-09-07 13:15:22.407596
2025-09-07,29235,2025090701010420,ADBL,Nepal Stock House (PVT) Ltd.,Online Securities Pvt. Ltd.,37,324.0,11988.0,2025-09-07 13:15:23.724060
2025-09-07,28512,2025090701010679,ADBL,Nepal Stock House (PVT) Ltd.,Linch Stock Market Ltd.,25,324.0,8100.0,2025-09-07 13:18:27.442442
2025-09-07,27766,2025090701010914,ADBL,Naasa Securities Co. Ltd.,Online Securities Pvt. Ltd.,20,324.0,6480.0,2025-09-07 13:21:37.906959
2025-09-07,26812,2025090701011254,ADBL,Naasa Securities Co. Ltd.,Secured Securities Ltd.,10,324.0,3240.0,2025-09-07 13:26:37.288573
2025-09-07,26711,2025090701011297,ADBL,Sweta Securities Private Limited,Swarna Laxmi Securities Pvt. Ltd.,123,324.5,39913.5,2025-09-07 13:27:11.821670
2025-09-07,26710,2025090701011298,ADBL,Sweta Securities Private Limited,Dynamic Money Managers Securities Pvt. Ltd.,271,324.5,87939.5,2025-09-07 13:27:11.821833
2025-09-07,26709,2025090701011299,ADBL,Sweta Securities Private Limited,Secured Securities Ltd.,10,324.5,3245.0,2025-09-07 13:27:11.821898
2025-09-07,26708,2025090701011300,ADBL,Sweta Securities Private Limited,Vision Securities Pvt. Ltd,100,324.9,32490.0,2025-09-07 13:27:11.821961
2025-09-07,26707,2025090701011301,ADBL,Sweta Securities Private Limited,Secured Securities Ltd.,20,324.9,6498.0,2025-09-07 13:27:11.822037
2025-09-07,26706,2025090701011302,ADBL,Sweta Securities Private Limited,Online Securities Pvt. Ltd.,176,325.0,57200.0,2025-09-07 13:27:11.822102
2025-09-07,26544,2025090701011370,ADBL,Naasa Securities Co. Ltd.,Aakashbhairab Securities Ltd.,10,324.0,3240.0,2025-09-07 13:28:10.842202
2025-09-07,25978,2025090701011609,ADBL,Dynamic Money Managers Securities Pvt. Ltd.,Dynamic Money Managers Securities Pvt. Ltd.,10,322.8,3228.0,2025-09-07 13:31:12.401640
2025-09-07,25469,2025090701011857,ADBL,Dynamic Money Managers Securities Pvt. Ltd.,Premier Securities Company Ltd.,65,322.8,20982.0,2025-09-07 13:34:06.041596
2025-09-07,25468,2025090701011858,ADBL,Asian Securities Private Ltd.,Premier Securities Company Ltd.,57,322.8,18399.6,2025-09-07 13:34:06.041767
2025-09-07,25467,2025090701011859,ADBL,Trisul Securities & Invt. Ltd.,Premier Securities Company Ltd.,100,322.6,32260.0,2025-09-07 13:34:06.041834
2025-09-07,25466,2025090701011860,ADBL,Kohinoor Investment & Securities Pvt. Ltd.,Premier Securities Company Ltd.,500,322.3,161150.0,2025-09-07 13:34:06.041902
2025-09-07,25465,2025090701011861,ADBL,Imperial Securities Company Pvt. Ltd.,Premier Securities Company Ltd.,100,322.3,32230.0,2025-09-07 13:34:06.041967
2025-09-07,25464,2025090701011862,ADBL,Sewa Securities Pvt. Ltd.,Premier Securities Company Ltd.,178,322.3,57369.4,2025-09-07 13:34:06.042034
2025-09-07,23303,2025090701012646,ADBL,Primo Securities (PVT) Ltd.,Aakashbhairab Securities Ltd.,15,324.0,4860.0,2025-09-07 13:46:00.043518
2025-09-07,23170,2025090701012675,ADBL,Primo Securities (PVT) Ltd.,Aakashbhairab Securities Ltd.,30,324.0,9720.0,2025-09-07 13:46:40.099859
2025-09-07,22976,2025090701012746,ADBL,ABC Securities Private Limited,Naasa Securities Co. Ltd.,50,322.6,16130.0,2025-09-07 13:48:04.570966
2025-09-07,22975,2025090701012747,ADBL,Malla & Malla Stock Broking Company Pvt. Limited,Naasa Securities Co. Ltd.,100,322.5,32250.0,2025-09-07 13:48:04.571333
2025-09-07,22974,2025090701012748,ADBL,Sewa Securities Pvt. Ltd.,Naasa Securities Co. Ltd.,22,322.3,7090.6,2025-09-07 13:48:04.571553
2025-09-07,22973,2025090701012749,ADBL,Aryatara Investment & Securities,Naasa Securities Co. Ltd.,19,322.2,6121.8,2025-09-07 13:48:04.571771
2025-09-07,22748,2025090701012836,ADBL,Aryatara Investment & Securities,Opal Securities Investment (PVT) Ltd.,71,322.2,22876.2,2025-09-07 13:49:18.241970
2025-09-07,22747,2025090701012837,ADBL,Sani Securities Company Ltd.,Opal Securities Investment (PVT) Ltd.,429,322.2,138223.8,2025-09-07 13:49:18.242341
2025-09-07,22057,2025090701013059,ADBL,Sani Securities Company Ltd.,Aakashbhairab Securities Ltd.,71,322.2,22876.2,2025-09-07 13:52:30.026877
2025-09-07,22056,2025090701013060,ADBL,Online Securities Pvt. Ltd.,Aakashbhairab Securities Ltd.,60,322.2,19332.0,2025-09-07 13:52:30.027082
2025-09-07,22055,2025090701013061,ADBL,Sani Securities Company Ltd.,Aakashbhairab Securities Ltd.,69,322.1,22224.9,2025-09-07 13:52:30.027158
2025-09-07,22054,2025090701013062,ADBL,Nepal Stock House (PVT) Ltd.,Aakashbhairab Securities Ltd.,1000,322.1,322100.0,2025-09-07 13:52:30.027228
2025-09-07,22053,2025090701013063,ADBL,Oxford Securities Pvt. Ltd.,Aakashbhairab Securities Ltd.,50,322.1,16105.0,2025-09-07 13:52:30.027326
2025-09-07,22052,2025090701013064,ADBL,Naasa Securities Co. Ltd.,Aakashbhairab Securities Ltd.,150,322.1,48315.0,2025-09-07 13:52:30.027393
2025-09-07,22051,2025090701013065,ADBL,Dipshikha Dhitopatra Karobar Co. Pvt Ltd.,Aakashbhairab Securities Ltd.,10,322.0,3220.0,2025-09-07 13:52:30.027457
2025-09-07,22050,2025090701013066,ADBL,Sewa Securities Pvt. Ltd.,Aakashbhairab Securities Ltd.,150,322.0,48300.0,2025-09-07 13:52:30.027519
2025-09-07,22049,2025090701013067,ADBL,J.F. Securites (PVT) Ltd.,Aakashbhairab Securities Ltd.,17,322.0,5474.0,2025-09-07 13:52:30.027581
2025-09-07,22048,2025090701013068,ADBL,Midas Stock Broking Company Private Limited,Aakashbhairab Securities Ltd.,200,322.0,64400.0,2025-09-07 13:52:30.027642
2025-09-07,22047,2025090701013069,ADBL,Nepal Investment And Securities Trading Private Limited,Aakashbhairab Securities Ltd.,100,322.0,32200.0,2025-09-07 13:52:30.027703
2025-09-07,22046,2025090701013070,ADBL,Malla & Malla Stock Broking Company Pvt. Limited,Aakashbhairab Securities Ltd.,100,322.0,32200.0,2025-09-07 13:52:30.027766
2025-09-07,22045,2025090701013071,ADBL,Sri Hari Securities Pvt. Ltd.,Aakashbhairab Securities Ltd.,23,322.0,7406.0,2025-09-07 13:52:30.027827
2025-09-07,21975,2025090701013086,ADBL,Dipshikha Dhitopatra Karobar Co. Pvt Ltd.,Aakashbhairab Securities Ltd.,50,322.2,16110.0,2025-09-07 13:52:47.551571
2025-09-07,21974,2025090701013087,ADBL,Sri Hari Securities Pvt. Ltd.,Aakashbhairab Securities Ltd.,277,322.0,89194.0,2025-09-07 13:52:47.551774
2025-09-07,21973,2025090701013088,ADBL,Online Securities Pvt. Ltd.,Aakashbhairab Securities Ltd.,100,322.0,32200.0,2025-09-07 13:52:47.551842
2025-09-07,21972,2025090701013089,ADBL,Capital Hub P. Ltd,Aakashbhairab Securities Ltd.,20,322.0,6440.0,2025-09-07 13:52:47.551904
2025-09-07,21971,2025090701013090,ADBL,ABC Securities Private Limited,Aakashbhairab Securities Ltd.,295,321.7,94901.5,2025-09-07 13:52:47.551988
2025-09-07,21970,2025090701013091,ADBL,Oxford Securities Pvt. Ltd.,Aakashbhairab Securities Ltd.,500,321.6,160800.0,2025-09-07 13:52:47.552071
2025-09-07,21969,2025090701013092,ADBL,Vision Securities Pvt. Ltd,Aakashbhairab Securities Ltd.,50,321.4,16070.0,2025-09-07 13:52:47.552164
2025-09-07,21968,2025090701013093,ADBL,Online Securities Pvt. Ltd.,Aakashbhairab Securities Ltd.,1500,321.3,481950.0,2025-09-07 13:52:47.552251
2025-09-07,21967,2025090701013094,ADBL,Sani Securities Company Ltd.,Aakashbhairab Securities Ltd.,208,321.3,66830.4,2025-09-07 13:52:47.552341
2025-09-07,21024,2025090701013391,ADBL,Kumari Securities Private Limited,J.F. Securites (PVT) Ltd.,100,321.5,32150.0,2025-09-07 13:57:21.304401
2025-09-07,21023,2025090701013392,ADBL,Vision Securities Pvt. Ltd,J.F. Securites (PVT) Ltd.,21,321.4,6749.4,2025-09-07 13:57:21.304552
2025-09-07,20308,2025090701013660,ADBL,Asian Securities Private Ltd.,J.F. Securites (PVT) Ltd.,200,321.5,64300.0,2025-09-07 14:01:01.706274
2025-09-07,20307,2025090701013661,ADBL,Bhrikuti Stock Broking Co. Pvt. Ltd.,J.F. Securites (PVT) Ltd.,10,321.5,3215.0,2025-09-07 14:01:01.706381
2025-09-07,20306,2025090701013662,ADBL,Nepal Stock House (PVT) Ltd.,J.F. Securites (PVT) Ltd.,138,321.5,44367.0,2025-09-07 14:01:01.706454
2025-09-07,20140,2025090701013713,ADBL,Nepal Stock House (PVT) Ltd.,Linch Stock Market Ltd.,10,321.5,3215.0,2025-09-07 14:01:50.979399
2025-09-07,19938,2025090701013807,ADBL,Nepal Stock House (PVT) Ltd.,Sani Securities Company Ltd.,89,321.5,28613.5,2025-09-07 14:02:59.330809
2025-09-07,19554,2025090701013938,ADBL,Nepal Stock House (PVT) Ltd.,Sweta Securities Private Limited,517,321.5,166215.5,2025-09-07 14:04:46.730997
2025-09-07,18987,2025090701014169,ADBL,Imperial Securities Company Pvt. Ltd.,Imperial Securities Company Pvt. Ltd.,4,315.2,1260.8,2025-09-07 14:07:41.842583
2025-09-07,18281,2025090701014420,ADBL,Vision Securities Pvt. Ltd,Dipshikha Dhitopatra Karobar Co. Pvt Ltd.,20,322.0,6440.0,2025-09-07 14:11:14.917442
2025-09-07,17839,2025090701014609,ADBL,Midas Stock Broking Company Private Limited,Neev Securities Pvt. Ltd.,50,322.0,16100.0,2025-09-07 14:13:22.251751
2025-09-07,17098,2025090701014846,ADBL,Midas Stock Broking Company Private Limited,N.I.M.B. Stock Markets Limited,250,322.0,80500.0,2025-09-07 14:16:32.506157
2025-09-07,17097,2025090701014847,ADBL,Sewa Securities Pvt. Ltd.,N.I.M.B. Stock Markets Limited,150,322.0,48300.0,2025-09-07 14:16:32.506329
2025-09-07,17011,2025090701014871,ADBL,Nepal Stock House (PVT) Ltd.,N.I.M.B. Stock Markets Limited,100,321.5,32150.0,2025-09-07 14:16:54.349747
2025-09-07,16373,2025090701015037,ADBL,Pragyan Securities (PVT) Ltd.,Himalayan Brokerage Company Limited,20,321.6,6432.0,2025-09-07 14:19:02.539858
2025-09-07,16372,2025090701015038,ADBL,Vision Securities Pvt. Ltd,Himalayan Brokerage Company Limited,73,321.6,23476.8,2025-09-07 14:19:02.540032
2025-09-07,16368,2025090701015040,ADBL,Vision Securities Pvt. Ltd,Sharepro Securities Private Limited,41,321.6,13185.6,2025-09-07 14:19:03.663387
2025-09-07,16301,2025090701015064,ADBL,Vision Securities Pvt. Ltd,Himalayan Brokerage Company Limited,10,321.6,3216.0,2025-09-07 14:19:18.077700
2025-09-07,16281,2025090701015070,ADBL,Vision Securities Pvt. Ltd,Sharepro Securities Private Limited,10,321.6,3216.0,2025-09-07 14:19:23.696729
2025-09-07,16017,2025090701015154,ADBL,Shree Krishna Securities Ltd.,Kohinoor Investment & Securities Pvt. Ltd.,110,321.7,35387.0,2025-09-07 14:20:31.766648
2025-09-07,15328,2025090701015405,ADBL,Shree Krishna Securities Ltd.,Aakashbhairab Securities Ltd.,65,321.7,20910.5,2025-09-07 14:23:22.517460
2025-09-07,15327,2025090701015406,ADBL,Shree Krishna Securities Ltd.,Aakashbhairab Securities Ltd.,155,321.7,49863.5,2025-09-07 14:23:22.517625
2025-09-07,15326,2025090701015407,ADBL,Vision Securities Pvt. Ltd,Aakashbhairab Securities Ltd.,45,321.6,14472.0,2025-09-07 14:23:22.517696
2025-09-07,15325,2025090701015408,ADBL,Linch Stock Market Ltd.,Aakashbhairab Securities Ltd.,60,321.6,19296.0,2025-09-07 14:23:22.517766
2025-09-07,15324,2025090701015409,ADBL,Nepal Stock House (PVT) Ltd.,Aakashbhairab Securities Ltd.,146,321.5,46939.0,2025-09-07 14:23:22.517837
2025-09-07,15323,2025090701015410,ADBL,Sundhara Securities Limited,Aakashbhairab Securities Ltd.,50,321.5,16075.0,2025-09-07 14:23:22.517907
2025-09-07,15322,2025090701015411,ADBL,Aryatara Investment & Securities,Aakashbhairab Securities Ltd.,300,321.5,96450.0,2025-09-07 14:23:22.517975
2025-09-07,15321,2025090701015412,ADBL,Imperial Securities Company Pvt. Ltd.,Aakashbhairab Securities Ltd.,100,321.5,32150.0,2025-09-07 14:23:22.518066
2025-09-07,15320,2025090701015413,ADBL,Agrawal Securities (PVT) Ltd.,Aakashbhairab Securities Ltd.,30,321.4,9642.0,2025-09-07 14:23:22.518133
2025-09-07,15319,2025090701015414,ADBL,Beni Securities Pvt.Ltd.,Aakashbhairab Securities Ltd.,50,321.4,16070.0,2025-09-07 14:23:22.518203
2025-09-07,15318,2025090701015415,ADBL,Dipshikha Dhitopatra Karobar Co. Pvt Ltd.,Aakashbhairab Securities Ltd.,10,321.4,3214.0,2025-09-07 14:23:22.518268
2025-09-07,15317,2025090701015416,ADBL,Sani Securities Company Ltd.,Aakashbhairab Securities Ltd.,334,321.3,107314.2,2025-09-07 14:23:22.518336
2025-09-07,15316,2025090701015417,ADBL,Dipshikha Dhitopatra Karobar Co. Pvt Ltd.,Aakashbhairab Securities Ltd.,30,321.3,9639.0,2025-09-07 14:23:22.518403
2025-09-07,15315,2025090701015418,ADBL,Naasa Securities Co. Ltd.,Aakashbhairab Securities Ltd.,75,321.2,24090.0,2025-09-07 14:23:22.518468
2025-09-07,15314,2025090701015419,ADBL,Oxford Securities Pvt. Ltd.,Aakashbhairab Securities Ltd.,100,321.2,32120.0,2025-09-07 14:23:22.518532
2025-09-07,15313,2025090701015420,ADBL,Primo Securities (PVT) Ltd.,Aakashbhairab Securities Ltd.,61,321.2,19593.2,2025-09-07 14:23:22.518600
2025-09-07,15312,2025090701015421,ADBL,Online Securities Pvt. Ltd.,Aakashbhairab Securities Ltd.,100,321.1,32110.0,2025-09-07 14:23:22.518673
2025-09-07,15311,2025090701015422,ADBL,Linch Stock Market Ltd.,Aakashbhairab Securities Ltd.,1000,321.1,321100.0,2025-09-07 14:23:22.518742
2025-09-07,15310,2025090701015423,ADBL,Aryatara Investment & Securities,Aakashbhairab Securities Ltd.,289,321.0,92769.0,2025-09-07 14:23:22.518815
2025-09-07,14826,2025090701015575,ADBL,Global IME Securities Limited,Sani Securities Company Ltd.,42,322.0,13524.0,2025-09-07 14:25:14.602379
2025-09-07,13957,2025090701015820,ADBL,Vision Securities Pvt. Ltd,Neev Securities Pvt. Ltd.,100,321.1,32110.0,2025-09-07 14:28:14.182816
2025-09-07,11615,2025090701016526,ADBL,Imperial Securities Company Pvt. Ltd.,Sani Securities Company Ltd.,118,322.0,37996.0,2025-09-07 14:35:45.662276
2025-09-07,11614,2025090701016527,ADBL,Imperial Securities Company Pvt. Ltd.,Nepal Stock House (PVT) Ltd.,256,322.0,82432.0,2025-09-07 14:35:45.662607
2025-09-07,11613,2025090701016528,ADBL,Imperial Securities Company Pvt. Ltd.,Nepal Stock House (PVT) Ltd.,35,322.0,11270.0,2025-09-07 14:35:45.662808
2025-09-07,11612,2025090701016529,ADBL,Imperial Securities Company Pvt. Ltd.,Secured Securities Ltd.,515,322.0,165830.0,2025-09-07 14:35:45.663004
2025-09-07,11278,2025090701016668,ADBL,Imperial Securities Company Pvt. Ltd.,Online Securities Pvt. Ltd.,76,322.0,24472.0,2025-09-07 14:36:55.146828
2025-09-07,11198,2025090701016702,ADBL,Dynamic Money Managers Securities Pvt. Ltd.,Online Securities Pvt. Ltd.,23,321.5,7394.5,2025-09-07 14:37:15.346143
2025-09-07,10941,2025090701016774,ADBL,Online Securities Pvt. Ltd.,Nabil Stock Dealer Ltd.,24,322.9,7749.6,2025-09-07 14:38:13.214444
2025-09-07,9033,2025090701017361,ADBL,Asian Securities Private Ltd.,Deevyaa Securities & Stock House Pvt. Ltd,100,321.6,32160.0,2025-09-07 14:44:08.206074
2025-09-07,9032,2025090701017362,ADBL,Dynamic Money Managers Securities Pvt. Ltd.,Deevyaa Securities & Stock House Pvt. Ltd,241,321.5,77481.5,2025-09-07 14:44:08.206249
2025-09-07,9031,2025090701017363,ADBL,Naasa Securities Co. Ltd.,Deevyaa Securities & Stock House Pvt. Ltd,59,321.5,18968.5,2025-09-07 14:44:08.206328
2025-09-07,8276,2025090701017582,ADBL,Naasa Securities Co. Ltd.,Aakashbhairab Securities Ltd.,250,322.0,80500.0,2025-09-07 14:45:46.064300
2025-09-07,7912,2025090701017709,ADBL,KALASH STOCK MARKET PVT. LTD.,Aakashbhairab Securities Ltd.,91,321.6,29265.6,2025-09-07 14:46:42.141423
2025-09-07,7911,2025090701017710,ADBL,Naasa Securities Co. Ltd.,Aakashbhairab Securities Ltd.,41,321.5,13181.5,2025-09-07 14:46:42.141766
2025-09-07,7910,2025090701017711,ADBL,Oxford Securities Pvt. Ltd.,Aakashbhairab Securities Ltd.,100,321.5,32150.0,2025-09-07 14:46:42.141843
2025-09-07,7909,2025090701017712,ADBL,Sweta Securities Private Limited,Aakashbhairab Securities Ltd.,500,321.2,160600.0,2025-09-07 14:46:42.141916
2025-09-07,7908,2025090701017713,ADBL,Linch Stock Market Ltd.,Aakashbhairab Securities Ltd.,10,321.1,3211.0,2025-09-07 14:46:42.141992
2025-09-07,7907,2025090701017714,ADBL,Sweta Securities Private Limited,Aakashbhairab Securities Ltd.,10,321.1,3211.0,2025-09-07 14:46:42.142071
2025-09-07,7906,2025090701017715,ADBL,Midas Stock Broking Company Private Limited,Aakashbhairab Securities Ltd.,40,321.1,12844.0,2025-09-07 14:46:42.142141
2025-09-07,7905,2025090701017716,ADBL,Kalika Securities Pvt. Ltd.,Aakashbhairab Securities Ltd.,20,321.1,6422.0,2025-09-07 14:46:42.142211
2025-09-07,7904,2025090701017717,ADBL,Ashutosh Brokerage & Securities (PVT) Ltd.,Aakashbhairab Securities Ltd.,500,321.1,160550.0,2025-09-07 14:46:42.142299
2025-09-07,7903,2025090701017718,ADBL,Aryatara Investment & Securities,Aakashbhairab Securities Ltd.,101,321.0,32421.0,2025-09-07 14:46:42.142374
2025-09-07,7902,2025090701017719,ADBL,Sani Securities Company Ltd.,Aakashbhairab Securities Ltd.,50,321.0,16050.0,2025-09-07 14:46:42.142447
2025-09-07,7901,2025090701017720,ADBL,Premier Securities Company Ltd.,Aakashbhairab Securities Ltd.,50,321.0,16050.0,2025-09-07 14:46:42.142535
2025-09-07,7900,2025090701017721,ADBL,Sewa Securities Pvt. Ltd.,Aakashbhairab Securities Ltd.,40,321.0,12840.0,2025-09-07 14:46:42.142604
2025-09-07,7899,2025090701017722,ADBL,J.F. Securites (PVT) Ltd.,Aakashbhairab Securities Ltd.,25,321.0,8025.0,2025-09-07 14:46:42.142674
2025-09-07,7898,2025090701017723,ADBL,Sundhara Securities Limited,Aakashbhairab Securities Ltd.,35,321.0,11235.0,2025-09-07 14:46:42.142743
2025-09-07,7897,2025090701017724,ADBL,N.I.M.B. Stock Markets Limited,Aakashbhairab Securities Ltd.,10,321.0,3210.0,2025-09-07 14:46:42.142808
2025-09-07,7896,2025090701017725,ADBL,Kumari Securities Private Limited,Aakashbhairab Securities Ltd.,30,321.0,9630.0,2025-09-07 14:46:42.142878
2025-09-07,7895,2025090701017726,ADBL,Dipshikha Dhitopatra Karobar Co. Pvt Ltd.,Aakashbhairab Securities Ltd.,50,321.0,16050.0,2025-09-07 14:46:42.142944
2025-09-07,7894,2025090701017727,ADBL,Premier Securities Company Ltd.,Aakashbhairab Securities Ltd.,225,321.0,72225.0,2025-09-07 14:46:42.143007
2025-09-07,7893,2025090701017728,ADBL,Dipshikha Dhitopatra Karobar Co. Pvt Ltd.,Aakashbhairab Securities Ltd.,17,321.0,5457.0,2025-09-07 14:46:42.143076
2025-09-07,7763,2025090701017828,ADBL,Dipshikha Dhitopatra Karobar Co. Pvt Ltd.,Aakashbhairab Securities Ltd.,183,321.0,58743.0,2025-09-07 14:46:49.658193
2025-09-07,7762,2025090701017829,ADBL,Aryatara Investment & Securities,Aakashbhairab Securities Ltd.,500,321.0,160500.0,2025-09-07 14:46:49.658536
2025-09-07,7761,2025090701017830,ADBL,Arun Securities (PVT) Ltd.,Aakashbhairab Securities Ltd.,200,321.0,64200.0,2025-09-07 14:46:49.658737
2025-09-07,7760,2025090701017831,ADBL,Dynamic Money Managers Securities Pvt. Ltd.,Aakashbhairab Securities Ltd.,38,321.0,12198.0,2025-09-07 14:46:49.658934
2025-09-07,7759,2025090701017832,ADBL,Aryatara Investment & Securities,Aakashbhairab Securities Ltd.,100,321.0,32100.0,2025-09-07 14:46:49.659181
2025-09-07,7597,2025090701017872,ADBL,Thrive Brokerage House Pvt. Ltd,Global IME Securities Limited,200,320.6,64120.0,2025-09-07 14:47:09.042831
2025-09-07,7075,2025090701018046,ADBL,Nepal Stock House (PVT) Ltd.,Aakashbhairab Securities Ltd.,2000,321.0,642000.0,2025-09-07 14:48:28.472529
2025-09-07,7006,2025090701018078,ADBL,Swarna Laxmi Securities Pvt. Ltd.,Aakashbhairab Securities Ltd.,1000,321.0,321000.0,2025-09-07 14:48:43.907930
2025-09-07,7003,2025090701018079,ADBL,Shree Krishna Securities Ltd.,Aakashbhairab Securities Ltd.,70,321.0,22470.0,2025-09-07 14:48:44.332335
2025-09-07,6713,2025090701018164,ADBL,Siprabi Securities Pvt. Ltd.,Aakashbhairab Securities Ltd.,500,321.0,160500.0,2025-09-07 14:49:20.345240
2025-09-07,6566,2025090701018205,ADBL,Cristal Kanchanjanga Securites Pvt. Ltd.,Aakashbhairab Securities Ltd.,159,321.0,51039.0,2025-09-07 14:49:42.069715
2025-09-07,6565,2025090701018206,ADBL,Cristal Kanchanjanga Securites Pvt. Ltd.,Naasa Securities Co. Ltd.,11,322.5,3547.5,2025-09-07 14:49:42.070064
2025-09-07,5446,2025090701018654,ADBL,Pragyan Securities (PVT) Ltd.,Naasa Securities Co. Ltd.,119,322.5,38377.5,2025-09-07 14:52:00.179761
2025-09-07,5445,2025090701018655,ADBL,Pragyan Securities (PVT) Ltd.,Kumari Securities Private Limited,31,322.5,9997.5,2025-09-07 14:52:00.179972
2025-09-07,5326,2025090701018688,ADBL,Naasa Securities Co. Ltd.,Naasa Securities Co. Ltd.,70,321.2,22484.0,2025-09-07 14:52:16.049299
2025-09-07,5273,2025090701018703,ADBL,Naasa Securities Co. Ltd.,Asian Securities Private Ltd.,432,321.2,138758.4,2025-09-07 14:52:23.583408
2025-09-07,4903,2025090701018829,ADBL,Thrive Brokerage House Pvt. Ltd,Kumari Securities Private Limited,10,322.5,3225.0,2025-09-07 14:53:14.857310
2025-09-07,4373,2025090701018983,ADBL,Agrawal Securities (PVT) Ltd.,Kumari Securities Private Limited,159,322.5,51277.5,2025-09-07 14:54:25.745608
2025-09-07,4372,2025090701018984,ADBL,Agrawal Securities (PVT) Ltd.,Naasa Securities Co. Ltd.,41,322.5,13222.5,2025-09-07 14:54:25.745794
2025-09-07,4291,2025090701019003,ADBL,Kumari Securities Private Limited,Aakashbhairab Securities Ltd.,85,321.5,27327.5,2025-09-07 14:54:32.866218
2025-09-07,4290,2025090701019004,ADBL,Pragyan Securities (PVT) Ltd.,Aakashbhairab Securities Ltd.,52,321.0,16692.0,2025-09-07 14:54:32.866374
2025-09-07,4289,2025090701019005,ADBL,Dynamic Money Managers Securities Pvt. Ltd.,Aakashbhairab Securities Ltd.,15,321.0,4815.0,2025-09-07 14:54:32.866439
2025-09-07,4288,2025090701019006,ADBL,Dipshikha Dhitopatra Karobar Co. Pvt Ltd.,Aakashbhairab Securities Ltd.,10,321.0,3210.0,2025-09-07 14:54:32.866504
2025-09-07,4287,2025090701019007,ADBL,Market Securities & Exchange (PVT) Ltd.,Aakashbhairab Securities Ltd.,50,321.0,16050.0,2025-09-07 14:54:32.866569
2025-09-07,3997,2025090701019100,ADBL,Oxford Securities Pvt. Ltd.,Aakashbhairab Securities Ltd.,400,321.0,128400.0,2025-09-07 14:55:09.491644
2025-09-07,3541,2025090701019228,ADBL,Trisul Securities & Invt. Ltd.,Aakashbhairab Securities Ltd.,1000,321.0,321000.0,2025-09-07 14:55:59.681527
2025-09-07,3015,2025090701019341,ADBL,Aryatara Investment & Securities,Aakashbhairab Securities Ltd.,90,321.0,28890.0,2025-09-07 14:56:51.324388
2025-09-07,2487,2025090701019497,ADBL,Sani Securities Company Ltd.,Aakashbhairab Securities Ltd.,298,321.0,95658.0,2025-09-07 14:57:35.660942
2025-09-07,2486,2025090701019498,ADBL,Sani Securities Company Ltd.,Sundhara Securities Limited,162,321.0,52002.0,2025-09-07 14:57:35.661115
2025-09-07,350,2025090701019908,ADBL,Sundhara Securities Limited,Oxford Securities Pvt. Ltd.,10,321.0,3210.0,2025-09-07 14:59:45.673853
2025-09-07,349,2025090701019909,ADBL,Nabil Stock Dealer Ltd.,Oxford Securities Pvt. Ltd.,90,321.0,28890.0,2025-09-07 14:59:45.674292
2025-09-07,348,2025090701019910,ADBL,Sewa Securities Pvt. Ltd.,Oxford Securities Pvt. Ltd.,50,320.6,16030.0,2025-09-07 14:59:45.674690
2025-09-07,347,2025090701019911,ADBL,Dynamic Money Managers Securities Pvt. Ltd.,Oxford Securities Pvt. Ltd.,26,320.6,8335.6,2025-09-07 14:59:45.675072
2025-09-07,45,2025090701019979,ADBL,Cristal Kanchanjanga Securites Pvt. Ltd.,Imperial Securities Company Pvt. Ltd.,30,322.0,9660.0,2025-09-07 14:59:58.799534
2025-09-07,44,2025090701019980,ADBL,Cristal Kanchanjanga Securites Pvt. Ltd.,Naasa Securities Co. Ltd.,10,322.5,3225.0,2025-09-07 14:59:58.799921
