Date,S.N.,Contract ID,Symbol,Buyer Broker,Seller Broker,volume,rate,amount,transaction_time
2025-09-03,67452,2025090304000145,API,Sweta Securities Private Limited,Dakshinkali Investment & Securities Pvt. Ltd.,21,292.0,6132.0,2025-09-03 11:05:41.684331
2025-09-03,67198,2025090304000170,API,South Asian Bulls Pvt. Ltd.,Dakshinkali Investment & Securities Pvt. Ltd.,229,292.0,66868.0,2025-09-03 11:06:51.852817
2025-09-03,67197,2025090304000171,API,South Asian Bulls Pvt. Ltd.,Premier Securities Company Ltd.,11,293.0,3223.0,2025-09-03 11:06:51.852885
2025-09-03,66974,2025090304000201,API,Opal Securities Investment (PVT) Ltd.,Premier Securities Company Ltd.,14,293.0,4102.0,2025-09-03 11:07:51.760385
2025-09-03,66502,2025090304000274,API,Opal Securities Investment (PVT) Ltd.,Sajilo Broker Limited,200,293.0,58600.0,2025-09-03 11:09:59.427211
2025-09-03,66331,2025090304000288,API,Opal Securities Investment (PVT) Ltd.,Premier Securities Company Ltd.,17,293.0,4981.0,2025-09-03 11:10:32.770012
2025-09-03,66044,2025090304000317,API,Opal Securities Investment (PVT) Ltd.,Trishakti Securities Public Limited,210,293.0,61530.0,2025-09-03 11:11:26.885057
2025-09-03,66043,2025090304000318,API,Opal Securities Investment (PVT) Ltd.,Trishakti Securities Public Limited,70,293.0,20510.0,2025-09-03 11:11:26.885193
2025-09-03,66042,2025090304000319,API,Opal Securities Investment (PVT) Ltd.,Trishakti Securities Public Limited,40,293.0,11720.0,2025-09-03 11:11:26.885251
2025-09-03,66041,2025090304000320,API,N.I.M.B. Stock Markets Limited,Trishakti Securities Public Limited,80,293.0,23440.0,2025-09-03 11:11:26.885300
2025-09-03,64387,2025090304000519,API,Sharepro Securities Private Limited,Sumeru Securities Pvt. Ltd.,89,291.1,25907.9,2025-09-03 11:17:27.542391
2025-09-03,64122,2025090304000577,API,Sharepro Securities Private Limited,Dipshikha Dhitopatra Karobar Co. Pvt Ltd.,107,291.1,31147.7,2025-09-03 11:18:22.665322
2025-09-03,61815,2025090304001043,API,Naasa Securities Co. Ltd.,Sweta Securities Private Limited,10,293.0,2930.0,2025-09-03 11:26:33.641921
2025-09-03,61205,2025090304001120,API,Asian Securities Private Ltd.,Sweta Securities Private Limited,10,293.0,2930.0,2025-09-03 11:28:44.869847
2025-09-03,60777,2025090304001194,API,Midas Stock Broking Company Private Limited,Sweta Securities Private Limited,280,293.0,82040.0,2025-09-03 11:30:33.714452
2025-09-03,60776,2025090304001195,API,Midas Stock Broking Company Private Limited,Kohinoor Investment & Securities Pvt. Ltd.,23,293.0,6739.0,2025-09-03 11:30:33.714598
2025-09-03,60654,2025090304001230,API,Imperial Securities Company Pvt. Ltd.,Asian Securities Private Ltd.,610,292.1,178181.0,2025-09-03 11:31:07.952726
2025-09-03,60230,2025090304001333,API,ABC Securities Private Limited,Kohinoor Investment & Securities Pvt. Ltd.,577,293.0,169061.0,2025-09-03 11:33:13.133211
2025-09-03,60229,2025090304001334,API,ABC Securities Private Limited,Vision Securities Pvt. Ltd,423,293.0,123939.0,2025-09-03 11:33:13.133398
2025-09-03,59250,2025090304001555,API,Nepal Investment And Securities Trading Private Limited,Vision Securities Pvt. Ltd,20,293.0,5860.0,2025-09-03 11:36:58.994682
2025-09-03,59047,2025090304001581,API,Nepal Investment And Securities Trading Private Limited,Vision Securities Pvt. Ltd,30,293.0,8790.0,2025-09-03 11:37:49.146093
2025-09-03,58181,2025090304001758,API,Oxford Securities Pvt. Ltd.,Oxford Securities Pvt. Ltd.,200,292.2,58440.0,2025-09-03 11:41:08.899338
2025-09-03,58006,2025090304001813,API,Oxford Securities Pvt. Ltd.,Imperial Securities Company Pvt. Ltd.,55,292.2,16071.0,2025-09-03 11:41:51.299767
2025-09-03,57579,2025090304001913,API,Oxford Securities Pvt. Ltd.,Sumeru Securities Pvt. Ltd.,90,292.2,26298.0,2025-09-03 11:43:20.812940
2025-09-03,57578,2025090304001914,API,Imperial Securities Company Pvt. Ltd.,Sumeru Securities Pvt. Ltd.,890,292.1,259969.0,2025-09-03 11:43:20.813255
2025-09-03,57577,2025090304001915,API,Vision Securities Pvt. Ltd,Sumeru Securities Pvt. Ltd.,2000,292.0,584000.0,2025-09-03 11:43:20.813472
2025-09-03,57576,2025090304001916,API,ABC Securities Private Limited,Sumeru Securities Pvt. Ltd.,175,292.0,51100.0,2025-09-03 11:43:20.813698
2025-09-03,57575,2025090304001917,API,Neev Securities Pvt. Ltd.,Sumeru Securities Pvt. Ltd.,175,292.0,51100.0,2025-09-03 11:43:20.813950
2025-09-03,57574,2025090304001918,API,Sani Securities Company Ltd.,Sumeru Securities Pvt. Ltd.,12,292.0,3504.0,2025-09-03 11:43:20.814165
2025-09-03,57573,2025090304001919,API,Sani Securities Company Ltd.,Sumeru Securities Pvt. Ltd.,158,292.0,46136.0,2025-09-03 11:43:20.814392
2025-09-03,56746,2025090304002151,API,Trishakti Securities Public Limited,Trishakti Securities Public Limited,8,292.2,2337.6,2025-09-03 11:46:02.540228
2025-09-03,55621,2025090304002400,API,Sani Securities Company Ltd.,Dipshikha Dhitopatra Karobar Co. Pvt Ltd.,21,292.0,6132.0,2025-09-03 11:50:39.374108
2025-09-03,54378,2025090304002680,API,Neev Securities Pvt. Ltd.,Agrawal Securities (PVT) Ltd.,4,286.3,1145.2,2025-09-03 11:55:22.259946
2025-09-03,54010,2025090304002744,API,Sani Securities Company Ltd.,Linch Stock Market Ltd.,45,292.0,13140.0,2025-09-03 11:57:08.003533
2025-09-03,53177,2025090304002905,API,Sani Securities Company Ltd.,Shree Krishna Securities Ltd.,18,292.0,5256.0,2025-09-03 12:00:08.354818
2025-09-03,53176,2025090304002906,API,Opal Securities Investment (PVT) Ltd.,Shree Krishna Securities Ltd.,250,292.0,73000.0,2025-09-03 12:00:08.354865
2025-09-03,53175,2025090304002907,API,Naasa Securities Co. Ltd.,Shree Krishna Securities Ltd.,900,292.0,262800.0,2025-09-03 12:00:08.354890
2025-09-03,53174,2025090304002908,API,Imperial Securities Company Pvt. Ltd.,Shree Krishna Securities Ltd.,50,292.0,14600.0,2025-09-03 12:00:08.354933
2025-09-03,53173,2025090304002909,API,Deevyaa Securities & Stock House Pvt. Ltd,Shree Krishna Securities Ltd.,20,291.8,5836.0,2025-09-03 12:00:08.354960
2025-09-03,53172,2025090304002910,API,Siprabi Securities Pvt. Ltd.,Shree Krishna Securities Ltd.,50,291.5,14575.0,2025-09-03 12:00:08.354982
2025-09-03,53171,2025090304002911,API,Sundhara Securities Limited,Shree Krishna Securities Ltd.,30,291.3,8739.0,2025-09-03 12:00:08.355008
2025-09-03,53170,2025090304002912,API,South Asian Bulls Pvt. Ltd.,Shree Krishna Securities Ltd.,82,291.2,23878.4,2025-09-03 12:00:08.355030
2025-09-03,52436,2025090304003025,API,Dynamic Money Managers Securities Pvt. Ltd.,Vision Securities Pvt. Ltd,27,293.0,7911.0,2025-09-03 12:03:20.709853
2025-09-03,52435,2025090304003026,API,Dynamic Money Managers Securities Pvt. Ltd.,Linch Stock Market Ltd.,313,293.0,91709.0,2025-09-03 12:03:20.710063
2025-09-03,51672,2025090304003148,API,Bhrikuti Stock Broking Co. Pvt. Ltd.,Vision Securities Pvt. Ltd,197,291.5,57425.5,2025-09-03 12:06:30.036650
2025-09-03,51422,2025090304003196,API,Neev Securities Pvt. Ltd.,South Asian Bulls Pvt. Ltd.,3,286.2,858.6,2025-09-03 12:07:29.271484
2025-09-03,50026,2025090304003492,API,Naasa Securities Co. Ltd.,SHUBHAKAMANA SECURITIES PVT. LTD,15,291.7,4375.5,2025-09-03 12:13:22.016720
2025-09-03,49548,2025090304003598,API,Naasa Securities Co. Ltd.,Ashutosh Brokerage & Securities (PVT) Ltd.,1,292.0,292.0,2025-09-03 12:15:26.545153
2025-09-03,49485,2025090304003612,API,Capital Max Securities Ltd,Linch Stock Market Ltd.,4,286.3,1145.2,2025-09-03 12:15:36.830646
2025-09-03,49266,2025090304003659,API,Opal Securities Investment (PVT) Ltd.,Sumeru Securities Pvt. Ltd.,142,292.5,41535.0,2025-09-03 12:16:23.459574
2025-09-03,49265,2025090304003660,API,Opal Securities Investment (PVT) Ltd.,Linch Stock Market Ltd.,108,293.0,31644.0,2025-09-03 12:16:23.460004
2025-09-03,49198,2025090304003688,API,Sharepro Securities Private Limited,Sani Securities Company Ltd.,154,291.6,44906.4,2025-09-03 12:16:39.404341
2025-09-03,48335,2025090304003894,API,Sharepro Securities Private Limited,Siprabi Securities Pvt. Ltd.,46,291.6,13413.6,2025-09-03 12:19:52.279003
2025-09-03,48103,2025090304003968,API,Bhrikuti Stock Broking Co. Pvt. Ltd.,Kalika Securities Pvt. Ltd.,303,291.5,88324.5,2025-09-03 12:20:49.584075
2025-09-03,48102,2025090304003969,API,Sani Securities Company Ltd.,Kalika Securities Pvt. Ltd.,13,291.5,3789.5,2025-09-03 12:20:49.584279
2025-09-03,47769,2025090304004086,API,N.I.M.B. Stock Markets Limited,Kalika Securities Pvt. Ltd.,50,291.5,14575.0,2025-09-03 12:22:04.194174
2025-09-03,47338,2025090304004163,API,South Asian Bulls Pvt. Ltd.,Online Securities Pvt. Ltd.,68,291.2,19801.6,2025-09-03 12:24:02.936699
2025-09-03,47337,2025090304004164,API,Imperial Securities Company Pvt. Ltd.,Online Securities Pvt. Ltd.,86,291.2,25043.2,2025-09-03 12:24:02.936793
2025-09-03,47235,2025090304004192,API,Sundhara Securities Limited,Kalika Securities Pvt. Ltd.,10,291.5,2915.0,2025-09-03 12:24:28.208956
2025-09-03,47050,2025090304004250,API,Imperial Securities Company Pvt. Ltd.,Property Wiard Limited,300,291.2,87360.0,2025-09-03 12:25:02.771308
2025-09-03,46804,2025090304004289,API,Imperial Securities Company Pvt. Ltd.,Primo Securities (PVT) Ltd.,30,291.2,8736.0,2025-09-03 12:26:02.334046
2025-09-03,46771,2025090304004299,API,Imperial Securities Company Pvt. Ltd.,Linch Stock Market Ltd.,584,291.2,170060.8,2025-09-03 12:26:08.841889
2025-09-03,46770,2025090304004300,API,Sharepro Securities Private Limited,Linch Stock Market Ltd.,216,291.1,62877.6,2025-09-03 12:26:08.842107
2025-09-03,46550,2025090304004338,API,Neev Securities Pvt. Ltd.,Naasa Securities Co. Ltd.,1,286.0,286.0,2025-09-03 12:27:09.988095
2025-09-03,46105,2025090304004414,API,Sharepro Securities Private Limited,Sipla Securities Private Limited,39,291.1,11352.9,2025-09-03 12:29:27.984656
2025-09-03,45709,2025090304004491,API,Sharepro Securities Private Limited,Deevyaa Securities & Stock House Pvt. Ltd,666,291.1,193872.6,2025-09-03 12:31:28.014903
2025-09-03,45658,2025090304004502,API,Neev Securities Pvt. Ltd.,Linch Stock Market Ltd.,4,290.0,1160.0,2025-09-03 12:31:40.563589
2025-09-03,45617,2025090304004508,API,ABC Securities Private Limited,Vision Securities Pvt. Ltd,300,291.2,87360.0,2025-09-03 12:31:54.209478
2025-09-03,45616,2025090304004509,API,Sharepro Securities Private Limited,Vision Securities Pvt. Ltd,1700,291.1,494870.0,2025-09-03 12:31:54.209921
2025-09-03,45600,2025090304004514,API,Sharepro Securities Private Limited,Sumeru Securities Pvt. Ltd.,100,291.1,29110.0,2025-09-03 12:31:59.914905
2025-09-03,45168,2025090304004584,API,Sharepro Securities Private Limited,K.B.L. Securities Limited ,1000,291.1,291100.0,2025-09-03 12:34:19.468391
2025-09-03,44746,2025090304004649,API,J.F. Securites (PVT) Ltd.,Imperial Securities Company Pvt. Ltd.,21,291.2,6115.2,2025-09-03 12:35:51.500968
2025-09-03,44244,2025090304004744,API,Sunrise Securities Limited,Online Securities Pvt. Ltd.,2,285.4,570.8,2025-09-03 12:38:16.769882
2025-09-03,44206,2025090304004759,API,Vision Securities Pvt. Ltd,Kalika Securities Pvt. Ltd.,624,291.5,181896.0,2025-09-03 12:38:28.036387
2025-09-03,44205,2025090304004760,API,Vision Securities Pvt. Ltd,Siprabi Securities Pvt. Ltd.,454,291.6,132386.4,2025-09-03 12:38:28.036814
2025-09-03,44204,2025090304004761,API,Vision Securities Pvt. Ltd,Kohinoor Investment & Securities Pvt. Ltd.,1922,292.0,561224.0,2025-09-03 12:38:28.037062
2025-09-03,44129,2025090304004776,API,Opal Securities Investment (PVT) Ltd.,Kohinoor Investment & Securities Pvt. Ltd.,78,292.0,22776.0,2025-09-03 12:38:59.898842
2025-09-03,44128,2025090304004777,API,Opal Securities Investment (PVT) Ltd.,Kalika Securities Pvt. Ltd.,37,292.0,10804.0,2025-09-03 12:38:59.899050
2025-09-03,43611,2025090304004885,API,Sunrise Securities Limited,Online Securities Pvt. Ltd.,2,286.2,572.4,2025-09-03 12:41:42.296671
2025-09-03,43185,2025090304005003,API,Malla & Malla Stock Broking Company Pvt. Limited,Asian Securities Private Ltd.,50,291.3,14565.0,2025-09-03 12:43:50.540753
2025-09-03,42872,2025090304005078,API,J.F. Securites (PVT) Ltd.,Kalika Securities Pvt. Ltd.,10,292.0,2920.0,2025-09-03 12:45:19.767801
2025-09-03,42611,2025090304005127,API,Sunrise Securities Limited,Kalika Securities Pvt. Ltd.,10,292.0,2920.0,2025-09-03 12:46:11.949136
2025-09-03,41090,2025090304005518,API,Malla & Malla Stock Broking Company Pvt. Limited,Dipshikha Dhitopatra Karobar Co. Pvt Ltd.,50,291.3,14565.0,2025-09-03 12:52:11.222410
2025-09-03,41089,2025090304005519,API,J.F. Securites (PVT) Ltd.,Dipshikha Dhitopatra Karobar Co. Pvt Ltd.,150,291.2,43680.0,2025-09-03 12:52:11.222838
2025-09-03,40536,2025090304005627,API,J.F. Securites (PVT) Ltd.,Linch Stock Market Ltd.,20,291.2,5824.0,2025-09-03 12:54:42.929571
2025-09-03,39176,2025090304005875,API,Dipshikha Dhitopatra Karobar Co. Pvt Ltd.,Kalika Securities Pvt. Ltd.,10,292.0,2920.0,2025-09-03 13:00:57.453591
2025-09-03,39149,2025090304005879,API,Kohinoor Investment & Securities Pvt. Ltd.,K.B.L. Securities Limited ,150,291.2,43680.0,2025-09-03 13:01:05.290607
2025-09-03,38936,2025090304005929,API,Kohinoor Investment & Securities Pvt. Ltd.,Midas Stock Broking Company Private Limited,428,291.2,124633.6,2025-09-03 13:02:03.310492
2025-09-03,37976,2025090304006098,API,South Asian Bulls Pvt. Ltd.,Secured Securities Ltd.,100,291.3,29130.0,2025-09-03 13:06:21.616096
2025-09-03,37975,2025090304006099,API,Kohinoor Investment & Securities Pvt. Ltd.,Secured Securities Ltd.,900,291.2,262080.0,2025-09-03 13:06:21.616362
2025-09-03,37712,2025090304006161,API,Kohinoor Investment & Securities Pvt. Ltd.,Shree Krishna Securities Ltd.,1000,291.2,291200.0,2025-09-03 13:07:31.395288
2025-09-03,37568,2025090304006193,API,Kohinoor Investment & Securities Pvt. Ltd.,Asian Securities Private Ltd.,1500,291.2,436800.0,2025-09-03 13:08:03.830209
2025-09-03,36737,2025090304006394,API,Kohinoor Investment & Securities Pvt. Ltd.,K.B.L. Securities Limited ,1000,291.2,291200.0,2025-09-03 13:11:22.966631
2025-09-03,35420,2025090304006659,API,Imperial Securities Company Pvt. Ltd.,Kalika Securities Pvt. Ltd.,44,292.0,12848.0,2025-09-03 13:16:16.507540
2025-09-03,35419,2025090304006660,API,Imperial Securities Company Pvt. Ltd.,Imperial Securities Company Pvt. Ltd.,16,292.0,4672.0,2025-09-03 13:16:16.507791
2025-09-03,34745,2025090304006832,API,Naasa Securities Co. Ltd.,Imperial Securities Company Pvt. Ltd.,34,292.0,9928.0,2025-09-03 13:18:22.402839
2025-09-03,34744,2025090304006833,API,Naasa Securities Co. Ltd.,Capital Max Securities Ltd,50,292.0,14600.0,2025-09-03 13:18:22.403098
2025-09-03,34743,2025090304006834,API,Naasa Securities Co. Ltd.,Asian Securities Private Ltd.,16,292.0,4672.0,2025-09-03 13:18:22.403196
2025-09-03,34502,2025090304006892,API,Dynamic Money Managers Securities Pvt. Ltd.,Neev Securities Pvt. Ltd.,10,291.5,2915.0,2025-09-03 13:19:15.942337
2025-09-03,33833,2025090304007091,API,Aryatara Investment & Securities,Asian Securities Private Ltd.,60,292.0,17520.0,2025-09-03 13:21:34.774709
2025-09-03,33770,2025090304007108,API,Dynamic Money Managers Securities Pvt. Ltd.,Garima Securities Limited,25,291.5,7287.5,2025-09-03 13:21:53.157645
2025-09-03,33661,2025090304007165,API,Dynamic Money Managers Securities Pvt. Ltd.,Naasa Securities Co. Ltd.,10,291.5,2915.0,2025-09-03 13:22:03.756588
2025-09-03,32665,2025090304007472,API,Thrive Brokerage House Pvt. Ltd,Agrawal Securities (PVT) Ltd.,340,291.6,99144.0,2025-09-03 13:25:41.100287
2025-09-03,32664,2025090304007473,API,Dynamic Money Managers Securities Pvt. Ltd.,Agrawal Securities (PVT) Ltd.,255,291.5,74332.5,2025-09-03 13:25:41.100836
2025-09-03,32663,2025090304007474,API,Imperial Securities Company Pvt. Ltd.,Agrawal Securities (PVT) Ltd.,100,291.3,29130.0,2025-09-03 13:25:41.101201
2025-09-03,32662,2025090304007475,API,Kohinoor Investment & Securities Pvt. Ltd.,Agrawal Securities (PVT) Ltd.,22,291.2,6406.4,2025-09-03 13:25:41.101633
2025-09-03,32661,2025090304007476,API,Sani Securities Company Ltd.,Agrawal Securities (PVT) Ltd.,336,291.2,97843.2,2025-09-03 13:25:41.102041
2025-09-03,32557,2025090304007500,API,Sani Securities Company Ltd.,Cristal Kanchanjanga Securites Pvt. Ltd.,300,291.2,87360.0,2025-09-03 13:26:10.221887
2025-09-03,32064,2025090304007625,API,Neev Securities Pvt. Ltd.,Kumari Securities Private Limited,2,286.0,572.0,2025-09-03 13:28:15.627192
2025-09-03,31385,2025090304007784,API,Neev Securities Pvt. Ltd.,Aryatara Investment & Securities,2,290.0,580.0,2025-09-03 13:31:07.330803
2025-09-03,30714,2025090304007973,API,Sani Securities Company Ltd.,Midas Stock Broking Company Private Limited,164,291.2,47756.8,2025-09-03 13:33:50.161372
2025-09-03,30713,2025090304007974,API,Sunrise Securities Limited,Midas Stock Broking Company Private Limited,336,291.2,97843.2,2025-09-03 13:33:50.161835
2025-09-03,29200,2025090304008392,API,Secured Securities Ltd.,Asian Securities Private Ltd.,139,292.0,40588.0,2025-09-03 13:39:44.117813
2025-09-03,29199,2025090304008393,API,Secured Securities Ltd.,Linch Stock Market Ltd.,100,292.0,29200.0,2025-09-03 13:39:44.118249
2025-09-03,29198,2025090304008394,API,Secured Securities Ltd.,Global IME Securities Limited,54,292.0,15768.0,2025-09-03 13:39:44.118562
2025-09-03,27205,2025090304008882,API,Sunrise Securities Limited,Vision Securities Pvt. Ltd,53,291.2,15433.6,2025-09-03 13:48:02.050191
2025-09-03,26935,2025090304008955,API,Naasa Securities Co. Ltd.,Capital Hub P. Ltd,27,292.0,7884.0,2025-09-03 13:49:04.595289
2025-09-03,26934,2025090304008956,API,Naasa Securities Co. Ltd.,SUN SECURITIES PVT LTD,35,292.0,10220.0,2025-09-03 13:49:04.595563
2025-09-03,26719,2025090304009024,API,Kalika Securities Pvt. Ltd.,Naasa Securities Co. Ltd.,110,292.0,32120.0,2025-09-03 13:49:43.835214
2025-09-03,26568,2025090304009069,API,Kalika Securities Pvt. Ltd.,Naasa Securities Co. Ltd.,300,292.0,87600.0,2025-09-03 13:50:27.530956
2025-09-03,26447,2025090304009101,API,Kalika Securities Pvt. Ltd.,Vision Securities Pvt. Ltd,47,292.0,13724.0,2025-09-03 13:50:58.734265
2025-09-03,26307,2025090304009127,API,Kalika Securities Pvt. Ltd.,Vision Securities Pvt. Ltd,47,292.0,13724.0,2025-09-03 13:51:44.185443
2025-09-03,26148,2025090304009157,API,Kalika Securities Pvt. Ltd.,KALASH STOCK MARKET PVT. LTD.,48,292.0,14016.0,2025-09-03 13:52:16.590335
2025-09-03,26147,2025090304009158,API,Imperial Securities Company Pvt. Ltd.,KALASH STOCK MARKET PVT. LTD.,50,292.0,14600.0,2025-09-03 13:52:16.590639
2025-09-03,26146,2025090304009159,API,Naasa Securities Co. Ltd.,KALASH STOCK MARKET PVT. LTD.,47,292.0,13724.0,2025-09-03 13:52:16.590887
2025-09-03,26024,2025090304009174,API,Naasa Securities Co. Ltd.,Vision Securities Pvt. Ltd,28,292.0,8176.0,2025-09-03 13:52:41.845925
2025-09-03,25852,2025090304009238,API,Naasa Securities Co. Ltd.,Sumeru Securities Pvt. Ltd.,270,292.0,78840.0,2025-09-03 13:53:34.401850
2025-09-03,25851,2025090304009239,API,Sunrise Securities Limited,Sumeru Securities Pvt. Ltd.,750,291.2,218400.0,2025-09-03 13:53:34.402138
2025-09-03,25558,2025090304009318,API,Sunrise Securities Limited,Blue Chip Securities Ltd,600,291.2,174720.0,2025-09-03 13:54:50.993004
2025-09-03,25228,2025090304009400,API,Sunrise Securities Limited,Oxford Securities Pvt. Ltd.,200,291.2,58240.0,2025-09-03 13:56:12.851449
2025-09-03,25079,2025090304009437,API,Sunrise Securities Limited,Secured Securities Ltd.,1500,291.2,436800.0,2025-09-03 13:56:51.580230
2025-09-03,24905,2025090304009490,API,Sunrise Securities Limited,Secured Securities Ltd.,1027,291.2,299062.4,2025-09-03 13:57:40.640585
2025-09-03,24006,2025090304009725,API,Sunrise Securities Limited,Kohinoor Investment & Securities Pvt. Ltd.,10,291.2,2912.0,2025-09-03 14:02:10.379710
2025-09-03,23807,2025090304009775,API,Naasa Securities Co. Ltd.,Trisul Securities & Invt. Ltd.,73,292.0,21316.0,2025-09-03 14:03:08.410993
2025-09-03,23015,2025090304009963,API,Aryatara Investment & Securities,Arun Securities (PVT) Ltd.,43,291.3,12525.9,2025-09-03 14:06:57.082268
2025-09-03,23004,2025090304009969,API,Secured Securities Ltd.,Trisul Securities & Invt. Ltd.,100,292.0,29200.0,2025-09-03 14:07:02.263269
2025-09-03,22634,2025090304010122,API,Aryatara Investment & Securities,Siprabi Securities Pvt. Ltd.,157,291.3,45734.1,2025-09-03 14:08:29.444425
2025-09-03,22284,2025090304010208,API,Sani Securities Company Ltd.,Trisul Securities & Invt. Ltd.,100,292.0,29200.0,2025-09-03 14:10:09.786180
2025-09-03,21443,2025090304010415,API,Online Securities Pvt. Ltd.,Trisul Securities & Invt. Ltd.,15,292.0,4380.0,2025-09-03 14:13:38.765224
2025-09-03,21152,2025090304010475,API,N.I.M.B. Stock Markets Limited,Vision Securities Pvt. Ltd,100,291.5,29150.0,2025-09-03 14:14:22.961593
2025-09-03,21151,2025090304010476,API,Sunrise Securities Limited,Vision Securities Pvt. Ltd,240,291.2,69888.0,2025-09-03 14:14:22.962189
2025-09-03,21031,2025090304010504,API,Sunrise Securities Limited,Nepal Stock House (PVT) Ltd.,3000,291.2,873600.0,2025-09-03 14:14:55.957762
2025-09-03,20350,2025090304010665,API,Sunrise Securities Limited,Sajilo Broker Limited,100,291.2,29120.0,2025-09-03 14:17:17.039338
2025-09-03,18481,2025090304011146,API,Sunrise Securities Limited,Oxford Securities Pvt. Ltd.,12,291.2,3494.4,2025-09-03 14:23:42.173685
2025-09-03,18159,2025090304011214,API,Sunrise Securities Limited,Sani Securities Company Ltd.,1500,291.2,436800.0,2025-09-03 14:24:38.712363
2025-09-03,18080,2025090304011230,API,Sunrise Securities Limited,Sani Securities Company Ltd.,672,291.2,195686.4,2025-09-03 14:24:52.880261
2025-09-03,18079,2025090304011231,API,Sharepro Securities Private Limited,Sani Securities Company Ltd.,828,291.1,241030.8,2025-09-03 14:24:52.880756
2025-09-03,17411,2025090304011409,API,Sharepro Securities Private Limited,Midas Stock Broking Company Private Limited,36,291.1,10479.6,2025-09-03 14:26:41.282067
2025-09-03,16912,2025090304011515,API,Sharepro Securities Private Limited,Vision Securities Pvt. Ltd,219,291.1,63750.9,2025-09-03 14:28:00.818033
2025-09-03,16911,2025090304011516,API,Trisul Securities & Invt. Ltd.,Vision Securities Pvt. Ltd,81,291.1,23579.1,2025-09-03 14:28:00.818167
2025-09-03,16384,2025090304011633,API,Imperial Securities Company Pvt. Ltd.,Midas Stock Broking Company Private Limited,50,291.5,14575.0,2025-09-03 14:29:24.436640
2025-09-03,16076,2025090304011727,API,Vision Securities Pvt. Ltd,Midas Stock Broking Company Private Limited,450,291.5,131175.0,2025-09-03 14:30:21.139463
2025-09-03,16075,2025090304011728,API,Vision Securities Pvt. Ltd,Midas Stock Broking Company Private Limited,500,291.6,145800.0,2025-09-03 14:30:21.139707
2025-09-03,16074,2025090304011729,API,Vision Securities Pvt. Ltd,Aryatara Investment & Securities,150,291.9,43785.0,2025-09-03 14:30:21.139817
2025-09-03,16073,2025090304011730,API,Vision Securities Pvt. Ltd,Imperial Securities Company Pvt. Ltd.,1000,291.9,291900.0,2025-09-03 14:30:21.139927
2025-09-03,16072,2025090304011731,API,Vision Securities Pvt. Ltd,Trisul Securities & Invt. Ltd.,40,292.0,11680.0,2025-09-03 14:30:21.140037
2025-09-03,16071,2025090304011732,API,Vision Securities Pvt. Ltd,Imperial Securities Company Pvt. Ltd.,440,292.0,128480.0,2025-09-03 14:30:21.140145
2025-09-03,16070,2025090304011733,API,Vision Securities Pvt. Ltd,Dakshinkali Investment & Securities Pvt. Ltd.,3000,292.0,876000.0,2025-09-03 14:30:21.140256
2025-09-03,16069,2025090304011734,API,Vision Securities Pvt. Ltd,Ashutosh Brokerage & Securities (PVT) Ltd.,50,292.0,14600.0,2025-09-03 14:30:21.140371
2025-09-03,16068,2025090304011735,API,Vision Securities Pvt. Ltd,KALASH STOCK MARKET PVT. LTD.,1000,292.0,292000.0,2025-09-03 14:30:21.140501
2025-09-03,16067,2025090304011736,API,Vision Securities Pvt. Ltd,Imperial Securities Company Pvt. Ltd.,870,292.0,254040.0,2025-09-03 14:30:21.140611
2025-09-03,15579,2025090304011832,API,Agrawal Securities (PVT) Ltd.,Cristal Kanchanjanga Securites Pvt. Ltd.,22,291.2,6406.4,2025-09-03 14:31:49.015164
2025-09-03,15447,2025090304011856,API,Agrawal Securities (PVT) Ltd.,Sani Securities Company Ltd.,178,291.2,51833.6,2025-09-03 14:32:22.332679
2025-09-03,15446,2025090304011857,API,Imperial Securities Company Pvt. Ltd.,Sani Securities Company Ltd.,50,291.2,14560.0,2025-09-03 14:32:22.333160
2025-09-03,15437,2025090304011859,API,Trisul Securities & Invt. Ltd.,Blue Chip Securities Ltd,19,291.1,5530.9,2025-09-03 14:32:24.254043
2025-09-03,15436,2025090304011860,API,Premier Securities Company Ltd.,Blue Chip Securities Ltd,81,291.0,23571.0,2025-09-03 14:32:24.254708
2025-09-03,15388,2025090304011873,API,Premier Securities Company Ltd.,Naasa Securities Co. Ltd.,310,291.0,90210.0,2025-09-03 14:32:33.764650
2025-09-03,15231,2025090304011900,API,Premier Securities Company Ltd.,Imperial Securities Company Pvt. Ltd.,609,291.0,177219.0,2025-09-03 14:32:54.745300
2025-09-03,15230,2025090304011901,API,Creative Securities Pvt Ltd,Imperial Securities Company Pvt. Ltd.,500,291.0,145500.0,2025-09-03 14:32:54.745583
2025-09-03,15229,2025090304011902,API,Imperial Securities Company Pvt. Ltd.,Imperial Securities Company Pvt. Ltd.,50,291.0,14550.0,2025-09-03 14:32:54.745696
2025-09-03,15228,2025090304011903,API,Midas Stock Broking Company Private Limited,Imperial Securities Company Pvt. Ltd.,106,291.0,30846.0,2025-09-03 14:32:54.745806
2025-09-03,14918,2025090304011950,API,Midas Stock Broking Company Private Limited,Sweta Securities Private Limited,500,291.0,145500.0,2025-09-03 14:33:40.089846
2025-09-03,14783,2025090304011992,API,Midas Stock Broking Company Private Limited,Opal Securities Investment (PVT) Ltd.,74,291.0,21534.0,2025-09-03 14:34:06.292513
2025-09-03,14585,2025090304012049,API,Bhrikuti Stock Broking Co. Pvt. Ltd.,Sani Securities Company Ltd.,772,291.2,224806.4,2025-09-03 14:34:42.446748
2025-09-03,14584,2025090304012050,API,Bhrikuti Stock Broking Co. Pvt. Ltd.,Capital Max Securities Ltd,150,291.2,43680.0,2025-09-03 14:34:42.447061
2025-09-03,14583,2025090304012051,API,Bhrikuti Stock Broking Co. Pvt. Ltd.,Sri Hari Securities Pvt. Ltd.,20,291.2,5824.0,2025-09-03 14:34:42.447192
2025-09-03,14582,2025090304012052,API,Bhrikuti Stock Broking Co. Pvt. Ltd.,Imperial Securities Company Pvt. Ltd.,1030,292.0,300760.0,2025-09-03 14:34:42.447301
2025-09-03,14581,2025090304012053,API,Bhrikuti Stock Broking Co. Pvt. Ltd.,Imperial Securities Company Pvt. Ltd.,1980,292.0,578160.0,2025-09-03 14:34:42.447428
2025-09-03,14580,2025090304012054,API,Bhrikuti Stock Broking Co. Pvt. Ltd.,Imperial Securities Company Pvt. Ltd.,300,292.0,87600.0,2025-09-03 14:34:42.447567
2025-09-03,14490,2025090304012079,API,Bhrikuti Stock Broking Co. Pvt. Ltd.,Miyo Securities Pvt Ltd,500,292.0,146000.0,2025-09-03 14:35:00.019414
2025-09-03,14372,2025090304012110,API,Bhrikuti Stock Broking Co. Pvt. Ltd.,Nepal Stock House (PVT) Ltd.,195,292.8,57096.0,2025-09-03 14:35:24.852072
2025-09-03,14314,2025090304012129,API,Bhrikuti Stock Broking Co. Pvt. Ltd.,Midas Stock Broking Company Private Limited,53,292.9,15523.7,2025-09-03 14:35:41.966396
2025-09-03,13365,2025090304012370,API,Agrawal Securities (PVT) Ltd.,Sani Securities Company Ltd.,200,291.1,58220.0,2025-09-03 14:38:48.698079
2025-09-03,13364,2025090304012371,API,Midas Stock Broking Company Private Limited,Sani Securities Company Ltd.,10,291.0,2910.0,2025-09-03 14:38:48.698621
2025-09-03,13363,2025090304012372,API,Kalika Securities Pvt. Ltd.,Sani Securities Company Ltd.,200,291.0,58200.0,2025-09-03 14:38:48.698977
2025-09-03,13362,2025090304012373,API,Thrive Brokerage House Pvt. Ltd,Sani Securities Company Ltd.,10,291.0,2910.0,2025-09-03 14:38:48.699332
2025-09-03,13361,2025090304012374,API,Aryatara Investment & Securities,Sani Securities Company Ltd.,10,291.0,2910.0,2025-09-03 14:38:48.699645
2025-09-03,13360,2025090304012375,API,Aryatara Investment & Securities,Sani Securities Company Ltd.,400,291.0,116400.0,2025-09-03 14:38:48.699978
2025-09-03,13359,2025090304012376,API,Trishakti Securities Public Limited,Sani Securities Company Ltd.,400,291.0,116400.0,2025-09-03 14:38:48.700296
2025-09-03,13358,2025090304012377,API,Imperial Securities Company Pvt. Ltd.,Sani Securities Company Ltd.,48,291.0,13968.0,2025-09-03 14:38:48.700622
2025-09-03,13357,2025090304012378,API,Sweta Securities Private Limited,Sani Securities Company Ltd.,10,291.0,2910.0,2025-09-03 14:38:48.700928
2025-09-03,13356,2025090304012379,API,Naasa Securities Co. Ltd.,Sani Securities Company Ltd.,100,291.0,29100.0,2025-09-03 14:38:48.701232
2025-09-03,13355,2025090304012380,API,Oxford Securities Pvt. Ltd.,Sani Securities Company Ltd.,13,291.0,3783.0,2025-09-03 14:38:48.701555
2025-09-03,12121,2025090304012787,API,ABC Securities Private Limited,Investment Management Nepal Pvt. Ltd.,200,292.8,58560.0,2025-09-03 14:41:56.952254
2025-09-03,11295,2025090304012983,API,Oxford Securities Pvt. Ltd.,Sumeru Securities Pvt. Ltd.,37,291.0,10767.0,2025-09-03 14:44:12.804035
2025-09-03,11294,2025090304012984,API,Blue Chip Securities Ltd,Sumeru Securities Pvt. Ltd.,12,291.0,3492.0,2025-09-03 14:44:12.804123
2025-09-03,11293,2025090304012985,API,Sumeru Securities Pvt. Ltd.,Sumeru Securities Pvt. Ltd.,150,291.0,43650.0,2025-09-03 14:44:12.804154
2025-09-03,11292,2025090304012986,API,Imperial Securities Company Pvt. Ltd.,Sumeru Securities Pvt. Ltd.,50,291.0,14550.0,2025-09-03 14:44:12.804183
2025-09-03,11291,2025090304012987,API,Vision Securities Pvt. Ltd,Sumeru Securities Pvt. Ltd.,251,291.0,73041.0,2025-09-03 14:44:12.804211
2025-09-03,11279,2025090304012990,API,Vision Securities Pvt. Ltd,Premier Securities Company Ltd.,500,291.0,145500.0,2025-09-03 14:44:16.163782
2025-09-03,10577,2025090304013178,API,Vision Securities Pvt. Ltd,Market Securities & Exchange (PVT) Ltd.,10,291.0,2910.0,2025-09-03 14:45:40.853824
2025-09-03,10526,2025090304013196,API,Agrawal Securities (PVT) Ltd.,Agrawal Securities (PVT) Ltd.,12,291.1,3493.2,2025-09-03 14:45:51.034715
2025-09-03,10105,2025090304013336,API,Dipshikha Dhitopatra Karobar Co. Pvt Ltd.,Siprabi Securities Pvt. Ltd.,1,286.0,286.0,2025-09-03 14:46:40.171750
2025-09-03,9509,2025090304013518,API,Dipshikha Dhitopatra Karobar Co. Pvt Ltd.,Online Securities Pvt. Ltd.,1,287.0,287.0,2025-09-03 14:48:13.142627
2025-09-03,9438,2025090304013537,API,Opal Securities Investment (PVT) Ltd.,Investment Management Nepal Pvt. Ltd.,200,292.0,58400.0,2025-09-03 14:48:25.388219
2025-09-03,8877,2025090304013672,API,Opal Securities Investment (PVT) Ltd.,Investment Management Nepal Pvt. Ltd.,200,292.0,58400.0,2025-09-03 14:49:28.687148
2025-09-03,8706,2025090304013749,API,Aryatara Investment & Securities,Investment Management Nepal Pvt. Ltd.,20,292.0,5840.0,2025-09-03 14:49:43.965570
2025-09-03,8375,2025090304013855,API,Agrawal Securities (PVT) Ltd.,Vision Securities Pvt. Ltd,288,291.1,83836.8,2025-09-03 14:50:18.427121
2025-09-03,8235,2025090304013884,API,Vision Securities Pvt. Ltd,ABC Securities Private Limited,2000,291.0,582000.0,2025-09-03 14:50:36.192911
2025-09-03,7890,2025090304014025,API,N.I.M.B. Stock Markets Limited,Vision Securities Pvt. Ltd,150,291.1,43665.0,2025-09-03 14:51:07.854788
2025-09-03,7759,2025090304014070,API,Vision Securities Pvt. Ltd,Sani Securities Company Ltd.,800,291.0,232800.0,2025-09-03 14:51:20.522287
2025-09-03,6924,2025090304014322,API,Miyo Securities Pvt Ltd,Vision Securities Pvt. Ltd,100,291.1,29110.0,2025-09-03 14:52:30.368814
2025-09-03,6677,2025090304014399,API,J.F. Securites (PVT) Ltd.,Vision Securities Pvt. Ltd,100,291.1,29110.0,2025-09-03 14:52:55.395557
2025-09-03,6388,2025090304014465,API,Vision Securities Pvt. Ltd,Dynamic Money Managers Securities Pvt. Ltd.,50,291.0,14550.0,2025-09-03 14:53:20.790020
2025-09-03,6343,2025090304014474,API,Kalika Securities Pvt. Ltd.,Vision Securities Pvt. Ltd,362,291.1,105378.2,2025-09-03 14:53:24.832806
2025-09-03,6066,2025090304014539,API,Vision Securities Pvt. Ltd,Online Securities Pvt. Ltd.,108,291.0,31428.0,2025-09-03 14:53:48.542627
2025-09-03,5907,2025090304014572,API,ABC Securities Private Limited,Investment Management Nepal Pvt. Ltd.,150,292.0,43800.0,2025-09-03 14:54:04.265173
2025-09-03,5448,2025090304014732,API,Imperial Securities Company Pvt. Ltd.,Investment Management Nepal Pvt. Ltd.,150,292.0,43800.0,2025-09-03 14:54:37.574081
2025-09-03,4921,2025090304014948,API,Creative Securities Pvt Ltd,Investment Management Nepal Pvt. Ltd.,150,292.0,43800.0,2025-09-03 14:55:17.078523
2025-09-03,4528,2025090304015075,API,Vision Securities Pvt. Ltd,Dakshinkali Investment & Securities Pvt. Ltd.,281,291.0,81771.0,2025-09-03 14:55:52.102851
2025-09-03,4527,2025090304015076,API,Premier Securities Company Ltd.,Dakshinkali Investment & Securities Pvt. Ltd.,19,291.0,5529.0,2025-09-03 14:55:52.103113
2025-09-03,4217,2025090304015174,API,Opal Securities Investment (PVT) Ltd.,Investment Management Nepal Pvt. Ltd.,100,292.0,29200.0,2025-09-03 14:56:15.905333
2025-09-03,3760,2025090304015309,API,Sani Securities Company Ltd.,Ashutosh Brokerage & Securities (PVT) Ltd.,80,291.9,23352.0,2025-09-03 14:56:47.336304
2025-09-03,3759,2025090304015310,API,Sani Securities Company Ltd.,Investment Management Nepal Pvt. Ltd.,270,292.0,78840.0,2025-09-03 14:56:47.336624
2025-09-03,2987,2025090304015523,API,South Asian Bulls Pvt. Ltd.,Kalika Securities Pvt. Ltd.,100,291.1,29110.0,2025-09-03 14:57:38.544489
2025-09-03,2007,2025090304015824,API,Premier Securities Company Ltd.,Deevyaa Securities & Stock House Pvt. Ltd,25,291.0,7275.0,2025-09-03 14:58:41.345470
2025-09-03,1713,2025090304015891,API,Premier Securities Company Ltd.,Vision Securities Pvt. Ltd,20,291.0,5820.0,2025-09-03 14:58:56.949111
2025-09-03,1643,2025090304015901,API,Kalika Securities Pvt. Ltd.,Online Securities Pvt. Ltd.,500,291.5,145750.0,2025-09-03 14:59:00.408893
2025-09-03,1050,2025090304016047,API,Opal Securities Investment (PVT) Ltd.,Trishakti Securities Public Limited,10,291.4,2914.0,2025-09-03 14:59:25.072331
2025-09-03,960,2025090304016064,API,Premier Securities Company Ltd.,Online Securities Pvt. Ltd.,400,291.0,116400.0,2025-09-03 14:59:28.034596
2025-09-03,738,2025090304016134,API,Premier Securities Company Ltd.,Trishakti Securities Public Limited,90,291.0,26190.0,2025-09-03 14:59:35.734532
