Date,S.N.,contract_id,symbol,buyer_broker,seller_broker,volume,price,amount,transaction_time
2025-09-03,63496,2025090304000710,HPPL,Sani Securities Company Ltd.,Swarna Laxmi Securities Pvt. Ltd.,10,484.0,4840.0,2025-09-03 11:20:36.704124
2025-09-03,62898,2025090304000858,HPPL,Sharepro Securities Private Limited,Linch Stock Market Ltd.,50,482.0,24100.0,2025-09-03 11:22:36.210038
2025-09-03,62762,2025090304000891,HPPL,Bhrikuti Stock Broking Co. Pvt. Ltd.,Linch Stock Market Ltd.,500,480.5,240250.0,2025-09-03 11:23:06.297131
2025-09-03,61818,2025090304001042,HPPL,Linch Stock Market Ltd.,Deevyaa Securities & Stock House Pvt. Ltd,200,482.0,96400.0,2025-09-03 11:26:32.175480
2025-09-03,61408,2025090304001104,HPPL,Global IME Securities Limited,Citizens Share Broker Limited,10,482.1,4821.0,2025-09-03 11:28:16.783221
2025-09-03,61407,2025090304001105,HPPL,Sani Securities Company Ltd.,Citizens Share Broker Limited,20,482.1,9642.0,2025-09-03 11:28:16.783362
2025-09-03,61406,2025090304001106,HPPL,Linch Stock Market Ltd.,Citizens Share Broker Limited,96,482.0,46272.0,2025-09-03 11:28:16.783405
2025-09-03,60848,2025090304001188,HPPL,Premier Securities Company Ltd.,Opal Securities Investment (PVT) Ltd.,20,484.0,9680.0,2025-09-03 11:30:13.062677
2025-09-03,59389,2025090304001528,HPPL,Nepal Stock House (PVT) Ltd.,INDEX SECURITIES LIMITED,130,485.1,63063.0,2025-09-03 11:36:25.358926
2025-09-03,55231,2025090304002470,HPPL,Nepal Stock House (PVT) Ltd.,Aryatara Investment & Securities,10,485.1,4851.0,2025-09-03 11:52:21.142690
2025-09-03,55074,2025090304002507,HPPL,Online Securities Pvt. Ltd.,Sundhara Securities Limited,10,487.0,4870.0,2025-09-03 11:52:51.443207
2025-09-03,55073,2025090304002508,HPPL,Online Securities Pvt. Ltd.,Kohinoor Investment & Securities Pvt. Ltd.,10,489.0,4890.0,2025-09-03 11:52:51.443336
2025-09-03,55072,2025090304002509,HPPL,Online Securities Pvt. Ltd.,Kohinoor Investment & Securities Pvt. Ltd.,250,489.0,122250.0,2025-09-03 11:52:51.443382
2025-09-03,54927,2025090304002574,HPPL,Online Securities Pvt. Ltd.,Linch Stock Market Ltd.,135,489.9,66136.5,2025-09-03 11:53:11.705962
2025-09-03,54661,2025090304002637,HPPL,Nepal Stock House (PVT) Ltd.,Imperial Securities Company Pvt. Ltd.,10,485.1,4851.0,2025-09-03 11:54:15.863102
2025-09-03,54660,2025090304002638,HPPL,Premier Securities Company Ltd.,Imperial Securities Company Pvt. Ltd.,10,484.0,4840.0,2025-09-03 11:54:15.863219
2025-09-03,51843,2025090304003117,HPPL,Linch Stock Market Ltd.,Naasa Securities Co. Ltd.,56,485.1,27165.6,2025-09-03 12:05:45.918880
2025-09-03,51791,2025090304003127,HPPL,Linch Stock Market Ltd.,Pragyan Securities (PVT) Ltd.,100,485.1,48510.0,2025-09-03 12:06:00.236636
2025-09-03,49993,2025090304003494,HPPL,Nagarik Stock Dealer ,INDEX SECURITIES LIMITED,40,485.3,19412.0,2025-09-03 12:13:30.772998
2025-09-03,49992,2025090304003495,HPPL,Naasa Securities Co. Ltd.,INDEX SECURITIES LIMITED,15,485.2,7278.0,2025-09-03 12:13:30.773158
2025-09-03,49991,2025090304003496,HPPL,Linch Stock Market Ltd.,INDEX SECURITIES LIMITED,245,485.1,118849.5,2025-09-03 12:13:30.773210
2025-09-03,48135,2025090304003963,HPPL,Kohinoor Investment & Securities Pvt. Ltd.,Indira securities pvt. ltd,50,485.1,24255.0,2025-09-03 12:20:40.676079
2025-09-03,48134,2025090304003964,HPPL,Aryatara Investment & Securities,Indira securities pvt. ltd,250,485.1,121275.0,2025-09-03 12:20:40.676178
2025-09-03,48133,2025090304003965,HPPL,Sumeru Securities Pvt. Ltd.,Indira securities pvt. ltd,300,485.0,145500.0,2025-09-03 12:20:40.676271
2025-09-03,47938,2025090304004032,HPPL,Sumeru Securities Pvt. Ltd.,Dakshinkali Investment & Securities Pvt. Ltd.,10,485.0,4850.0,2025-09-03 12:21:22.765504
2025-09-03,47937,2025090304004033,HPPL,Nepal Stock House (PVT) Ltd.,Dakshinkali Investment & Securities Pvt. Ltd.,200,485.0,97000.0,2025-09-03 12:21:22.765747
2025-09-03,47936,2025090304004034,HPPL,Trisul Securities & Invt. Ltd.,Dakshinkali Investment & Securities Pvt. Ltd.,50,485.0,24250.0,2025-09-03 12:21:22.765895
2025-09-03,47523,2025090304004131,HPPL,Aryatara Investment & Securities,Dakshinkali Investment & Securities Pvt. Ltd.,70,485.0,33950.0,2025-09-03 12:23:14.694521
2025-09-03,46711,2025090304004305,HPPL,Trisul Securities & Invt. Ltd.,Sani Securities Company Ltd.,56,484.8,27148.8,2025-09-03 12:26:35.101561
2025-09-03,46710,2025090304004306,HPPL,Trisul Securities & Invt. Ltd.,Sani Securities Company Ltd.,50,484.5,24225.0,2025-09-03 12:26:35.101740
2025-09-03,46709,2025090304004307,HPPL,Premier Securities Company Ltd.,Sani Securities Company Ltd.,270,484.0,130680.0,2025-09-03 12:26:35.101795
2025-09-03,46708,2025090304004308,HPPL,Trisul Securities & Invt. Ltd.,Sani Securities Company Ltd.,50,484.0,24200.0,2025-09-03 12:26:35.101859
2025-09-03,45535,2025090304004525,HPPL,Linch Stock Market Ltd.,Sani Securities Company Ltd.,250,482.2,120550.0,2025-09-03 12:32:16.528176
2025-09-03,44477,2025090304004711,HPPL,Aryatara Investment & Securities,Sani Securities Company Ltd.,16,484.0,7744.0,2025-09-03 12:37:05.967392
2025-09-03,43817,2025090304004861,HPPL,Linch Stock Market Ltd.,Sani Securities Company Ltd.,53,484.0,25652.0,2025-09-03 12:40:43.278501
2025-09-03,42970,2025090304005048,HPPL,Vision Securities Pvt. Ltd,Asian Securities Private Ltd.,30,483.0,14490.0,2025-09-03 12:45:03.117022
2025-09-03,37419,2025090304006235,HPPL,Vision Securities Pvt. Ltd,Asian Securities Private Ltd.,270,483.0,130410.0,2025-09-03 13:08:40.954092
2025-09-03,37418,2025090304006236,HPPL,KALASH STOCK MARKET PVT. LTD.,Asian Securities Private Ltd.,90,482.4,43416.0,2025-09-03 13:08:40.954390
2025-09-03,37417,2025090304006237,HPPL,Kohinoor Investment & Securities Pvt. Ltd.,Asian Securities Private Ltd.,500,482.3,241150.0,2025-09-03 13:08:40.954551
2025-09-03,37416,2025090304006238,HPPL,Sani Securities Company Ltd.,Asian Securities Private Ltd.,20,482.1,9642.0,2025-09-03 13:08:40.954700
2025-09-03,37415,2025090304006239,HPPL,Aryatara Investment & Securities,Asian Securities Private Ltd.,50,482.1,24105.0,2025-09-03 13:08:40.954848
2025-09-03,37414,2025090304006240,HPPL,Arun Securities (PVT) Ltd.,Asian Securities Private Ltd.,500,482.1,241050.0,2025-09-03 13:08:40.954991
2025-09-03,37413,2025090304006241,HPPL,Naasa Securities Co. Ltd.,Asian Securities Private Ltd.,168,482.0,80976.0,2025-09-03 13:08:40.955136
2025-09-03,35083,2025090304006742,HPPL,Naasa Securities Co. Ltd.,Linch Stock Market Ltd.,315,482.0,151830.0,2025-09-03 13:17:23.949729
2025-09-03,31466,2025090304007755,HPPL,KALASH STOCK MARKET PVT. LTD.,Asian Securities Private Ltd.,10,482.1,4821.0,2025-09-03 13:30:48.754739
2025-09-03,28919,2025090304008473,HPPL,KALASH STOCK MARKET PVT. LTD.,INDEX SECURITIES LIMITED,80,482.1,38568.0,2025-09-03 13:40:51.223380
2025-09-03,28918,2025090304008474,HPPL,Naasa Securities Co. Ltd.,INDEX SECURITIES LIMITED,17,482.0,8194.0,2025-09-03 13:40:51.223536
2025-09-03,28917,2025090304008475,HPPL,Midas Stock Broking Company Private Limited,INDEX SECURITIES LIMITED,20,482.0,9640.0,2025-09-03 13:40:51.223611
2025-09-03,28916,2025090304008476,HPPL,Investment Management Nepal Pvt. Ltd.,INDEX SECURITIES LIMITED,50,481.5,24075.0,2025-09-03 13:40:51.223666
2025-09-03,28915,2025090304008477,HPPL,Sumeru Securities Pvt. Ltd.,INDEX SECURITIES LIMITED,100,481.3,48130.0,2025-09-03 13:40:51.223718
2025-09-03,28914,2025090304008478,HPPL,Kohinoor Investment & Securities Pvt. Ltd.,INDEX SECURITIES LIMITED,233,481.2,112119.6,2025-09-03 13:40:51.223770
2025-09-03,28863,2025090304008492,HPPL,Kohinoor Investment & Securities Pvt. Ltd.,INDEX SECURITIES LIMITED,267,481.2,128480.4,2025-09-03 13:41:08.264536
2025-09-03,28862,2025090304008493,HPPL,Naasa Securities Co. Ltd.,INDEX SECURITIES LIMITED,233,481.1,112096.3,2025-09-03 13:41:08.264674
2025-09-03,28806,2025090304008507,HPPL,Naasa Securities Co. Ltd.,INDEX SECURITIES LIMITED,500,481.1,240550.0,2025-09-03 13:41:19.292367
2025-09-03,28755,2025090304008522,HPPL,Naasa Securities Co. Ltd.,INDEX SECURITIES LIMITED,267,481.1,128453.7,2025-09-03 13:41:31.325301
2025-09-03,28754,2025090304008523,HPPL,Vision Securities Pvt. Ltd,INDEX SECURITIES LIMITED,233,481.0,112073.0,2025-09-03 13:41:31.325589
2025-09-03,27659,2025090304008792,HPPL,Vision Securities Pvt. Ltd,INDEX SECURITIES LIMITED,267,481.0,128427.0,2025-09-03 13:45:52.760865
2025-09-03,27658,2025090304008793,HPPL,Dynamic Money Managers Securities Pvt. Ltd.,INDEX SECURITIES LIMITED,233,481.0,112073.0,2025-09-03 13:45:52.761113
2025-09-03,26019,2025090304009177,HPPL,Bhrikuti Stock Broking Co. Pvt. Ltd.,Shree Krishna Securities Ltd.,10,482.5,4825.0,2025-09-03 13:52:43.253045
2025-09-03,25531,2025090304009324,HPPL,Agrawal Securities (PVT) Ltd.,Asian Securities Private Ltd.,50,482.4,24120.0,2025-09-03 13:54:55.593871
2025-09-03,25452,2025090304009346,HPPL,Ashutosh Brokerage & Securities (PVT) Ltd.,Deevyaa Securities & Stock House Pvt. Ltd,100,481.4,48140.0,2025-09-03 13:55:15.853242
2025-09-03,24588,2025090304009547,HPPL,Trademow Securities Private Limited,Shree Krishna Securities Ltd.,100,482.5,48250.0,2025-09-03 13:59:37.170635
2025-09-03,23787,2025090304009781,HPPL,Sani Securities Company Ltd.,Kohinoor Investment & Securities Pvt. Ltd.,100,482.0,48200.0,2025-09-03 14:03:13.848110
2025-09-03,23786,2025090304009782,HPPL,Ashutosh Brokerage & Securities (PVT) Ltd.,Kohinoor Investment & Securities Pvt. Ltd.,10,481.4,4814.0,2025-09-03 14:03:13.848260
2025-09-03,23785,2025090304009783,HPPL,Agrawal Securities (PVT) Ltd.,Kohinoor Investment & Securities Pvt. Ltd.,150,481.4,72210.0,2025-09-03 14:03:13.848310
2025-09-03,23784,2025090304009784,HPPL,Sani Securities Company Ltd.,Kohinoor Investment & Securities Pvt. Ltd.,10,481.0,4810.0,2025-09-03 14:03:13.848387
2025-09-03,23782,2025090304009785,HPPL,Sani Securities Company Ltd.,Kohinoor Investment & Securities Pvt. Ltd.,70,481.0,33670.0,2025-09-03 14:03:13.881465
2025-09-03,23596,2025090304009833,HPPL,Dynamic Money Managers Securities Pvt. Ltd.,Kohinoor Investment & Securities Pvt. Ltd.,160,481.0,76960.0,2025-09-03 14:04:00.708807
2025-09-03,22010,2025090304010294,HPPL,Cristal Kanchanjanga Securites Pvt. Ltd.,Nepal Stock House (PVT) Ltd.,50,482.0,24100.0,2025-09-03 14:11:18.696889
2025-09-03,19220,2025090304010948,HPPL,Kohinoor Investment & Securities Pvt. Ltd.,Kumari Securities Private Limited,40,480.6,19224.0,2025-09-03 14:21:25.247356
2025-09-03,19219,2025090304010949,HPPL,Kohinoor Investment & Securities Pvt. Ltd.,Kumari Securities Private Limited,150,480.6,72090.0,2025-09-03 14:21:25.247627
2025-09-03,18647,2025090304011103,HPPL,Kohinoor Investment & Securities Pvt. Ltd.,Sewa Securities Pvt. Ltd.,350,480.6,168210.0,2025-09-03 14:23:16.945283
2025-09-03,18646,2025090304011104,HPPL,Primo Securities (PVT) Ltd.,Sewa Securities Pvt. Ltd.,20,480.5,9610.0,2025-09-03 14:23:16.945452
2025-09-03,18645,2025090304011105,HPPL,Imperial Securities Company Pvt. Ltd.,Sewa Securities Pvt. Ltd.,500,480.5,240250.0,2025-09-03 14:23:16.945507
2025-09-03,18508,2025090304011136,HPPL,Naasa Securities Co. Ltd.,Sewa Securities Pvt. Ltd.,27,480.5,12973.5,2025-09-03 14:23:36.615334
2025-09-03,18507,2025090304011137,HPPL,Naasa Securities Co. Ltd.,Sani Securities Company Ltd.,400,480.6,192240.0,2025-09-03 14:23:36.615499
2025-09-03,18506,2025090304011138,HPPL,Naasa Securities Co. Ltd.,Imperial Securities Company Pvt. Ltd.,30,480.7,14421.0,2025-09-03 14:23:36.615555
2025-09-03,18208,2025090304011193,HPPL,Naasa Securities Co. Ltd.,Siprabi Securities Pvt. Ltd.,10,481.3,4813.0,2025-09-03 14:24:31.286468
2025-09-03,17243,2025090304011430,HPPL,Elite Stock House Limited,Siprabi Securities Pvt. Ltd.,10,481.3,4813.0,2025-09-03 14:27:08.200501
2025-09-03,17242,2025090304011431,HPPL,Elite Stock House Limited,Dynamic Money Managers Securities Pvt. Ltd.,20,481.5,9630.0,2025-09-03 14:27:08.200781
2025-09-03,17241,2025090304011432,HPPL,Elite Stock House Limited,Linch Stock Market Ltd.,50,481.9,24095.0,2025-09-03 14:27:08.200940
2025-09-03,17240,2025090304011433,HPPL,Elite Stock House Limited,Nepal Stock House (PVT) Ltd.,50,482.0,24100.0,2025-09-03 14:27:08.201111
2025-09-03,17239,2025090304011434,HPPL,Elite Stock House Limited,Shree Krishna Securities Ltd.,370,482.5,178525.0,2025-09-03 14:27:08.201347
2025-09-03,15802,2025090304011785,HPPL,Elite Stock House Limited,Shree Krishna Securities Ltd.,20,482.5,9650.0,2025-09-03 14:31:06.886871
2025-09-03,15801,2025090304011786,HPPL,Elite Stock House Limited,Sani Securities Company Ltd.,530,483.5,256255.0,2025-09-03 14:31:06.887117
2025-09-03,14492,2025090304012077,HPPL,Elite Stock House Limited,Premier Securities Company Ltd.,70,483.0,33810.0,2025-09-03 14:34:59.601452
2025-09-03,14491,2025090304012078,HPPL,Elite Stock House Limited,Sani Securities Company Ltd.,20,483.5,9670.0,2025-09-03 14:34:59.601735
2025-09-03,14187,2025090304012161,HPPL,Bhrikuti Stock Broking Co. Pvt. Ltd.,Sani Securities Company Ltd.,510,484.0,246840.0,2025-09-03 14:36:05.178666
2025-09-03,14021,2025090304012222,HPPL,Trishakti Securities Public Limited,Sani Securities Company Ltd.,500,484.0,242000.0,2025-09-03 14:36:37.499394
2025-09-03,13957,2025090304012230,HPPL,Elite Stock House Limited,Sani Securities Company Ltd.,495,484.0,239580.0,2025-09-03 14:36:48.925532
2025-09-03,13956,2025090304012231,HPPL,Elite Stock House Limited,Agrawal Securities (PVT) Ltd.,10,484.0,4840.0,2025-09-03 14:36:48.925792
2025-09-03,13955,2025090304012232,HPPL,Elite Stock House Limited,Agrawal Securities (PVT) Ltd.,10,484.0,4840.0,2025-09-03 14:36:48.925967
2025-09-03,13954,2025090304012233,HPPL,Elite Stock House Limited,Vision Securities Pvt. Ltd,200,484.0,96800.0,2025-09-03 14:36:48.926157
2025-09-03,13953,2025090304012234,HPPL,Elite Stock House Limited,Ashutosh Brokerage & Securities (PVT) Ltd.,285,484.0,137940.0,2025-09-03 14:36:48.926498
2025-09-03,13826,2025090304012258,HPPL,Linch Stock Market Ltd.,Ashutosh Brokerage & Securities (PVT) Ltd.,15,484.0,7260.0,2025-09-03 14:37:15.206441
2025-09-03,13675,2025090304012287,HPPL,Linch Stock Market Ltd.,Deevyaa Securities & Stock House Pvt. Ltd,10,485.0,4850.0,2025-09-03 14:37:49.398080
2025-09-03,13674,2025090304012288,HPPL,Linch Stock Market Ltd.,Market Securities & Exchange (PVT) Ltd.,300,485.0,145500.0,2025-09-03 14:37:49.398223
2025-09-03,13673,2025090304012289,HPPL,Linch Stock Market Ltd.,Malla & Malla Stock Broking Company Pvt. Limited,100,485.0,48500.0,2025-09-03 14:37:49.398300
2025-09-03,13532,2025090304012323,HPPL,Naasa Securities Co. Ltd.,Kohinoor Investment & Securities Pvt. Ltd.,50,484.0,24200.0,2025-09-03 14:38:18.192509
2025-09-03,12956,2025090304012510,HPPL,Sumeru Securities Pvt. Ltd.,Nepal Stock House (PVT) Ltd.,50,485.0,24250.0,2025-09-03 14:39:50.776801
2025-09-03,12817,2025090304012543,HPPL,Sumeru Securities Pvt. Ltd.,Kohinoor Investment & Securities Pvt. Ltd.,100,485.0,48500.0,2025-09-03 14:40:15.096245
2025-09-03,12572,2025090304012615,HPPL,Sumeru Securities Pvt. Ltd.,Kohinoor Investment & Securities Pvt. Ltd.,100,485.0,48500.0,2025-09-03 14:41:01.393754
2025-09-03,12308,2025090304012701,HPPL,Sumeru Securities Pvt. Ltd.,Naasa Securities Co. Ltd.,160,485.0,77600.0,2025-09-03 14:41:36.355396
2025-09-03,12181,2025090304012777,HPPL,Sewa Securities Pvt. Ltd.,Investment Management Nepal Pvt. Ltd.,700,486.0,340200.0,2025-09-03 14:41:45.499510
2025-09-03,12145,2025090304012786,HPPL,Sumeru Securities Pvt. Ltd.,Sani Securities Company Ltd.,90,485.0,43650.0,2025-09-03 14:41:52.852787
2025-09-03,12005,2025090304012812,HPPL,Elite Stock House Limited,Sani Securities Company Ltd.,10,485.0,4850.0,2025-09-03 14:42:18.963306
2025-09-03,12004,2025090304012813,HPPL,Elite Stock House Limited,Investment Management Nepal Pvt. Ltd.,300,486.0,145800.0,2025-09-03 14:42:18.963458
2025-09-03,11678,2025090304012900,HPPL,Naasa Securities Co. Ltd.,Online Securities Pvt. Ltd.,10,487.0,4870.0,2025-09-03 14:43:17.335152
2025-09-03,11677,2025090304012901,HPPL,Naasa Securities Co. Ltd.,Sani Securities Company Ltd.,30,487.0,14610.0,2025-09-03 14:43:17.335255
2025-09-03,11661,2025090304012906,HPPL,Naasa Securities Co. Ltd.,Sani Securities Company Ltd.,20,487.9,9758.0,2025-09-03 14:43:19.796252
2025-09-03,10226,2025090304013293,HPPL,Sewa Securities Pvt. Ltd.,Dakshinkali Investment & Securities Pvt. Ltd.,50,485.0,24250.0,2025-09-03 14:46:26.906266
2025-09-03,9759,2025090304013444,HPPL,Elite Stock House Limited,Sewa Securities Pvt. Ltd.,201,485.0,97485.0,2025-09-03 14:47:36.476046
2025-09-03,9467,2025090304013531,HPPL,Elite Stock House Limited,Imperial Securities Company Pvt. Ltd.,451,485.0,218735.0,2025-09-03 14:48:20.711151
2025-09-03,8180,2025090304013896,HPPL,Investment Management Nepal Pvt. Ltd.,Sani Securities Company Ltd.,20,484.2,9684.0,2025-09-03 14:50:43.146640
2025-09-03,7531,2025090304014130,HPPL,Investment Management Nepal Pvt. Ltd.,Online Securities Pvt. Ltd.,52,484.2,25178.4,2025-09-03 14:51:36.380395
2025-09-03,6378,2025090304014467,HPPL,Investment Management Nepal Pvt. Ltd.,Imperial Securities Company Pvt. Ltd.,28,484.2,13557.6,2025-09-03 14:53:21.621310
2025-09-03,6377,2025090304014468,HPPL,Trishakti Securities Public Limited,Imperial Securities Company Pvt. Ltd.,250,484.1,121025.0,2025-09-03 14:53:21.621576
2025-09-03,6376,2025090304014469,HPPL,Global IME Securities Limited,Imperial Securities Company Pvt. Ltd.,50,484.0,24200.0,2025-09-03 14:53:21.621732
2025-09-03,5172,2025090304014862,HPPL,Premier Securities Company Ltd.,Premier Securities Company Ltd.,20,485.0,9700.0,2025-09-03 14:54:56.915302
2025-09-03,5171,2025090304014863,HPPL,KALASH STOCK MARKET PVT. LTD.,Premier Securities Company Ltd.,80,483.4,38672.0,2025-09-03 14:54:56.915580
2025-09-03,5170,2025090304014864,HPPL,KALASH STOCK MARKET PVT. LTD.,Premier Securities Company Ltd.,200,483.3,96660.0,2025-09-03 14:54:56.915738
2025-09-03,5169,2025090304014865,HPPL,Sumeru Securities Pvt. Ltd.,Premier Securities Company Ltd.,100,483.1,48310.0,2025-09-03 14:54:56.915894
2025-09-03,5168,2025090304014866,HPPL,Kohinoor Investment & Securities Pvt. Ltd.,Premier Securities Company Ltd.,90,483.0,43470.0,2025-09-03 14:54:56.916058
2025-09-03,4904,2025090304014949,HPPL,J.F. Securites (PVT) Ltd.,Premier Securities Company Ltd.,20,485.0,9700.0,2025-09-03 14:55:18.362151
2025-09-03,3739,2025090304015313,HPPL,Sumeru Securities Pvt. Ltd.,Premier Securities Company Ltd.,290,485.0,140650.0,2025-09-03 14:56:49.700537
2025-09-03,3738,2025090304015314,HPPL,Sumeru Securities Pvt. Ltd.,Sani Securities Company Ltd.,300,485.0,145500.0,2025-09-03 14:56:49.700693
2025-09-03,2665,2025090304015634,HPPL,Trishakti Securities Public Limited,Kumari Securities Private Limited,10,481.2,4812.0,2025-09-03 14:57:57.053662
2025-09-03,508,2025090304016192,HPPL,Aryatara Investment & Securities,Asian Securities Private Ltd.,550,481.6,264880.0,2025-09-03 14:59:43.496816
