Date,S.N.,Contract ID,Symbol,Buyer Broker,Seller Broker,volume,rate,amount,transaction_time
2025-09-03,68103,2025090305000087,NIFRA,Kumari Securities Private Limited,Naasa Securities Co. Ltd.,54,273.1,14747.4,2025-09-03 11:02:38.093319
2025-09-03,68044,2025090305000096,NIFRA,Kumari Securities Private Limited,Online Securities Pvt. Ltd.,54,273.1,14747.4,2025-09-03 11:02:53.842343
2025-09-03,67215,2025090305000219,NIFRA,Linch Stock Market Ltd.,Sani Securities Company Ltd.,10,275.0,2750.0,2025-09-03 11:06:47.644345
2025-09-03,67120,2025090305000229,NIFRA,Oxford Securities Pvt. Ltd.,Oxford Securities Pvt. Ltd.,200,273.2,54640.0,2025-09-03 11:07:15.821542
2025-09-03,67119,2025090305000230,NIFRA,Kumari Securities Private Limited,Oxford Securities Pvt. Ltd.,54,273.1,14747.4,2025-09-03 11:07:15.821783
2025-09-03,67014,2025090305000244,NIFRA,Linch Stock Market Ltd.,Sani Securities Company Ltd.,10,275.0,2750.0,2025-09-03 11:07:42.895066
2025-09-03,66489,2025090305000318,NIFRA,Neev Securities Pvt. Ltd.,Dipshikha Dhitopatra Karobar Co. Pvt Ltd.,15,273.2,4098.0,2025-09-03 11:10:01.659938
2025-09-03,66453,2025090305000321,NIFRA,Linch Stock Market Ltd.,Neev Securities Pvt. Ltd.,10,274.5,2745.0,2025-09-03 11:10:10.918487
2025-09-03,65986,2025090305000392,NIFRA,Neev Securities Pvt. Ltd.,Online Securities Pvt. Ltd.,54,273.2,14752.8,2025-09-03 11:11:39.093721
2025-09-03,65645,2025090305000475,NIFRA,Neev Securities Pvt. Ltd.,Arun Securities (PVT) Ltd.,31,273.2,8469.2,2025-09-03 11:12:59.720257
2025-09-03,65644,2025090305000476,NIFRA,ABC Securities Private Limited,Arun Securities (PVT) Ltd.,15,273.2,4098.0,2025-09-03 11:12:59.720563
2025-09-03,65643,2025090305000477,NIFRA,Siprabi Securities Pvt. Ltd.,Arun Securities (PVT) Ltd.,18,273.2,4917.6,2025-09-03 11:12:59.720750
2025-09-03,65637,2025090305000479,NIFRA,Citizens Share Broker Limited,K.B.L. Securities Limited ,10,273.5,2735.0,2025-09-03 11:13:02.266053
2025-09-03,65629,2025090305000480,NIFRA,Siprabi Securities Pvt. Ltd.,Asian Securities Private Ltd.,54,273.2,14752.8,2025-09-03 11:13:03.598495
2025-09-03,65588,2025090305000489,NIFRA,Sweta Securities Private Limited,K.B.L. Securities Limited ,11,273.5,3008.5,2025-09-03 11:13:15.402694
2025-09-03,65495,2025090305000501,NIFRA,Oxford Securities Pvt. Ltd.,Neev Securities Pvt. Ltd.,44,274.5,12078.0,2025-09-03 11:13:39.045738
2025-09-03,65494,2025090305000502,NIFRA,Oxford Securities Pvt. Ltd.,Swarna Laxmi Securities Pvt. Ltd.,54,274.5,14823.0,2025-09-03 11:13:39.046028
2025-09-03,64492,2025090305000688,NIFRA,Online Securities Pvt. Ltd.,Sundhara Securities Limited,12,274.0,3288.0,2025-09-03 11:17:10.929533
2025-09-03,64462,2025090305000689,NIFRA,Online Securities Pvt. Ltd.,K.B.L. Securities Limited ,21,274.0,5754.0,2025-09-03 11:17:15.319818
2025-09-03,64345,2025090305000736,NIFRA,Vision Securities Pvt. Ltd,Bhrikuti Stock Broking Co. Pvt. Ltd.,110,274.8,30228.0,2025-09-03 11:17:36.025422
2025-09-03,64123,2025090305000763,NIFRA,Cristal Kanchanjanga Securites Pvt. Ltd.,Naasa Securities Co. Ltd.,4,270.0,1080.0,2025-09-03 11:18:22.504565
2025-09-03,64086,2025090305000771,NIFRA,Bhrikuti Stock Broking Co. Pvt. Ltd.,Secured Securities Ltd.,50,274.5,13725.0,2025-09-03 11:18:33.133509
2025-09-03,64048,2025090305000779,NIFRA,Bhrikuti Stock Broking Co. Pvt. Ltd.,Imperial Securities Company Pvt. Ltd.,64,274.5,17568.0,2025-09-03 11:18:44.343079
2025-09-03,64027,2025090305000780,NIFRA,Bhrikuti Stock Broking Co. Pvt. Ltd.,Cristal Kanchanjanga Securites Pvt. Ltd.,54,274.5,14823.0,2025-09-03 11:18:50.101149
2025-09-03,63949,2025090305000801,NIFRA,Bhrikuti Stock Broking Co. Pvt. Ltd.,J.F. Securites (PVT) Ltd.,500,274.5,137250.0,2025-09-03 11:19:11.837193
2025-09-03,63725,2025090305000836,NIFRA,Bhrikuti Stock Broking Co. Pvt. Ltd.,Trisul Securities & Invt. Ltd.,332,274.5,91134.0,2025-09-03 11:19:47.730679
2025-09-03,63632,2025090305000861,NIFRA,Online Securities Pvt. Ltd.,Trisul Securities & Invt. Ltd.,167,274.0,45758.0,2025-09-03 11:20:07.752543
2025-09-03,63508,2025090305000895,NIFRA,Sani Securities Company Ltd.,Aryatara Investment & Securities,54,274.0,14796.0,2025-09-03 11:20:34.603016
2025-09-03,63155,2025090305000952,NIFRA,Sani Securities Company Ltd.,Naasa Securities Co. Ltd.,46,274.0,12604.0,2025-09-03 11:21:42.288650
2025-09-03,62958,2025090305000990,NIFRA,Sweta Securities Private Limited,Magnet Securities and Investment Company Private Limited,39,273.5,10666.5,2025-09-03 11:22:28.366781
2025-09-03,62957,2025090305000991,NIFRA,Sani Securities Company Ltd.,Magnet Securities and Investment Company Private Limited,100,273.5,27350.0,2025-09-03 11:22:28.366879
2025-09-03,62956,2025090305000992,NIFRA,Siprabi Securities Pvt. Ltd.,Magnet Securities and Investment Company Private Limited,28,273.2,7649.6,2025-09-03 11:22:28.366977
2025-09-03,62955,2025090305000993,NIFRA,Siprabi Securities Pvt. Ltd.,Magnet Securities and Investment Company Private Limited,733,273.2,200255.6,2025-09-03 11:22:28.367049
2025-09-03,62739,2025090305001031,NIFRA,Sri Hari Securities Pvt. Ltd.,Thrive Brokerage House Pvt. Ltd,54,273.3,14758.2,2025-09-03 11:23:12.228722
2025-09-03,62699,2025090305001040,NIFRA,Sri Hari Securities Pvt. Ltd.,Himalayan Securities Limited,946,273.3,258541.8,2025-09-03 11:23:22.973572
2025-09-03,62698,2025090305001041,NIFRA,Siprabi Securities Pvt. Ltd.,Himalayan Securities Limited,267,273.2,72944.4,2025-09-03 11:23:22.973622
2025-09-03,62697,2025090305001042,NIFRA,Bhrikuti Stock Broking Co. Pvt. Ltd.,Himalayan Securities Limited,100,273.2,27320.0,2025-09-03 11:23:22.973670
2025-09-03,62696,2025090305001043,NIFRA,ABC Securities Private Limited,Himalayan Securities Limited,15,273.2,4098.0,2025-09-03 11:23:22.973695
2025-09-03,62695,2025090305001044,NIFRA,Kumari Securities Private Limited,Himalayan Securities Limited,338,273.1,92307.8,2025-09-03 11:23:22.973721
2025-09-03,62694,2025090305001045,NIFRA,Primo Securities (PVT) Ltd.,Himalayan Securities Limited,100,273.1,27310.0,2025-09-03 11:23:22.973755
2025-09-03,62693,2025090305001046,NIFRA,Online Securities Pvt. Ltd.,Himalayan Securities Limited,1234,273.1,337005.4,2025-09-03 11:23:22.973787
2025-09-03,62551,2025090305001069,NIFRA,Online Securities Pvt. Ltd.,Online Securities Pvt. Ltd.,40,274.0,10960.0,2025-09-03 11:23:44.976862
2025-09-03,62320,2025090305001125,NIFRA,Shree Krishna Securities Ltd.,Bhrikuti Stock Broking Co. Pvt. Ltd.,54,273.5,14769.0,2025-09-03 11:24:34.345487
2025-09-03,62154,2025090305001169,NIFRA,Shree Krishna Securities Ltd.,Linch Stock Market Ltd.,54,273.5,14769.0,2025-09-03 11:25:21.903146
2025-09-03,61983,2025090305001199,NIFRA,Shree Krishna Securities Ltd.,Sani Securities Company Ltd.,142,273.5,38837.0,2025-09-03 11:25:53.609598
2025-09-03,61982,2025090305001200,NIFRA,Sri Hari Securities Pvt. Ltd.,Sani Securities Company Ltd.,1000,273.2,273200.0,2025-09-03 11:25:53.609699
2025-09-03,61981,2025090305001201,NIFRA,Online Securities Pvt. Ltd.,Sani Securities Company Ltd.,266,273.1,72644.6,2025-09-03 11:25:53.609780
2025-09-03,61980,2025090305001202,NIFRA,Sani Securities Company Ltd.,Sani Securities Company Ltd.,92,273.1,25125.2,2025-09-03 11:25:53.609853
2025-09-03,61819,2025090305001239,NIFRA,Online Securities Pvt. Ltd.,Market Securities & Exchange (PVT) Ltd.,100,273.1,27310.0,2025-09-03 11:26:32.051287
2025-09-03,61634,2025090305001290,NIFRA,Online Securities Pvt. Ltd.,Vision Securities Pvt. Ltd,54,273.1,14747.4,2025-09-03 11:27:21.018505
2025-09-03,61188,2025090305001335,NIFRA,Midas Stock Broking Company Private Limited,Aryatara Investment & Securities,54,273.9,14790.6,2025-09-03 11:28:48.569703
2025-09-03,61187,2025090305001336,NIFRA,Midas Stock Broking Company Private Limited,Imperial Securities Company Pvt. Ltd.,120,273.9,32868.0,2025-09-03 11:28:48.570148
2025-09-03,61186,2025090305001337,NIFRA,Midas Stock Broking Company Private Limited,Online Securities Pvt. Ltd.,26,274.0,7124.0,2025-09-03 11:28:48.570509
2025-09-03,61111,2025090305001360,NIFRA,Online Securities Pvt. Ltd.,Imperial Securities Company Pvt. Ltd.,30,273.1,8193.0,2025-09-03 11:29:05.228694
2025-09-03,60819,2025090305001433,NIFRA,Swarna Laxmi Securities Pvt. Ltd.,Online Securities Pvt. Ltd.,434,274.0,118916.0,2025-09-03 11:30:22.474871
2025-09-03,60818,2025090305001434,NIFRA,Swarna Laxmi Securities Pvt. Ltd.,Sani Securities Company Ltd.,54,274.0,14796.0,2025-09-03 11:30:22.475271
2025-09-03,60817,2025090305001435,NIFRA,Swarna Laxmi Securities Pvt. Ltd.,Aryatara Investment & Securities,512,274.0,140288.0,2025-09-03 11:30:22.475374
2025-09-03,60788,2025090305001439,NIFRA,Online Securities Pvt. Ltd.,Naasa Securities Co. Ltd.,54,273.1,14747.4,2025-09-03 11:30:30.311569
2025-09-03,60700,2025090305001460,NIFRA,Online Securities Pvt. Ltd.,Secured Securities Ltd.,64,273.1,17478.4,2025-09-03 11:30:55.942644
2025-09-03,60644,2025090305001474,NIFRA,Primo Securities (PVT) Ltd.,Cristal Kanchanjanga Securites Pvt. Ltd.,14,273.2,3824.8,2025-09-03 11:31:11.664133
2025-09-03,60328,2025090305001559,NIFRA,Primo Securities (PVT) Ltd.,Sundhara Securities Limited,34,273.2,9288.8,2025-09-03 11:32:42.980338
2025-09-03,60262,2025090305001571,NIFRA,Midas Stock Broking Company Private Limited,Thrive Brokerage House Pvt. Ltd,4,267.8,1071.2,2025-09-03 11:33:05.318877
2025-09-03,60028,2025090305001620,NIFRA,Kumari Securities Private Limited,Imperial Securities Company Pvt. Ltd.,64,273.2,17484.8,2025-09-03 11:33:59.744133
2025-09-03,59826,2025090305001651,NIFRA,Cristal Kanchanjanga Securites Pvt. Ltd.,Online Securities Pvt. Ltd.,4,270.0,1080.0,2025-09-03 11:34:47.231628
2025-09-03,59786,2025090305001657,NIFRA,Kumari Securities Private Limited,Naasa Securities Co. Ltd.,54,273.2,14752.8,2025-09-03 11:34:54.775120
2025-09-03,59610,2025090305001704,NIFRA,Primo Securities (PVT) Ltd.,Opal Securities Investment (PVT) Ltd.,2,273.2,546.4,2025-09-03 11:35:42.739684
2025-09-03,59414,2025090305001750,NIFRA,Kumari Securities Private Limited,Asian Securities Private Ltd.,54,273.2,14752.8,2025-09-03 11:36:19.060438
2025-09-03,59409,2025090305001751,NIFRA,Kumari Securities Private Limited,Cristal Kanchanjanga Securites Pvt. Ltd.,40,273.2,10928.0,2025-09-03 11:36:19.936775
2025-09-03,59256,2025090305001781,NIFRA,Property Wiard Limited,Kohinoor Investment & Securities Pvt. Ltd.,54,273.3,14758.2,2025-09-03 11:36:57.291032
2025-09-03,59222,2025090305001801,NIFRA,Property Wiard Limited,Deevyaa Securities & Stock House Pvt. Ltd,226,273.3,61765.8,2025-09-03 11:37:04.479434
2025-09-03,59221,2025090305001802,NIFRA,Kumari Securities Private Limited,Deevyaa Securities & Stock House Pvt. Ltd,68,273.2,18577.6,2025-09-03 11:37:04.479693
2025-09-03,59163,2025090305001814,NIFRA,Kumari Securities Private Limited,Swarna Laxmi Securities Pvt. Ltd.,54,273.2,14752.8,2025-09-03 11:37:21.029516
2025-09-03,59058,2025090305001851,NIFRA,Asian Securities Private Ltd.,Aryatara Investment & Securities,10,274.0,2740.0,2025-09-03 11:37:44.282408
2025-09-03,58800,2025090305001905,NIFRA,South Asian Bulls Pvt. Ltd.,Primo Securities (PVT) Ltd.,34,273.4,9295.6,2025-09-03 11:38:41.380630
2025-09-03,58768,2025090305001914,NIFRA,South Asian Bulls Pvt. Ltd.,Imperial Securities Company Pvt. Ltd.,64,273.4,17497.6,2025-09-03 11:38:49.290166
2025-09-03,58466,2025090305001985,NIFRA,South Asian Bulls Pvt. Ltd.,Midas Stock Broking Company Private Limited,54,273.4,14763.6,2025-09-03 11:39:59.625592
2025-09-03,58295,2025090305002035,NIFRA,Imperial Securities Company Pvt. Ltd.,Dipshikha Dhitopatra Karobar Co. Pvt Ltd.,17,273.5,4649.5,2025-09-03 11:40:44.913821
2025-09-03,58294,2025090305002036,NIFRA,South Asian Bulls Pvt. Ltd.,Dipshikha Dhitopatra Karobar Co. Pvt Ltd.,37,273.4,10115.8,2025-09-03 11:40:44.914092
2025-09-03,58202,2025090305002056,NIFRA,South Asian Bulls Pvt. Ltd.,Nepal Stock House (PVT) Ltd.,11,273.4,3007.4,2025-09-03 11:41:03.457384
2025-09-03,58201,2025090305002057,NIFRA,Kohinoor Investment & Securities Pvt. Ltd.,Nepal Stock House (PVT) Ltd.,43,273.3,11751.9,2025-09-03 11:41:03.457657
2025-09-03,57987,2025090305002091,NIFRA,Sri Hari Securities Pvt. Ltd.,Sajilo Broker Limited,54,273.4,14763.6,2025-09-03 11:41:56.241824
2025-09-03,57932,2025090305002107,NIFRA,Midas Stock Broking Company Private Limited,Premier Securities Company Ltd.,4,269.5,1078.0,2025-09-03 11:42:07.882739
2025-09-03,57925,2025090305002114,NIFRA,Sri Hari Securities Pvt. Ltd.,Nepal Stock House (PVT) Ltd.,54,273.4,14763.6,2025-09-03 11:42:08.558379
2025-09-03,57870,2025090305002122,NIFRA,Asian Securities Private Ltd.,Aryatara Investment & Securities,10,274.0,2740.0,2025-09-03 11:42:20.238044
2025-09-03,57493,2025090305002176,NIFRA,Linch Stock Market Ltd.,Midas Stock Broking Company Private Limited,500,273.5,136750.0,2025-09-03 11:43:37.511857
2025-09-03,57455,2025090305002186,NIFRA,Linch Stock Market Ltd.,Sipla Securities Private Limited,200,273.5,54700.0,2025-09-03 11:43:50.233276
2025-09-03,57122,2025090305002234,NIFRA,Linch Stock Market Ltd.,Dipshikha Dhitopatra Karobar Co. Pvt Ltd.,54,273.5,14769.0,2025-09-03 11:44:52.744918
2025-09-03,56714,2025090305002323,NIFRA,Linch Stock Market Ltd.,Capital Max Securities Ltd,54,273.5,14769.0,2025-09-03 11:46:11.098082
2025-09-03,56497,2025090305002363,NIFRA,Linch Stock Market Ltd.,Deevyaa Securities & Stock House Pvt. Ltd,30,273.5,8205.0,2025-09-03 11:46:58.827708
2025-09-03,55957,2025090305002473,NIFRA,Asian Securities Private Ltd.,Nepal Stock House (PVT) Ltd.,54,273.7,14779.8,2025-09-03 11:49:09.012656
2025-09-03,55924,2025090305002475,NIFRA,Asian Securities Private Ltd.,Neev Securities Pvt. Ltd.,46,273.7,12590.2,2025-09-03 11:49:18.790340
2025-09-03,55807,2025090305002498,NIFRA,Asian Securities Private Ltd.,Deevyaa Securities & Stock House Pvt. Ltd,64,273.6,17510.4,2025-09-03 11:49:49.929368
2025-09-03,55217,2025090305002631,NIFRA,Bhrikuti Stock Broking Co. Pvt. Ltd.,Dakshinkali Investment & Securities Pvt. Ltd.,250,273.9,68475.0,2025-09-03 11:52:24.037870
2025-09-03,55216,2025090305002632,NIFRA,Bhrikuti Stock Broking Co. Pvt. Ltd.,Linch Stock Market Ltd.,54,273.9,14790.6,2025-09-03 11:52:24.038176
2025-09-03,55205,2025090305002638,NIFRA,Bhrikuti Stock Broking Co. Pvt. Ltd.,Secured Securities Ltd.,54,273.9,14790.6,2025-09-03 11:52:28.189730
2025-09-03,55059,2025090305002667,NIFRA,Bhrikuti Stock Broking Co. Pvt. Ltd.,Arun Securities (PVT) Ltd.,54,273.9,14790.6,2025-09-03 11:52:52.821271
2025-09-03,54909,2025090305002702,NIFRA,KALASH STOCK MARKET PVT. LTD.,Aryatara Investment & Securities,11,274.0,3014.0,2025-09-03 11:53:14.692991
2025-09-03,54597,2025090305002779,NIFRA,Nabil Stock Dealer Ltd.,Aryatara Investment & Securities,20,274.0,5480.0,2025-09-03 11:54:32.198462
2025-09-03,54454,2025090305002816,NIFRA,Bhrikuti Stock Broking Co. Pvt. Ltd.,Online Securities Pvt. Ltd.,54,273.9,14790.6,2025-09-03 11:55:04.814003
2025-09-03,54451,2025090305002817,NIFRA,Bhrikuti Stock Broking Co. Pvt. Ltd.,Secured Securities Ltd.,34,273.9,9312.6,2025-09-03 11:55:04.993374
2025-09-03,54335,2025090305002854,NIFRA,Sani Securities Company Ltd.,Neev Securities Pvt. Ltd.,8,273.1,2184.8,2025-09-03 11:55:34.849569
2025-09-03,54274,2025090305002878,NIFRA,Sri Hari Securities Pvt. Ltd.,Secured Securities Ltd.,20,273.9,5478.0,2025-09-03 11:55:55.184710
2025-09-03,54273,2025090305002879,NIFRA,Sri Hari Securities Pvt. Ltd.,Aryatara Investment & Securities,387,274.0,106038.0,2025-09-03 11:55:55.185282
2025-09-03,54272,2025090305002880,NIFRA,Sri Hari Securities Pvt. Ltd.,Online Securities Pvt. Ltd.,20,274.0,5480.0,2025-09-03 11:55:55.185678
2025-09-03,54271,2025090305002881,NIFRA,Sri Hari Securities Pvt. Ltd.,Kohinoor Investment & Securities Pvt. Ltd.,43,274.0,11782.0,2025-09-03 11:55:55.186039
2025-09-03,54270,2025090305002882,NIFRA,Sri Hari Securities Pvt. Ltd.,Siprabi Securities Pvt. Ltd.,14,274.0,3836.0,2025-09-03 11:55:55.186407
2025-09-03,54269,2025090305002883,NIFRA,Sri Hari Securities Pvt. Ltd.,J.F. Securites (PVT) Ltd.,10,274.0,2740.0,2025-09-03 11:55:55.186761
2025-09-03,54268,2025090305002884,NIFRA,Sri Hari Securities Pvt. Ltd.,Sani Securities Company Ltd.,50,274.0,13700.0,2025-09-03 11:55:55.187225
2025-09-03,54099,2025090305002927,NIFRA,Imperial Securities Company Pvt. Ltd.,Online Securities Pvt. Ltd.,32,274.1,8771.2,2025-09-03 11:56:42.753086
2025-09-03,53961,2025090305002955,NIFRA,Malla & Malla Stock Broking Company Pvt. Limited,Online Securities Pvt. Ltd.,54,274.2,14806.8,2025-09-03 11:57:20.227473
2025-09-03,53736,2025090305002981,NIFRA,Malla & Malla Stock Broking Company Pvt. Limited,Linch Stock Market Ltd.,54,274.2,14806.8,2025-09-03 11:57:58.211580
2025-09-03,53652,2025090305002992,NIFRA,Naasa Securities Co. Ltd.,Aryatara Investment & Securities,4,273.0,1092.0,2025-09-03 11:58:13.965456
2025-09-03,53484,2025090305003031,NIFRA,Nabil Stock Dealer Ltd.,Secured Securities Ltd.,64,274.3,17555.2,2025-09-03 11:58:52.854413
2025-09-03,53093,2025090305003125,NIFRA,Naasa Securities Co. Ltd.,Trisul Securities & Invt. Ltd.,1,274.0,274.0,2025-09-03 12:00:27.751415
2025-09-03,53037,2025090305003139,NIFRA,Malla & Malla Stock Broking Company Pvt. Limited,Kohinoor Investment & Securities Pvt. Ltd.,64,274.5,17568.0,2025-09-03 12:00:41.809770
2025-09-03,52924,2025090305003174,NIFRA,Malla & Malla Stock Broking Company Pvt. Limited,Neev Securities Pvt. Ltd.,64,274.5,17568.0,2025-09-03 12:01:03.213913
2025-09-03,52905,2025090305003180,NIFRA,Hatemalo Financial Services Private Limited,Bhrikuti Stock Broking Co. Pvt. Ltd.,25,274.8,6870.0,2025-09-03 12:01:09.038848
2025-09-03,52894,2025090305003188,NIFRA,Malla & Malla Stock Broking Company Pvt. Limited,Neev Securities Pvt. Ltd.,114,274.5,31293.0,2025-09-03 12:01:13.230057
2025-09-03,52847,2025090305003195,NIFRA,Siprabi Securities Pvt. Ltd.,Bhrikuti Stock Broking Co. Pvt. Ltd.,100,274.8,27480.0,2025-09-03 12:01:30.276449
2025-09-03,52792,2025090305003211,NIFRA,Siprabi Securities Pvt. Ltd.,Bhrikuti Stock Broking Co. Pvt. Ltd.,65,274.8,17862.0,2025-09-03 12:01:45.334485
2025-09-03,52791,2025090305003212,NIFRA,Siprabi Securities Pvt. Ltd.,Garima Securities Limited,235,274.9,64601.5,2025-09-03 12:01:45.334849
2025-09-03,52310,2025090305003331,NIFRA,Nabil Stock Dealer Ltd.,Secured Securities Ltd.,64,274.3,17555.2,2025-09-03 12:03:56.123249
2025-09-03,51937,2025090305003401,NIFRA,Nabil Stock Dealer Ltd.,Aryatara Investment & Securities,20,274.3,5486.0,2025-09-03 12:05:25.143083
2025-09-03,51901,2025090305003410,NIFRA,Cristal Kanchanjanga Securites Pvt. Ltd.,Kohinoor Investment & Securities Pvt. Ltd.,4,270.0,1080.0,2025-09-03 12:05:33.718189
2025-09-03,51809,2025090305003438,NIFRA,Nabil Stock Dealer Ltd.,Naasa Securities Co. Ltd.,54,274.3,14812.2,2025-09-03 12:05:55.253209
2025-09-03,51774,2025090305003445,NIFRA,Premier Securities Company Ltd.,Siprabi Securities Pvt. Ltd.,10,274.7,2747.0,2025-09-03 12:06:05.111437
2025-09-03,51773,2025090305003446,NIFRA,Premier Securities Company Ltd.,Imperial Securities Company Pvt. Ltd.,240,274.8,65952.0,2025-09-03 12:06:05.111742
2025-09-03,51308,2025090305003543,NIFRA,J.F. Securites (PVT) Ltd.,Kalika Securities Pvt. Ltd.,54,274.7,14833.8,2025-09-03 12:07:57.267955
2025-09-03,51307,2025090305003544,NIFRA,J.F. Securites (PVT) Ltd.,Imperial Securities Company Pvt. Ltd.,46,274.8,12640.8,2025-09-03 12:07:57.268334
2025-09-03,51022,2025090305003614,NIFRA,R.B.B. Securities Company Ltd,Imperial Securities Company Pvt. Ltd.,100,274.8,27480.0,2025-09-03 12:09:28.817774
2025-09-03,50912,2025090305003645,NIFRA,Nabil Stock Dealer Ltd.,Kohinoor Investment & Securities Pvt. Ltd.,54,274.3,14812.2,2025-09-03 12:10:02.165442
2025-09-03,50873,2025090305003647,NIFRA,Nabil Stock Dealer Ltd.,R.B.B. Securities Company Ltd,244,274.3,66929.2,2025-09-03 12:10:13.855924
2025-09-03,50872,2025090305003648,NIFRA,Imperial Securities Company Pvt. Ltd.,R.B.B. Securities Company Ltd,268,274.1,73458.8,2025-09-03 12:10:13.856026
2025-09-03,50871,2025090305003649,NIFRA,Sri Hari Securities Pvt. Ltd.,R.B.B. Securities Company Ltd,456,274.0,124944.0,2025-09-03 12:10:13.856101
2025-09-03,50870,2025090305003650,NIFRA,Online Securities Pvt. Ltd.,R.B.B. Securities Company Ltd,1000,274.0,274000.0,2025-09-03 12:10:13.856185
2025-09-03,50869,2025090305003651,NIFRA,Online Securities Pvt. Ltd.,R.B.B. Securities Company Ltd,1232,274.0,337568.0,2025-09-03 12:10:13.856254
2025-09-03,50855,2025090305003662,NIFRA,Online Securities Pvt. Ltd.,Online Securities Pvt. Ltd.,768,274.0,210432.0,2025-09-03 12:10:15.802683
2025-09-03,50418,2025090305003786,NIFRA,Sri Hari Securities Pvt. Ltd.,Indira securities pvt. ltd,54,273.8,14785.2,2025-09-03 12:11:42.554991
2025-09-03,50244,2025090305003820,NIFRA,Sri Hari Securities Pvt. Ltd.,Sani Securities Company Ltd.,54,273.8,14785.2,2025-09-03 12:12:30.785534
2025-09-03,49138,2025090305004096,NIFRA,Sri Hari Securities Pvt. Ltd.,Sri Hari Securities Pvt. Ltd.,102,273.8,27927.6,2025-09-03 12:16:52.857580
2025-09-03,49137,2025090305004097,NIFRA,Deevyaa Securities & Stock House Pvt. Ltd,Sri Hari Securities Pvt. Ltd.,50,273.8,13690.0,2025-09-03 12:16:52.858186
2025-09-03,49136,2025090305004098,NIFRA,Market Securities & Exchange (PVT) Ltd.,Sri Hari Securities Pvt. Ltd.,98,273.7,26822.6,2025-09-03 12:16:52.858661
2025-09-03,49112,2025090305004104,NIFRA,Cristal Kanchanjanga Securites Pvt. Ltd.,Siprabi Securities Pvt. Ltd.,4,270.0,1080.0,2025-09-03 12:17:02.692941
2025-09-03,49030,2025090305004125,NIFRA,Market Securities & Exchange (PVT) Ltd.,Imperial Securities Company Pvt. Ltd.,272,273.7,74446.4,2025-09-03 12:17:20.688603
2025-09-03,48923,2025090305004166,NIFRA,Midas Stock Broking Company Private Limited,Deevyaa Securities & Stock House Pvt. Ltd,4,269.5,1078.0,2025-09-03 12:17:36.165037
2025-09-03,48919,2025090305004167,NIFRA,Asian Securities Private Ltd.,South Asian Bulls Pvt. Ltd.,36,273.6,9849.6,2025-09-03 12:17:37.044580
2025-09-03,48918,2025090305004168,NIFRA,J.F. Securites (PVT) Ltd.,South Asian Bulls Pvt. Ltd.,14,273.6,3830.4,2025-09-03 12:17:37.044634
2025-09-03,48433,2025090305004272,NIFRA,J.F. Securites (PVT) Ltd.,J.F. Securites (PVT) Ltd.,36,273.6,9849.6,2025-09-03 12:19:34.042133
2025-09-03,48432,2025090305004273,NIFRA,Linch Stock Market Ltd.,J.F. Securites (PVT) Ltd.,28,273.5,7658.0,2025-09-03 12:19:34.042492
2025-09-03,48226,2025090305004324,NIFRA,Linch Stock Market Ltd.,N.I.M.B. Stock Markets Limited,54,273.5,14769.0,2025-09-03 12:20:22.185672
2025-09-03,48109,2025090305004349,NIFRA,Linch Stock Market Ltd.,Naasa Securities Co. Ltd.,10,273.5,2735.0,2025-09-03 12:20:48.567428
2025-09-03,48064,2025090305004354,NIFRA,Linch Stock Market Ltd.,Deevyaa Securities & Stock House Pvt. Ltd,70,273.5,19145.0,2025-09-03 12:20:54.016793
2025-09-03,48063,2025090305004355,NIFRA,SUN SECURITIES PVT LTD,Deevyaa Securities & Stock House Pvt. Ltd,200,273.5,54700.0,2025-09-03 12:20:54.017510
2025-09-03,48062,2025090305004356,NIFRA,Cristal Kanchanjanga Securites Pvt. Ltd.,Deevyaa Securities & Stock House Pvt. Ltd,230,273.5,62905.0,2025-09-03 12:20:54.017966
2025-09-03,47947,2025090305004382,NIFRA,Cristal Kanchanjanga Securites Pvt. Ltd.,Imperial Securities Company Pvt. Ltd.,20,273.5,5470.0,2025-09-03 12:21:19.599240
2025-09-03,47851,2025090305004403,NIFRA,Online Securities Pvt. Ltd.,Naasa Securities Co. Ltd.,13,273.5,3555.5,2025-09-03 12:21:48.868477
2025-09-03,47850,2025090305004404,NIFRA,Sri Hari Securities Pvt. Ltd.,Naasa Securities Co. Ltd.,41,273.4,11209.4,2025-09-03 12:21:48.868832
2025-09-03,47754,2025090305004419,NIFRA,Sri Hari Securities Pvt. Ltd.,Sumeru Securities Pvt. Ltd.,54,273.4,14763.6,2025-09-03 12:22:10.808829
2025-09-03,47379,2025090305004508,NIFRA,South Asian Bulls Pvt. Ltd.,Secured Securities Ltd.,54,273.7,14779.8,2025-09-03 12:23:50.562784
2025-09-03,47336,2025090305004518,NIFRA,Bhrikuti Stock Broking Co. Pvt. Ltd.,Premier Securities Company Ltd.,54,273.5,14769.0,2025-09-03 12:24:02.950267
2025-09-03,46974,2025090305004597,NIFRA,Bhrikuti Stock Broking Co. Pvt. Ltd.,J.F. Securites (PVT) Ltd.,54,273.5,14769.0,2025-09-03 12:25:29.951463
2025-09-03,46662,2025090305004659,NIFRA,Bhrikuti Stock Broking Co. Pvt. Ltd.,Indira securities pvt. ltd,64,273.5,17504.0,2025-09-03 12:26:46.113147
2025-09-03,46494,2025090305004714,NIFRA,Bhrikuti Stock Broking Co. Pvt. Ltd.,Online Securities Pvt. Ltd.,54,273.5,14769.0,2025-09-03 12:27:35.088350
2025-09-03,46392,2025090305004744,NIFRA,Bhrikuti Stock Broking Co. Pvt. Ltd.,R.B.B. Securities Company Ltd,500,273.5,136750.0,2025-09-03 12:27:57.460425
2025-09-03,46302,2025090305004769,NIFRA,Bhrikuti Stock Broking Co. Pvt. Ltd.,N.I.M.B. Stock Markets Limited,64,273.5,17504.0,2025-09-03 12:28:16.709194
2025-09-03,46222,2025090305004789,NIFRA,Bhrikuti Stock Broking Co. Pvt. Ltd.,Naasa Securities Co. Ltd.,54,273.5,14769.0,2025-09-03 12:28:42.427297
2025-09-03,46216,2025090305004792,NIFRA,Bhrikuti Stock Broking Co. Pvt. Ltd.,South Asian Bulls Pvt. Ltd.,54,273.5,14769.0,2025-09-03 12:28:43.679469
2025-09-03,46194,2025090305004795,NIFRA,Bhrikuti Stock Broking Co. Pvt. Ltd.,SUN SECURITIES PVT LTD,64,273.5,17504.0,2025-09-03 12:28:51.631379
2025-09-03,46170,2025090305004804,NIFRA,Bhrikuti Stock Broking Co. Pvt. Ltd.,Deevyaa Securities & Stock House Pvt. Ltd,38,273.5,10393.0,2025-09-03 12:29:02.802856
2025-09-03,46169,2025090305004805,NIFRA,Nepal Investment And Securities Trading Private Limited,Deevyaa Securities & Stock House Pvt. Ltd,962,273.5,263107.0,2025-09-03 12:29:02.803521
2025-09-03,46010,2025090305004835,NIFRA,Nepal Investment And Securities Trading Private Limited,Sani Securities Company Ltd.,38,273.5,10393.0,2025-09-03 12:29:55.993817
2025-09-03,45942,2025090305004854,NIFRA,Sri Hari Securities Pvt. Ltd.,Dipshikha Dhitopatra Karobar Co. Pvt Ltd.,54,273.4,14763.6,2025-09-03 12:30:10.163801
2025-09-03,45930,2025090305004856,NIFRA,Sri Hari Securities Pvt. Ltd.,Sipla Securities Private Limited,54,273.4,14763.6,2025-09-03 12:30:13.039278
2025-09-03,45870,2025090305004875,NIFRA,Sri Hari Securities Pvt. Ltd.,Sani Securities Company Ltd.,16,273.4,4374.4,2025-09-03 12:30:36.144224
2025-09-03,45833,2025090305004883,NIFRA,Vision Securities Pvt. Ltd,Naasa Securities Co. Ltd.,4,273.0,1092.0,2025-09-03 12:30:46.408012
2025-09-03,45772,2025090305004895,NIFRA,Sri Hari Securities Pvt. Ltd.,Sipla Securities Private Limited,64,273.4,17497.6,2025-09-03 12:31:05.600252
2025-09-03,45678,2025090305004917,NIFRA,Sri Hari Securities Pvt. Ltd.,Sipla Securities Private Limited,64,273.4,17497.6,2025-09-03 12:31:35.634686
2025-09-03,45378,2025090305004985,NIFRA,Sri Hari Securities Pvt. Ltd.,J.F. Securites (PVT) Ltd.,300,273.4,82020.0,2025-09-03 12:33:03.597596
2025-09-03,45337,2025090305004998,NIFRA,Sri Hari Securities Pvt. Ltd.,KALASH STOCK MARKET PVT. LTD.,50,273.4,13670.0,2025-09-03 12:33:20.819765
2025-09-03,45334,2025090305005000,NIFRA,Sri Hari Securities Pvt. Ltd.,Dipshikha Dhitopatra Karobar Co. Pvt Ltd.,195,273.4,53313.0,2025-09-03 12:33:20.876334
2025-09-03,45225,2025090305005028,NIFRA,Vision Securities Pvt. Ltd,Naasa Securities Co. Ltd.,4,273.1,1092.4,2025-09-03 12:33:57.385275
2025-09-03,45170,2025090305005037,NIFRA,Vision Securities Pvt. Ltd,Opal Securities Investment (PVT) Ltd.,4,273.1,1092.4,2025-09-03 12:34:17.509576
2025-09-03,45165,2025090305005040,NIFRA,Kohinoor Investment & Securities Pvt. Ltd.,Secured Securities Ltd.,64,273.3,17491.2,2025-09-03 12:34:20.360987
2025-09-03,45053,2025090305005056,NIFRA,Kohinoor Investment & Securities Pvt. Ltd.,APPLE SECURITIES PRIVATE LIMITED,54,273.3,14758.2,2025-09-03 12:34:58.266125
2025-09-03,45034,2025090305005060,NIFRA,Kohinoor Investment & Securities Pvt. Ltd.,Oxford Securities Pvt. Ltd.,54,273.3,14758.2,2025-09-03 12:35:03.979576
2025-09-03,45008,2025090305005066,NIFRA,Kohinoor Investment & Securities Pvt. Ltd.,Aryatara Investment & Securities,43,273.3,11751.9,2025-09-03 12:35:15.195395
2025-09-03,44986,2025090305005072,NIFRA,Kalika Securities Pvt. Ltd.,Cristal Kanchanjanga Securites Pvt. Ltd.,3,270.0,810.0,2025-09-03 12:35:24.467792
2025-09-03,44730,2025090305005128,NIFRA,Kohinoor Investment & Securities Pvt. Ltd.,Dipshikha Dhitopatra Karobar Co. Pvt Ltd.,242,273.3,66138.6,2025-09-03 12:35:54.274481
2025-09-03,44719,2025090305005134,NIFRA,Online Securities Pvt. Ltd.,Dipshikha Dhitopatra Karobar Co. Pvt Ltd.,190,273.3,51927.0,2025-09-03 12:35:57.557424
2025-09-03,44352,2025090305005210,NIFRA,Imperial Securities Company Pvt. Ltd.,Trishakti Securities Public Limited,10,273.2,2732.0,2025-09-03 12:37:39.629605
2025-09-03,44351,2025090305005211,NIFRA,Online Securities Pvt. Ltd.,Trishakti Securities Public Limited,20,273.2,5464.0,2025-09-03 12:37:39.629957
2025-09-03,44283,2025090305005226,NIFRA,Online Securities Pvt. Ltd.,Aryatara Investment & Securities,60,273.2,16392.0,2025-09-03 12:37:55.321094
2025-09-03,44251,2025090305005242,NIFRA,Online Securities Pvt. Ltd.,R.B.B. Securities Company Ltd,54,273.2,14752.8,2025-09-03 12:38:12.518341
2025-09-03,44163,2025090305005260,NIFRA,Cristal Kanchanjanga Securites Pvt. Ltd.,Naasa Securities Co. Ltd.,4,270.0,1080.0,2025-09-03 12:38:43.425457
2025-09-03,44145,2025090305005262,NIFRA,Online Securities Pvt. Ltd.,Siprabi Securities Pvt. Ltd.,11,273.1,3004.1,2025-09-03 12:38:51.058506
2025-09-03,44144,2025090305005263,NIFRA,Imperial Securities Company Pvt. Ltd.,Siprabi Securities Pvt. Ltd.,19,273.1,5188.9,2025-09-03 12:38:51.058931
2025-09-03,44046,2025090305005277,NIFRA,Kumari Securities Private Limited,Dipshikha Dhitopatra Karobar Co. Pvt Ltd.,331,273.1,90396.1,2025-09-03 12:39:20.685094
2025-09-03,43946,2025090305005295,NIFRA,Dipshikha Dhitopatra Karobar Co. Pvt Ltd.,Naasa Securities Co. Ltd.,50,273.3,13665.0,2025-09-03 12:39:55.906584
2025-09-03,43945,2025090305005296,NIFRA,Dipshikha Dhitopatra Karobar Co. Pvt Ltd.,Sani Securities Company Ltd.,64,273.3,17491.2,2025-09-03 12:39:55.906970
2025-09-03,43855,2025090305005315,NIFRA,Dipshikha Dhitopatra Karobar Co. Pvt Ltd.,Naasa Securities Co. Ltd.,64,273.3,17491.2,2025-09-03 12:40:33.021828
2025-09-03,43688,2025090305005343,NIFRA,Dipshikha Dhitopatra Karobar Co. Pvt Ltd.,Online Securities Pvt. Ltd.,322,273.3,88002.6,2025-09-03 12:41:11.122506
2025-09-03,43687,2025090305005344,NIFRA,Kumari Securities Private Limited,Online Securities Pvt. Ltd.,169,273.1,46153.9,2025-09-03 12:41:11.123213
2025-09-03,43686,2025090305005345,NIFRA,Naasa Securities Co. Ltd.,Online Securities Pvt. Ltd.,110,273.1,30041.0,2025-09-03 12:41:11.123731
2025-09-03,43685,2025090305005346,NIFRA,Online Securities Pvt. Ltd.,Online Securities Pvt. Ltd.,300,273.1,81930.0,2025-09-03 12:41:11.124224
2025-09-03,43684,2025090305005347,NIFRA,Malla & Malla Stock Broking Company Pvt. Limited,Online Securities Pvt. Ltd.,10,273.1,2731.0,2025-09-03 12:41:11.124731
2025-09-03,43683,2025090305005348,NIFRA,Sri Hari Securities Pvt. Ltd.,Online Securities Pvt. Ltd.,1000,273.1,273100.0,2025-09-03 12:41:11.125229
2025-09-03,43681,2025090305005349,NIFRA,Dipshikha Dhitopatra Karobar Co. Pvt Ltd.,Online Securities Pvt. Ltd.,50,273.0,13650.0,2025-09-03 12:41:11.125738
2025-09-03,43680,2025090305005350,NIFRA,Sundhara Securities Limited,Online Securities Pvt. Ltd.,200,273.0,54600.0,2025-09-03 12:41:11.126229
2025-09-03,43679,2025090305005351,NIFRA,Siprabi Securities Pvt. Ltd.,Online Securities Pvt. Ltd.,50,273.0,13650.0,2025-09-03 12:41:11.126726
2025-09-03,43678,2025090305005352,NIFRA,Online Securities Pvt. Ltd.,Online Securities Pvt. Ltd.,500,273.0,136500.0,2025-09-03 12:41:11.127216
2025-09-03,43677,2025090305005353,NIFRA,Premier Securities Company Ltd.,Online Securities Pvt. Ltd.,1000,273.0,273000.0,2025-09-03 12:41:11.127716
2025-09-03,43676,2025090305005354,NIFRA,Imperial Securities Company Pvt. Ltd.,Online Securities Pvt. Ltd.,15,273.0,4095.0,2025-09-03 12:41:11.128221
2025-09-03,43675,2025090305005355,NIFRA,Premier Securities Company Ltd.,Online Securities Pvt. Ltd.,200,273.0,54600.0,2025-09-03 12:41:11.128733
2025-09-03,43674,2025090305005356,NIFRA,Imperial Securities Company Pvt. Ltd.,Online Securities Pvt. Ltd.,100,273.0,27300.0,2025-09-03 12:41:11.129224
2025-09-03,43673,2025090305005357,NIFRA,Bhrikuti Stock Broking Co. Pvt. Ltd.,Online Securities Pvt. Ltd.,500,273.0,136500.0,2025-09-03 12:41:11.129734
2025-09-03,43672,2025090305005358,NIFRA,KALASH STOCK MARKET PVT. LTD.,Online Securities Pvt. Ltd.,1974,273.0,538902.0,2025-09-03 12:41:11.130218
2025-09-03,43555,2025090305005375,NIFRA,Cristal Kanchanjanga Securites Pvt. Ltd.,Trisul Securities & Invt. Ltd.,1,267.8,267.8,2025-09-03 12:41:57.492859
2025-09-03,43541,2025090305005383,NIFRA,Imperial Securities Company Pvt. Ltd.,Aryatara Investment & Securities,15,273.2,4098.0,2025-09-03 12:42:01.850058
2025-09-03,43540,2025090305005384,NIFRA,KALASH STOCK MARKET PVT. LTD.,Aryatara Investment & Securities,39,273.0,10647.0,2025-09-03 12:42:01.850813
2025-09-03,43483,2025090305005395,NIFRA,KALASH STOCK MARKET PVT. LTD.,Naasa Securities Co. Ltd.,54,273.0,14742.0,2025-09-03 12:42:16.470209
2025-09-03,43462,2025090305005398,NIFRA,KALASH STOCK MARKET PVT. LTD.,R.B.B. Securities Company Ltd,800,273.0,218400.0,2025-09-03 12:42:24.206195
2025-09-03,43336,2025090305005425,NIFRA,KALASH STOCK MARKET PVT. LTD.,Naasa Securities Co. Ltd.,64,273.0,17472.0,2025-09-03 12:43:05.323932
2025-09-03,43325,2025090305005431,NIFRA,KALASH STOCK MARKET PVT. LTD.,Siprabi Securities Pvt. Ltd.,54,273.0,14742.0,2025-09-03 12:43:08.652391
2025-09-03,43058,2025090305005458,NIFRA,KALASH STOCK MARKET PVT. LTD.,R.B.B. Securities Company Ltd,500,273.0,136500.0,2025-09-03 12:44:34.546523
2025-09-03,42963,2025090305005487,NIFRA,KALASH STOCK MARKET PVT. LTD.,Naasa Securities Co. Ltd.,54,273.0,14742.0,2025-09-03 12:45:05.838413
2025-09-03,42879,2025090305005498,NIFRA,KALASH STOCK MARKET PVT. LTD.,Kalika Securities Pvt. Ltd.,54,273.0,14742.0,2025-09-03 12:45:18.384439
2025-09-03,42874,2025090305005500,NIFRA,Deevyaa Securities & Stock House Pvt. Ltd,Naasa Securities Co. Ltd.,10,273.5,2735.0,2025-09-03 12:45:19.244875
2025-09-03,42787,2025090305005567,NIFRA,KALASH STOCK MARKET PVT. LTD.,Online Securities Pvt. Ltd.,1407,273.0,384111.0,2025-09-03 12:45:27.328924
2025-09-03,42786,2025090305005568,NIFRA,Primo Securities (PVT) Ltd.,Online Securities Pvt. Ltd.,325,273.0,88725.0,2025-09-03 12:45:27.329303
2025-09-03,42545,2025090305005624,NIFRA,Primo Securities (PVT) Ltd.,Online Securities Pvt. Ltd.,54,273.0,14742.0,2025-09-03 12:46:30.970006
2025-09-03,42489,2025090305005631,NIFRA,Primo Securities (PVT) Ltd.,Aryatara Investment & Securities,54,273.0,14742.0,2025-09-03 12:46:44.272641
2025-09-03,42268,2025090305005685,NIFRA,Primo Securities (PVT) Ltd.,Vision Securities Pvt. Ltd,45,273.0,12285.0,2025-09-03 12:47:30.592509
2025-09-03,42214,2025090305005705,NIFRA,Vision Securities Pvt. Ltd,Naasa Securities Co. Ltd.,8,272.0,2176.0,2025-09-03 12:47:40.655772
2025-09-03,42129,2025090305005721,NIFRA,Primo Securities (PVT) Ltd.,Midas Stock Broking Company Private Limited,22,273.0,6006.0,2025-09-03 12:48:01.250480
2025-09-03,42128,2025090305005722,NIFRA,Vision Securities Pvt. Ltd,Midas Stock Broking Company Private Limited,66,273.0,18018.0,2025-09-03 12:48:01.250880
2025-09-03,42127,2025090305005723,NIFRA,J.F. Securites (PVT) Ltd.,Midas Stock Broking Company Private Limited,100,273.0,27300.0,2025-09-03 12:48:01.251051
2025-09-03,41653,2025090305005852,NIFRA,ABC Securities Private Limited,Imperial Securities Company Pvt. Ltd.,15,272.8,4092.0,2025-09-03 12:49:49.029122
2025-09-03,41652,2025090305005853,NIFRA,Sri Hari Securities Pvt. Ltd.,Imperial Securities Company Pvt. Ltd.,185,272.7,50449.5,2025-09-03 12:49:49.029518
2025-09-03,41640,2025090305005856,NIFRA,Sri Hari Securities Pvt. Ltd.,Sani Securities Company Ltd.,54,272.7,14725.8,2025-09-03 12:49:51.810438
2025-09-03,41506,2025090305005897,NIFRA,Sri Hari Securities Pvt. Ltd.,Naasa Securities Co. Ltd.,10,272.7,2727.0,2025-09-03 12:50:25.322306
2025-09-03,41308,2025090305005954,NIFRA,Trisul Securities & Invt. Ltd.,Primo Securities (PVT) Ltd.,64,272.7,17452.8,2025-09-03 12:51:20.545021
2025-09-03,41026,2025090305006013,NIFRA,Naasa Securities Co. Ltd.,Midas Stock Broking Company Private Limited,10,273.0,2730.0,2025-09-03 12:52:32.613570
2025-09-03,40573,2025090305006143,NIFRA,Trisul Securities & Invt. Ltd.,Midas Stock Broking Company Private Limited,54,272.7,14725.8,2025-09-03 12:54:33.539108
2025-09-03,40458,2025090305006178,NIFRA,Trisul Securities & Invt. Ltd.,Aryatara Investment & Securities,10,272.7,2727.0,2025-09-03 12:55:06.140066
2025-09-03,40452,2025090305006183,NIFRA,Trisul Securities & Invt. Ltd.,Imperial Securities Company Pvt. Ltd.,54,272.7,14725.8,2025-09-03 12:55:07.857083
2025-09-03,39924,2025090305006303,NIFRA,Trisul Securities & Invt. Ltd.,Aryatara Investment & Securities,18,272.7,4908.6,2025-09-03 12:57:11.999692
2025-09-03,39912,2025090305006309,NIFRA,Agrawal Securities (PVT) Ltd.,Online Securities Pvt. Ltd.,64,272.6,17446.4,2025-09-03 12:57:18.913244
2025-09-03,39879,2025090305006317,NIFRA,Agrawal Securities (PVT) Ltd.,Online Securities Pvt. Ltd.,32,272.6,8723.2,2025-09-03 12:57:33.005046
2025-09-03,39777,2025090305006356,NIFRA,Agrawal Securities (PVT) Ltd.,Neev Securities Pvt. Ltd.,14,272.6,3816.4,2025-09-03 12:58:04.678424
2025-09-03,39578,2025090305006388,NIFRA,Aryatara Investment & Securities,Aryatara Investment & Securities,300,272.7,81810.0,2025-09-03 12:58:57.182707
2025-09-03,39513,2025090305006404,NIFRA,Midas Stock Broking Company Private Limited,Aryatara Investment & Securities,105,272.7,28633.5,2025-09-03 12:59:16.753082
2025-09-03,39479,2025090305006412,NIFRA,Agrawal Securities (PVT) Ltd.,Sani Securities Company Ltd.,44,272.6,11994.4,2025-09-03 12:59:27.906460
2025-09-03,39440,2025090305006429,NIFRA,Agrawal Securities (PVT) Ltd.,Thrive Brokerage House Pvt. Ltd,346,272.6,94319.6,2025-09-03 12:59:37.516462
2025-09-03,39426,2025090305006438,NIFRA,Cristal Kanchanjanga Securites Pvt. Ltd.,Kohinoor Investment & Securities Pvt. Ltd.,7,270.0,1890.0,2025-09-03 12:59:39.546209
2025-09-03,39374,2025090305006455,NIFRA,KALASH STOCK MARKET PVT. LTD.,Thrive Brokerage House Pvt. Ltd,154,272.6,41980.4,2025-09-03 12:59:51.200211
2025-09-03,39371,2025090305006456,NIFRA,Neev Securities Pvt. Ltd.,Aryatara Investment & Securities,117,272.7,31905.9,2025-09-03 12:59:52.108823
2025-09-03,39370,2025090305006457,NIFRA,Neev Securities Pvt. Ltd.,Online Securities Pvt. Ltd.,63,272.7,17180.1,2025-09-03 12:59:52.109226
2025-09-03,39175,2025090305006501,NIFRA,KALASH STOCK MARKET PVT. LTD.,Global IME Securities Limited,200,272.6,54520.0,2025-09-03 13:00:57.746932
2025-09-03,39099,2025090305006525,NIFRA,Midas Stock Broking Company Private Limited,Online Securities Pvt. Ltd.,4,268.9,1075.6,2025-09-03 13:01:21.817500
2025-09-03,38654,2025090305006605,NIFRA,Midas Stock Broking Company Private Limited,Dipshikha Dhitopatra Karobar Co. Pvt Ltd.,4,268.2,1072.8,2025-09-03 13:03:29.483265
2025-09-03,38603,2025090305006623,NIFRA,KALASH STOCK MARKET PVT. LTD.,Agrawal Securities (PVT) Ltd.,54,272.6,14720.4,2025-09-03 13:03:40.270342
2025-09-03,38427,2025090305006659,NIFRA,Sani Securities Company Ltd.,Online Securities Pvt. Ltd.,20,272.7,5454.0,2025-09-03 13:04:15.227699
2025-09-03,38422,2025090305006660,NIFRA,KALASH STOCK MARKET PVT. LTD.,Bhrikuti Stock Broking Co. Pvt. Ltd.,54,272.6,14720.4,2025-09-03 13:04:17.242362
2025-09-03,38161,2025090305006721,NIFRA,Trisul Securities & Invt. Ltd.,Online Securities Pvt. Ltd.,220,272.7,59994.0,2025-09-03 13:05:36.714072
2025-09-03,37900,2025090305006794,NIFRA,KALASH STOCK MARKET PVT. LTD.,Naasa Securities Co. Ltd.,10,272.6,2726.0,2025-09-03 13:06:39.285294
2025-09-03,37899,2025090305006795,NIFRA,KALASH STOCK MARKET PVT. LTD.,Nabil Stock Dealer Ltd.,28,272.6,7632.8,2025-09-03 13:06:39.286843
2025-09-03,37898,2025090305006796,NIFRA,KALASH STOCK MARKET PVT. LTD.,Nabil Stock Dealer Ltd.,26,272.6,7087.6,2025-09-03 13:06:39.287373
2025-09-03,37895,2025090305006797,NIFRA,Vision Securities Pvt. Ltd,Online Securities Pvt. Ltd.,4,268.9,1075.6,2025-09-03 13:06:39.963881
2025-09-03,37621,2025090305006860,NIFRA,Bhrikuti Stock Broking Co. Pvt. Ltd.,Online Securities Pvt. Ltd.,197,272.7,53721.9,2025-09-03 13:07:55.196852
2025-09-03,37620,2025090305006861,NIFRA,Bhrikuti Stock Broking Co. Pvt. Ltd.,Kalika Securities Pvt. Ltd.,1803,272.7,491678.1,2025-09-03 13:07:55.197280
2025-09-03,37549,2025090305006890,NIFRA,KALASH STOCK MARKET PVT. LTD.,Aryatara Investment & Securities,20,272.6,5452.0,2025-09-03 13:08:11.433428
2025-09-03,37548,2025090305006891,NIFRA,Thrive Brokerage House Pvt. Ltd,Aryatara Investment & Securities,10,272.6,2726.0,2025-09-03 13:08:11.434238
2025-09-03,37547,2025090305006892,NIFRA,MILKY WAY SHARE BROKER COMPANY LTD ,Aryatara Investment & Securities,200,272.6,54520.0,2025-09-03 13:08:11.434840
2025-09-03,37426,2025090305006926,NIFRA,Pragyan Securities (PVT) Ltd.,Aryatara Investment & Securities,200,272.5,54500.0,2025-09-03 13:08:38.702280
2025-09-03,37425,2025090305006927,NIFRA,Aryatara Investment & Securities,Aryatara Investment & Securities,100,272.5,27250.0,2025-09-03 13:08:38.702723
2025-09-03,37183,2025090305006992,NIFRA,Siprabi Securities Pvt. Ltd.,Bhrikuti Stock Broking Co. Pvt. Ltd.,15,272.6,4089.0,2025-09-03 13:09:44.797753
2025-09-03,37182,2025090305006993,NIFRA,Aryatara Investment & Securities,Bhrikuti Stock Broking Co. Pvt. Ltd.,39,272.5,10627.5,2025-09-03 13:09:44.797862
2025-09-03,37099,2025090305007011,NIFRA,Aryatara Investment & Securities,KALASH STOCK MARKET PVT. LTD.,54,272.5,14715.0,2025-09-03 13:10:04.013620
2025-09-03,36593,2025090305007138,NIFRA,Investment Management Nepal Pvt. Ltd.,Dynamic Money Managers Securities Pvt. Ltd.,20,272.6,5452.0,2025-09-03 13:11:52.607186
2025-09-03,36453,2025090305007184,NIFRA,Investment Management Nepal Pvt. Ltd.,Thrive Brokerage House Pvt. Ltd,32,272.6,8723.2,2025-09-03 13:12:25.393092
2025-09-03,36058,2025090305007290,NIFRA,Investment Management Nepal Pvt. Ltd.,Naasa Securities Co. Ltd.,48,272.6,13084.8,2025-09-03 13:13:50.971808
2025-09-03,36003,2025090305007317,NIFRA,Aryatara Investment & Securities,Sani Securities Company Ltd.,57,272.5,15532.5,2025-09-03 13:14:03.281684
2025-09-03,36002,2025090305007318,NIFRA,Naasa Securities Co. Ltd.,Sani Securities Company Ltd.,20,272.5,5450.0,2025-09-03 13:14:03.282511
2025-09-03,36001,2025090305007319,NIFRA,MILKY WAY SHARE BROKER COMPANY LTD ,Sani Securities Company Ltd.,200,272.5,54500.0,2025-09-03 13:14:03.283093
2025-09-03,36000,2025090305007320,NIFRA,ABC Securities Private Limited,Sani Securities Company Ltd.,15,272.5,4087.5,2025-09-03 13:14:03.283679
2025-09-03,35999,2025090305007321,NIFRA,Kumari Securities Private Limited,Sani Securities Company Ltd.,67,272.4,18250.8,2025-09-03 13:14:03.284255
2025-09-03,35884,2025090305007358,NIFRA,Imperial Securities Company Pvt. Ltd.,Sani Securities Company Ltd.,1,273.1,273.1,2025-09-03 13:14:23.436072
2025-09-03,35640,2025090305007432,NIFRA,Kumari Securities Private Limited,Nepal Stock House (PVT) Ltd.,433,272.4,117949.2,2025-09-03 13:15:27.361142
2025-09-03,35639,2025090305007433,NIFRA,Dakshinkali Investment & Securities Pvt. Ltd.,Nepal Stock House (PVT) Ltd.,29,272.4,7899.6,2025-09-03 13:15:27.361607
2025-09-03,35594,2025090305007448,NIFRA,Dakshinkali Investment & Securities Pvt. Ltd.,Naasa Securities Co. Ltd.,10,272.4,2724.0,2025-09-03 13:15:37.342430
2025-09-03,35516,2025090305007481,NIFRA,Dakshinkali Investment & Securities Pvt. Ltd.,Naasa Securities Co. Ltd.,64,272.4,17433.6,2025-09-03 13:16:00.116419
2025-09-03,35494,2025090305007489,NIFRA,Dakshinkali Investment & Securities Pvt. Ltd.,Naasa Securities Co. Ltd.,10,272.4,2724.0,2025-09-03 13:16:05.162470
2025-09-03,35444,2025090305007519,NIFRA,Sumeru Securities Pvt. Ltd.,Swarna Laxmi Securities Pvt. Ltd.,100,272.8,27280.0,2025-09-03 13:16:09.242928
2025-09-03,35386,2025090305007531,NIFRA,Dakshinkali Investment & Securities Pvt. Ltd.,Imperial Securities Company Pvt. Ltd.,187,272.4,50938.8,2025-09-03 13:16:22.566752
2025-09-03,35385,2025090305007532,NIFRA,Sweta Securities Private Limited,Imperial Securities Company Pvt. Ltd.,200,272.4,54480.0,2025-09-03 13:16:22.567617
2025-09-03,35384,2025090305007533,NIFRA,Sani Securities Company Ltd.,Imperial Securities Company Pvt. Ltd.,1000,272.4,272400.0,2025-09-03 13:16:22.568189
2025-09-03,35383,2025090305007534,NIFRA,Kumari Securities Private Limited,Imperial Securities Company Pvt. Ltd.,41,272.3,11164.3,2025-09-03 13:16:22.568754
2025-09-03,35232,2025090305007564,NIFRA,Kumari Securities Private Limited,ABC Securities Private Limited,959,272.3,261135.7,2025-09-03 13:16:58.817775
2025-09-03,35231,2025090305007565,NIFRA,Kumari Securities Private Limited,ABC Securities Private Limited,41,272.3,11164.3,2025-09-03 13:16:58.818193
2025-09-03,35201,2025090305007567,NIFRA,Kumari Securities Private Limited,Neev Securities Pvt. Ltd.,54,272.3,14704.2,2025-09-03 13:17:02.316027
2025-09-03,35155,2025090305007573,NIFRA,Kumari Securities Private Limited,Online Securities Pvt. Ltd.,54,272.3,14704.2,2025-09-03 13:17:09.970753
2025-09-03,34999,2025090305007608,NIFRA,Kumari Securities Private Limited,Sajilo Broker Limited,64,272.3,17427.2,2025-09-03 13:17:40.617870
2025-09-03,34996,2025090305007611,NIFRA,Sri Hari Securities Pvt. Ltd.,Sani Securities Company Ltd.,1,272.7,272.7,2025-09-03 13:17:41.009209
2025-09-03,34882,2025090305007630,NIFRA,Kumari Securities Private Limited,Bhrikuti Stock Broking Co. Pvt. Ltd.,64,272.3,17427.2,2025-09-03 13:17:56.503779
2025-09-03,34879,2025090305007631,NIFRA,Kumari Securities Private Limited,Imperial Securities Company Pvt. Ltd.,10,272.3,2723.0,2025-09-03 13:17:56.534299
2025-09-03,34725,2025090305007663,NIFRA,Kumari Securities Private Limited,Vision Securities Pvt. Ltd,50,272.3,13615.0,2025-09-03 13:18:25.848327
2025-09-03,34527,2025090305007727,NIFRA,Kumari Securities Private Limited,Agrawal Securities (PVT) Ltd.,493,272.3,134243.9,2025-09-03 13:19:11.179094
2025-09-03,34526,2025090305007728,NIFRA,Asian Securities Private Ltd.,Agrawal Securities (PVT) Ltd.,100,272.2,27220.0,2025-09-03 13:19:11.179998
2025-09-03,34525,2025090305007729,NIFRA,Sharepro Securities Private Limited,Agrawal Securities (PVT) Ltd.,50,272.2,13610.0,2025-09-03 13:19:11.180704
2025-09-03,34342,2025090305007757,NIFRA,Deevyaa Securities & Stock House Pvt. Ltd,Online Securities Pvt. Ltd.,4,272.0,1088.0,2025-09-03 13:19:49.576529
2025-09-03,34039,2025090305007794,NIFRA,Sharepro Securities Private Limited,Imperial Securities Company Pvt. Ltd.,1000,272.2,272200.0,2025-09-03 13:20:47.197602
2025-09-03,33736,2025090305007879,NIFRA,Primo Securities (PVT) Ltd.,Imperial Securities Company Pvt. Ltd.,100,272.3,27230.0,2025-09-03 13:21:58.858648
2025-09-03,33735,2025090305007880,NIFRA,Sharepro Securities Private Limited,Imperial Securities Company Pvt. Ltd.,369,272.2,100441.8,2025-09-03 13:21:58.859104
2025-09-03,33687,2025090305007885,NIFRA,Sharepro Securities Private Limited,Oxford Securities Pvt. Ltd.,25,272.2,6805.0,2025-09-03 13:22:01.780786
2025-09-03,33603,2025090305007895,NIFRA,Sharepro Securities Private Limited,South Asian Bulls Pvt. Ltd.,64,272.2,17420.8,2025-09-03 13:22:17.116531
2025-09-03,33385,2025090305007964,NIFRA,Sharepro Securities Private Limited,Kohinoor Investment & Securities Pvt. Ltd.,43,272.2,11704.6,2025-09-03 13:23:15.339387
2025-09-03,32784,2025090305008087,NIFRA,Aryatara Investment & Securities,Trishakti Securities Public Limited,10,272.3,2723.0,2025-09-03 13:25:22.086868
2025-09-03,32204,2025090305008250,NIFRA,Aryatara Investment & Securities,Trishakti Securities Public Limited,10,272.3,2723.0,2025-09-03 13:27:37.990674
2025-09-03,32175,2025090305008257,NIFRA,Sharepro Securities Private Limited,Trishakti Securities Public Limited,34,272.2,9254.8,2025-09-03 13:27:47.039562
2025-09-03,31952,2025090305008312,NIFRA,Sharepro Securities Private Limited,K.B.L. Securities Limited ,55,272.2,14971.0,2025-09-03 13:28:46.153431
2025-09-03,31762,2025090305008357,NIFRA,Sharepro Securities Private Limited,Kohinoor Investment & Securities Pvt. Ltd.,64,272.2,17420.8,2025-09-03 13:29:44.083614
2025-09-03,31719,2025090305008363,NIFRA,Sani Securities Company Ltd.,Siprabi Securities Pvt. Ltd.,100,272.5,27250.0,2025-09-03 13:29:55.407651
2025-09-03,31583,2025090305008395,NIFRA,Sharepro Securities Private Limited,Siprabi Securities Pvt. Ltd.,290,272.5,79025.0,2025-09-03 13:30:26.393291
2025-09-03,31582,2025090305008396,NIFRA,Sharepro Securities Private Limited,Siprabi Securities Pvt. Ltd.,10,272.5,2725.0,2025-09-03 13:30:26.393787
2025-09-03,31581,2025090305008397,NIFRA,Sharepro Securities Private Limited,Sani Securities Company Ltd.,500,272.5,136250.0,2025-09-03 13:30:26.394046
2025-09-03,31580,2025090305008398,NIFRA,Sharepro Securities Private Limited,Linch Stock Market Ltd.,700,272.5,190750.0,2025-09-03 13:30:26.394261
2025-09-03,31549,2025090305008401,NIFRA,Sharepro Securities Private Limited,Investment Management Nepal Pvt. Ltd.,1296,272.2,352771.2,2025-09-03 13:30:34.845872
2025-09-03,31548,2025090305008402,NIFRA,Sani Securities Company Ltd.,Investment Management Nepal Pvt. Ltd.,200,272.2,54440.0,2025-09-03 13:30:34.846361
2025-09-03,31354,2025090305008452,NIFRA,Deevyaa Securities & Stock House Pvt. Ltd,Sani Securities Company Ltd.,3,267.0,801.0,2025-09-03 13:31:12.560727
2025-09-03,31285,2025090305008464,NIFRA,Vision Securities Pvt. Ltd,Deevyaa Securities & Stock House Pvt. Ltd,200,272.3,54460.0,2025-09-03 13:31:37.647618
2025-09-03,31284,2025090305008465,NIFRA,Vision Securities Pvt. Ltd,Deevyaa Securities & Stock House Pvt. Ltd,184,272.3,50103.2,2025-09-03 13:31:37.648081
2025-09-03,31283,2025090305008466,NIFRA,MILKY WAY SHARE BROKER COMPANY LTD ,Deevyaa Securities & Stock House Pvt. Ltd,200,272.2,54440.0,2025-09-03 13:31:37.648288
2025-09-03,31282,2025090305008467,NIFRA,Naasa Securities Co. Ltd.,Deevyaa Securities & Stock House Pvt. Ltd,20,272.2,5444.0,2025-09-03 13:31:37.648520
2025-09-03,31281,2025090305008468,NIFRA,Kumari Securities Private Limited,Deevyaa Securities & Stock House Pvt. Ltd,500,272.1,136050.0,2025-09-03 13:31:37.648739
2025-09-03,31280,2025090305008469,NIFRA,Dipshikha Dhitopatra Karobar Co. Pvt Ltd.,Deevyaa Securities & Stock House Pvt. Ltd,50,272.0,13600.0,2025-09-03 13:31:37.648943
2025-09-03,31279,2025090305008470,NIFRA,Imperial Securities Company Pvt. Ltd.,Deevyaa Securities & Stock House Pvt. Ltd,100,272.0,27200.0,2025-09-03 13:31:37.649143
2025-09-03,31278,2025090305008471,NIFRA,Oxford Securities Pvt. Ltd.,Deevyaa Securities & Stock House Pvt. Ltd,100,272.0,27200.0,2025-09-03 13:31:37.649360
2025-09-03,31277,2025090305008472,NIFRA,Opal Securities Investment (PVT) Ltd.,Deevyaa Securities & Stock House Pvt. Ltd,10,272.0,2720.0,2025-09-03 13:31:37.649562
2025-09-03,31276,2025090305008473,NIFRA,Bhrikuti Stock Broking Co. Pvt. Ltd.,Deevyaa Securities & Stock House Pvt. Ltd,108,272.0,29376.0,2025-09-03 13:31:37.649761
2025-09-03,31275,2025090305008474,NIFRA,Kumari Securities Private Limited,Deevyaa Securities & Stock House Pvt. Ltd,400,272.0,108800.0,2025-09-03 13:31:37.649959
2025-09-03,31274,2025090305008475,NIFRA,Naasa Securities Co. Ltd.,Deevyaa Securities & Stock House Pvt. Ltd,25,272.0,6800.0,2025-09-03 13:31:37.650174
2025-09-03,31273,2025090305008476,NIFRA,Sani Securities Company Ltd.,Deevyaa Securities & Stock House Pvt. Ltd,100,272.0,27200.0,2025-09-03 13:31:37.650380
2025-09-03,31272,2025090305008477,NIFRA,Secured Securities Ltd.,Deevyaa Securities & Stock House Pvt. Ltd,300,272.0,81600.0,2025-09-03 13:31:37.650577
2025-09-03,31271,2025090305008478,NIFRA,Siprabi Securities Pvt. Ltd.,Deevyaa Securities & Stock House Pvt. Ltd,50,272.0,13600.0,2025-09-03 13:31:37.650777
2025-09-03,31270,2025090305008479,NIFRA,Kohinoor Investment & Securities Pvt. Ltd.,Deevyaa Securities & Stock House Pvt. Ltd,153,272.0,41616.0,2025-09-03 13:31:37.650972
2025-09-03,31227,2025090305008485,NIFRA,Kohinoor Investment & Securities Pvt. Ltd.,Hatemalo Financial Services Private Limited,47,272.0,12784.0,2025-09-03 13:31:47.752284
2025-09-03,30866,2025090305008568,NIFRA,Linch Stock Market Ltd.,Imperial Securities Company Pvt. Ltd.,10,272.0,2720.0,2025-09-03 13:33:16.676093
2025-09-03,30707,2025090305008603,NIFRA,Linch Stock Market Ltd.,Kohinoor Investment & Securities Pvt. Ltd.,15,272.0,4080.0,2025-09-03 13:33:51.451000
2025-09-03,30706,2025090305008604,NIFRA,Arun Securities (PVT) Ltd.,Kohinoor Investment & Securities Pvt. Ltd.,25,272.0,6800.0,2025-09-03 13:33:51.451412
2025-09-03,30617,2025090305008630,NIFRA,Arun Securities (PVT) Ltd.,Bhrikuti Stock Broking Co. Pvt. Ltd.,21,272.0,5712.0,2025-09-03 13:34:05.235697
2025-09-03,29901,2025090305008804,NIFRA,Nepal Stock House (PVT) Ltd.,Nepal Investment And Securities Trading Private Limited,20,272.0,5440.0,2025-09-03 13:36:45.215354
2025-09-03,29810,2025090305008835,NIFRA,Thrive Brokerage House Pvt. Ltd,Midas Stock Broking Company Private Limited,10,272.0,2720.0,2025-09-03 13:37:10.947216
2025-09-03,29718,2025090305008859,NIFRA,Thrive Brokerage House Pvt. Ltd,Miyo Securities Pvt Ltd,30,272.0,8160.0,2025-09-03 13:37:36.399262
2025-09-03,29640,2025090305008880,NIFRA,Naasa Securities Co. Ltd.,Linch Stock Market Ltd.,20,272.5,5450.0,2025-09-03 13:37:52.732515
2025-09-03,29614,2025090305008891,NIFRA,Thrive Brokerage House Pvt. Ltd,Siprabi Securities Pvt. Ltd.,30,272.0,8160.0,2025-09-03 13:38:02.728760
2025-09-03,29294,2025090305008981,NIFRA,South Asian Bulls Pvt. Ltd.,Sajilo Broker Limited,54,272.1,14693.4,2025-09-03 13:39:21.113698
2025-09-03,28860,2025090305009062,NIFRA,Sweta Securities Private Limited,Sweta Securities Private Limited,50,272.2,13610.0,2025-09-03 13:41:08.450762
2025-09-03,28839,2025090305009065,NIFRA,Kalika Securities Pvt. Ltd.,Siprabi Securities Pvt. Ltd.,10,272.4,2724.0,2025-09-03 13:41:10.527371
2025-09-03,28445,2025090305009135,NIFRA,Sweta Securities Private Limited,Opal Securities Investment (PVT) Ltd.,90,272.2,24498.0,2025-09-03 13:42:42.207883
2025-09-03,28444,2025090305009136,NIFRA,Trisul Securities & Invt. Ltd.,Opal Securities Investment (PVT) Ltd.,1000,272.2,272200.0,2025-09-03 13:42:42.208389
2025-09-03,28443,2025090305009137,NIFRA,South Asian Bulls Pvt. Ltd.,Opal Securities Investment (PVT) Ltd.,146,272.1,39726.6,2025-09-03 13:42:42.208614
2025-09-03,28442,2025090305009138,NIFRA,Thrive Brokerage House Pvt. Ltd,Opal Securities Investment (PVT) Ltd.,30,272.0,8160.0,2025-09-03 13:42:42.208822
2025-09-03,28441,2025090305009139,NIFRA,Market Securities & Exchange (PVT) Ltd.,Opal Securities Investment (PVT) Ltd.,25,272.0,6800.0,2025-09-03 13:42:42.209066
2025-09-03,28440,2025090305009140,NIFRA,South Asian Bulls Pvt. Ltd.,Opal Securities Investment (PVT) Ltd.,49,272.0,13328.0,2025-09-03 13:42:42.209282
2025-09-03,28439,2025090305009141,NIFRA,J.F. Securites (PVT) Ltd.,Opal Securities Investment (PVT) Ltd.,100,272.0,27200.0,2025-09-03 13:42:42.209523
2025-09-03,28438,2025090305009142,NIFRA,BHOLE GANESH SECURITIES LTD,Opal Securities Investment (PVT) Ltd.,100,272.0,27200.0,2025-09-03 13:42:42.209745
2025-09-03,28275,2025090305009170,NIFRA,BHOLE GANESH SECURITIES LTD,Sewa Securities Pvt. Ltd.,312,272.0,84864.0,2025-09-03 13:43:14.761901
2025-09-03,27778,2025090305009297,NIFRA,BHOLE GANESH SECURITIES LTD,Sundhara Securities Limited,54,272.0,14688.0,2025-09-03 13:45:23.297643
2025-09-03,27575,2025090305009340,NIFRA,BHOLE GANESH SECURITIES LTD,Machhapuchchhre Securities Limited,34,272.0,9248.0,2025-09-03 13:46:19.970881
2025-09-03,27574,2025090305009341,NIFRA,Oxford Securities Pvt. Ltd.,Machhapuchchhre Securities Limited,20,272.0,5440.0,2025-09-03 13:46:19.970970
2025-09-03,27520,2025090305009357,NIFRA,Oxford Securities Pvt. Ltd.,Oxford Securities Pvt. Ltd.,50,272.0,13600.0,2025-09-03 13:46:30.836007
2025-09-03,27429,2025090305009386,NIFRA,Oxford Securities Pvt. Ltd.,Sweta Securities Private Limited,30,272.0,8160.0,2025-09-03 13:46:56.979805
2025-09-03,27428,2025090305009387,NIFRA,BHOLE GANESH SECURITIES LTD,Sweta Securities Private Limited,24,272.0,6528.0,2025-09-03 13:46:56.980741
2025-09-03,27409,2025090305009396,NIFRA,BHOLE GANESH SECURITIES LTD,Himalayan Brokerage Company Limited,50,272.0,13600.0,2025-09-03 13:47:06.321896
2025-09-03,27156,2025090305009461,NIFRA,Sri Hari Securities Pvt. Ltd.,Thrive Brokerage House Pvt. Ltd,64,272.1,17414.4,2025-09-03 13:48:14.085200
2025-09-03,26908,2025090305009538,NIFRA,MILKY WAY SHARE BROKER COMPANY LTD ,Kohinoor Investment & Securities Pvt. Ltd.,130,272.2,35386.0,2025-09-03 13:49:11.791680
2025-09-03,26907,2025090305009539,NIFRA,Sri Hari Securities Pvt. Ltd.,Kohinoor Investment & Securities Pvt. Ltd.,170,272.1,46257.0,2025-09-03 13:49:11.792120
2025-09-03,26784,2025090305009563,NIFRA,Property Wiard Limited,Siprabi Securities Pvt. Ltd.,10,272.3,2723.0,2025-09-03 13:49:35.429049
2025-09-03,26783,2025090305009564,NIFRA,Property Wiard Limited,Sweta Securities Private Limited,50,272.3,13615.0,2025-09-03 13:49:35.429512
2025-09-03,26782,2025090305009565,NIFRA,Property Wiard Limited,Aryatara Investment & Securities,100,272.4,27240.0,2025-09-03 13:49:35.429746
2025-09-03,26735,2025090305009585,NIFRA,Property Wiard Limited,Online Securities Pvt. Ltd.,64,272.4,17433.6,2025-09-03 13:49:40.108388
2025-09-03,26710,2025090305009593,NIFRA,Property Wiard Limited,N.M.B. SECURITIES LIMITED,64,272.4,17433.6,2025-09-03 13:49:47.698507
2025-09-03,26512,2025090305009639,NIFRA,Nepal Investment And Securities Trading Private Limited,Linch Stock Market Ltd.,50,272.5,13625.0,2025-09-03 13:50:42.045743
2025-09-03,26391,2025090305009663,NIFRA,Property Wiard Limited,Investment Management Nepal Pvt. Ltd.,64,272.4,17433.6,2025-09-03 13:51:18.667818
2025-09-03,25990,2025090305009779,NIFRA,ABC Securities Private Limited,Linch Stock Market Ltd.,230,272.5,62675.0,2025-09-03 13:52:55.514291
2025-09-03,25989,2025090305009780,NIFRA,ABC Securities Private Limited,Naasa Securities Co. Ltd.,43,272.5,11717.5,2025-09-03 13:52:55.515305
2025-09-03,25988,2025090305009781,NIFRA,ABC Securities Private Limited,Investment Management Nepal Pvt. Ltd.,500,272.5,136250.0,2025-09-03 13:52:55.515983
2025-09-03,25987,2025090305009782,NIFRA,ABC Securities Private Limited,Kohinoor Investment & Securities Pvt. Ltd.,10,272.5,2725.0,2025-09-03 13:52:55.516637
2025-09-03,25986,2025090305009783,NIFRA,ABC Securities Private Limited,Vision Securities Pvt. Ltd,100,272.5,27250.0,2025-09-03 13:52:55.517279
2025-09-03,25985,2025090305009784,NIFRA,ABC Securities Private Limited,Bhrikuti Stock Broking Co. Pvt. Ltd.,117,272.6,31894.2,2025-09-03 13:52:55.517915
2025-09-03,25899,2025090305009803,NIFRA,Property Wiard Limited,Trishakti Securities Public Limited,64,272.4,17433.6,2025-09-03 13:53:16.884137
2025-09-03,25726,2025090305009846,NIFRA,Property Wiard Limited,Sajilo Broker Limited,64,272.4,17433.6,2025-09-03 13:54:11.485126
2025-09-03,25520,2025090305009904,NIFRA,Property Wiard Limited,Sundhara Securities Limited,64,272.4,17433.6,2025-09-03 13:55:00.473386
2025-09-03,25386,2025090305009940,NIFRA,Property Wiard Limited,Sani Securities Company Ltd.,80,272.4,21792.0,2025-09-03 13:55:41.382945
2025-09-03,25360,2025090305009950,NIFRA,Trisul Securities & Invt. Ltd.,Bhrikuti Stock Broking Co. Pvt. Ltd.,383,272.6,104405.8,2025-09-03 13:55:47.315944
2025-09-03,25359,2025090305009951,NIFRA,Trisul Securities & Invt. Ltd.,Vision Securities Pvt. Ltd,200,272.7,54540.0,2025-09-03 13:55:47.316869
2025-09-03,25358,2025090305009952,NIFRA,Trisul Securities & Invt. Ltd.,Garima Securities Limited,417,272.7,113715.9,2025-09-03 13:55:47.317534
2025-09-03,24789,2025090305010100,NIFRA,Property Wiard Limited,Kumari Securities Private Limited,25,272.4,6810.0,2025-09-03 13:58:18.824526
2025-09-03,24613,2025090305010152,NIFRA,Property Wiard Limited,Creative Securities Pvt Ltd,54,272.4,14709.6,2025-09-03 13:59:29.912740
2025-09-03,24353,2025090305010213,NIFRA,South Asian Bulls Pvt. Ltd.,Garima Securities Limited,50,272.7,13635.0,2025-09-03 14:00:37.265671
2025-09-03,24291,2025090305010233,NIFRA,Property Wiard Limited,Garima Securities Limited,17,272.7,4635.9,2025-09-03 14:00:58.270297
2025-09-03,24207,2025090305010248,NIFRA,Linch Stock Market Ltd.,Garima Securities Limited,10,272.7,2727.0,2025-09-03 14:01:16.002765
2025-09-03,23277,2025090305010527,NIFRA,Premier Securities Company Ltd.,Sundhara Securities Limited,54,272.3,14704.2,2025-09-03 14:05:39.792280
2025-09-03,23093,2025090305010578,NIFRA,Premier Securities Company Ltd.,Nepal Stock House (PVT) Ltd.,54,272.3,14704.2,2025-09-03 14:06:34.393273
2025-09-03,23049,2025090305010585,NIFRA,Premier Securities Company Ltd.,Kalika Securities Pvt. Ltd.,82,272.3,22328.6,2025-09-03 14:06:48.736244
2025-09-03,23048,2025090305010586,NIFRA,Sweta Securities Private Limited,Kalika Securities Pvt. Ltd.,418,272.3,113821.4,2025-09-03 14:06:48.737186
2025-09-03,22838,2025090305010620,NIFRA,Bhrikuti Stock Broking Co. Pvt. Ltd.,Siprabi Securities Pvt. Ltd.,10,272.5,2725.0,2025-09-03 14:07:42.896642
2025-09-03,22837,2025090305010621,NIFRA,Bhrikuti Stock Broking Co. Pvt. Ltd.,Aryatara Investment & Securities,30,272.5,8175.0,2025-09-03 14:07:42.897106
2025-09-03,22766,2025090305010636,NIFRA,Kalika Securities Pvt. Ltd.,Naasa Securities Co. Ltd.,6,272.5,1635.0,2025-09-03 14:08:03.582875
2025-09-03,22429,2025090305010743,NIFRA,Premier Securities Company Ltd.,Nepal Investment And Securities Trading Private Limited,54,272.5,14715.0,2025-09-03 14:09:28.603004
2025-09-03,22228,2025090305010793,NIFRA,Premier Securities Company Ltd.,Sweta Securities Private Limited,28,272.5,7630.0,2025-09-03 14:10:25.499046
2025-09-03,22050,2025090305010830,NIFRA,Trisul Securities & Invt. Ltd.,Garima Securities Limited,200,272.7,54540.0,2025-09-03 14:11:06.949507
2025-09-03,21966,2025090305010846,NIFRA,Sani Securities Company Ltd.,Garima Securities Limited,71,272.7,19361.7,2025-09-03 14:11:33.554361
2025-09-03,21592,2025090305010938,NIFRA,Trisul Securities & Invt. Ltd.,Aakashbhairab Securities Ltd.,54,272.7,14725.8,2025-09-03 14:13:07.878972
2025-09-03,21257,2025090305011018,NIFRA,Midas Stock Broking Company Private Limited,Dipshikha Dhitopatra Karobar Co. Pvt Ltd.,4,267.3,1069.2,2025-09-03 14:14:04.995053
2025-09-03,21232,2025090305011029,NIFRA,Trisul Securities & Invt. Ltd.,Swarna Laxmi Securities Pvt. Ltd.,46,272.8,12548.8,2025-09-03 14:14:08.713882
2025-09-03,20804,2025090305011118,NIFRA,Nepal Stock House (PVT) Ltd.,Kohinoor Investment & Securities Pvt. Ltd.,50,272.5,13625.0,2025-09-03 14:15:45.334412
2025-09-03,20803,2025090305011119,NIFRA,Premier Securities Company Ltd.,Kohinoor Investment & Securities Pvt. Ltd.,190,272.4,51756.0,2025-09-03 14:15:45.335390
2025-09-03,20802,2025090305011120,NIFRA,Linch Stock Market Ltd.,Kohinoor Investment & Securities Pvt. Ltd.,60,272.4,16344.0,2025-09-03 14:15:45.336093
2025-09-03,20704,2025090305011145,NIFRA,Sweta Securities Private Limited,Imperial Securities Company Pvt. Ltd.,54,272.3,14704.2,2025-09-03 14:15:59.954391
2025-09-03,20615,2025090305011176,NIFRA,Trisul Securities & Invt. Ltd.,Aakashbhairab Securities Ltd.,64,272.5,17440.0,2025-09-03 14:16:24.260056
2025-09-03,20614,2025090305011177,NIFRA,Trisul Securities & Invt. Ltd.,Swarna Laxmi Securities Pvt. Ltd.,136,272.8,37100.8,2025-09-03 14:16:24.261042
2025-09-03,20584,2025090305011181,NIFRA,Sweta Securities Private Limited,Imperial Securities Company Pvt. Ltd.,28,272.3,7624.4,2025-09-03 14:16:31.039588
2025-09-03,20583,2025090305011182,NIFRA,Sri Hari Securities Pvt. Ltd.,Imperial Securities Company Pvt. Ltd.,766,272.3,208581.8,2025-09-03 14:16:31.040011
2025-09-03,20582,2025090305011183,NIFRA,Sri Hari Securities Pvt. Ltd.,Imperial Securities Company Pvt. Ltd.,206,272.3,56093.8,2025-09-03 14:16:31.040248
2025-09-03,20557,2025090305011196,NIFRA,Sri Hari Securities Pvt. Ltd.,Imperial Securities Company Pvt. Ltd.,700,272.3,190610.0,2025-09-03 14:16:35.083051
2025-09-03,20556,2025090305011197,NIFRA,Sri Hari Securities Pvt. Ltd.,Sweta Securities Private Limited,10,272.3,2723.0,2025-09-03 14:16:35.115388
2025-09-03,20496,2025090305011221,NIFRA,Sri Hari Securities Pvt. Ltd.,Imperial Securities Company Pvt. Ltd.,84,272.3,22873.2,2025-09-03 14:16:44.163567
2025-09-03,20495,2025090305011222,NIFRA,Thrive Brokerage House Pvt. Ltd,Imperial Securities Company Pvt. Ltd.,100,272.2,27220.0,2025-09-03 14:16:44.164569
2025-09-03,20494,2025090305011223,NIFRA,Imperial Securities Company Pvt. Ltd.,Imperial Securities Company Pvt. Ltd.,516,272.1,140403.6,2025-09-03 14:16:44.165275
2025-09-03,20128,2025090305011349,NIFRA,Imperial Securities Company Pvt. Ltd.,Dakshinkali Investment & Securities Pvt. Ltd.,1000,272.1,272100.0,2025-09-03 14:18:16.454173
2025-09-03,20036,2025090305011365,NIFRA,Imperial Securities Company Pvt. Ltd.,Asian Securities Private Ltd.,64,272.1,17414.4,2025-09-03 14:18:33.648824
2025-09-03,19848,2025090305011411,NIFRA,Bhrikuti Stock Broking Co. Pvt. Ltd.,Cristal Kanchanjanga Securites Pvt. Ltd.,60,272.2,16332.0,2025-09-03 14:19:33.077657
2025-09-03,19741,2025090305011437,NIFRA,Shree Krishna Securities Ltd.,Trishakti Securities Public Limited,1000,272.3,272300.0,2025-09-03 14:19:52.438184
2025-09-03,19645,2025090305011450,NIFRA,Bhrikuti Stock Broking Co. Pvt. Ltd.,ABC Securities Private Limited,14,272.2,3810.8,2025-09-03 14:20:14.379487
2025-09-03,19536,2025090305011468,NIFRA,Bhrikuti Stock Broking Co. Pvt. Ltd.,Sani Securities Company Ltd.,64,272.2,17420.8,2025-09-03 14:20:31.494248
2025-09-03,19327,2025090305011557,NIFRA,Sajilo Broker Limited,Linch Stock Market Ltd.,200,272.5,54500.0,2025-09-03 14:21:05.598365
2025-09-03,19254,2025090305011569,NIFRA,Linch Stock Market Ltd.,Linch Stock Market Ltd.,20,272.5,5450.0,2025-09-03 14:21:16.715596
2025-09-03,19022,2025090305011650,NIFRA,Bhrikuti Stock Broking Co. Pvt. Ltd.,Kumari Securities Private Limited,54,272.2,14698.8,2025-09-03 14:22:01.749346
2025-09-03,18806,2025090305011710,NIFRA,Linch Stock Market Ltd.,Linch Stock Market Ltd.,30,272.5,8175.0,2025-09-03 14:22:42.304103
2025-09-03,18404,2025090305011818,NIFRA,Linch Stock Market Ltd.,Naasa Securities Co. Ltd.,4,272.4,1089.6,2025-09-03 14:23:59.145351
2025-09-03,18049,2025090305011936,NIFRA,South Asian Bulls Pvt. Ltd.,Linch Stock Market Ltd.,50,272.5,13625.0,2025-09-03 14:24:56.200382
2025-09-03,17997,2025090305011954,NIFRA,BHOLE GANESH SECURITIES LTD,Dipshikha Dhitopatra Karobar Co. Pvt Ltd.,100,272.3,27230.0,2025-09-03 14:25:02.918831
2025-09-03,17996,2025090305011955,NIFRA,Bhrikuti Stock Broking Co. Pvt. Ltd.,Dipshikha Dhitopatra Karobar Co. Pvt Ltd.,200,272.2,54440.0,2025-09-03 14:25:02.919858
2025-09-03,17890,2025090305011993,NIFRA,Secured Securities Ltd.,Sundhara Securities Limited,4,270.0,1080.0,2025-09-03 14:25:23.834307
2025-09-03,17823,2025090305012025,NIFRA,Cristal Kanchanjanga Securites Pvt. Ltd.,Linch Stock Market Ltd.,200,272.5,54500.0,2025-09-03 14:25:35.467607
2025-09-03,17799,2025090305012032,NIFRA,Bhrikuti Stock Broking Co. Pvt. Ltd.,Himalayan Securities Limited,365,272.2,99353.0,2025-09-03 14:25:40.906814
2025-09-03,17109,2025090305012246,NIFRA,Trishakti Securities Public Limited,Linch Stock Market Ltd.,110,272.5,29975.0,2025-09-03 14:27:33.291835
2025-09-03,16997,2025090305012260,NIFRA,Premier Securities Company Ltd.,Capital Max Securities Ltd,100,272.3,27230.0,2025-09-03 14:27:49.474558
2025-09-03,16984,2025090305012266,NIFRA,Premier Securities Company Ltd.,Dipshikha Dhitopatra Karobar Co. Pvt Ltd.,200,272.3,54460.0,2025-09-03 14:27:52.385738
2025-09-03,16983,2025090305012267,NIFRA,Bhrikuti Stock Broking Co. Pvt. Ltd.,Dipshikha Dhitopatra Karobar Co. Pvt Ltd.,300,272.2,81660.0,2025-09-03 14:27:52.386202
2025-09-03,16899,2025090305012285,NIFRA,Bhrikuti Stock Broking Co. Pvt. Ltd.,Secured Securities Ltd.,54,272.2,14698.8,2025-09-03 14:28:03.997004
2025-09-03,16669,2025090305012364,NIFRA,Bhrikuti Stock Broking Co. Pvt. Ltd.,Imperial Securities Company Pvt. Ltd.,64,272.2,17420.8,2025-09-03 14:28:41.900937
2025-09-03,16220,2025090305012512,NIFRA,Bhrikuti Stock Broking Co. Pvt. Ltd.,Secured Securities Ltd.,64,272.2,17420.8,2025-09-03 14:29:57.582149
2025-09-03,16186,2025090305012524,NIFRA,Bhrikuti Stock Broking Co. Pvt. Ltd.,Cristal Kanchanjanga Securites Pvt. Ltd.,54,272.2,14698.8,2025-09-03 14:30:06.548432
2025-09-03,15981,2025090305012559,NIFRA,Midas Stock Broking Company Private Limited,Linch Stock Market Ltd.,10,272.5,2725.0,2025-09-03 14:30:39.653675
2025-09-03,15793,2025090305012606,NIFRA,Primo Securities (PVT) Ltd.,Neev Securities Pvt. Ltd.,64,272.3,17427.2,2025-09-03 14:31:07.358223
2025-09-03,15612,2025090305012656,NIFRA,Primo Securities (PVT) Ltd.,Naasa Securities Co. Ltd.,54,272.3,14704.2,2025-09-03 14:31:43.969427
2025-09-03,15593,2025090305012665,NIFRA,Asian Securities Private Ltd.,Linch Stock Market Ltd.,380,272.5,103550.0,2025-09-03 14:31:46.110108
2025-09-03,15592,2025090305012666,NIFRA,Asian Securities Private Ltd.,Sani Securities Company Ltd.,21,272.5,5722.5,2025-09-03 14:31:46.111074
2025-09-03,15591,2025090305012667,NIFRA,Asian Securities Private Ltd.,Sri Hari Securities Pvt. Ltd.,99,272.5,26977.5,2025-09-03 14:31:46.111825
2025-09-03,15504,2025090305012711,NIFRA,Primo Securities (PVT) Ltd.,Dipshikha Dhitopatra Karobar Co. Pvt Ltd.,200,272.3,54460.0,2025-09-03 14:32:07.741676
2025-09-03,15409,2025090305012740,NIFRA,Primo Securities (PVT) Ltd.,Aryatara Investment & Securities,64,272.3,17427.2,2025-09-03 14:32:31.387371
2025-09-03,15222,2025090305012792,NIFRA,Primo Securities (PVT) Ltd.,Naasa Securities Co. Ltd.,300,272.3,81690.0,2025-09-03 14:32:55.261933
2025-09-03,14886,2025090305012860,NIFRA,Primo Securities (PVT) Ltd.,Neev Securities Pvt. Ltd.,64,272.3,17427.2,2025-09-03 14:33:48.099403
2025-09-03,14847,2025090305012867,NIFRA,Thrive Brokerage House Pvt. Ltd,Hatemalo Financial Services Private Limited,7,271.9,1903.3,2025-09-03 14:33:53.105016
2025-09-03,14663,2025090305012937,NIFRA,Primo Securities (PVT) Ltd.,Midas Stock Broking Company Private Limited,64,272.3,17427.2,2025-09-03 14:34:24.856988
2025-09-03,14658,2025090305012942,NIFRA,Primo Securities (PVT) Ltd.,Magnet Securities and Investment Company Private Limited,190,272.3,51737.0,2025-09-03 14:34:26.006717
2025-09-03,14657,2025090305012943,NIFRA,Premier Securities Company Ltd.,Magnet Securities and Investment Company Private Limited,200,272.3,54460.0,2025-09-03 14:34:26.006866
2025-09-03,14656,2025090305012944,NIFRA,Bhrikuti Stock Broking Co. Pvt. Ltd.,Magnet Securities and Investment Company Private Limited,707,272.2,192445.4,2025-09-03 14:34:26.007020
2025-09-03,14655,2025090305012945,NIFRA,Naasa Securities Co. Ltd.,Magnet Securities and Investment Company Private Limited,37,272.2,10071.4,2025-09-03 14:34:26.007095
2025-09-03,14654,2025090305012946,NIFRA,Imperial Securities Company Pvt. Ltd.,Magnet Securities and Investment Company Private Limited,866,272.1,235638.6,2025-09-03 14:34:26.007171
2025-09-03,14391,2025090305013012,NIFRA,Bhrikuti Stock Broking Co. Pvt. Ltd.,Sharepro Securities Private Limited,54,272.5,14715.0,2025-09-03 14:35:21.835412
2025-09-03,14390,2025090305013013,NIFRA,Bhrikuti Stock Broking Co. Pvt. Ltd.,Sri Hari Securities Pvt. Ltd.,16,272.5,4360.0,2025-09-03 14:35:21.836404
2025-09-03,14184,2025090305013058,NIFRA,Sundhara Securities Limited,R.B.B. Securities Company Ltd,36,272.2,9799.2,2025-09-03 14:36:06.236550
2025-09-03,14183,2025090305013059,NIFRA,Nepal Stock House (PVT) Ltd.,R.B.B. Securities Company Ltd,50,272.2,13610.0,2025-09-03 14:36:06.236603
2025-09-03,14182,2025090305013060,NIFRA,Imperial Securities Company Pvt. Ltd.,R.B.B. Securities Company Ltd,914,272.1,248699.4,2025-09-03 14:36:06.236675
2025-09-03,13875,2025090305013136,NIFRA,Trishakti Securities Public Limited,Sundhara Securities Limited,54,272.3,14704.2,2025-09-03 14:37:06.489996
2025-09-03,13794,2025090305013147,NIFRA,Trishakti Securities Public Limited,Midas Stock Broking Company Private Limited,64,272.3,17427.2,2025-09-03 14:37:21.734842
2025-09-03,13578,2025090305013202,NIFRA,Secured Securities Ltd.,Midas Stock Broking Company Private Limited,64,272.4,17433.6,2025-09-03 14:38:09.994745
2025-09-03,13546,2025090305013217,NIFRA,Vision Securities Pvt. Ltd,Garima Securities Limited,200,272.7,54540.0,2025-09-03 14:38:15.867086
2025-09-03,13543,2025090305013218,NIFRA,Secured Securities Ltd.,Oxford Securities Pvt. Ltd.,54,272.4,14709.6,2025-09-03 14:38:16.616004
2025-09-03,13367,2025090305013253,NIFRA,Neev Securities Pvt. Ltd.,Naasa Securities Co. Ltd.,150,272.6,40890.0,2025-09-03 14:38:48.592804
2025-09-03,12959,2025090305013346,NIFRA,Linch Stock Market Ltd.,Secured Securities Ltd.,10,272.5,2725.0,2025-09-03 14:39:49.867081
2025-09-03,12604,2025090305013427,NIFRA,Cristal Kanchanjanga Securites Pvt. Ltd.,Naasa Securities Co. Ltd.,50,272.6,13630.0,2025-09-03 14:40:56.178800
2025-09-03,12603,2025090305013428,NIFRA,Cristal Kanchanjanga Securites Pvt. Ltd.,Oxford Securities Pvt. Ltd.,50,272.6,13630.0,2025-09-03 14:40:56.179866
2025-09-03,12503,2025090305013447,NIFRA,Cristal Kanchanjanga Securites Pvt. Ltd.,Bhrikuti Stock Broking Co. Pvt. Ltd.,64,272.6,17446.4,2025-09-03 14:41:14.882600
2025-09-03,12430,2025090305013460,NIFRA,Sharepro Securities Private Limited,Garima Securities Limited,800,272.7,218160.0,2025-09-03 14:41:25.152389
2025-09-03,12429,2025090305013461,NIFRA,Sharepro Securities Private Limited,Vision Securities Pvt. Ltd,50,272.7,13635.0,2025-09-03 14:41:25.152952
2025-09-03,12428,2025090305013462,NIFRA,Sharepro Securities Private Limited,Swarna Laxmi Securities Pvt. Ltd.,51,272.8,13912.8,2025-09-03 14:41:25.153203
2025-09-03,12427,2025090305013463,NIFRA,Sharepro Securities Private Limited,Linch Stock Market Ltd.,1000,272.8,272800.0,2025-09-03 14:41:25.153719
2025-09-03,12426,2025090305013464,NIFRA,Sharepro Securities Private Limited,Sani Securities Company Ltd.,288,272.8,78566.4,2025-09-03 14:41:25.153971
2025-09-03,12425,2025090305013465,NIFRA,Sharepro Securities Private Limited,Vision Securities Pvt. Ltd,50,272.8,13640.0,2025-09-03 14:41:25.154229
2025-09-03,12424,2025090305013466,NIFRA,Sharepro Securities Private Limited,Naasa Securities Co. Ltd.,54,273.0,14742.0,2025-09-03 14:41:25.154504
2025-09-03,12423,2025090305013467,NIFRA,Sharepro Securities Private Limited,Bhrikuti Stock Broking Co. Pvt. Ltd.,54,273.0,14742.0,2025-09-03 14:41:25.154758
2025-09-03,12422,2025090305013468,NIFRA,Sharepro Securities Private Limited,Imperial Securities Company Pvt. Ltd.,16,273.0,4368.0,2025-09-03 14:41:25.155059
2025-09-03,12421,2025090305013469,NIFRA,Sharepro Securities Private Limited,Online Securities Pvt. Ltd.,54,273.0,14742.0,2025-09-03 14:41:25.155381
2025-09-03,12420,2025090305013470,NIFRA,Sharepro Securities Private Limited,Dynamic Money Managers Securities Pvt. Ltd.,200,273.0,54600.0,2025-09-03 14:41:25.155706
2025-09-03,12419,2025090305013471,NIFRA,Sharepro Securities Private Limited,Online Securities Pvt. Ltd.,64,273.0,17472.0,2025-09-03 14:41:25.156034
2025-09-03,12418,2025090305013472,NIFRA,Sharepro Securities Private Limited,Investment Management Nepal Pvt. Ltd.,200,273.0,54600.0,2025-09-03 14:41:25.156318
2025-09-03,12417,2025090305013473,NIFRA,Sharepro Securities Private Limited,Oxford Securities Pvt. Ltd.,50,273.0,13650.0,2025-09-03 14:41:25.156586
2025-09-03,12416,2025090305013474,NIFRA,Sharepro Securities Private Limited,Dipshikha Dhitopatra Karobar Co. Pvt Ltd.,50,273.0,13650.0,2025-09-03 14:41:25.156874
2025-09-03,12415,2025090305013475,NIFRA,Sharepro Securities Private Limited,Kumari Securities Private Limited,50,273.0,13650.0,2025-09-03 14:41:25.157190
2025-09-03,12414,2025090305013476,NIFRA,Sharepro Securities Private Limited,Naasa Securities Co. Ltd.,200,273.0,54600.0,2025-09-03 14:41:25.157497
2025-09-03,12413,2025090305013477,NIFRA,Sharepro Securities Private Limited,Sagarmatha Securities Private Limited,300,273.0,81900.0,2025-09-03 14:41:25.157818
2025-09-03,12412,2025090305013478,NIFRA,Sharepro Securities Private Limited,Deevyaa Securities & Stock House Pvt. Ltd,400,273.0,109200.0,2025-09-03 14:41:25.158137
2025-09-03,12411,2025090305013479,NIFRA,Sharepro Securities Private Limited,Vision Securities Pvt. Ltd,156,273.0,42588.0,2025-09-03 14:41:25.158441
2025-09-03,12410,2025090305013480,NIFRA,Sharepro Securities Private Limited,Thrive Brokerage House Pvt. Ltd,54,273.0,14742.0,2025-09-03 14:41:25.158787
2025-09-03,12409,2025090305013481,NIFRA,Sharepro Securities Private Limited,Linch Stock Market Ltd.,350,273.0,95550.0,2025-09-03 14:41:25.159114
2025-09-03,12408,2025090305013482,NIFRA,Sharepro Securities Private Limited,J.F. Securites (PVT) Ltd.,478,273.0,130494.0,2025-09-03 14:41:25.159415
2025-09-03,12407,2025090305013483,NIFRA,Sharepro Securities Private Limited,Dynamic Money Managers Securities Pvt. Ltd.,31,273.0,8463.0,2025-09-03 14:41:25.159754
2025-09-03,12350,2025090305013499,NIFRA,Cristal Kanchanjanga Securites Pvt. Ltd.,Swarna Laxmi Securities Pvt. Ltd.,54,272.6,14720.4,2025-09-03 14:41:32.743935
2025-09-03,11912,2025090305013587,NIFRA,Cristal Kanchanjanga Securites Pvt. Ltd.,Kalika Securities Pvt. Ltd.,297,272.6,80962.2,2025-09-03 14:42:31.171970
2025-09-03,11911,2025090305013588,NIFRA,Linch Stock Market Ltd.,Kalika Securities Pvt. Ltd.,90,272.5,24525.0,2025-09-03 14:42:31.173020
2025-09-03,11910,2025090305013589,NIFRA,Sani Securities Company Ltd.,Kalika Securities Pvt. Ltd.,570,272.5,155325.0,2025-09-03 14:42:31.173784
2025-09-03,11909,2025090305013590,NIFRA,Secured Securities Ltd.,Kalika Securities Pvt. Ltd.,882,272.4,240256.8,2025-09-03 14:42:31.174538
2025-09-03,11908,2025090305013591,NIFRA,Sipla Securities Private Limited,Kalika Securities Pvt. Ltd.,161,272.4,43856.4,2025-09-03 14:42:31.175265
2025-09-03,11810,2025090305013613,NIFRA,Sipla Securities Private Limited,Kalika Securities Pvt. Ltd.,339,272.4,92343.6,2025-09-03 14:42:49.896477
2025-09-03,11809,2025090305013614,NIFRA,Trishakti Securities Public Limited,Kalika Securities Pvt. Ltd.,2661,272.3,724590.3,2025-09-03 14:42:49.896971
2025-09-03,11742,2025090305013635,NIFRA,Trishakti Securities Public Limited,Midas Stock Broking Company Private Limited,54,272.3,14704.2,2025-09-03 14:43:03.432169
2025-09-03,11698,2025090305013659,NIFRA,Trishakti Securities Public Limited,Sewa Securities Pvt. Ltd.,44,272.3,11981.2,2025-09-03 14:43:12.997277
2025-09-03,11088,2025090305013795,NIFRA,Trishakti Securities Public Limited,J.F. Securites (PVT) Ltd.,123,272.3,33492.9,2025-09-03 14:44:35.976233
2025-09-03,10777,2025090305013900,NIFRA,Premier Securities Company Ltd.,J.F. Securites (PVT) Ltd.,75,272.3,20422.5,2025-09-03 14:45:11.648446
2025-09-03,10592,2025090305013942,NIFRA,Sani Securities Company Ltd.,Kalika Securities Pvt. Ltd.,54,272.3,14704.2,2025-09-03 14:45:37.239027
2025-09-03,10584,2025090305013944,NIFRA,Naasa Securities Co. Ltd.,Sundhara Securities Limited,4,269.0,1076.0,2025-09-03 14:45:38.756591
2025-09-03,10582,2025090305013945,NIFRA,Sani Securities Company Ltd.,Linch Stock Market Ltd.,64,272.3,17427.2,2025-09-03 14:45:38.836427
2025-09-03,10505,2025090305013970,NIFRA,Sani Securities Company Ltd.,Dynamic Money Managers Securities Pvt. Ltd.,33,273.0,9009.0,2025-09-03 14:45:54.017078
2025-09-03,10504,2025090305013971,NIFRA,Sani Securities Company Ltd.,Imperial Securities Company Pvt. Ltd.,64,273.0,17472.0,2025-09-03 14:45:54.017568
2025-09-03,10232,2025090305014013,NIFRA,Sani Securities Company Ltd.,Sani Securities Company Ltd.,14,273.0,3822.0,2025-09-03 14:46:25.424752
2025-09-03,10231,2025090305014014,NIFRA,Sewa Securities Pvt. Ltd.,Sani Securities Company Ltd.,193,273.0,52689.0,2025-09-03 14:46:25.425785
2025-09-03,9975,2025090305014081,NIFRA,Agrawal Securities (PVT) Ltd.,Asian Securities Private Ltd.,50,272.5,13625.0,2025-09-03 14:47:03.965211
2025-09-03,9974,2025090305014082,NIFRA,Secured Securities Ltd.,Asian Securities Private Ltd.,4,270.0,1080.0,2025-09-03 14:47:03.965665
2025-09-03,9916,2025090305014100,NIFRA,Online Securities Pvt. Ltd.,Sumeru Securities Pvt. Ltd.,150,272.2,40830.0,2025-09-03 14:47:14.609003
2025-09-03,9823,2025090305014123,NIFRA,Kalika Securities Pvt. Ltd.,Bhrikuti Stock Broking Co. Pvt. Ltd.,30,273.3,8199.0,2025-09-03 14:47:28.100224
2025-09-03,9808,2025090305014127,NIFRA,Online Securities Pvt. Ltd.,Deevyaa Securities & Stock House Pvt. Ltd,16,272.2,4355.2,2025-09-03 14:47:31.308367
2025-09-03,9807,2025090305014128,NIFRA,Imperial Securities Company Pvt. Ltd.,Deevyaa Securities & Stock House Pvt. Ltd,38,272.1,10339.8,2025-09-03 14:47:31.308446
2025-09-03,9564,2025090305014180,NIFRA,Premier Securities Company Ltd.,Cristal Kanchanjanga Securites Pvt. Ltd.,54,272.2,14698.8,2025-09-03 14:48:07.565899
2025-09-03,9422,2025090305014216,NIFRA,Imperial Securities Company Pvt. Ltd.,Bhrikuti Stock Broking Co. Pvt. Ltd.,20,273.3,5466.0,2025-09-03 14:48:27.777478
2025-09-03,9283,2025090305014251,NIFRA,Premier Securities Company Ltd.,Sumeru Securities Pvt. Ltd.,246,272.2,66961.2,2025-09-03 14:48:42.972696
2025-09-03,9282,2025090305014252,NIFRA,Imperial Securities Company Pvt. Ltd.,Sumeru Securities Pvt. Ltd.,602,272.1,163804.2,2025-09-03 14:48:42.973220
2025-09-03,9281,2025090305014253,NIFRA,Trishakti Securities Public Limited,Sumeru Securities Pvt. Ltd.,100,272.1,27210.0,2025-09-03 14:48:42.973557
2025-09-03,9280,2025090305014254,NIFRA,Linch Stock Market Ltd.,Sumeru Securities Pvt. Ltd.,100,272.1,27210.0,2025-09-03 14:48:42.973912
2025-09-03,9279,2025090305014255,NIFRA,Naasa Securities Co. Ltd.,Sumeru Securities Pvt. Ltd.,1000,272.1,272100.0,2025-09-03 14:48:42.974282
2025-09-03,9278,2025090305014256,NIFRA,BHOLE GANESH SECURITIES LTD,Sumeru Securities Pvt. Ltd.,926,272.0,251872.0,2025-09-03 14:48:42.974576
2025-09-03,9277,2025090305014257,NIFRA,Sani Securities Company Ltd.,Sumeru Securities Pvt. Ltd.,15,272.0,4080.0,2025-09-03 14:48:42.974964
2025-09-03,9276,2025090305014258,NIFRA,Vision Securities Pvt. Ltd,Sumeru Securities Pvt. Ltd.,11,272.0,2992.0,2025-09-03 14:48:42.975242
2025-09-03,9055,2025090305014329,NIFRA,Naasa Securities Co. Ltd.,SUN SECURITIES PVT LTD,45,272.2,12249.0,2025-09-03 14:49:11.563823
2025-09-03,9054,2025090305014330,NIFRA,Vision Securities Pvt. Ltd,SUN SECURITIES PVT LTD,31,272.0,8432.0,2025-09-03 14:49:11.564326
2025-09-03,9053,2025090305014331,NIFRA,Siprabi Securities Pvt. Ltd.,SUN SECURITIES PVT LTD,148,272.0,40256.0,2025-09-03 14:49:11.564631
2025-09-03,9052,2025090305014332,NIFRA,Market Securities & Exchange (PVT) Ltd.,SUN SECURITIES PVT LTD,25,272.0,6800.0,2025-09-03 14:49:11.564879
2025-09-03,9051,2025090305014333,NIFRA,BHOLE GANESH SECURITIES LTD,SUN SECURITIES PVT LTD,351,272.0,95472.0,2025-09-03 14:49:11.565149
2025-09-03,8136,2025090305014600,NIFRA,pahiinvestment,Siprabi Securities Pvt. Ltd.,10,273.0,2730.0,2025-09-03 14:50:48.191306
2025-09-03,7868,2025090305014655,NIFRA,Trisul Securities & Invt. Ltd.,Asian Securities Private Ltd.,50,272.3,13615.0,2025-09-03 14:51:09.190686
2025-09-03,7867,2025090305014656,NIFRA,Sweta Securities Private Limited,Asian Securities Private Ltd.,50,272.2,13610.0,2025-09-03 14:51:09.190739
2025-09-03,7866,2025090305014657,NIFRA,Dakshinkali Investment & Securities Pvt. Ltd.,Asian Securities Private Ltd.,150,272.1,40815.0,2025-09-03 14:51:09.190777
2025-09-03,7583,2025090305014743,NIFRA,Linch Stock Market Ltd.,Sri Hari Securities Pvt. Ltd.,10,272.3,2723.0,2025-09-03 14:51:32.134242
2025-09-03,7455,2025090305014796,NIFRA,Midas Stock Broking Company Private Limited,Sri Hari Securities Pvt. Ltd.,31,272.3,8441.3,2025-09-03 14:51:41.923945
2025-09-03,7304,2025090305014824,NIFRA,Premier Securities Company Ltd.,Asian Securities Private Ltd.,64,272.2,17420.8,2025-09-03 14:51:56.475464
2025-09-03,7093,2025090305014880,NIFRA,Premier Securities Company Ltd.,Cristal Kanchanjanga Securites Pvt. Ltd.,85,272.2,23137.0,2025-09-03 14:52:13.882094
2025-09-03,6926,2025090305014930,NIFRA,Agrawal Securities (PVT) Ltd.,Sri Hari Securities Pvt. Ltd.,13,272.3,3539.9,2025-09-03 14:52:30.048177
2025-09-03,6837,2025090305014953,NIFRA,Premier Securities Company Ltd.,Siprabi Securities Pvt. Ltd.,151,272.2,41102.2,2025-09-03 14:52:40.255291
2025-09-03,6836,2025090305014954,NIFRA,Creative Securities Pvt Ltd,Siprabi Securities Pvt. Ltd.,30,272.2,8166.0,2025-09-03 14:52:40.256265
2025-09-03,6835,2025090305014955,NIFRA,Dakshinkali Investment & Securities Pvt. Ltd.,Siprabi Securities Pvt. Ltd.,50,272.1,13605.0,2025-09-03 14:52:40.256994
2025-09-03,6834,2025090305014956,NIFRA,Siprabi Securities Pvt. Ltd.,Siprabi Securities Pvt. Ltd.,1000,272.1,272100.0,2025-09-03 14:52:40.257713
2025-09-03,6833,2025090305014957,NIFRA,Linch Stock Market Ltd.,Siprabi Securities Pvt. Ltd.,1000,272.1,272100.0,2025-09-03 14:52:40.258429
2025-09-03,6832,2025090305014958,NIFRA,BHOLE GANESH SECURITIES LTD,Siprabi Securities Pvt. Ltd.,649,272.0,176528.0,2025-09-03 14:52:40.259135
2025-09-03,6831,2025090305014959,NIFRA,Nepal Stock House (PVT) Ltd.,Siprabi Securities Pvt. Ltd.,110,272.0,29920.0,2025-09-03 14:52:40.259864
2025-09-03,6721,2025090305014985,NIFRA,Nepal Stock House (PVT) Ltd.,Imperial Securities Company Pvt. Ltd.,70,272.0,19040.0,2025-09-03 14:52:51.225525
2025-09-03,6720,2025090305014986,NIFRA,Dipshikha Dhitopatra Karobar Co. Pvt Ltd.,Imperial Securities Company Pvt. Ltd.,35,272.0,9520.0,2025-09-03 14:52:51.226061
2025-09-03,6719,2025090305014987,NIFRA,Arun Securities (PVT) Ltd.,Imperial Securities Company Pvt. Ltd.,54,272.0,14688.0,2025-09-03 14:52:51.226473
2025-09-03,6718,2025090305014988,NIFRA,Online Securities Pvt. Ltd.,Imperial Securities Company Pvt. Ltd.,150,272.0,40800.0,2025-09-03 14:52:51.226810
2025-09-03,6717,2025090305014989,NIFRA,Secured Securities Ltd.,Imperial Securities Company Pvt. Ltd.,50,272.0,13600.0,2025-09-03 14:52:51.227182
2025-09-03,6716,2025090305014990,NIFRA,Kohinoor Investment & Securities Pvt. Ltd.,Imperial Securities Company Pvt. Ltd.,1100,272.0,299200.0,2025-09-03 14:52:51.227455
2025-09-03,6715,2025090305014991,NIFRA,Kohinoor Investment & Securities Pvt. Ltd.,Imperial Securities Company Pvt. Ltd.,541,272.0,147152.0,2025-09-03 14:52:51.227702
2025-09-03,6670,2025090305015006,NIFRA,Kohinoor Investment & Securities Pvt. Ltd.,Linch Stock Market Ltd.,64,272.0,17408.0,2025-09-03 14:52:55.808076
2025-09-03,6508,2025090305015059,NIFRA,Imperial Securities Company Pvt. Ltd.,S.P.S.A. Securities Limited,101,272.2,27492.2,2025-09-03 14:53:08.781430
2025-09-03,6326,2025090305015112,NIFRA,Imperial Securities Company Pvt. Ltd.,Siprabi Securities Pvt. Ltd.,64,272.2,17420.8,2025-09-03 14:53:26.679348
2025-09-03,6080,2025090305015198,NIFRA,Imperial Securities Company Pvt. Ltd.,Sundhara Securities Limited,35,272.2,9527.0,2025-09-03 14:53:47.872479
2025-09-03,6079,2025090305015199,NIFRA,Kohinoor Investment & Securities Pvt. Ltd.,Sundhara Securities Limited,965,272.0,262480.0,2025-09-03 14:53:47.872548
2025-09-03,5936,2025090305015251,NIFRA,Kohinoor Investment & Securities Pvt. Ltd.,Dipshikha Dhitopatra Karobar Co. Pvt Ltd.,64,272.0,17408.0,2025-09-03 14:54:00.982038
2025-09-03,5839,2025090305015274,NIFRA,Kohinoor Investment & Securities Pvt. Ltd.,Deevyaa Securities & Stock House Pvt. Ltd,866,272.0,235552.0,2025-09-03 14:54:09.679951
2025-09-03,5838,2025090305015275,NIFRA,Sewa Securities Pvt. Ltd.,Deevyaa Securities & Stock House Pvt. Ltd,100,272.0,27200.0,2025-09-03 14:54:09.680412
2025-09-03,5837,2025090305015276,NIFRA,Imperial Securities Company Pvt. Ltd.,Deevyaa Securities & Stock House Pvt. Ltd,72,272.0,19584.0,2025-09-03 14:54:09.680656
2025-09-03,5836,2025090305015277,NIFRA,Malla & Malla Stock Broking Company Pvt. Limited,Deevyaa Securities & Stock House Pvt. Ltd,100,272.0,27200.0,2025-09-03 14:54:09.680896
2025-09-03,5835,2025090305015278,NIFRA,Capital Max Securities Ltd,Deevyaa Securities & Stock House Pvt. Ltd,200,272.0,54400.0,2025-09-03 14:54:09.681158
2025-09-03,5834,2025090305015279,NIFRA,Imperial Securities Company Pvt. Ltd.,Deevyaa Securities & Stock House Pvt. Ltd,676,272.0,183872.0,2025-09-03 14:54:09.681396
2025-09-03,5702,2025090305015311,NIFRA,Premier Securities Company Ltd.,Dipshikha Dhitopatra Karobar Co. Pvt Ltd.,54,272.1,14693.4,2025-09-03 14:54:18.178948
2025-09-03,5556,2025090305015360,NIFRA,Premier Securities Company Ltd.,Dipshikha Dhitopatra Karobar Co. Pvt Ltd.,10,272.1,2721.0,2025-09-03 14:54:29.313524
2025-09-03,5258,2025090305015420,NIFRA,Premier Securities Company Ltd.,Sani Securities Company Ltd.,100,272.1,27210.0,2025-09-03 14:54:50.805842
2025-09-03,4890,2025090305015497,NIFRA,Premier Securities Company Ltd.,Dipshikha Dhitopatra Karobar Co. Pvt Ltd.,36,272.1,9795.6,2025-09-03 14:55:19.921895
2025-09-03,4889,2025090305015498,NIFRA,Imperial Securities Company Pvt. Ltd.,Dipshikha Dhitopatra Karobar Co. Pvt Ltd.,18,272.0,4896.0,2025-09-03 14:55:19.922382
2025-09-03,4245,2025090305015694,NIFRA,Naasa Securities Co. Ltd.,Kohinoor Investment & Securities Pvt. Ltd.,3,266.9,800.7,2025-09-03 14:56:13.695653
2025-09-03,4049,2025090305015767,NIFRA,Sri Hari Securities Pvt. Ltd.,Dipshikha Dhitopatra Karobar Co. Pvt Ltd.,64,272.1,17414.4,2025-09-03 14:56:28.874564
2025-09-03,3768,2025090305015828,NIFRA,Sri Hari Securities Pvt. Ltd.,Bhrikuti Stock Broking Co. Pvt. Ltd.,64,272.1,17414.4,2025-09-03 14:56:47.100774
2025-09-03,3756,2025090305015836,NIFRA,Sani Securities Company Ltd.,Aryatara Investment & Securities,10,272.2,2722.0,2025-09-03 14:56:48.351876
2025-09-03,3467,2025090305015923,NIFRA,Sri Hari Securities Pvt. Ltd.,Imperial Securities Company Pvt. Ltd.,10,272.1,2721.0,2025-09-03 14:57:08.620504
2025-09-03,3465,2025090305015924,NIFRA,Neev Securities Pvt. Ltd.,Aryatara Investment & Securities,40,272.2,10888.0,2025-09-03 14:57:08.642914
2025-09-03,3333,2025090305015993,NIFRA,Neev Securities Pvt. Ltd.,Online Securities Pvt. Ltd.,10,272.2,2722.0,2025-09-03 14:57:15.637593
2025-09-03,3332,2025090305015994,NIFRA,Sri Hari Securities Pvt. Ltd.,Online Securities Pvt. Ltd.,44,272.1,11972.4,2025-09-03 14:57:15.638717
2025-09-03,3260,2025090305016013,NIFRA,Sri Hari Securities Pvt. Ltd.,Oxford Securities Pvt. Ltd.,200,272.1,54420.0,2025-09-03 14:57:22.309264
2025-09-03,2933,2025090305016141,NIFRA,Sri Hari Securities Pvt. Ltd.,Dipshikha Dhitopatra Karobar Co. Pvt Ltd.,64,272.1,17414.4,2025-09-03 14:57:39.895322
2025-09-03,2708,2025090305016212,NIFRA,Agrawal Securities (PVT) Ltd.,J.F. Securites (PVT) Ltd.,14,273.0,3822.0,2025-09-03 14:57:54.074581
2025-09-03,2707,2025090305016213,NIFRA,Agrawal Securities (PVT) Ltd.,ABC Securities Private Limited,20,273.0,5460.0,2025-09-03 14:57:54.075047
2025-09-03,2706,2025090305016214,NIFRA,Agrawal Securities (PVT) Ltd.,Sundhara Securities Limited,54,273.0,14742.0,2025-09-03 14:57:54.075303
2025-09-03,2705,2025090305016215,NIFRA,Agrawal Securities (PVT) Ltd.,Nabil Stock Dealer Ltd.,54,273.5,14769.0,2025-09-03 14:57:54.075546
2025-09-03,2704,2025090305016216,NIFRA,Agrawal Securities (PVT) Ltd.,Naasa Securities Co. Ltd.,300,273.5,82050.0,2025-09-03 14:57:54.075804
2025-09-03,2703,2025090305016217,NIFRA,Agrawal Securities (PVT) Ltd.,Bhrikuti Stock Broking Co. Pvt. Ltd.,40,273.5,10940.0,2025-09-03 14:57:54.076062
2025-09-03,2702,2025090305016218,NIFRA,Agrawal Securities (PVT) Ltd.,Naasa Securities Co. Ltd.,104,273.5,28444.0,2025-09-03 14:57:54.076372
2025-09-03,2701,2025090305016219,NIFRA,Agrawal Securities (PVT) Ltd.,J.F. Securites (PVT) Ltd.,44,273.6,12038.4,2025-09-03 14:57:54.076708
2025-09-03,2700,2025090305016220,NIFRA,Agrawal Securities (PVT) Ltd.,Arun Securities (PVT) Ltd.,54,273.7,14779.8,2025-09-03 14:57:54.076957
2025-09-03,2699,2025090305016221,NIFRA,Agrawal Securities (PVT) Ltd.,Vision Securities Pvt. Ltd,54,273.8,14785.2,2025-09-03 14:57:54.077238
2025-09-03,2698,2025090305016222,NIFRA,Agrawal Securities (PVT) Ltd.,Siprabi Securities Pvt. Ltd.,10,273.8,2738.0,2025-09-03 14:57:54.077553
2025-09-03,2697,2025090305016223,NIFRA,Agrawal Securities (PVT) Ltd.,Garima Securities Limited,537,273.8,147030.6,2025-09-03 14:57:54.077878
2025-09-03,2666,2025090305016238,NIFRA,Agrawal Securities (PVT) Ltd.,Dakshinkali Investment & Securities Pvt. Ltd.,10,273.0,2730.0,2025-09-03 14:57:56.977629
2025-09-03,1924,2025090305016464,NIFRA,Cristal Kanchanjanga Securites Pvt. Ltd.,Dakshinkali Investment & Securities Pvt. Ltd.,200,272.7,54540.0,2025-09-03 14:58:46.090848
2025-09-03,1907,2025090305016469,NIFRA,Sri Hari Securities Pvt. Ltd.,Dipshikha Dhitopatra Karobar Co. Pvt Ltd.,54,272.1,14693.4,2025-09-03 14:58:48.057532
2025-09-03,1881,2025090305016470,NIFRA,Sri Hari Securities Pvt. Ltd.,J.F. Securites (PVT) Ltd.,102,272.1,27754.2,2025-09-03 14:58:48.974199
2025-09-03,1841,2025090305016492,NIFRA,Sri Hari Securities Pvt. Ltd.,Capital Max Securities Ltd,10,272.1,2721.0,2025-09-03 14:58:51.037898
2025-09-03,1358,2025090305016632,NIFRA,Sani Securities Company Ltd.,Dakshinkali Investment & Securities Pvt. Ltd.,40,272.7,10908.0,2025-09-03 14:59:14.553420
2025-09-03,1326,2025090305016650,NIFRA,Sri Hari Securities Pvt. Ltd.,Bhrikuti Stock Broking Co. Pvt. Ltd.,54,272.1,14693.4,2025-09-03 14:59:16.473220
2025-09-03,1321,2025090305016652,NIFRA,Sani Securities Company Ltd.,Dakshinkali Investment & Securities Pvt. Ltd.,20,272.7,5454.0,2025-09-03 14:59:16.604608
2025-09-03,1275,2025090305016658,NIFRA,Midas Stock Broking Company Private Limited,Kumari Securities Private Limited,86,272.5,23435.0,2025-09-03 14:59:18.432231
2025-09-03,1274,2025090305016659,NIFRA,Sri Hari Securities Pvt. Ltd.,Kumari Securities Private Limited,334,272.1,90881.4,2025-09-03 14:59:18.432712
2025-09-03,1273,2025090305016660,NIFRA,J.F. Securites (PVT) Ltd.,Kumari Securities Private Limited,100,272.1,27210.0,2025-09-03 14:59:18.433062
2025-09-03,1272,2025090305016661,NIFRA,Premier Securities Company Ltd.,Kumari Securities Private Limited,200,272.1,54420.0,2025-09-03 14:59:18.433365
2025-09-03,1271,2025090305016662,NIFRA,Imperial Securities Company Pvt. Ltd.,Kumari Securities Private Limited,61,272.0,16592.0,2025-09-03 14:59:18.433653
2025-09-03,1270,2025090305016663,NIFRA,Kalika Securities Pvt. Ltd.,Kumari Securities Private Limited,19,272.0,5168.0,2025-09-03 14:59:18.433954
2025-09-03,801,2025090305016840,NIFRA,Online Securities Pvt. Ltd.,Naasa Securities Co. Ltd.,200,272.1,54420.0,2025-09-03 14:59:33.784988
2025-09-03,800,2025090305016841,NIFRA,Kalika Securities Pvt. Ltd.,Naasa Securities Co. Ltd.,31,272.0,8432.0,2025-09-03 14:59:33.785034
2025-09-03,799,2025090305016842,NIFRA,Aryatara Investment & Securities,Naasa Securities Co. Ltd.,250,272.0,68000.0,2025-09-03 14:59:33.785062
2025-09-03,798,2025090305016843,NIFRA,Imperial Securities Company Pvt. Ltd.,Naasa Securities Co. Ltd.,50,272.0,13600.0,2025-09-03 14:59:33.785101
2025-09-03,797,2025090305016844,NIFRA,Trishakti Securities Public Limited,Naasa Securities Co. Ltd.,50,272.0,13600.0,2025-09-03 14:59:33.785126
2025-09-03,796,2025090305016845,NIFRA,Trishakti Securities Public Limited,Naasa Securities Co. Ltd.,50,272.0,13600.0,2025-09-03 14:59:33.785150
2025-09-03,795,2025090305016846,NIFRA,Arun Securities (PVT) Ltd.,Naasa Securities Co. Ltd.,200,272.0,54400.0,2025-09-03 14:59:33.785174
2025-09-03,794,2025090305016847,NIFRA,Himalayan Brokerage Company Limited,Naasa Securities Co. Ltd.,200,272.0,54400.0,2025-09-03 14:59:33.785202
2025-09-03,793,2025090305016848,NIFRA,Imperial Securities Company Pvt. Ltd.,Naasa Securities Co. Ltd.,620,272.0,168640.0,2025-09-03 14:59:33.785229
2025-09-03,792,2025090305016849,NIFRA,Kohinoor Investment & Securities Pvt. Ltd.,Naasa Securities Co. Ltd.,300,272.0,81600.0,2025-09-03 14:59:33.785257
2025-09-03,791,2025090305016850,NIFRA,Dipshikha Dhitopatra Karobar Co. Pvt Ltd.,Naasa Securities Co. Ltd.,35,272.0,9520.0,2025-09-03 14:59:33.785281
2025-09-03,790,2025090305016851,NIFRA,Sani Securities Company Ltd.,Naasa Securities Co. Ltd.,100,272.0,27200.0,2025-09-03 14:59:33.785305
2025-09-03,789,2025090305016852,NIFRA,Opal Securities Investment (PVT) Ltd.,Naasa Securities Co. Ltd.,23,272.0,6256.0,2025-09-03 14:59:33.785337
2025-09-03,788,2025090305016853,NIFRA,Sweta Securities Private Limited,Naasa Securities Co. Ltd.,75,272.0,20400.0,2025-09-03 14:59:33.785360
2025-09-03,787,2025090305016854,NIFRA,Vision Securities Pvt. Ltd,Naasa Securities Co. Ltd.,1500,271.8,407700.0,2025-09-03 14:59:33.785386
2025-09-03,786,2025090305016855,NIFRA,Nepal Stock House (PVT) Ltd.,Naasa Securities Co. Ltd.,200,271.7,54340.0,2025-09-03 14:59:33.785414
2025-09-03,785,2025090305016856,NIFRA,Market Securities & Exchange (PVT) Ltd.,Naasa Securities Co. Ltd.,100,271.7,27170.0,2025-09-03 14:59:33.785442
2025-09-03,784,2025090305016857,NIFRA,Naasa Securities Co. Ltd.,Naasa Securities Co. Ltd.,10,271.7,2717.0,2025-09-03 14:59:33.785465
2025-09-03,783,2025090305016858,NIFRA,Kumari Securities Private Limited,Naasa Securities Co. Ltd.,500,271.7,135850.0,2025-09-03 14:59:33.785493
2025-09-03,782,2025090305016859,NIFRA,Shree Krishna Securities Ltd.,Naasa Securities Co. Ltd.,506,271.7,137480.2,2025-09-03 14:59:33.785518
2025-09-03,355,2025090305016992,NIFRA,Dipshikha Dhitopatra Karobar Co. Pvt Ltd.,Dipshikha Dhitopatra Karobar Co. Pvt Ltd.,34,272.0,9248.0,2025-09-03 14:59:48.295101
2025-09-03,354,2025090305016993,NIFRA,Dipshikha Dhitopatra Karobar Co. Pvt Ltd.,Dakshinkali Investment & Securities Pvt. Ltd.,530,272.7,144531.0,2025-09-03 14:59:48.295526
