Date,S.N.,contract_id,symbol,buyer_broker,seller_broker,volume,price,amount,transaction_time
2025-09-03,66141,2025090304000307,SSHL,Opal Securities Investment (PVT) Ltd.,Aryatara Investment & Securities,130,186.0,24180.0,2025-09-03 11:11:04.958741
2025-09-03,64455,2025090304000507,SSHL,Asian Securities Private Ltd.,Aryatara Investment & Securities,370,186.0,68820.0,2025-09-03 11:17:16.847498
2025-09-03,64454,2025090304000508,SSHL,Asian Securities Private Ltd.,Linch Stock Market Ltd.,130,186.0,24180.0,2025-09-03 11:17:16.847686
2025-09-03,63784,2025090304000631,SSHL,Dakshinkali Investment & Securities Pvt. Ltd.,Linch Stock Market Ltd.,70,186.0,13020.0,2025-09-03 11:19:39.938855
2025-09-03,63783,2025090304000632,SSHL,Dakshinkali Investment & Securities Pvt. Ltd.,Sani Securities Company Ltd.,100,186.0,18600.0,2025-09-03 11:19:39.938939
2025-09-03,63782,2025090304000633,SSHL,Dakshinkali Investment & Securities Pvt. Ltd.,Arun Securities (PVT) Ltd.,30,186.0,5580.0,2025-09-03 11:19:39.938974
2025-09-03,61340,2025090304001117,SSHL,Vision Securities Pvt. Ltd,Aryatara Investment & Securities,60,185.0,11100.0,2025-09-03 11:28:30.302144
2025-09-03,56768,2025090304002143,SSHL,Vision Securities Pvt. Ltd,South Asian Bulls Pvt. Ltd.,50,185.0,9250.0,2025-09-03 11:45:58.837468
2025-09-03,56767,2025090304002144,SSHL,Imperial Securities Company Pvt. Ltd.,South Asian Bulls Pvt. Ltd.,300,185.0,55500.0,2025-09-03 11:45:58.837582
2025-09-03,56766,2025090304002145,SSHL,Midas Stock Broking Company Private Limited,South Asian Bulls Pvt. Ltd.,100,185.0,18500.0,2025-09-03 11:45:58.837677
2025-09-03,56765,2025090304002146,SSHL,Linch Stock Market Ltd.,South Asian Bulls Pvt. Ltd.,25,185.0,4625.0,2025-09-03 11:45:58.837727
2025-09-03,56764,2025090304002147,SSHL,Kohinoor Investment & Securities Pvt. Ltd.,South Asian Bulls Pvt. Ltd.,10,185.0,1850.0,2025-09-03 11:45:58.837778
2025-09-03,56763,2025090304002148,SSHL,Online Securities Pvt. Ltd.,South Asian Bulls Pvt. Ltd.,15,185.0,2775.0,2025-09-03 11:45:58.837824
2025-09-03,56738,2025090304002152,SSHL,Thrive Brokerage House Pvt. Ltd,Kalika Securities Pvt. Ltd.,20,185.0,3700.0,2025-09-03 11:46:04.879874
2025-09-03,56737,2025090304002153,SSHL,Siprabi Securities Pvt. Ltd.,Kalika Securities Pvt. Ltd.,44,185.0,8140.0,2025-09-03 11:46:04.880017
2025-09-03,56736,2025090304002154,SSHL,Vision Securities Pvt. Ltd,Kalika Securities Pvt. Ltd.,132,185.0,24420.0,2025-09-03 11:46:04.880067
2025-09-03,55825,2025090304002345,SSHL,Vision Securities Pvt. Ltd,Trishakti Securities Public Limited,38,185.0,7030.0,2025-09-03 11:49:45.716636
2025-09-03,55759,2025090304002370,SSHL,Naasa Securities Co. Ltd.,Trishakti Securities Public Limited,10,185.0,1850.0,2025-09-03 11:50:01.646222
2025-09-03,54584,2025090304002651,SSHL,Aryatara Investment & Securities,Trishakti Securities Public Limited,40,185.0,7400.0,2025-09-03 11:54:39.212431
2025-09-03,53589,2025090304002820,SSHL,Primo Securities (PVT) Ltd.,Sri Hari Securities Pvt. Ltd.,10,184.2,1842.0,2025-09-03 11:58:25.858471
2025-09-03,53280,2025090304002880,SSHL,Neev Securities Pvt. Ltd.,Kohinoor Investment & Securities Pvt. Ltd.,20,184.9,3698.0,2025-09-03 11:59:42.953029
2025-09-03,52890,2025090304002962,SSHL,Siprabi Securities Pvt. Ltd.,Kohinoor Investment & Securities Pvt. Ltd.,50,184.9,9245.0,2025-09-03 12:01:15.239083
2025-09-03,52576,2025090304003005,SSHL,Sundhara Securities Limited,Kohinoor Investment & Securities Pvt. Ltd.,50,184.9,9245.0,2025-09-03 12:02:50.695891
2025-09-03,51563,2025090304003172,SSHL,Naasa Securities Co. Ltd.,Kohinoor Investment & Securities Pvt. Ltd.,30,184.9,5547.0,2025-09-03 12:06:46.509025
2025-09-03,51562,2025090304003173,SSHL,Naasa Securities Co. Ltd.,Imperial Securities Company Pvt. Ltd.,10,184.9,1849.0,2025-09-03 12:06:46.509156
2025-09-03,51337,2025090304003207,SSHL,Vision Securities Pvt. Ltd,Sumeru Securities Pvt. Ltd.,50,184.5,9225.0,2025-09-03 12:07:53.802731
2025-09-03,50493,2025090304003350,SSHL,Nepal Stock House (PVT) Ltd.,Sumeru Securities Pvt. Ltd.,10,184.1,1841.0,2025-09-03 12:11:35.383934
2025-09-03,50492,2025090304003351,SSHL,Sweta Securities Private Limited,Sumeru Securities Pvt. Ltd.,50,184.1,9205.0,2025-09-03 12:11:35.384104
2025-09-03,49793,2025090304003552,SSHL,Asian Securities Private Ltd.,Kumari Securities Private Limited,20,184.0,3680.0,2025-09-03 12:14:27.444407
2025-09-03,48596,2025090304003805,SSHL,Online Securities Pvt. Ltd.,Imperial Securities Company Pvt. Ltd.,10,184.9,1849.0,2025-09-03 12:19:01.355551
2025-09-03,47934,2025090304004035,SSHL,Dipshikha Dhitopatra Karobar Co. Pvt Ltd.,Kumari Securities Private Limited,50,184.1,9205.0,2025-09-03 12:21:23.431356
2025-09-03,47933,2025090304004036,SSHL,Asian Securities Private Ltd.,Kumari Securities Private Limited,450,184.0,82800.0,2025-09-03 12:21:23.431557
2025-09-03,47395,2025090304004154,SSHL,Kumari Securities Private Limited,Imperial Securities Company Pvt. Ltd.,20,184.9,3698.0,2025-09-03 12:23:46.849263
2025-09-03,47081,2025090304004241,SSHL,Asian Securities Private Ltd.,Thrive Brokerage House Pvt. Ltd,30,184.0,5520.0,2025-09-03 12:24:53.747776
2025-09-03,47080,2025090304004242,SSHL,Oxford Securities Pvt. Ltd.,Thrive Brokerage House Pvt. Ltd,10,184.0,1840.0,2025-09-03 12:24:53.747910
2025-09-03,47079,2025090304004243,SSHL,Capital Max Securities Ltd,Thrive Brokerage House Pvt. Ltd,10,184.0,1840.0,2025-09-03 12:24:53.747969
2025-09-03,47078,2025090304004244,SSHL,Malla & Malla Stock Broking Company Pvt. Limited,Thrive Brokerage House Pvt. Ltd,40,184.0,7360.0,2025-09-03 12:24:53.748025
2025-09-03,46598,2025090304004334,SSHL,Nepal Investment And Securities Trading Private Limited,Imperial Securities Company Pvt. Ltd.,30,184.9,5547.0,2025-09-03 12:27:04.044982
2025-09-03,45456,2025090304004540,SSHL,Malla & Malla Stock Broking Company Pvt. Limited,Naasa Securities Co. Ltd.,30,184.0,5520.0,2025-09-03 12:32:39.635014
2025-09-03,44017,2025090304004823,SSHL,Online Securities Pvt. Ltd.,Primo Securities (PVT) Ltd.,300,184.1,55230.0,2025-09-03 12:39:35.379200
2025-09-03,43703,2025090304004869,SSHL,Sundhara Securities Limited,Imperial Securities Company Pvt. Ltd.,25,184.9,4622.5,2025-09-03 12:41:05.248879
2025-09-03,43360,2025090304004940,SSHL,Nepal Stock House (PVT) Ltd.,Imperial Securities Company Pvt. Ltd.,10,184.9,1849.0,2025-09-03 12:42:58.340585
2025-09-03,42504,2025090304005164,SSHL,Dynamic Money Managers Securities Pvt. Ltd.,Imperial Securities Company Pvt. Ltd.,100,184.9,18490.0,2025-09-03 12:46:40.866356
2025-09-03,42155,2025090304005248,SSHL,Sani Securities Company Ltd.,Imperial Securities Company Pvt. Ltd.,80,184.9,14792.0,2025-09-03 12:47:56.857619
2025-09-03,41843,2025090304005321,SSHL,Sundhara Securities Limited,Imperial Securities Company Pvt. Ltd.,100,184.9,18490.0,2025-09-03 12:49:01.942581
2025-09-03,41719,2025090304005347,SSHL,Nepal Stock House (PVT) Ltd.,Imperial Securities Company Pvt. Ltd.,19,184.9,3513.1,2025-09-03 12:49:33.926919
2025-09-03,41661,2025090304005362,SSHL,Dynamic Money Managers Securities Pvt. Ltd.,Sumeru Securities Pvt. Ltd.,10,184.2,1842.0,2025-09-03 12:49:47.193216
2025-09-03,41488,2025090304005405,SSHL,Online Securities Pvt. Ltd.,Sumeru Securities Pvt. Ltd.,100,184.1,18410.0,2025-09-03 12:50:28.304759
2025-09-03,40541,2025090304005626,SSHL,Online Securities Pvt. Ltd.,Aryatara Investment & Securities,50,184.1,9205.0,2025-09-03 12:54:38.955058
2025-09-03,40533,2025090304005628,SSHL,Online Securities Pvt. Ltd.,Sumeru Securities Pvt. Ltd.,50,184.1,9205.0,2025-09-03 12:54:43.545990
2025-09-03,39801,2025090304005755,SSHL,Linch Stock Market Ltd.,Sewa Securities Pvt. Ltd.,20,184.5,3690.0,2025-09-03 12:57:56.122780
2025-09-03,38028,2025090304006086,SSHL,Trishakti Securities Public Limited,Sewa Securities Pvt. Ltd.,25,184.5,4612.5,2025-09-03 13:06:06.632972
2025-09-03,37497,2025090304006211,SSHL,Trishakti Securities Public Limited,Vision Securities Pvt. Ltd,175,184.5,32287.5,2025-09-03 13:08:27.983707
2025-09-03,37496,2025090304006212,SSHL,Sani Securities Company Ltd.,Vision Securities Pvt. Ltd,10,184.1,1841.0,2025-09-03 13:08:27.983950
2025-09-03,37495,2025090304006213,SSHL,Malla & Malla Stock Broking Company Pvt. Limited,Vision Securities Pvt. Ltd,30,184.0,5520.0,2025-09-03 13:08:27.984044
2025-09-03,37494,2025090304006214,SSHL,Premier Securities Company Ltd.,Vision Securities Pvt. Ltd,30,184.0,5520.0,2025-09-03 13:08:27.984112
2025-09-03,37493,2025090304006215,SSHL,Deevyaa Securities & Stock House Pvt. Ltd,Vision Securities Pvt. Ltd,100,184.0,18400.0,2025-09-03 13:08:27.984177
2025-09-03,37492,2025090304006216,SSHL,Naasa Securities Co. Ltd.,Vision Securities Pvt. Ltd,10,184.0,1840.0,2025-09-03 13:08:27.984243
2025-09-03,37491,2025090304006217,SSHL,Opal Securities Investment (PVT) Ltd.,Vision Securities Pvt. Ltd,150,184.0,27600.0,2025-09-03 13:08:27.984329
2025-09-03,37490,2025090304006218,SSHL,Asian Securities Private Ltd.,Vision Securities Pvt. Ltd,100,184.0,18400.0,2025-09-03 13:08:27.984397
2025-09-03,37489,2025090304006219,SSHL,Aryatara Investment & Securities,Vision Securities Pvt. Ltd,250,184.0,46000.0,2025-09-03 13:08:27.984467
2025-09-03,37488,2025090304006220,SSHL,Asian Securities Private Ltd.,Vision Securities Pvt. Ltd,10,184.0,1840.0,2025-09-03 13:08:27.984532
2025-09-03,36917,2025090304006353,SSHL,Sweta Securities Private Limited,Naasa Securities Co. Ltd.,21,183.7,3857.7,2025-09-03 13:10:41.353282
2025-09-03,36876,2025090304006367,SSHL,Sweta Securities Private Limited,Linch Stock Market Ltd.,79,183.7,14512.3,2025-09-03 13:10:47.710100
2025-09-03,36833,2025090304006383,SSHL,Midas Stock Broking Company Private Limited,Linch Stock Market Ltd.,26,183.7,4776.2,2025-09-03 13:10:54.837677
2025-09-03,36486,2025090304006421,SSHL,Vision Securities Pvt. Ltd,Linch Stock Market Ltd.,100,183.7,18370.0,2025-09-03 13:12:18.969461
2025-09-03,36172,2025090304006474,SSHL,Secured Securities Ltd.,Linch Stock Market Ltd.,140,183.7,25718.0,2025-09-03 13:13:21.991610
2025-09-03,35998,2025090304006509,SSHL,Shree Krishna Securities Ltd.,Ashutosh Brokerage & Securities (PVT) Ltd.,20,183.6,3672.0,2025-09-03 13:14:03.692839
2025-09-03,35910,2025090304006534,SSHL,Nepal Stock House (PVT) Ltd.,Linch Stock Market Ltd.,10,183.7,1837.0,2025-09-03 13:14:20.069173
2025-09-03,35577,2025090304006629,SSHL,Shree Krishna Securities Ltd.,Dipshikha Dhitopatra Karobar Co. Pvt Ltd.,120,183.6,22032.0,2025-09-03 13:15:43.705089
2025-09-03,35515,2025090304006637,SSHL,Online Securities Pvt. Ltd.,Linch Stock Market Ltd.,120,183.7,22044.0,2025-09-03 13:16:00.233236
2025-09-03,34959,2025090304006782,SSHL,Naasa Securities Co. Ltd.,South Asian Bulls Pvt. Ltd.,200,183.8,36760.0,2025-09-03 13:17:49.081076
2025-09-03,34958,2025090304006783,SSHL,Online Securities Pvt. Ltd.,South Asian Bulls Pvt. Ltd.,300,183.7,55110.0,2025-09-03 13:17:49.081295
2025-09-03,34037,2025090304007060,SSHL,Online Securities Pvt. Ltd.,Linch Stock Market Ltd.,50,183.7,9185.0,2025-09-03 13:20:48.173232
2025-09-03,33556,2025090304007189,SSHL,Online Securities Pvt. Ltd.,Secured Securities Ltd.,30,183.7,5511.0,2025-09-03 13:22:27.112772
2025-09-03,33555,2025090304007190,SSHL,Kohinoor Investment & Securities Pvt. Ltd.,Secured Securities Ltd.,273,183.7,50150.1,2025-09-03 13:22:27.113101
2025-09-03,33554,2025090304007191,SSHL,Shree Krishna Securities Ltd.,Secured Securities Ltd.,554,183.6,101714.4,2025-09-03 13:22:27.113345
2025-09-03,32890,2025090304007408,SSHL,Shree Krishna Securities Ltd.,Shree Krishna Securities Ltd.,306,183.6,56181.6,2025-09-03 13:24:49.387226
2025-09-03,32638,2025090304007483,SSHL,Online Securities Pvt. Ltd.,Shree Krishna Securities Ltd.,300,183.6,55080.0,2025-09-03 13:25:46.755852
2025-09-03,31849,2025090304007681,SSHL,Sani Securities Company Ltd.,Shree Krishna Securities Ltd.,50,183.6,9180.0,2025-09-03 13:29:15.875800
2025-09-03,30821,2025090304007939,SSHL,Sundhara Securities Limited,Shree Krishna Securities Ltd.,60,183.6,11016.0,2025-09-03 13:33:26.272385
2025-09-03,30287,2025090304008116,SSHL,Naasa Securities Co. Ltd.,Shree Krishna Securities Ltd.,15,183.6,2754.0,2025-09-03 13:35:12.393218
2025-09-03,30163,2025090304008143,SSHL,Dipshikha Dhitopatra Karobar Co. Pvt Ltd.,Dipshikha Dhitopatra Karobar Co. Pvt Ltd.,200,183.5,36700.0,2025-09-03 13:35:48.781602
2025-09-03,30106,2025090304008151,SSHL,Sumeru Securities Pvt. Ltd.,Dipshikha Dhitopatra Karobar Co. Pvt Ltd.,1000,183.5,183500.0,2025-09-03 13:35:58.287252
2025-09-03,29911,2025090304008207,SSHL,Siprabi Securities Pvt. Ltd.,Dipshikha Dhitopatra Karobar Co. Pvt Ltd.,10,183.5,1835.0,2025-09-03 13:36:42.137526
2025-09-03,29632,2025090304008267,SSHL,Sweta Securities Private Limited,Dipshikha Dhitopatra Karobar Co. Pvt Ltd.,100,183.4,18340.0,2025-09-03 13:37:56.457984
2025-09-03,29631,2025090304008268,SSHL,Sweta Securities Private Limited,Dipshikha Dhitopatra Karobar Co. Pvt Ltd.,100,183.3,18330.0,2025-09-03 13:37:56.458360
2025-09-03,29543,2025090304008285,SSHL,Online Securities Pvt. Ltd.,Primo Securities (PVT) Ltd.,20,183.2,3664.0,2025-09-03 13:38:19.925376
2025-09-03,29162,2025090304008424,SSHL,Sumeru Securities Pvt. Ltd.,Dipshikha Dhitopatra Karobar Co. Pvt Ltd.,91,183.3,16680.3,2025-09-03 13:39:47.322800
2025-09-03,29161,2025090304008425,SSHL,Sumeru Securities Pvt. Ltd.,Imperial Securities Company Pvt. Ltd.,50,183.3,9165.0,2025-09-03 13:39:47.323025
2025-09-03,29160,2025090304008426,SSHL,Sumeru Securities Pvt. Ltd.,Shree Krishna Securities Ltd.,74,183.6,13586.4,2025-09-03 13:39:47.323104
2025-09-03,28838,2025090304008495,SSHL,Vision Securities Pvt. Ltd,Sani Securities Company Ltd.,100,183.2,18320.0,2025-09-03 13:41:10.632780
2025-09-03,28837,2025090304008496,SSHL,ABC Securities Private Limited,Sani Securities Company Ltd.,10,183.1,1831.0,2025-09-03 13:41:10.632961
2025-09-03,28836,2025090304008497,SSHL,Sumeru Securities Pvt. Ltd.,Sani Securities Company Ltd.,100,183.1,18310.0,2025-09-03 13:41:10.633034
2025-09-03,28835,2025090304008498,SSHL,Sweta Securities Private Limited,Sani Securities Company Ltd.,50,183.1,9155.0,2025-09-03 13:41:10.633106
2025-09-03,28834,2025090304008499,SSHL,Premier Securities Company Ltd.,Sani Securities Company Ltd.,310,183.0,56730.0,2025-09-03 13:41:10.633176
2025-09-03,28723,2025090304008532,SSHL,Premier Securities Company Ltd.,Dipshikha Dhitopatra Karobar Co. Pvt Ltd.,490,183.0,89670.0,2025-09-03 13:41:37.885554
2025-09-03,28722,2025090304008533,SSHL,Sweta Securities Private Limited,Dipshikha Dhitopatra Karobar Co. Pvt Ltd.,200,183.0,36600.0,2025-09-03 13:41:37.885688
2025-09-03,28721,2025090304008534,SSHL,Dipshikha Dhitopatra Karobar Co. Pvt Ltd.,Dipshikha Dhitopatra Karobar Co. Pvt Ltd.,50,183.0,9150.0,2025-09-03 13:41:37.885747
2025-09-03,28720,2025090304008535,SSHL,Naasa Securities Co. Ltd.,Dipshikha Dhitopatra Karobar Co. Pvt Ltd.,10,183.0,1830.0,2025-09-03 13:41:37.885814
2025-09-03,28719,2025090304008536,SSHL,Vision Securities Pvt. Ltd,Dipshikha Dhitopatra Karobar Co. Pvt Ltd.,10,183.0,1830.0,2025-09-03 13:41:37.885877
2025-09-03,28718,2025090304008537,SSHL,Malla & Malla Stock Broking Company Pvt. Limited,Dipshikha Dhitopatra Karobar Co. Pvt Ltd.,100,183.0,18300.0,2025-09-03 13:41:37.885940
2025-09-03,28717,2025090304008538,SSHL,Aryatara Investment & Securities,Dipshikha Dhitopatra Karobar Co. Pvt Ltd.,100,183.0,18300.0,2025-09-03 13:41:37.886009
2025-09-03,28716,2025090304008539,SSHL,Naasa Securities Co. Ltd.,Dipshikha Dhitopatra Karobar Co. Pvt Ltd.,40,183.0,7320.0,2025-09-03 13:41:37.886077
2025-09-03,27456,2025090304008823,SSHL,Deevyaa Securities & Stock House Pvt. Ltd,Imperial Securities Company Pvt. Ltd.,205,183.1,37535.5,2025-09-03 13:46:48.287484
2025-09-03,26620,2025090304009047,SSHL,Deevyaa Securities & Stock House Pvt. Ltd,Asian Securities Private Ltd.,295,183.1,54014.5,2025-09-03 13:50:13.451773
2025-09-03,26619,2025090304009048,SSHL,Deevyaa Securities & Stock House Pvt. Ltd,Asian Securities Private Ltd.,1000,183.1,183100.0,2025-09-03 13:50:13.451846
2025-09-03,26618,2025090304009049,SSHL,Deevyaa Securities & Stock House Pvt. Ltd,Asian Securities Private Ltd.,1000,183.1,183100.0,2025-09-03 13:50:13.451873
2025-09-03,26617,2025090304009050,SSHL,Primo Securities (PVT) Ltd.,Asian Securities Private Ltd.,19,183.1,3478.9,2025-09-03 13:50:13.451898
2025-09-03,26616,2025090304009051,SSHL,Naasa Securities Co. Ltd.,Asian Securities Private Ltd.,60,183.0,10980.0,2025-09-03 13:50:13.451924
2025-09-03,26615,2025090304009052,SSHL,Linch Stock Market Ltd.,Asian Securities Private Ltd.,20,183.0,3660.0,2025-09-03 13:50:13.451952
2025-09-03,26614,2025090304009053,SSHL,Agrawal Securities (PVT) Ltd.,Asian Securities Private Ltd.,500,183.0,91500.0,2025-09-03 13:50:13.451979
2025-09-03,26613,2025090304009054,SSHL,Naasa Securities Co. Ltd.,Asian Securities Private Ltd.,12,183.0,2196.0,2025-09-03 13:50:13.452005
2025-09-03,26612,2025090304009055,SSHL,Sani Securities Company Ltd.,Asian Securities Private Ltd.,32,183.0,5856.0,2025-09-03 13:50:13.452031
2025-09-03,26611,2025090304009056,SSHL,Naasa Securities Co. Ltd.,Asian Securities Private Ltd.,20,183.0,3660.0,2025-09-03 13:50:13.452056
2025-09-03,26610,2025090304009057,SSHL,Asian Securities Private Ltd.,Asian Securities Private Ltd.,100,183.0,18300.0,2025-09-03 13:50:13.452114
2025-09-03,26609,2025090304009058,SSHL,Oxford Securities Pvt. Ltd.,Asian Securities Private Ltd.,100,183.0,18300.0,2025-09-03 13:50:13.452152
2025-09-03,26608,2025090304009059,SSHL,Ashutosh Brokerage & Securities (PVT) Ltd.,Asian Securities Private Ltd.,200,183.0,36600.0,2025-09-03 13:50:13.452177
2025-09-03,26607,2025090304009060,SSHL,Naasa Securities Co. Ltd.,Asian Securities Private Ltd.,10,183.0,1830.0,2025-09-03 13:50:13.452209
2025-09-03,26606,2025090304009061,SSHL,Sri Hari Securities Pvt. Ltd.,Asian Securities Private Ltd.,50,183.0,9150.0,2025-09-03 13:50:13.452235
2025-09-03,26605,2025090304009062,SSHL,Nepal Stock House (PVT) Ltd.,Asian Securities Private Ltd.,10,183.0,1830.0,2025-09-03 13:50:13.452263
2025-09-03,26604,2025090304009063,SSHL,Sani Securities Company Ltd.,Asian Securities Private Ltd.,72,183.0,13176.0,2025-09-03 13:50:13.452289
2025-09-03,25173,2025090304009409,SSHL,Oxford Securities Pvt. Ltd.,Investment Management Nepal Pvt. Ltd.,12,183.5,2202.0,2025-09-03 13:56:28.928636
2025-09-03,24773,2025090304009514,SSHL,Vision Securities Pvt. Ltd,Investment Management Nepal Pvt. Ltd.,100,183.5,18350.0,2025-09-03 13:58:24.856177
2025-09-03,24585,2025090304009549,SSHL,Naasa Securities Co. Ltd.,Investment Management Nepal Pvt. Ltd.,14,183.5,2569.0,2025-09-03 13:59:37.687045
2025-09-03,24480,2025090304009591,SSHL,Dipshikha Dhitopatra Karobar Co. Pvt Ltd.,Asian Securities Private Ltd.,400,183.2,73280.0,2025-09-03 14:00:07.517540
2025-09-03,24479,2025090304009592,SSHL,Deevyaa Securities & Stock House Pvt. Ltd,Asian Securities Private Ltd.,500,183.1,91550.0,2025-09-03 14:00:07.517779
2025-09-03,24478,2025090304009593,SSHL,Sani Securities Company Ltd.,Asian Securities Private Ltd.,128,183.0,23424.0,2025-09-03 14:00:07.517856
2025-09-03,24477,2025090304009594,SSHL,Sani Securities Company Ltd.,Asian Securities Private Ltd.,100,183.0,18300.0,2025-09-03 14:00:07.517934
2025-09-03,24476,2025090304009595,SSHL,Sundhara Securities Limited,Asian Securities Private Ltd.,65,183.0,11895.0,2025-09-03 14:00:07.518001
2025-09-03,24475,2025090304009596,SSHL,Kohinoor Investment & Securities Pvt. Ltd.,Asian Securities Private Ltd.,12,183.0,2196.0,2025-09-03 14:00:07.518064
2025-09-03,24474,2025090304009597,SSHL,Naasa Securities Co. Ltd.,Asian Securities Private Ltd.,10,183.0,1830.0,2025-09-03 14:00:07.518130
2025-09-03,24473,2025090304009598,SSHL,Sweta Securities Private Limited,Asian Securities Private Ltd.,50,183.0,9150.0,2025-09-03 14:00:07.518198
2025-09-03,24472,2025090304009599,SSHL,Premier Securities Company Ltd.,Asian Securities Private Ltd.,20,183.0,3660.0,2025-09-03 14:00:07.518260
2025-09-03,24471,2025090304009600,SSHL,Sri Hari Securities Pvt. Ltd.,Asian Securities Private Ltd.,500,183.0,91500.0,2025-09-03 14:00:07.518329
2025-09-03,24470,2025090304009601,SSHL,Naasa Securities Co. Ltd.,Asian Securities Private Ltd.,115,183.0,21045.0,2025-09-03 14:00:07.518389
2025-09-03,24298,2025090304009650,SSHL,Arun Securities (PVT) Ltd.,Investment Management Nepal Pvt. Ltd.,10,183.5,1835.0,2025-09-03 14:00:54.221652
2025-09-03,23753,2025090304009791,SSHL,Secured Securities Ltd.,Investment Management Nepal Pvt. Ltd.,80,183.5,14680.0,2025-09-03 14:03:21.687068
2025-09-03,23674,2025090304009804,SSHL,Naasa Securities Co. Ltd.,Sanima Securities Limited,85,183.0,15555.0,2025-09-03 14:03:38.668765
2025-09-03,23673,2025090304009805,SSHL,Midas Stock Broking Company Private Limited,Sanima Securities Limited,100,183.0,18300.0,2025-09-03 14:03:38.669088
2025-09-03,23672,2025090304009806,SSHL,Deevyaa Securities & Stock House Pvt. Ltd,Sanima Securities Limited,30,183.0,5490.0,2025-09-03 14:03:38.669274
2025-09-03,23671,2025090304009807,SSHL,Ashutosh Brokerage & Securities (PVT) Ltd.,Sanima Securities Limited,122,182.7,22289.4,2025-09-03 14:03:38.669517
2025-09-03,23670,2025090304009808,SSHL,Sewa Securities Pvt. Ltd.,Sanima Securities Limited,200,182.6,36520.0,2025-09-03 14:03:38.669698
2025-09-03,23669,2025090304009809,SSHL,Asian Securities Private Ltd.,Sanima Securities Limited,466,182.5,85045.0,2025-09-03 14:03:38.669883
2025-09-03,20391,2025090304010654,SSHL,Dipshikha Dhitopatra Karobar Co. Pvt Ltd.,Asian Securities Private Ltd.,10,182.7,1827.0,2025-09-03 14:17:10.195735
2025-09-03,20390,2025090304010655,SSHL,Online Securities Pvt. Ltd.,Asian Securities Private Ltd.,190,182.6,34694.0,2025-09-03 14:17:10.195934
2025-09-03,19976,2025090304010760,SSHL,Sani Securities Company Ltd.,Naasa Securities Co. Ltd.,20,183.0,3660.0,2025-09-03 14:18:51.600596
2025-09-03,18482,2025090304011145,SSHL,Online Securities Pvt. Ltd.,Sundhara Securities Limited,120,182.6,21912.0,2025-09-03 14:23:41.854976
2025-09-03,16824,2025090304011532,SSHL,Sumeru Securities Pvt. Ltd.,ABC Securities Private Limited,137,182.7,25029.9,2025-09-03 14:28:16.553034
2025-09-03,16823,2025090304011533,SSHL,Online Securities Pvt. Ltd.,ABC Securities Private Limited,113,182.6,20633.8,2025-09-03 14:28:16.553221
2025-09-03,16064,2025090304011737,SSHL,Sundhara Securities Limited,Naasa Securities Co. Ltd.,20,183.0,3660.0,2025-09-03 14:30:22.835035
2025-09-03,15188,2025090304011911,SSHL,Sani Securities Company Ltd.,Naasa Securities Co. Ltd.,100,183.0,18300.0,2025-09-03 14:33:02.741444
2025-09-03,14691,2025090304012027,SSHL,Naasa Securities Co. Ltd.,Dipshikha Dhitopatra Karobar Co. Pvt Ltd.,10,182.9,1829.0,2025-09-03 14:34:19.913382
2025-09-03,14496,2025090304012076,SSHL,Nabil Stock Dealer Ltd.,Dipshikha Dhitopatra Karobar Co. Pvt Ltd.,410,182.9,74989.0,2025-09-03 14:34:58.084175
2025-09-03,14450,2025090304012087,SSHL,Nabil Stock Dealer Ltd.,Nepal Stock House (PVT) Ltd.,90,182.9,16461.0,2025-09-03 14:35:09.245186
2025-09-03,14449,2025090304012088,SSHL,Sani Securities Company Ltd.,Nepal Stock House (PVT) Ltd.,200,182.7,36540.0,2025-09-03 14:35:09.245376
2025-09-03,14448,2025090304012089,SSHL,Deevyaa Securities & Stock House Pvt. Ltd,Nepal Stock House (PVT) Ltd.,420,182.6,76692.0,2025-09-03 14:35:09.245446
2025-09-03,14042,2025090304012216,SSHL,Online Securities Pvt. Ltd.,J.F. Securites (PVT) Ltd.,100,182.9,18290.0,2025-09-03 14:36:34.898387
2025-09-03,14041,2025090304012217,SSHL,Online Securities Pvt. Ltd.,Naasa Securities Co. Ltd.,260,183.0,47580.0,2025-09-03 14:36:34.898741
2025-09-03,14040,2025090304012218,SSHL,Online Securities Pvt. Ltd.,Midas Stock Broking Company Private Limited,750,183.0,137250.0,2025-09-03 14:36:34.898952
2025-09-03,14039,2025090304012219,SSHL,Online Securities Pvt. Ltd.,K.B.L. Securities Limited ,500,183.0,91500.0,2025-09-03 14:36:34.899157
2025-09-03,14038,2025090304012220,SSHL,Online Securities Pvt. Ltd.,Dakshinkali Investment & Securities Pvt. Ltd.,190,183.0,34770.0,2025-09-03 14:36:34.899374
2025-09-03,13911,2025090304012244,SSHL,Online Securities Pvt. Ltd.,Sweta Securities Private Limited,10,182.8,1828.0,2025-09-03 14:37:00.669259
2025-09-03,13440,2025090304012351,SSHL,Primo Securities (PVT) Ltd.,Dakshinkali Investment & Securities Pvt. Ltd.,100,183.0,18300.0,2025-09-03 14:38:35.072220
2025-09-03,12984,2025090304012496,SSHL,Online Securities Pvt. Ltd.,Nepal Stock House (PVT) Ltd.,77,182.9,14083.3,2025-09-03 14:39:46.514022
2025-09-03,12983,2025090304012497,SSHL,Midas Stock Broking Company Private Limited,Nepal Stock House (PVT) Ltd.,30,182.9,5487.0,2025-09-03 14:39:46.514240
2025-09-03,12982,2025090304012498,SSHL,Online Securities Pvt. Ltd.,Nepal Stock House (PVT) Ltd.,358,182.8,65442.4,2025-09-03 14:39:46.514334
2025-09-03,12684,2025090304012572,SSHL,Online Securities Pvt. Ltd.,J.F. Securites (PVT) Ltd.,10,182.8,1828.0,2025-09-03 14:40:41.665824
2025-09-03,12071,2025090304012803,SSHL,Nepal Investment And Securities Trading Private Limited,Dakshinkali Investment & Securities Pvt. Ltd.,10,183.0,1830.0,2025-09-03 14:42:06.059022
2025-09-03,12070,2025090304012804,SSHL,Nepal Investment And Securities Trading Private Limited,Bhrikuti Stock Broking Co. Pvt. Ltd.,990,183.0,181170.0,2025-09-03 14:42:06.059385
2025-09-03,10344,2025090304013235,SSHL,Sumeru Securities Pvt. Ltd.,Indira securities pvt. ltd,20,182.9,3658.0,2025-09-03 14:46:14.410196
2025-09-03,10343,2025090304013236,SSHL,Online Securities Pvt. Ltd.,Indira securities pvt. ltd,11,182.8,2010.8,2025-09-03 14:46:14.410566
2025-09-03,9790,2025090304013435,SSHL,Online Securities Pvt. Ltd.,Sani Securities Company Ltd.,84,182.8,15355.2,2025-09-03 14:47:31.376752
2025-09-03,9768,2025090304013443,SSHL,Midas Stock Broking Company Private Limited,Capital Max Securities Ltd,8,181.0,1448.0,2025-09-03 14:47:34.680663
2025-09-03,9580,2025090304013502,SSHL,Midas Stock Broking Company Private Limited,Agrawal Securities (PVT) Ltd.,2,182.0,364.0,2025-09-03 14:48:04.809808
2025-09-03,9272,2025090304013585,SSHL,Online Securities Pvt. Ltd.,Bhrikuti Stock Broking Co. Pvt. Ltd.,27,182.8,4935.6,2025-09-03 14:48:43.376981
2025-09-03,9271,2025090304013586,SSHL,Nagarik Stock Dealer ,Bhrikuti Stock Broking Co. Pvt. Ltd.,10,182.8,1828.0,2025-09-03 14:48:43.377203
2025-09-03,9270,2025090304013587,SSHL,Shree Krishna Securities Ltd.,Bhrikuti Stock Broking Co. Pvt. Ltd.,13,182.8,2376.4,2025-09-03 14:48:43.377301
2025-09-03,8759,2025090304013724,SSHL,Naasa Securities Co. Ltd.,Bhrikuti Stock Broking Co. Pvt. Ltd.,10,183.0,1830.0,2025-09-03 14:49:37.944138
2025-09-03,8382,2025090304013849,SSHL,Shree Krishna Securities Ltd.,Dynamic Money Managers Securities Pvt. Ltd.,900,182.8,164520.0,2025-09-03 14:50:18.168281
2025-09-03,7842,2025090304014034,SSHL,Shree Krishna Securities Ltd.,Cristal Kanchanjanga Securites Pvt. Ltd.,87,182.8,15903.6,2025-09-03 14:51:10.519515
2025-09-03,7841,2025090304014035,SSHL,Vision Securities Pvt. Ltd,Cristal Kanchanjanga Securites Pvt. Ltd.,12,182.8,2193.6,2025-09-03 14:51:10.519967
2025-09-03,7840,2025090304014036,SSHL,Naasa Securities Co. Ltd.,Cristal Kanchanjanga Securites Pvt. Ltd.,100,182.8,18280.0,2025-09-03 14:51:10.520296
2025-09-03,7839,2025090304014037,SSHL,Deevyaa Securities & Stock House Pvt. Ltd,Cristal Kanchanjanga Securites Pvt. Ltd.,80,182.6,14608.0,2025-09-03 14:51:10.520446
2025-09-03,7838,2025090304014038,SSHL,Asian Securities Private Ltd.,Cristal Kanchanjanga Securites Pvt. Ltd.,221,182.6,40354.6,2025-09-03 14:51:10.520538
2025-09-03,7729,2025090304014082,SSHL,Asian Securities Private Ltd.,Premier Securities Company Ltd.,11,182.6,2008.6,2025-09-03 14:51:23.098604
2025-09-03,7322,2025090304014188,SSHL,Asian Securities Private Ltd.,Dynamic Money Managers Securities Pvt. Ltd.,500,182.6,91300.0,2025-09-03 14:51:53.832950
2025-09-03,7312,2025090304014190,SSHL,Asian Securities Private Ltd.,South Asian Bulls Pvt. Ltd.,250,182.6,45650.0,2025-09-03 14:51:55.487205
2025-09-03,5636,2025090304014650,SSHL,Asian Securities Private Ltd.,Dynamic Money Managers Securities Pvt. Ltd.,18,182.6,3286.8,2025-09-03 14:54:23.067906
2025-09-03,5635,2025090304014651,SSHL,Sani Securities Company Ltd.,Dynamic Money Managers Securities Pvt. Ltd.,20,182.6,3652.0,2025-09-03 14:54:23.068140
2025-09-03,5634,2025090304014652,SSHL,Asian Securities Private Ltd.,Dynamic Money Managers Securities Pvt. Ltd.,34,182.5,6205.0,2025-09-03 14:54:23.068232
2025-09-03,5633,2025090304014653,SSHL,Ashutosh Brokerage & Securities (PVT) Ltd.,Dynamic Money Managers Securities Pvt. Ltd.,28,182.5,5110.0,2025-09-03 14:54:23.068307
2025-09-03,5349,2025090304014776,SSHL,Ashutosh Brokerage & Securities (PVT) Ltd.,Sri Hari Securities Pvt. Ltd.,50,182.5,9125.0,2025-09-03 14:54:45.867121
2025-09-03,4642,2025090304015033,SSHL,Online Securities Pvt. Ltd.,Imperial Securities Company Pvt. Ltd.,650,182.6,118690.0,2025-09-03 14:55:42.432514
2025-09-03,4641,2025090304015034,SSHL,Ashutosh Brokerage & Securities (PVT) Ltd.,Imperial Securities Company Pvt. Ltd.,22,182.5,4015.0,2025-09-03 14:55:42.432757
2025-09-03,4640,2025090304015035,SSHL,Imperial Securities Company Pvt. Ltd.,Imperial Securities Company Pvt. Ltd.,48,182.5,8760.0,2025-09-03 14:55:42.432845
2025-09-03,4357,2025090304015143,SSHL,Sani Securities Company Ltd.,Naasa Securities Co. Ltd.,40,182.6,7304.0,2025-09-03 14:56:05.776409
2025-09-03,4356,2025090304015144,SSHL,Sani Securities Company Ltd.,Nepal Investment And Securities Trading Private Limited,500,182.6,91300.0,2025-09-03 14:56:05.776609
2025-09-03,4355,2025090304015145,SSHL,Sani Securities Company Ltd.,Dynamic Money Managers Securities Pvt. Ltd.,500,182.9,91450.0,2025-09-03 14:56:05.776690
2025-09-03,4354,2025090304015146,SSHL,Sani Securities Company Ltd.,Primo Securities (PVT) Ltd.,60,183.0,10980.0,2025-09-03 14:56:05.776768
2025-09-03,3710,2025090304015322,SSHL,Thrive Brokerage House Pvt. Ltd,Siprabi Securities Pvt. Ltd.,100,182.6,18260.0,2025-09-03 14:56:51.777839
2025-09-03,3709,2025090304015323,SSHL,Imperial Securities Company Pvt. Ltd.,Siprabi Securities Pvt. Ltd.,250,182.5,45625.0,2025-09-03 14:56:51.778040
2025-09-03,3271,2025090304015451,SSHL,Dynamic Money Managers Securities Pvt. Ltd.,Siprabi Securities Pvt. Ltd.,10,182.9,1829.0,2025-09-03 14:57:21.060188
2025-09-03,2999,2025090304015520,SSHL,Dynamic Money Managers Securities Pvt. Ltd.,Malla & Malla Stock Broking Company Pvt. Limited,90,182.9,16461.0,2025-09-03 14:57:38.108068
2025-09-03,2677,2025090304015632,SSHL,Imperial Securities Company Pvt. Ltd.,Cristal Kanchanjanga Securites Pvt. Ltd.,200,182.5,36500.0,2025-09-03 14:57:55.792948
2025-09-03,2637,2025090304015641,SSHL,Trishakti Securities Public Limited,Market Securities & Exchange (PVT) Ltd.,54,182.5,9855.0,2025-09-03 14:57:58.927971
2025-09-03,2636,2025090304015642,SSHL,South Asian Bulls Pvt. Ltd.,Market Securities & Exchange (PVT) Ltd.,446,182.5,81395.0,2025-09-03 14:57:58.928352
2025-09-03,2287,2025090304015754,SSHL,J.F. Securites (PVT) Ltd.,Malla & Malla Stock Broking Company Pvt. Limited,100,182.9,18290.0,2025-09-03 14:58:21.734294
2025-09-03,1451,2025090304015975,SSHL,South Asian Bulls Pvt. Ltd.,Imperial Securities Company Pvt. Ltd.,54,182.5,9855.0,2025-09-03 14:59:12.330875
2025-09-03,1450,2025090304015976,SSHL,Deevyaa Securities & Stock House Pvt. Ltd,Imperial Securities Company Pvt. Ltd.,20,182.5,3650.0,2025-09-03 14:59:12.331070
2025-09-03,1449,2025090304015977,SSHL,Aryatara Investment & Securities,Imperial Securities Company Pvt. Ltd.,22,182.5,4015.0,2025-09-03 14:59:12.331150
2025-09-03,1013,2025090304016053,SSHL,Aryatara Investment & Securities,Sani Securities Company Ltd.,103,182.5,18797.5,2025-09-03 14:59:26.746030
2025-09-03,1012,2025090304016054,SSHL,Deevyaa Securities & Stock House Pvt. Ltd,Sani Securities Company Ltd.,99,182.5,18067.5,2025-09-03 14:59:26.746206
2025-09-03,837,2025090304016115,SSHL,Deevyaa Securities & Stock House Pvt. Ltd,Vision Securities Pvt. Ltd,201,182.5,36682.5,2025-09-03 14:59:32.698412
2025-09-03,836,2025090304016116,SSHL,Neev Securities Pvt. Ltd.,Vision Securities Pvt. Ltd,100,182.5,18250.0,2025-09-03 14:59:32.698450
2025-09-03,835,2025090304016117,SSHL,Sweta Securities Private Limited,Vision Securities Pvt. Ltd,50,182.4,9120.0,2025-09-03 14:59:32.698481
2025-09-03,834,2025090304016118,SSHL,Siprabi Securities Pvt. Ltd.,Vision Securities Pvt. Ltd,149,182.3,27162.7,2025-09-03 14:59:32.698525
