contractId,stockSymbol,buyerMemberId,sellerMemberId,quantity,rate,amount,businessDate,tradeBookId,stockId,buyerBrokerName,sellerBrokerName,transaction_time,securityName
2026043004000044,AKJCL,29,84,22000,373.0,8206000.0,2026-04-30,188626585,2788,Trisul Securities & Invt. Ltd.,MILKY WAY SHARE BROKER COMPANY LTD ,2026-04-30 11:01:17.289105,Ankhu Khola Jalvidhyut Company Ltd
2026043004000059,AKJCL,42,43,500,366.0,183000.0,2026-04-30,188626666,2788,Sani Securities Company Ltd.,South Asian Bulls Pvt. Ltd.,2026-04-30 11:01:24.977964,Ankhu Khola Jalvidhyut Company Ltd
2026043004000060,AKJCL,63,43,3700,365.5,1352350.0,2026-04-30,188626667,2788,Himalayan Brokerage Company Limited,South Asian Bulls Pvt. Ltd.,2026-04-30 11:01:24.978093,Ankhu Khola Jalvidhyut Company Ltd
2026043004000082,AKJCL,63,56,200,365.5,73100.0,2026-04-30,188626761,2788,Himalayan Brokerage Company Limited,Sri Hari Securities Pvt. Ltd.,2026-04-30 11:01:34.240450,Ankhu Khola Jalvidhyut Company Ltd
2026043004000106,AKJCL,17,38,50,366.0,18300.0,2026-04-30,188627034,2788,ABC Securities Private Limited,Dipshikha Dhitopatra Karobar Co. Pvt Ltd.,2026-04-30 11:02:01.482712,Ankhu Khola Jalvidhyut Company Ltd
2026043004000107,AKJCL,42,38,150,365.6,54840.0,2026-04-30,188627036,2788,Sani Securities Company Ltd.,Dipshikha Dhitopatra Karobar Co. Pvt Ltd.,2026-04-30 11:02:01.482824,Ankhu Khola Jalvidhyut Company Ltd
2026043004000108,AKJCL,63,38,1050,365.5,383775.0,2026-04-30,188627037,2788,Himalayan Brokerage Company Limited,Dipshikha Dhitopatra Karobar Co. Pvt Ltd.,2026-04-30 11:02:01.482928,Ankhu Khola Jalvidhyut Company Ltd
2026043004000144,AKJCL,42,66,500,366.0,183000.0,2026-04-30,188627409,2788,Sani Securities Company Ltd.,Miyo Securities Pvt Ltd,2026-04-30 11:02:37.691027,Ankhu Khola Jalvidhyut Company Ltd
2026043004000146,AKJCL,35,56,10,372.9,3729.0,2026-04-30,188627474,2788,Kohinoor Investment & Securities Pvt. Ltd.,Sri Hari Securities Pvt. Ltd.,2026-04-30 11:02:42.558970,Ankhu Khola Jalvidhyut Company Ltd
2026043004000175,AKJCL,63,32,50,365.5,18275.0,2026-04-30,188627936,2788,Himalayan Brokerage Company Limited,Premier Securities Company Ltd.,2026-04-30 11:03:18.432674,Ankhu Khola Jalvidhyut Company Ltd
2026043004000176,AKJCL,65,32,200,365.1,73020.0,2026-04-30,188627938,2788,Sharepro Securities Private Limited,Premier Securities Company Ltd.,2026-04-30 11:03:18.432789,Ankhu Khola Jalvidhyut Company Ltd
2026043004000177,AKJCL,34,32,250,364.0,91000.0,2026-04-30,188627940,2788,Vision Securities Pvt. Ltd,Premier Securities Company Ltd.,2026-04-30 11:03:18.432849,Ankhu Khola Jalvidhyut Company Ltd
2026043004000197,AKJCL,34,58,300,364.0,109200.0,2026-04-30,188628036,2788,Vision Securities Pvt. Ltd,Naasa Securities Co. Ltd.,2026-04-30 11:03:24.578127,Ankhu Khola Jalvidhyut Company Ltd
2026043004000198,AKJCL,58,58,50,363.1,18155.0,2026-04-30,188628038,2788,Naasa Securities Co. Ltd.,Naasa Securities Co. Ltd.,2026-04-30 11:03:24.578229,Ankhu Khola Jalvidhyut Company Ltd
2026043004000199,AKJCL,71,58,1000,363.0,363000.0,2026-04-30,188628040,2788,SHUBHAKAMANA SECURITIES PVT. LTD,Naasa Securities Co. Ltd.,2026-04-30 11:03:24.578308,Ankhu Khola Jalvidhyut Company Ltd
2026043004000200,AKJCL,80,58,200,362.8,72560.0,2026-04-30,188628042,2788,Indira securities pvt. ltd,Naasa Securities Co. Ltd.,2026-04-30 11:03:24.578434,Ankhu Khola Jalvidhyut Company Ltd
2026043004000201,AKJCL,26,58,100,362.8,36280.0,2026-04-30,188628044,2788,Asian Securities Private Ltd.,Naasa Securities Co. Ltd.,2026-04-30 11:03:24.578535,Ankhu Khola Jalvidhyut Company Ltd
2026043004000202,AKJCL,38,58,500,362.0,181000.0,2026-04-30,188628046,2788,Dipshikha Dhitopatra Karobar Co. Pvt Ltd.,Naasa Securities Co. Ltd.,2026-04-30 11:03:24.578630,Ankhu Khola Jalvidhyut Company Ltd
2026043004000203,AKJCL,42,58,150,360.1,54015.0,2026-04-30,188628048,2788,Sani Securities Company Ltd.,Naasa Securities Co. Ltd.,2026-04-30 11:03:24.578725,Ankhu Khola Jalvidhyut Company Ltd
2026043004000204,AKJCL,66,58,3720,360.0,1339200.0,2026-04-30,188628049,2788,Miyo Securities Pvt Ltd,Naasa Securities Co. Ltd.,2026-04-30 11:03:24.578822,Ankhu Khola Jalvidhyut Company Ltd
2026043004000245,AKJCL,52,39,10,362.0,3620.0,2026-04-30,188628477,2788,Sundhara Securities Limited,Sumeru Securities Pvt. Ltd.,2026-04-30 11:03:58.679411,Ankhu Khola Jalvidhyut Company Ltd
2026043004000248,AKJCL,14,45,500,360.1,180050.0,2026-04-30,188628664,2788,Nepal Stock House (PVT) Ltd.,Imperial Securities Company Pvt. Ltd.,2026-04-30 11:04:16.538425,Ankhu Khola Jalvidhyut Company Ltd
2026043004000249,AKJCL,34,45,500,360.1,180050.0,2026-04-30,188628665,2788,Vision Securities Pvt. Ltd,Imperial Securities Company Pvt. Ltd.,2026-04-30 11:04:16.538468,Ankhu Khola Jalvidhyut Company Ltd
2026043004000290,AKJCL,64,14,100,369.9,36990.0,2026-04-30,188628956,2788,SUN SECURITIES PVT LTD,Nepal Stock House (PVT) Ltd.,2026-04-30 11:04:39.144769,Ankhu Khola Jalvidhyut Company Ltd
2026043004000338,AKJCL,58,14,150,362.0,54300.0,2026-04-30,188629390,2788,Naasa Securities Co. Ltd.,Nepal Stock House (PVT) Ltd.,2026-04-30 11:05:15.714117,Ankhu Khola Jalvidhyut Company Ltd
2026043004000339,AKJCL,63,14,350,362.0,126700.0,2026-04-30,188629391,2788,Himalayan Brokerage Company Limited,Nepal Stock House (PVT) Ltd.,2026-04-30 11:05:15.714239,Ankhu Khola Jalvidhyut Company Ltd
2026043004000376,AKJCL,64,58,100,365.0,36500.0,2026-04-30,188629736,2788,SUN SECURITIES PVT LTD,Naasa Securities Co. Ltd.,2026-04-30 11:05:46.137123,Ankhu Khola Jalvidhyut Company Ltd
2026043004000441,AKJCL,64,58,250,362.5,90625.0,2026-04-30,188630384,2788,SUN SECURITIES PVT LTD,Naasa Securities Co. Ltd.,2026-04-30 11:06:42.649478,Ankhu Khola Jalvidhyut Company Ltd
2026043004000442,AKJCL,58,58,250,362.1,90525.0,2026-04-30,188630386,2788,Naasa Securities Co. Ltd.,Naasa Securities Co. Ltd.,2026-04-30 11:06:42.649571,Ankhu Khola Jalvidhyut Company Ltd
2026043004000443,AKJCL,63,58,150,362.0,54300.0,2026-04-30,188630388,2788,Himalayan Brokerage Company Limited,Naasa Securities Co. Ltd.,2026-04-30 11:06:42.649676,Ankhu Khola Jalvidhyut Company Ltd
2026043004000444,AKJCL,17,58,50,362.0,18100.0,2026-04-30,188630390,2788,ABC Securities Private Limited,Naasa Securities Co. Ltd.,2026-04-30 11:06:42.649765,Ankhu Khola Jalvidhyut Company Ltd
2026043004000445,AKJCL,45,58,100,362.0,36200.0,2026-04-30,188630392,2788,Imperial Securities Company Pvt. Ltd.,Naasa Securities Co. Ltd.,2026-04-30 11:06:42.649832,Ankhu Khola Jalvidhyut Company Ltd
2026043004000446,AKJCL,71,58,500,361.1,180550.0,2026-04-30,188630394,2788,SHUBHAKAMANA SECURITIES PVT. LTD,Naasa Securities Co. Ltd.,2026-04-30 11:06:42.649901,Ankhu Khola Jalvidhyut Company Ltd
2026043004000447,AKJCL,58,58,892,361.1,322101.2,2026-04-30,188630396,2788,Naasa Securities Co. Ltd.,Naasa Securities Co. Ltd.,2026-04-30 11:06:42.649968,Ankhu Khola Jalvidhyut Company Ltd
2026043004000448,AKJCL,48,58,55,361.0,19855.0,2026-04-30,188630398,2788,Trishakti Securities Public Limited,Naasa Securities Co. Ltd.,2026-04-30 11:06:42.650036,Ankhu Khola Jalvidhyut Company Ltd
2026043004000449,AKJCL,26,58,253,361.0,91333.0,2026-04-30,188630399,2788,Asian Securities Private Ltd.,Naasa Securities Co. Ltd.,2026-04-30 11:06:42.650101,Ankhu Khola Jalvidhyut Company Ltd
2026043004000454,AKJCL,35,32,100,361.1,36110.0,2026-04-30,188630443,2788,Kohinoor Investment & Securities Pvt. Ltd.,Premier Securities Company Ltd.,2026-04-30 11:06:48.524742,Ankhu Khola Jalvidhyut Company Ltd
2026043004000456,AKJCL,64,56,290,364.9,105821.0,2026-04-30,188630461,2788,SUN SECURITIES PVT LTD,Sri Hari Securities Pvt. Ltd.,2026-04-30 11:06:51.253431,Ankhu Khola Jalvidhyut Company Ltd
2026043004000457,AKJCL,64,58,10,365.0,3650.0,2026-04-30,188630464,2788,SUN SECURITIES PVT LTD,Naasa Securities Co. Ltd.,2026-04-30 11:06:51.253655,Ankhu Khola Jalvidhyut Company Ltd
2026043004000462,AKJCL,35,67,38,361.1,13721.8,2026-04-30,188630512,2788,Kohinoor Investment & Securities Pvt. Ltd.,Property Wiard Limited,2026-04-30 11:06:55.042786,Ankhu Khola Jalvidhyut Company Ltd
2026043004000463,AKJCL,25,67,200,361.1,72220.0,2026-04-30,188630514,2788,Sweta Securities Private Limited,Property Wiard Limited,2026-04-30 11:06:55.042991,Ankhu Khola Jalvidhyut Company Ltd
2026043004000469,AKJCL,57,67,412,361.1,148773.2,2026-04-30,188630597,2788,Aryatara Investment & Securities,Property Wiard Limited,2026-04-30 11:07:03.379088,Ankhu Khola Jalvidhyut Company Ltd
2026043004000532,AKJCL,99,58,500,363.0,181500.0,2026-04-30,188631169,2788,Prabhu Stock Market Limited,Naasa Securities Co. Ltd.,2026-04-30 11:07:54.056654,Ankhu Khola Jalvidhyut Company Ltd
2026043004000550,AKJCL,99,58,390,363.0,141570.0,2026-04-30,188631353,2788,Prabhu Stock Market Limited,Naasa Securities Co. Ltd.,2026-04-30 11:08:13.095843,Ankhu Khola Jalvidhyut Company Ltd
2026043004000702,AKJCL,88,5,10,365.0,3650.0,2026-04-30,188633064,2788,Blue Chip Securities Ltd,Market Securities & Exchange (PVT) Ltd.,2026-04-30 11:10:43.061047,Ankhu Khola Jalvidhyut Company Ltd
2026043004000732,AKJCL,29,40,1000,365.0,365000.0,2026-04-30,188633480,2788,Trisul Securities & Invt. Ltd.,Creative Securities Pvt Ltd,2026-04-30 11:11:14.047185,Ankhu Khola Jalvidhyut Company Ltd
2026043004000752,AKJCL,38,40,250,365.0,91250.0,2026-04-30,188633582,2788,Dipshikha Dhitopatra Karobar Co. Pvt Ltd.,Creative Securities Pvt Ltd,2026-04-30 11:11:21.275378,Ankhu Khola Jalvidhyut Company Ltd
2026043004000838,AKJCL,58,49,10,365.0,3650.0,2026-04-30,188634402,2788,Naasa Securities Co. Ltd.,Online Securities Pvt. Ltd.,2026-04-30 11:12:10.795145,Ankhu Khola Jalvidhyut Company Ltd
2026043004000839,AKJCL,26,49,50,364.2,18210.0,2026-04-30,188634404,2788,Asian Securities Private Ltd.,Online Securities Pvt. Ltd.,2026-04-30 11:12:10.795430,Ankhu Khola Jalvidhyut Company Ltd
2026043004000840,AKJCL,32,49,100,364.1,36410.0,2026-04-30,188634406,2788,Premier Securities Company Ltd.,Online Securities Pvt. Ltd.,2026-04-30 11:12:10.795585,Ankhu Khola Jalvidhyut Company Ltd
2026043004000841,AKJCL,56,49,500,364.1,182050.0,2026-04-30,188634408,2788,Sri Hari Securities Pvt. Ltd.,Online Securities Pvt. Ltd.,2026-04-30 11:12:10.795722,Ankhu Khola Jalvidhyut Company Ltd
2026043004000842,AKJCL,42,49,150,363.5,54525.0,2026-04-30,188634410,2788,Sani Securities Company Ltd.,Online Securities Pvt. Ltd.,2026-04-30 11:12:10.795889,Ankhu Khola Jalvidhyut Company Ltd
2026043004000843,AKJCL,26,49,50,363.3,18165.0,2026-04-30,188634412,2788,Asian Securities Private Ltd.,Online Securities Pvt. Ltd.,2026-04-30 11:12:10.796025,Ankhu Khola Jalvidhyut Company Ltd
2026043004000844,AKJCL,99,49,110,363.0,39930.0,2026-04-30,188634414,2788,Prabhu Stock Market Limited,Online Securities Pvt. Ltd.,2026-04-30 11:12:10.796177,Ankhu Khola Jalvidhyut Company Ltd
2026043004000845,AKJCL,16,49,30,363.0,10890.0,2026-04-30,188634415,2788,Primo Securities (PVT) Ltd.,Online Securities Pvt. Ltd.,2026-04-30 11:12:10.796342,Ankhu Khola Jalvidhyut Company Ltd
2026043004000856,AKJCL,16,19,102,363.0,37026.0,2026-04-30,188634544,2788,Primo Securities (PVT) Ltd.,Nepal Investment And Securities Trading Private Limited,2026-04-30 11:12:18.879440,Ankhu Khola Jalvidhyut Company Ltd
2026043004000857,AKJCL,4,19,200,363.0,72600.0,2026-04-30,188634546,2788,Opal Securities Investment (PVT) Ltd.,Nepal Investment And Securities Trading Private Limited,2026-04-30 11:12:18.879671,Ankhu Khola Jalvidhyut Company Ltd
2026043004000858,AKJCL,35,19,500,362.2,181100.0,2026-04-30,188634548,2788,Kohinoor Investment & Securities Pvt. Ltd.,Nepal Investment And Securities Trading Private Limited,2026-04-30 11:12:18.879865,Ankhu Khola Jalvidhyut Company Ltd
2026043004000859,AKJCL,57,19,588,362.0,212856.0,2026-04-30,188634550,2788,Aryatara Investment & Securities,Nepal Investment And Securities Trading Private Limited,2026-04-30 11:12:18.880039,Ankhu Khola Jalvidhyut Company Ltd
2026043004000860,AKJCL,6,19,50,362.0,18100.0,2026-04-30,188634552,2788,Agrawal Securities (PVT) Ltd.,Nepal Investment And Securities Trading Private Limited,2026-04-30 11:12:18.880192,Ankhu Khola Jalvidhyut Company Ltd
2026043004000868,AKJCL,57,19,20,362.0,7240.0,2026-04-30,188634622,2788,Aryatara Investment & Securities,Nepal Investment And Securities Trading Private Limited,2026-04-30 11:12:24.248610,Ankhu Khola Jalvidhyut Company Ltd
2026043004000869,AKJCL,42,49,4000,361.2,1444800.0,2026-04-30,188634635,2788,Sani Securities Company Ltd.,Online Securities Pvt. Ltd.,2026-04-30 11:12:26.720991,Ankhu Khola Jalvidhyut Company Ltd
2026043004001146,AKJCL,92,1,10,364.0,3640.0,2026-04-30,188637497,2788,Roadshow securities limited,Kumari Securities Private Limited,2026-04-30 11:15:29.667610,Ankhu Khola Jalvidhyut Company Ltd
2026043004001171,AKJCL,92,64,400,364.0,145600.0,2026-04-30,188637811,2788,Roadshow securities limited,SUN SECURITIES PVT LTD,2026-04-30 11:15:54.349820,Ankhu Khola Jalvidhyut Company Ltd
2026043004001225,AKJCL,62,45,15,367.5,5512.5,2026-04-30,188638476,2788,Capital Max Securities Ltd,Imperial Securities Company Pvt. Ltd.,2026-04-30 11:16:42.614096,Ankhu Khola Jalvidhyut Company Ltd
2026043004001281,AKJCL,34,66,200,366.0,73200.0,2026-04-30,188639195,2788,Vision Securities Pvt. Ltd,Miyo Securities Pvt Ltd,2026-04-30 11:17:17.605998,Ankhu Khola Jalvidhyut Company Ltd
2026043004001340,AKJCL,47,42,1000,365.1,365100.0,2026-04-30,188639700,2788,Neev Securities Pvt. Ltd.,Sani Securities Company Ltd.,2026-04-30 11:17:47.502283,Ankhu Khola Jalvidhyut Company Ltd
2026043004001341,AKJCL,92,42,590,365.1,215409.0,2026-04-30,188639702,2788,Roadshow securities limited,Sani Securities Company Ltd.,2026-04-30 11:17:47.502418,Ankhu Khola Jalvidhyut Company Ltd
2026043004001342,AKJCL,34,42,3410,365.0,1244650.0,2026-04-30,188639703,2788,Vision Securities Pvt. Ltd,Sani Securities Company Ltd.,2026-04-30 11:17:47.502479,Ankhu Khola Jalvidhyut Company Ltd
2026043004001369,AKJCL,34,8,90,365.0,32850.0,2026-04-30,188640074,2788,Vision Securities Pvt. Ltd,Brilliant Securities Pvt. Ltd.,2026-04-30 11:18:15.241035,Ankhu Khola Jalvidhyut Company Ltd
2026043004001370,AKJCL,58,8,10,365.0,3650.0,2026-04-30,188640076,2788,Naasa Securities Co. Ltd.,Brilliant Securities Pvt. Ltd.,2026-04-30 11:18:15.241159,Ankhu Khola Jalvidhyut Company Ltd
2026043004001371,AKJCL,10,8,500,363.0,181500.0,2026-04-30,188640078,2788,Pragyan Securities (PVT) Ltd.,Brilliant Securities Pvt. Ltd.,2026-04-30 11:18:15.241214,Ankhu Khola Jalvidhyut Company Ltd
2026043004001372,AKJCL,64,8,175,363.0,63525.0,2026-04-30,188640080,2788,SUN SECURITIES PVT LTD,Brilliant Securities Pvt. Ltd.,2026-04-30 11:18:15.241272,Ankhu Khola Jalvidhyut Company Ltd
2026043004001378,AKJCL,64,8,100,363.0,36300.0,2026-04-30,188640212,2788,SUN SECURITIES PVT LTD,Brilliant Securities Pvt. Ltd.,2026-04-30 11:18:25.084193,Ankhu Khola Jalvidhyut Company Ltd
2026043004001402,AKJCL,101,14,300,362.2,108660.0,2026-04-30,188640508,2788,APPLE SECURITIES PRIVATE LIMITED,Nepal Stock House (PVT) Ltd.,2026-04-30 11:18:47.643230,Ankhu Khola Jalvidhyut Company Ltd
2026043004001403,AKJCL,26,14,50,362.1,18105.0,2026-04-30,188640510,2788,Asian Securities Private Ltd.,Nepal Stock House (PVT) Ltd.,2026-04-30 11:18:47.643539,Ankhu Khola Jalvidhyut Company Ltd
2026043004001404,AKJCL,36,14,10,362.1,3621.0,2026-04-30,188640512,2788,Secured Securities Ltd.,Nepal Stock House (PVT) Ltd.,2026-04-30 11:18:47.643715,Ankhu Khola Jalvidhyut Company Ltd
2026043004001405,AKJCL,14,14,100,362.1,36210.0,2026-04-30,188640514,2788,Nepal Stock House (PVT) Ltd.,Nepal Stock House (PVT) Ltd.,2026-04-30 11:18:47.643906,Ankhu Khola Jalvidhyut Company Ltd
2026043004001406,AKJCL,45,14,100,362.0,36200.0,2026-04-30,188640516,2788,Imperial Securities Company Pvt. Ltd.,Nepal Stock House (PVT) Ltd.,2026-04-30 11:18:47.644076,Ankhu Khola Jalvidhyut Company Ltd
2026043004001407,AKJCL,34,14,500,362.0,181000.0,2026-04-30,188640518,2788,Vision Securities Pvt. Ltd,Nepal Stock House (PVT) Ltd.,2026-04-30 11:18:47.644243,Ankhu Khola Jalvidhyut Company Ltd
2026043004001408,AKJCL,56,14,200,361.9,72380.0,2026-04-30,188640520,2788,Sri Hari Securities Pvt. Ltd.,Nepal Stock House (PVT) Ltd.,2026-04-30 11:18:47.644425,Ankhu Khola Jalvidhyut Company Ltd
2026043004001409,AKJCL,10,14,1000,361.7,361700.0,2026-04-30,188640522,2788,Pragyan Securities (PVT) Ltd.,Nepal Stock House (PVT) Ltd.,2026-04-30 11:18:47.644607,Ankhu Khola Jalvidhyut Company Ltd
2026043004001410,AKJCL,91,14,1000,361.5,361500.0,2026-04-30,188640524,2788,Citizens Share Broker Limited,Nepal Stock House (PVT) Ltd.,2026-04-30 11:18:47.644763,Ankhu Khola Jalvidhyut Company Ltd
2026043004001411,AKJCL,34,14,500,361.5,180750.0,2026-04-30,188640526,2788,Vision Securities Pvt. Ltd,Nepal Stock House (PVT) Ltd.,2026-04-30 11:18:47.644923,Ankhu Khola Jalvidhyut Company Ltd
2026043004001412,AKJCL,42,14,740,361.2,267288.0,2026-04-30,188640527,2788,Sani Securities Company Ltd.,Nepal Stock House (PVT) Ltd.,2026-04-30 11:18:47.645083,Ankhu Khola Jalvidhyut Company Ltd
2026043004001446,AKJCL,42,77,260,361.2,93912.0,2026-04-30,188640870,2788,Sani Securities Company Ltd.,Nabil Stock Dealer Ltd.,2026-04-30 11:19:10.994448,Ankhu Khola Jalvidhyut Company Ltd
2026043004001447,AKJCL,94,77,740,361.2,267288.0,2026-04-30,188640871,2788,K.B.L. Securities Limited ,Nabil Stock Dealer Ltd.,2026-04-30 11:19:10.994702,Ankhu Khola Jalvidhyut Company Ltd
2026043004001452,AKJCL,94,42,260,361.2,93912.0,2026-04-30,188641054,2788,K.B.L. Securities Limited ,Sani Securities Company Ltd.,2026-04-30 11:19:23.395041,Ankhu Khola Jalvidhyut Company Ltd
2026043004001453,AKJCL,89,42,4000,361.2,1444800.0,2026-04-30,188641056,2788,Global IME Securities Limited,Sani Securities Company Ltd.,2026-04-30 11:19:23.395182,Ankhu Khola Jalvidhyut Company Ltd
2026043004001454,AKJCL,82,42,2500,361.1,902750.0,2026-04-30,188641058,2788,N.M.B. SECURITIES LIMITED,Sani Securities Company Ltd.,2026-04-30 11:19:23.395246,Ankhu Khola Jalvidhyut Company Ltd
2026043004001455,AKJCL,14,42,400,361.1,144440.0,2026-04-30,188641060,2788,Nepal Stock House (PVT) Ltd.,Sani Securities Company Ltd.,2026-04-30 11:19:23.395309,Ankhu Khola Jalvidhyut Company Ltd
2026043004001456,AKJCL,26,42,4840,361.0,1747240.0,2026-04-30,188641061,2788,Asian Securities Private Ltd.,Sani Securities Company Ltd.,2026-04-30 11:19:23.395384,Ankhu Khola Jalvidhyut Company Ltd
2026043004001461,AKJCL,32,8,75,361.3,27097.5,2026-04-30,188641174,2788,Premier Securities Company Ltd.,Brilliant Securities Pvt. Ltd.,2026-04-30 11:19:29.832557,Ankhu Khola Jalvidhyut Company Ltd
2026043004001462,AKJCL,26,8,1050,361.0,379050.0,2026-04-30,188641175,2788,Asian Securities Private Ltd.,Brilliant Securities Pvt. Ltd.,2026-04-30 11:19:29.832690,Ankhu Khola Jalvidhyut Company Ltd
2026043004001465,AKJCL,26,42,1357,361.0,489877.0,2026-04-30,188641204,2788,Asian Securities Private Ltd.,Sani Securities Company Ltd.,2026-04-30 11:19:31.946747,Ankhu Khola Jalvidhyut Company Ltd
2026043004001466,AKJCL,41,42,265,361.0,95665.0,2026-04-30,188641206,2788,Linch Stock Market Ltd.,Sani Securities Company Ltd.,2026-04-30 11:19:31.947005,Ankhu Khola Jalvidhyut Company Ltd
2026043004001518,AKJCL,63,42,978,361.0,353058.0,2026-04-30,188641441,2788,Himalayan Brokerage Company Limited,Sani Securities Company Ltd.,2026-04-30 11:19:48.268713,Ankhu Khola Jalvidhyut Company Ltd
2026043004001519,AKJCL,63,57,200,362.2,72440.0,2026-04-30,188641443,2788,Himalayan Brokerage Company Limited,Aryatara Investment & Securities,2026-04-30 11:19:48.269014,Ankhu Khola Jalvidhyut Company Ltd
2026043004001540,AKJCL,63,56,197,362.2,71353.4,2026-04-30,188641603,2788,Himalayan Brokerage Company Limited,Sri Hari Securities Pvt. Ltd.,2026-04-30 11:20:00.819559,Ankhu Khola Jalvidhyut Company Ltd
2026043004001617,AKJCL,50,29,500,363.0,181500.0,2026-04-30,188642587,2788,Cristal Kanchanjanga Securites Pvt. Ltd.,Trisul Securities & Invt. Ltd.,2026-04-30 11:21:04.349442,Ankhu Khola Jalvidhyut Company Ltd
2026043004001638,AKJCL,63,8,55,362.2,19921.0,2026-04-30,188643002,2788,Himalayan Brokerage Company Limited,Brilliant Securities Pvt. Ltd.,2026-04-30 11:21:24.673275,Ankhu Khola Jalvidhyut Company Ltd
2026043004001639,AKJCL,51,8,150,362.2,54330.0,2026-04-30,188643004,2788,Oxford Securities Pvt. Ltd.,Brilliant Securities Pvt. Ltd.,2026-04-30 11:21:24.673423,Ankhu Khola Jalvidhyut Company Ltd
2026043004001640,AKJCL,33,8,250,362.0,90500.0,2026-04-30,188643006,2788,Dakshinkali Investment & Securities Pvt. Ltd.,Brilliant Securities Pvt. Ltd.,2026-04-30 11:21:24.673483,Ankhu Khola Jalvidhyut Company Ltd
2026043004001641,AKJCL,45,8,45,362.0,16290.0,2026-04-30,188643007,2788,Imperial Securities Company Pvt. Ltd.,Brilliant Securities Pvt. Ltd.,2026-04-30 11:21:24.673553,Ankhu Khola Jalvidhyut Company Ltd
2026043004001682,AKJCL,45,29,55,362.0,19910.0,2026-04-30,188643452,2788,Imperial Securities Company Pvt. Ltd.,Trisul Securities & Invt. Ltd.,2026-04-30 11:21:52.163222,Ankhu Khola Jalvidhyut Company Ltd
2026043004001683,AKJCL,14,29,28,361.0,10108.0,2026-04-30,188643454,2788,Nepal Stock House (PVT) Ltd.,Trisul Securities & Invt. Ltd.,2026-04-30 11:21:52.163368,Ankhu Khola Jalvidhyut Company Ltd
2026043004001684,AKJCL,34,29,500,360.3,180150.0,2026-04-30,188643456,2788,Vision Securities Pvt. Ltd,Trisul Securities & Invt. Ltd.,2026-04-30 11:21:52.163447,Ankhu Khola Jalvidhyut Company Ltd
2026043004001685,AKJCL,57,29,500,360.3,180150.0,2026-04-30,188643458,2788,Aryatara Investment & Securities,Trisul Securities & Invt. Ltd.,2026-04-30 11:21:52.163505,Ankhu Khola Jalvidhyut Company Ltd
2026043004001686,AKJCL,34,29,50,360.2,18010.0,2026-04-30,188643460,2788,Vision Securities Pvt. Ltd,Trisul Securities & Invt. Ltd.,2026-04-30 11:21:52.163559,Ankhu Khola Jalvidhyut Company Ltd
2026043004001687,AKJCL,71,29,2000,360.1,720200.0,2026-04-30,188643462,2788,SHUBHAKAMANA SECURITIES PVT. LTD,Trisul Securities & Invt. Ltd.,2026-04-30 11:21:52.163613,Ankhu Khola Jalvidhyut Company Ltd
2026043004001688,AKJCL,42,29,50,360.1,18005.0,2026-04-30,188643464,2788,Sani Securities Company Ltd.,Trisul Securities & Invt. Ltd.,2026-04-30 11:21:52.163666,Ankhu Khola Jalvidhyut Company Ltd
2026043004001689,AKJCL,35,29,1817,360.1,654301.7,2026-04-30,188643465,2788,Kohinoor Investment & Securities Pvt. Ltd.,Trisul Securities & Invt. Ltd.,2026-04-30 11:21:52.163725,Ankhu Khola Jalvidhyut Company Ltd
2026043004001742,AKJCL,58,98,55,362.0,19910.0,2026-04-30,188643994,2788,Naasa Securities Co. Ltd.,Trademow Securities Private Limited,2026-04-30 11:22:24.673704,Ankhu Khola Jalvidhyut Company Ltd
2026043004001743,AKJCL,32,98,100,360.3,36030.0,2026-04-30,188643996,2788,Premier Securities Company Ltd.,Trademow Securities Private Limited,2026-04-30 11:22:24.673856,Ankhu Khola Jalvidhyut Company Ltd
2026043004001744,AKJCL,92,98,1000,360.2,360200.0,2026-04-30,188643998,2788,Roadshow securities limited,Trademow Securities Private Limited,2026-04-30 11:22:24.673914,Ankhu Khola Jalvidhyut Company Ltd
2026043004001745,AKJCL,94,98,1000,360.2,360200.0,2026-04-30,188644000,2788,K.B.L. Securities Limited ,Trademow Securities Private Limited,2026-04-30 11:22:24.673977,Ankhu Khola Jalvidhyut Company Ltd
2026043004001746,AKJCL,42,98,5000,360.2,1801000.0,2026-04-30,188644002,2788,Sani Securities Company Ltd.,Trademow Securities Private Limited,2026-04-30 11:22:24.674095,Ankhu Khola Jalvidhyut Company Ltd
2026043004001747,AKJCL,35,98,183,360.1,65898.3,2026-04-30,188644004,2788,Kohinoor Investment & Securities Pvt. Ltd.,Trademow Securities Private Limited,2026-04-30 11:22:24.674149,Ankhu Khola Jalvidhyut Company Ltd
2026043004001748,AKJCL,58,98,500,360.1,180050.0,2026-04-30,188644006,2788,Naasa Securities Co. Ltd.,Trademow Securities Private Limited,2026-04-30 11:22:24.674204,Ankhu Khola Jalvidhyut Company Ltd
2026043004001749,AKJCL,47,98,200,360.1,72020.0,2026-04-30,188644008,2788,Neev Securities Pvt. Ltd.,Trademow Securities Private Limited,2026-04-30 11:22:24.674256,Ankhu Khola Jalvidhyut Company Ltd
2026043004001750,AKJCL,66,98,1280,360.0,460800.0,2026-04-30,188644010,2788,Miyo Securities Pvt Ltd,Trademow Securities Private Limited,2026-04-30 11:22:24.674308,Ankhu Khola Jalvidhyut Company Ltd
2026043004001751,AKJCL,64,98,682,360.0,245520.0,2026-04-30,188644011,2788,SUN SECURITIES PVT LTD,Trademow Securities Private Limited,2026-04-30 11:22:24.674378,Ankhu Khola Jalvidhyut Company Ltd
2026043004001820,AKJCL,64,50,318,360.0,114480.0,2026-04-30,188644450,2788,SUN SECURITIES PVT LTD,Cristal Kanchanjanga Securites Pvt. Ltd.,2026-04-30 11:22:51.099661,Ankhu Khola Jalvidhyut Company Ltd
2026043004001821,AKJCL,64,50,500,360.0,180000.0,2026-04-30,188644452,2788,SUN SECURITIES PVT LTD,Cristal Kanchanjanga Securites Pvt. Ltd.,2026-04-30 11:22:51.099831,Ankhu Khola Jalvidhyut Company Ltd
2026043004001822,AKJCL,1,50,325,360.0,117000.0,2026-04-30,188644454,2788,Kumari Securities Private Limited,Cristal Kanchanjanga Securites Pvt. Ltd.,2026-04-30 11:22:51.099887,Ankhu Khola Jalvidhyut Company Ltd
2026043004001823,AKJCL,36,50,40,360.0,14400.0,2026-04-30,188644456,2788,Secured Securities Ltd.,Cristal Kanchanjanga Securites Pvt. Ltd.,2026-04-30 11:22:51.099941,Ankhu Khola Jalvidhyut Company Ltd
2026043004001824,AKJCL,4,50,200,360.0,72000.0,2026-04-30,188644458,2788,Opal Securities Investment (PVT) Ltd.,Cristal Kanchanjanga Securites Pvt. Ltd.,2026-04-30 11:22:51.099996,Ankhu Khola Jalvidhyut Company Ltd
2026043004001825,AKJCL,68,50,1000,360.0,360000.0,2026-04-30,188644460,2788,Elite Stock House Limited,Cristal Kanchanjanga Securites Pvt. Ltd.,2026-04-30 11:22:51.100049,Ankhu Khola Jalvidhyut Company Ltd
2026043004001826,AKJCL,57,50,2500,360.0,900000.0,2026-04-30,188644462,2788,Aryatara Investment & Securities,Cristal Kanchanjanga Securites Pvt. Ltd.,2026-04-30 11:22:51.100107,Ankhu Khola Jalvidhyut Company Ltd
2026043004001827,AKJCL,58,50,90,360.0,32400.0,2026-04-30,188644464,2788,Naasa Securities Co. Ltd.,Cristal Kanchanjanga Securites Pvt. Ltd.,2026-04-30 11:22:51.100159,Ankhu Khola Jalvidhyut Company Ltd
2026043004001828,AKJCL,68,50,27,360.0,9720.0,2026-04-30,188644465,2788,Elite Stock House Limited,Cristal Kanchanjanga Securites Pvt. Ltd.,2026-04-30 11:22:51.100213,Ankhu Khola Jalvidhyut Company Ltd
2026043004001855,AKJCL,68,80,973,360.0,350280.0,2026-04-30,188644650,2788,Elite Stock House Limited,Indira securities pvt. ltd,2026-04-30 11:23:06.409012,Ankhu Khola Jalvidhyut Company Ltd
2026043004001856,AKJCL,17,80,27,360.0,9720.0,2026-04-30,188644651,2788,ABC Securities Private Limited,Indira securities pvt. ltd,2026-04-30 11:23:06.409239,Ankhu Khola Jalvidhyut Company Ltd
2026043004001955,AKJCL,57,7,1000,364.0,364000.0,2026-04-30,188645592,2788,Aryatara Investment & Securities,J.F. Securites (PVT) Ltd.,2026-04-30 11:23:52.075201,Ankhu Khola Jalvidhyut Company Ltd
2026043004002054,AKJCL,26,8,50,360.1,18005.0,2026-04-30,188646704,2788,Asian Securities Private Ltd.,Brilliant Securities Pvt. Ltd.,2026-04-30 11:25:05.102468,Ankhu Khola Jalvidhyut Company Ltd
2026043004002055,AKJCL,17,8,73,360.0,26280.0,2026-04-30,188646706,2788,ABC Securities Private Limited,Brilliant Securities Pvt. Ltd.,2026-04-30 11:25:05.102633,Ankhu Khola Jalvidhyut Company Ltd
2026043004002056,AKJCL,96,8,377,360.0,135720.0,2026-04-30,188646707,2788,Himalayan Securities Limited,Brilliant Securities Pvt. Ltd.,2026-04-30 11:25:05.102717,Ankhu Khola Jalvidhyut Company Ltd
2026043004002141,AKJCL,64,58,50,363.0,18150.0,2026-04-30,188647742,2788,SUN SECURITIES PVT LTD,Naasa Securities Co. Ltd.,2026-04-30 11:26:10.735864,Ankhu Khola Jalvidhyut Company Ltd
2026043004002162,AKJCL,22,13,50,362.0,18100.0,2026-04-30,188648047,2788,Siprabi Securities Pvt. Ltd.,Thrive Brokerage House Pvt. Ltd,2026-04-30 11:26:26.204100,Ankhu Khola Jalvidhyut Company Ltd
2026043004002220,AKJCL,71,64,1000,361.9,361900.0,2026-04-30,188648623,2788,SHUBHAKAMANA SECURITIES PVT. LTD,SUN SECURITIES PVT LTD,2026-04-30 11:27:09.377959,Ankhu Khola Jalvidhyut Company Ltd
2026043004002221,AKJCL,71,64,800,362.0,289600.0,2026-04-30,188648626,2788,SHUBHAKAMANA SECURITIES PVT. LTD,SUN SECURITIES PVT LTD,2026-04-30 11:27:09.378100,Ankhu Khola Jalvidhyut Company Ltd
2026043004002262,AKJCL,58,66,1000,361.4,361400.0,2026-04-30,188649338,2788,Naasa Securities Co. Ltd.,Miyo Securities Pvt Ltd,2026-04-30 11:27:53.461976,Ankhu Khola Jalvidhyut Company Ltd
2026043004002269,AKJCL,44,66,100,361.4,36140.0,2026-04-30,188649425,2788,Dynamic Money Managers Securities Pvt. Ltd.,Miyo Securities Pvt Ltd,2026-04-30 11:27:56.601291,Ankhu Khola Jalvidhyut Company Ltd
2026043004002270,AKJCL,44,64,1700,362.0,615400.0,2026-04-30,188649428,2788,Dynamic Money Managers Securities Pvt. Ltd.,SUN SECURITIES PVT LTD,2026-04-30 11:27:56.601610,Ankhu Khola Jalvidhyut Company Ltd
2026043004002277,AKJCL,51,64,150,362.0,54300.0,2026-04-30,188649492,2788,Oxford Securities Pvt. Ltd.,SUN SECURITIES PVT LTD,2026-04-30 11:28:02.219253,Ankhu Khola Jalvidhyut Company Ltd
2026043004002278,AKJCL,64,64,50,362.0,18100.0,2026-04-30,188649498,2788,SUN SECURITIES PVT LTD,SUN SECURITIES PVT LTD,2026-04-30 11:28:02.512610,Ankhu Khola Jalvidhyut Company Ltd
2026043004002314,AKJCL,64,64,100,362.0,36200.0,2026-04-30,188649850,2788,SUN SECURITIES PVT LTD,SUN SECURITIES PVT LTD,2026-04-30 11:28:33.546714,Ankhu Khola Jalvidhyut Company Ltd
2026043004002316,AKJCL,59,64,10,362.0,3620.0,2026-04-30,188649858,2788,Deevyaa Securities & Stock House Pvt. Ltd,SUN SECURITIES PVT LTD,2026-04-30 11:28:33.922236,Ankhu Khola Jalvidhyut Company Ltd
2026043004002335,AKJCL,28,64,200,362.0,72400.0,2026-04-30,188650050,2788,Shree Krishna Securities Ltd.,SUN SECURITIES PVT LTD,2026-04-30 11:28:46.365051,Ankhu Khola Jalvidhyut Company Ltd
2026043004002338,AKJCL,64,64,1990,362.0,720380.0,2026-04-30,188650071,2788,SUN SECURITIES PVT LTD,SUN SECURITIES PVT LTD,2026-04-30 11:28:47.653332,Ankhu Khola Jalvidhyut Company Ltd
2026043004002339,AKJCL,64,75,50,362.0,18100.0,2026-04-30,188650073,2788,SUN SECURITIES PVT LTD,N.I.M.B. Stock Markets Limited,2026-04-30 11:28:47.653490,Ankhu Khola Jalvidhyut Company Ltd
2026043004002395,AKJCL,10,66,300,363.0,108900.0,2026-04-30,188650806,2788,Pragyan Securities (PVT) Ltd.,Miyo Securities Pvt Ltd,2026-04-30 11:29:32.379114,Ankhu Khola Jalvidhyut Company Ltd
2026043004002412,AKJCL,70,66,250,363.0,90750.0,2026-04-30,188651072,2788,Infinity Securities Limited,Miyo Securities Pvt Ltd,2026-04-30 11:29:51.431019,Ankhu Khola Jalvidhyut Company Ltd
2026043004002414,AKJCL,39,66,200,363.0,72600.0,2026-04-30,188651084,2788,Sumeru Securities Pvt. Ltd.,Miyo Securities Pvt Ltd,2026-04-30 11:29:52.485220,Ankhu Khola Jalvidhyut Company Ltd
2026043004002426,AKJCL,64,66,250,363.0,90750.0,2026-04-30,188651161,2788,SUN SECURITIES PVT LTD,Miyo Securities Pvt Ltd,2026-04-30 11:29:58.729157,Ankhu Khola Jalvidhyut Company Ltd
2026043004002440,AKJCL,64,70,150,364.0,54600.0,2026-04-30,188651324,2788,SUN SECURITIES PVT LTD,Infinity Securities Limited,2026-04-30 11:30:13.152809,Ankhu Khola Jalvidhyut Company Ltd
2026043004002441,AKJCL,71,70,500,364.0,182000.0,2026-04-30,188651336,2788,SHUBHAKAMANA SECURITIES PVT. LTD,Infinity Securities Limited,2026-04-30 11:30:14.073144,Ankhu Khola Jalvidhyut Company Ltd
2026043004002446,AKJCL,16,71,200,363.2,72640.0,2026-04-30,188651394,2788,Primo Securities (PVT) Ltd.,SHUBHAKAMANA SECURITIES PVT. LTD,2026-04-30 11:30:20.070641,Ankhu Khola Jalvidhyut Company Ltd
2026043004002447,AKJCL,34,71,100,363.1,36310.0,2026-04-30,188651396,2788,Vision Securities Pvt. Ltd,SHUBHAKAMANA SECURITIES PVT. LTD,2026-04-30 11:30:20.071005,Ankhu Khola Jalvidhyut Company Ltd
2026043004002448,AKJCL,64,71,750,363.0,272250.0,2026-04-30,188651398,2788,SUN SECURITIES PVT LTD,SHUBHAKAMANA SECURITIES PVT. LTD,2026-04-30 11:30:20.071220,Ankhu Khola Jalvidhyut Company Ltd
2026043004002449,AKJCL,64,71,200,362.0,72400.0,2026-04-30,188651400,2788,SUN SECURITIES PVT LTD,SHUBHAKAMANA SECURITIES PVT. LTD,2026-04-30 11:30:20.071477,Ankhu Khola Jalvidhyut Company Ltd
2026043004002450,AKJCL,62,71,750,362.0,271500.0,2026-04-30,188651401,2788,Capital Max Securities Ltd,SHUBHAKAMANA SECURITIES PVT. LTD,2026-04-30 11:30:20.071694,Ankhu Khola Jalvidhyut Company Ltd
2026043004002457,AKJCL,74,70,350,364.0,127400.0,2026-04-30,188651457,2788,KALASH STOCK MARKET PVT. LTD.,Infinity Securities Limited,2026-04-30 11:30:26.664158,Ankhu Khola Jalvidhyut Company Ltd
2026043004002458,AKJCL,74,66,150,364.0,54600.0,2026-04-30,188651460,2788,KALASH STOCK MARKET PVT. LTD.,Miyo Securities Pvt Ltd,2026-04-30 11:30:26.664365,Ankhu Khola Jalvidhyut Company Ltd
2026043004002553,AKJCL,44,66,590,364.0,214760.0,2026-04-30,188652268,2788,Dynamic Money Managers Securities Pvt. Ltd.,Miyo Securities Pvt Ltd,2026-04-30 11:31:22.284688,Ankhu Khola Jalvidhyut Company Ltd
2026043004002583,AKJCL,67,36,65,362.1,23536.5,2026-04-30,188652633,2788,Property Wiard Limited,Secured Securities Ltd.,2026-04-30 11:31:50.336732,Ankhu Khola Jalvidhyut Company Ltd
2026043004002613,AKJCL,67,42,435,362.1,157513.5,2026-04-30,188652876,2788,Property Wiard Limited,Sani Securities Company Ltd.,2026-04-30 11:32:08.920520,Ankhu Khola Jalvidhyut Company Ltd
2026043004002614,AKJCL,17,42,150,362.1,54315.0,2026-04-30,188652878,2788,ABC Securities Private Limited,Sani Securities Company Ltd.,2026-04-30 11:32:08.920835,Ankhu Khola Jalvidhyut Company Ltd
2026043004002615,AKJCL,58,42,30,362.1,10863.0,2026-04-30,188652880,2788,Naasa Securities Co. Ltd.,Sani Securities Company Ltd.,2026-04-30 11:32:08.921046,Ankhu Khola Jalvidhyut Company Ltd
2026043004002616,AKJCL,62,42,250,362.0,90500.0,2026-04-30,188652882,2788,Capital Max Securities Ltd,Sani Securities Company Ltd.,2026-04-30 11:32:08.921273,Ankhu Khola Jalvidhyut Company Ltd
2026043004002617,AKJCL,34,42,1000,362.0,362000.0,2026-04-30,188652884,2788,Vision Securities Pvt. Ltd,Sani Securities Company Ltd.,2026-04-30 11:32:08.921495,Ankhu Khola Jalvidhyut Company Ltd
2026043004002618,AKJCL,3,42,1200,362.0,434400.0,2026-04-30,188652886,2788,Arun Securities (PVT) Ltd.,Sani Securities Company Ltd.,2026-04-30 11:32:08.921685,Ankhu Khola Jalvidhyut Company Ltd
2026043004002619,AKJCL,6,42,300,361.9,108570.0,2026-04-30,188652888,2788,Agrawal Securities (PVT) Ltd.,Sani Securities Company Ltd.,2026-04-30 11:32:08.921888,Ankhu Khola Jalvidhyut Company Ltd
2026043004002620,AKJCL,64,42,1635,361.8,591543.0,2026-04-30,188652889,2788,SUN SECURITIES PVT LTD,Sani Securities Company Ltd.,2026-04-30 11:32:08.922090,Ankhu Khola Jalvidhyut Company Ltd
2026043004002633,AKJCL,64,42,865,361.8,312957.0,2026-04-30,188653014,2788,SUN SECURITIES PVT LTD,Sani Securities Company Ltd.,2026-04-30 11:32:20.638117,Ankhu Khola Jalvidhyut Company Ltd
2026043004002634,AKJCL,96,42,1000,361.6,361600.0,2026-04-30,188653016,2788,Himalayan Securities Limited,Sani Securities Company Ltd.,2026-04-30 11:32:20.638288,Ankhu Khola Jalvidhyut Company Ltd
2026043004002635,AKJCL,64,42,2500,361.3,903250.0,2026-04-30,188653018,2788,SUN SECURITIES PVT LTD,Sani Securities Company Ltd.,2026-04-30 11:32:20.638368,Ankhu Khola Jalvidhyut Company Ltd
2026043004002636,AKJCL,92,42,1000,360.1,360100.0,2026-04-30,188653020,2788,Roadshow securities limited,Sani Securities Company Ltd.,2026-04-30 11:32:20.638458,Ankhu Khola Jalvidhyut Company Ltd
2026043004002637,AKJCL,14,42,300,360.1,108030.0,2026-04-30,188653022,2788,Nepal Stock House (PVT) Ltd.,Sani Securities Company Ltd.,2026-04-30 11:32:20.638527,Ankhu Khola Jalvidhyut Company Ltd
2026043004002638,AKJCL,29,42,500,360.1,180050.0,2026-04-30,188653024,2788,Trisul Securities & Invt. Ltd.,Sani Securities Company Ltd.,2026-04-30 11:32:20.638594,Ankhu Khola Jalvidhyut Company Ltd
2026043004002639,AKJCL,96,42,4623,360.0,1664280.0,2026-04-30,188653026,2788,Himalayan Securities Limited,Sani Securities Company Ltd.,2026-04-30 11:32:20.638659,Ankhu Khola Jalvidhyut Company Ltd
2026043004002640,AKJCL,58,42,100,360.0,36000.0,2026-04-30,188653028,2788,Naasa Securities Co. Ltd.,Sani Securities Company Ltd.,2026-04-30 11:32:20.638727,Ankhu Khola Jalvidhyut Company Ltd
2026043004002641,AKJCL,34,42,100,360.0,36000.0,2026-04-30,188653030,2788,Vision Securities Pvt. Ltd,Sani Securities Company Ltd.,2026-04-30 11:32:20.638804,Ankhu Khola Jalvidhyut Company Ltd
2026043004002642,AKJCL,29,42,3012,360.0,1084320.0,2026-04-30,188653031,2788,Trisul Securities & Invt. Ltd.,Sani Securities Company Ltd.,2026-04-30 11:32:20.638870,Ankhu Khola Jalvidhyut Company Ltd
2026043004002659,AKJCL,35,29,100,360.1,36010.0,2026-04-30,188653222,2788,Kohinoor Investment & Securities Pvt. Ltd.,Trisul Securities & Invt. Ltd.,2026-04-30 11:32:37.336164,Ankhu Khola Jalvidhyut Company Ltd
2026043004002660,AKJCL,29,29,1188,360.0,427680.0,2026-04-30,188653224,2788,Trisul Securities & Invt. Ltd.,Trisul Securities & Invt. Ltd.,2026-04-30 11:32:37.336332,Ankhu Khola Jalvidhyut Company Ltd
2026043004002661,AKJCL,41,29,500,360.0,180000.0,2026-04-30,188653226,2788,Linch Stock Market Ltd.,Trisul Securities & Invt. Ltd.,2026-04-30 11:32:37.336403,Ankhu Khola Jalvidhyut Company Ltd
2026043004002662,AKJCL,72,29,200,360.0,72000.0,2026-04-30,188653229,2788,Hatemalo Financial Services Private Limited,Trisul Securities & Invt. Ltd.,2026-04-30 11:32:37.336468,Ankhu Khola Jalvidhyut Company Ltd
2026043004002663,AKJCL,49,29,550,360.0,198000.0,2026-04-30,188653232,2788,Online Securities Pvt. Ltd.,Trisul Securities & Invt. Ltd.,2026-04-30 11:32:37.336531,Ankhu Khola Jalvidhyut Company Ltd
2026043004002664,AKJCL,42,29,50,360.0,18000.0,2026-04-30,188653234,2788,Sani Securities Company Ltd.,Trisul Securities & Invt. Ltd.,2026-04-30 11:32:37.336595,Ankhu Khola Jalvidhyut Company Ltd
2026043004002665,AKJCL,7,29,100,360.0,36000.0,2026-04-30,188653236,2788,J.F. Securites (PVT) Ltd.,Trisul Securities & Invt. Ltd.,2026-04-30 11:32:37.336663,Ankhu Khola Jalvidhyut Company Ltd
2026043004002666,AKJCL,70,29,2312,360.0,832320.0,2026-04-30,188653237,2788,Infinity Securities Limited,Trisul Securities & Invt. Ltd.,2026-04-30 11:32:37.336725,Ankhu Khola Jalvidhyut Company Ltd
2026043004002750,AKJCL,38,36,65,360.2,23413.0,2026-04-30,188654231,2788,Dipshikha Dhitopatra Karobar Co. Pvt Ltd.,Secured Securities Ltd.,2026-04-30 11:33:56.975852,Ankhu Khola Jalvidhyut Company Ltd
2026043004002764,AKJCL,38,62,435,360.2,156687.0,2026-04-30,188654410,2788,Dipshikha Dhitopatra Karobar Co. Pvt Ltd.,Capital Max Securities Ltd,2026-04-30 11:34:10.643657,Ankhu Khola Jalvidhyut Company Ltd
2026043004002765,AKJCL,32,62,100,360.1,36010.0,2026-04-30,188654412,2788,Premier Securities Company Ltd.,Capital Max Securities Ltd,2026-04-30 11:34:10.643834,Ankhu Khola Jalvidhyut Company Ltd
2026043004002766,AKJCL,64,62,2500,360.1,900250.0,2026-04-30,188654414,2788,SUN SECURITIES PVT LTD,Capital Max Securities Ltd,2026-04-30 11:34:10.643906,Ankhu Khola Jalvidhyut Company Ltd
2026043004002767,AKJCL,70,62,188,360.0,67680.0,2026-04-30,188654416,2788,Infinity Securities Limited,Capital Max Securities Ltd,2026-04-30 11:34:10.643982,Ankhu Khola Jalvidhyut Company Ltd
2026043004002768,AKJCL,42,62,500,360.0,180000.0,2026-04-30,188654418,2788,Sani Securities Company Ltd.,Capital Max Securities Ltd,2026-04-30 11:34:10.644049,Ankhu Khola Jalvidhyut Company Ltd
2026043004002769,AKJCL,3,62,1000,360.0,360000.0,2026-04-30,188654420,2788,Arun Securities (PVT) Ltd.,Capital Max Securities Ltd,2026-04-30 11:34:10.644112,Ankhu Khola Jalvidhyut Company Ltd
2026043004002770,AKJCL,71,62,277,360.0,99720.0,2026-04-30,188654421,2788,SHUBHAKAMANA SECURITIES PVT. LTD,Capital Max Securities Ltd,2026-04-30 11:34:10.644175,Ankhu Khola Jalvidhyut Company Ltd
2026043004002864,AKJCL,35,7,1000,361.1,361100.0,2026-04-30,188655502,2788,Kohinoor Investment & Securities Pvt. Ltd.,J.F. Securites (PVT) Ltd.,2026-04-30 11:35:52.070219,Ankhu Khola Jalvidhyut Company Ltd
2026043004002865,AKJCL,14,7,20,361.0,7220.0,2026-04-30,188655504,2788,Nepal Stock House (PVT) Ltd.,J.F. Securites (PVT) Ltd.,2026-04-30 11:35:52.070402,Ankhu Khola Jalvidhyut Company Ltd
2026043004002866,AKJCL,35,7,100,360.1,36010.0,2026-04-30,188655506,2788,Kohinoor Investment & Securities Pvt. Ltd.,J.F. Securites (PVT) Ltd.,2026-04-30 11:35:52.070476,Ankhu Khola Jalvidhyut Company Ltd
2026043004002867,AKJCL,36,7,10,360.1,3601.0,2026-04-30,188655508,2788,Secured Securities Ltd.,J.F. Securites (PVT) Ltd.,2026-04-30 11:35:52.070544,Ankhu Khola Jalvidhyut Company Ltd
2026043004002868,AKJCL,53,7,125,360.0,45000.0,2026-04-30,188655510,2788,Investment Management Nepal Pvt. Ltd.,J.F. Securites (PVT) Ltd.,2026-04-30 11:35:52.070613,Ankhu Khola Jalvidhyut Company Ltd
2026043004002869,AKJCL,45,7,100,360.0,36000.0,2026-04-30,188655512,2788,Imperial Securities Company Pvt. Ltd.,J.F. Securites (PVT) Ltd.,2026-04-30 11:35:52.070678,Ankhu Khola Jalvidhyut Company Ltd
2026043004002870,AKJCL,64,7,500,360.0,180000.0,2026-04-30,188655514,2788,SUN SECURITIES PVT LTD,J.F. Securites (PVT) Ltd.,2026-04-30 11:35:52.070744,Ankhu Khola Jalvidhyut Company Ltd
2026043004002871,AKJCL,80,7,145,360.0,52200.0,2026-04-30,188655515,2788,Indira securities pvt. ltd,J.F. Securites (PVT) Ltd.,2026-04-30 11:35:52.070811,Ankhu Khola Jalvidhyut Company Ltd
2026043004002886,AKJCL,29,50,100,361.0,36100.0,2026-04-30,188655676,2788,Trisul Securities & Invt. Ltd.,Cristal Kanchanjanga Securites Pvt. Ltd.,2026-04-30 11:36:05.525009,Ankhu Khola Jalvidhyut Company Ltd
2026043004002887,AKJCL,80,50,55,360.0,19800.0,2026-04-30,188655678,2788,Indira securities pvt. ltd,Cristal Kanchanjanga Securites Pvt. Ltd.,2026-04-30 11:36:05.525181,Ankhu Khola Jalvidhyut Company Ltd
2026043004002888,AKJCL,68,50,100,360.0,36000.0,2026-04-30,188655680,2788,Elite Stock House Limited,Cristal Kanchanjanga Securites Pvt. Ltd.,2026-04-30 11:36:05.525283,Ankhu Khola Jalvidhyut Company Ltd
2026043004002889,AKJCL,62,50,745,360.0,268200.0,2026-04-30,188655681,2788,Capital Max Securities Ltd,Cristal Kanchanjanga Securites Pvt. Ltd.,2026-04-30 11:36:05.525366,Ankhu Khola Jalvidhyut Company Ltd
2026043004002897,AKJCL,62,70,255,360.0,91800.0,2026-04-30,188655764,2788,Capital Max Securities Ltd,Infinity Securities Limited,2026-04-30 11:36:14.302920,Ankhu Khola Jalvidhyut Company Ltd
2026043004002898,AKJCL,49,70,80,360.0,28800.0,2026-04-30,188655766,2788,Online Securities Pvt. Ltd.,Infinity Securities Limited,2026-04-30 11:36:14.303080,Ankhu Khola Jalvidhyut Company Ltd
2026043004002937,AKJCL,64,70,100,360.0,36000.0,2026-04-30,188656142,2788,SUN SECURITIES PVT LTD,Infinity Securities Limited,2026-04-30 11:36:46.100750,Ankhu Khola Jalvidhyut Company Ltd
2026043004002939,AKJCL,101,50,200,359.7,71940.0,2026-04-30,188656152,2788,APPLE SECURITIES PRIVATE LIMITED,Cristal Kanchanjanga Securites Pvt. Ltd.,2026-04-30 11:36:46.639566,Ankhu Khola Jalvidhyut Company Ltd
2026043004002940,AKJCL,40,50,100,359.7,35970.0,2026-04-30,188656154,2788,Creative Securities Pvt Ltd,Cristal Kanchanjanga Securites Pvt. Ltd.,2026-04-30 11:36:46.639896,Ankhu Khola Jalvidhyut Company Ltd
2026043004002941,AKJCL,64,50,2500,359.6,899000.0,2026-04-30,188656156,2788,SUN SECURITIES PVT LTD,Cristal Kanchanjanga Securites Pvt. Ltd.,2026-04-30 11:36:46.640110,Ankhu Khola Jalvidhyut Company Ltd
2026043004002942,AKJCL,86,50,4700,359.5,1689650.0,2026-04-30,188656157,2788,Stoxkarts Securities Limited,Cristal Kanchanjanga Securites Pvt. Ltd.,2026-04-30 11:36:46.640337,Ankhu Khola Jalvidhyut Company Ltd
2026043004002961,AKJCL,36,70,250,360.0,90000.0,2026-04-30,188656436,2788,Secured Securities Ltd.,Infinity Securities Limited,2026-04-30 11:37:08.671836,Ankhu Khola Jalvidhyut Company Ltd
2026043004003004,AKJCL,86,71,300,359.5,107850.0,2026-04-30,188656738,2788,Stoxkarts Securities Limited,SHUBHAKAMANA SECURITIES PVT. LTD,2026-04-30 11:37:35.846241,Ankhu Khola Jalvidhyut Company Ltd
2026043004003005,AKJCL,71,71,223,359.3,80123.9,2026-04-30,188656740,2788,SHUBHAKAMANA SECURITIES PVT. LTD,SHUBHAKAMANA SECURITIES PVT. LTD,2026-04-30 11:37:35.846290,Ankhu Khola Jalvidhyut Company Ltd
2026043004003006,AKJCL,67,71,100,359.2,35920.0,2026-04-30,188656742,2788,Property Wiard Limited,SHUBHAKAMANA SECURITIES PVT. LTD,2026-04-30 11:37:35.846332,Ankhu Khola Jalvidhyut Company Ltd
2026043004003007,AKJCL,42,71,200,359.2,71840.0,2026-04-30,188656744,2788,Sani Securities Company Ltd.,SHUBHAKAMANA SECURITIES PVT. LTD,2026-04-30 11:37:35.846355,Ankhu Khola Jalvidhyut Company Ltd
2026043004003008,AKJCL,64,71,2500,359.1,897750.0,2026-04-30,188656746,2788,SUN SECURITIES PVT LTD,SHUBHAKAMANA SECURITIES PVT. LTD,2026-04-30 11:37:35.846384,Ankhu Khola Jalvidhyut Company Ltd
2026043004003009,AKJCL,64,71,250,359.0,89750.0,2026-04-30,188656748,2788,SUN SECURITIES PVT LTD,SHUBHAKAMANA SECURITIES PVT. LTD,2026-04-30 11:37:35.846412,Ankhu Khola Jalvidhyut Company Ltd
2026043004003010,AKJCL,42,71,300,359.0,107700.0,2026-04-30,188656750,2788,Sani Securities Company Ltd.,SHUBHAKAMANA SECURITIES PVT. LTD,2026-04-30 11:37:35.846437,Ankhu Khola Jalvidhyut Company Ltd
2026043004003011,AKJCL,52,71,500,359.0,179500.0,2026-04-30,188656752,2788,Sundhara Securities Limited,SHUBHAKAMANA SECURITIES PVT. LTD,2026-04-30 11:37:35.846462,Ankhu Khola Jalvidhyut Company Ltd
2026043004003012,AKJCL,68,71,627,358.5,224779.5,2026-04-30,188656753,2788,Elite Stock House Limited,SHUBHAKAMANA SECURITIES PVT. LTD,2026-04-30 11:37:35.846498,Ankhu Khola Jalvidhyut Company Ltd
2026043004003036,AKJCL,68,39,373,358.5,133720.5,2026-04-30,188656980,2788,Elite Stock House Limited,Sumeru Securities Pvt. Ltd.,2026-04-30 11:37:56.565735,Ankhu Khola Jalvidhyut Company Ltd
2026043004003037,AKJCL,34,39,1000,358.5,358500.0,2026-04-30,188656982,2788,Vision Securities Pvt. Ltd,Sumeru Securities Pvt. Ltd.,2026-04-30 11:37:56.566055,Ankhu Khola Jalvidhyut Company Ltd
2026043004003038,AKJCL,39,39,1000,358.4,358400.0,2026-04-30,188656984,2788,Sumeru Securities Pvt. Ltd.,Sumeru Securities Pvt. Ltd.,2026-04-30 11:37:56.566266,Ankhu Khola Jalvidhyut Company Ltd
2026043004003039,AKJCL,42,39,627,358.3,224654.1,2026-04-30,188656985,2788,Sani Securities Company Ltd.,Sumeru Securities Pvt. Ltd.,2026-04-30 11:37:56.566501,Ankhu Khola Jalvidhyut Company Ltd
2026043004003077,AKJCL,70,71,200,359.0,71800.0,2026-04-30,188657179,2788,Infinity Securities Limited,SHUBHAKAMANA SECURITIES PVT. LTD,2026-04-30 11:38:11.075683,Ankhu Khola Jalvidhyut Company Ltd
2026043004003130,AKJCL,70,58,100,359.0,35900.0,2026-04-30,188657534,2788,Infinity Securities Limited,Naasa Securities Co. Ltd.,2026-04-30 11:38:36.636517,Ankhu Khola Jalvidhyut Company Ltd
2026043004003131,AKJCL,34,58,500,359.0,179500.0,2026-04-30,188657536,2788,Vision Securities Pvt. Ltd,Naasa Securities Co. Ltd.,2026-04-30 11:38:36.636688,Ankhu Khola Jalvidhyut Company Ltd
2026043004003132,AKJCL,45,58,900,359.0,323100.0,2026-04-30,188657537,2788,Imperial Securities Company Pvt. Ltd.,Naasa Securities Co. Ltd.,2026-04-30 11:38:36.636760,Ankhu Khola Jalvidhyut Company Ltd
2026043004003139,AKJCL,64,70,315,360.0,113400.0,2026-04-30,188657611,2788,SUN SECURITIES PVT LTD,Infinity Securities Limited,2026-04-30 11:38:48.265589,Ankhu Khola Jalvidhyut Company Ltd
2026043004003140,AKJCL,64,57,185,360.0,66600.0,2026-04-30,188657614,2788,SUN SECURITIES PVT LTD,Aryatara Investment & Securities,2026-04-30 11:38:48.265770,Ankhu Khola Jalvidhyut Company Ltd
2026043004003147,AKJCL,97,57,565,360.0,203400.0,2026-04-30,188657673,2788,R.B.B. Securities Company Ltd,Aryatara Investment & Securities,2026-04-30 11:38:58.608981,Ankhu Khola Jalvidhyut Company Ltd
2026043004003172,AKJCL,38,70,1000,362.1,362100.0,2026-04-30,188657970,2788,Dipshikha Dhitopatra Karobar Co. Pvt Ltd.,Infinity Securities Limited,2026-04-30 11:39:29.985257,Ankhu Khola Jalvidhyut Company Ltd
2026043004003281,AKJCL,20,8,40,362.1,14484.0,2026-04-30,188659018,2788,Sipla Securities Private Limited,Brilliant Securities Pvt. Ltd.,2026-04-30 11:40:59.326444,Ankhu Khola Jalvidhyut Company Ltd
2026043004003282,AKJCL,34,8,200,360.1,72020.0,2026-04-30,188659020,2788,Vision Securities Pvt. Ltd,Brilliant Securities Pvt. Ltd.,2026-04-30 11:40:59.326619,Ankhu Khola Jalvidhyut Company Ltd
2026043004003283,AKJCL,97,8,435,360.0,156600.0,2026-04-30,188659022,2788,R.B.B. Securities Company Ltd,Brilliant Securities Pvt. Ltd.,2026-04-30 11:40:59.326707,Ankhu Khola Jalvidhyut Company Ltd
2026043004003284,AKJCL,95,8,725,360.0,261000.0,2026-04-30,188659023,2788,Magnet Securities and Investment Company Private Limited,Brilliant Securities Pvt. Ltd.,2026-04-30 11:40:59.326788,Ankhu Khola Jalvidhyut Company Ltd
2026043004003286,AKJCL,95,50,275,360.0,99000.0,2026-04-30,188659034,2788,Magnet Securities and Investment Company Private Limited,Cristal Kanchanjanga Securites Pvt. Ltd.,2026-04-30 11:41:00.775214,Ankhu Khola Jalvidhyut Company Ltd
2026043004003287,AKJCL,6,50,500,360.0,180000.0,2026-04-30,188659036,2788,Agrawal Securities (PVT) Ltd.,Cristal Kanchanjanga Securites Pvt. Ltd.,2026-04-30 11:41:00.775591,Ankhu Khola Jalvidhyut Company Ltd
2026043004003288,AKJCL,17,50,50,360.0,18000.0,2026-04-30,188659038,2788,ABC Securities Private Limited,Cristal Kanchanjanga Securites Pvt. Ltd.,2026-04-30 11:41:00.775827,Ankhu Khola Jalvidhyut Company Ltd
2026043004003289,AKJCL,58,50,32,360.0,11520.0,2026-04-30,188659040,2788,Naasa Securities Co. Ltd.,Cristal Kanchanjanga Securites Pvt. Ltd.,2026-04-30 11:41:00.776056,Ankhu Khola Jalvidhyut Company Ltd
2026043004003290,AKJCL,48,50,1000,360.0,360000.0,2026-04-30,188659042,2788,Trishakti Securities Public Limited,Cristal Kanchanjanga Securites Pvt. Ltd.,2026-04-30 11:41:00.776285,Ankhu Khola Jalvidhyut Company Ltd
2026043004003291,AKJCL,1,50,10,360.0,3600.0,2026-04-30,188659044,2788,Kumari Securities Private Limited,Cristal Kanchanjanga Securites Pvt. Ltd.,2026-04-30 11:41:00.776528,Ankhu Khola Jalvidhyut Company Ltd
2026043004003297,AKJCL,62,50,100,360.0,36000.0,2026-04-30,188659224,2788,Capital Max Securities Ltd,Cristal Kanchanjanga Securites Pvt. Ltd.,2026-04-30 11:41:21.463149,Ankhu Khola Jalvidhyut Company Ltd
2026043004003302,AKJCL,45,50,1033,360.0,371880.0,2026-04-30,188659379,2788,Imperial Securities Company Pvt. Ltd.,Cristal Kanchanjanga Securites Pvt. Ltd.,2026-04-30 11:41:32.555181,Ankhu Khola Jalvidhyut Company Ltd
2026043004003312,AKJCL,45,70,797,360.0,286920.0,2026-04-30,188659540,2788,Imperial Securities Company Pvt. Ltd.,Infinity Securities Limited,2026-04-30 11:41:48.496405,Ankhu Khola Jalvidhyut Company Ltd
2026043004003316,AKJCL,74,70,200,360.0,72000.0,2026-04-30,188659680,2788,KALASH STOCK MARKET PVT. LTD.,Infinity Securities Limited,2026-04-30 11:42:00.616524,Ankhu Khola Jalvidhyut Company Ltd
2026043004003321,AKJCL,3,16,100,360.0,36000.0,2026-04-30,188659738,2788,Arun Securities (PVT) Ltd.,Primo Securities (PVT) Ltd.,2026-04-30 11:42:11.161124,Ankhu Khola Jalvidhyut Company Ltd
2026043004003331,AKJCL,32,17,10,359.2,3592.0,2026-04-30,188659865,2788,Premier Securities Company Ltd.,ABC Securities Private Limited,2026-04-30 11:42:20.057728,Ankhu Khola Jalvidhyut Company Ltd
2026043004003378,AKJCL,4,16,13,360.0,4680.0,2026-04-30,188660076,2788,Opal Securities Investment (PVT) Ltd.,Primo Securities (PVT) Ltd.,2026-04-30 11:42:36.009291,Ankhu Khola Jalvidhyut Company Ltd
2026043004003403,AKJCL,74,25,30,359.3,10779.0,2026-04-30,188660451,2788,KALASH STOCK MARKET PVT. LTD.,Sweta Securities Private Limited,2026-04-30 11:43:09.797324,Ankhu Khola Jalvidhyut Company Ltd
2026043004003425,AKJCL,74,8,170,359.3,61081.0,2026-04-30,188660662,2788,KALASH STOCK MARKET PVT. LTD.,Brilliant Securities Pvt. Ltd.,2026-04-30 11:43:29.431793,Ankhu Khola Jalvidhyut Company Ltd
2026043004003426,AKJCL,7,8,830,359.3,298219.0,2026-04-30,188660663,2788,J.F. Securites (PVT) Ltd.,Brilliant Securities Pvt. Ltd.,2026-04-30 11:43:29.432151,Ankhu Khola Jalvidhyut Company Ltd
2026043004003432,AKJCL,7,48,70,359.3,25151.0,2026-04-30,188660727,2788,J.F. Securites (PVT) Ltd.,Trishakti Securities Public Limited,2026-04-30 11:43:34.977290,Ankhu Khola Jalvidhyut Company Ltd
2026043004003475,AKJCL,19,16,15,360.0,5400.0,2026-04-30,188661038,2788,Nepal Investment And Securities Trading Private Limited,Primo Securities (PVT) Ltd.,2026-04-30 11:44:03.653349,Ankhu Khola Jalvidhyut Company Ltd
2026043004003486,AKJCL,6,16,72,360.0,25920.0,2026-04-30,188661125,2788,Agrawal Securities (PVT) Ltd.,Primo Securities (PVT) Ltd.,2026-04-30 11:44:09.413191,Ankhu Khola Jalvidhyut Company Ltd
2026043004003487,AKJCL,6,70,28,363.0,10164.0,2026-04-30,188661128,2788,Agrawal Securities (PVT) Ltd.,Infinity Securities Limited,2026-04-30 11:44:09.413234,Ankhu Khola Jalvidhyut Company Ltd
2026043004003488,AKJCL,7,8,1000,359.3,359300.0,2026-04-30,188661151,2788,J.F. Securites (PVT) Ltd.,Brilliant Securities Pvt. Ltd.,2026-04-30 11:44:13.142407,Ankhu Khola Jalvidhyut Company Ltd
2026043004003519,AKJCL,64,42,500,360.0,180000.0,2026-04-30,188661492,2788,SUN SECURITIES PVT LTD,Sani Securities Company Ltd.,2026-04-30 11:44:39.995015,Ankhu Khola Jalvidhyut Company Ltd
2026043004003534,AKJCL,48,34,500,359.5,179750.0,2026-04-30,188661736,2788,Trishakti Securities Public Limited,Vision Securities Pvt. Ltd,2026-04-30 11:44:56.114219,Ankhu Khola Jalvidhyut Company Ltd
2026043004003535,AKJCL,7,34,500,359.3,179650.0,2026-04-30,188661737,2788,J.F. Securites (PVT) Ltd.,Vision Securities Pvt. Ltd,2026-04-30 11:44:56.114637,Ankhu Khola Jalvidhyut Company Ltd
2026043004003552,AKJCL,58,42,100,360.0,36000.0,2026-04-30,188661840,2788,Naasa Securities Co. Ltd.,Sani Securities Company Ltd.,2026-04-30 11:45:03.918447,Ankhu Khola Jalvidhyut Company Ltd
2026043004003559,AKJCL,42,42,30,360.0,10800.0,2026-04-30,188661928,2788,Sani Securities Company Ltd.,Sani Securities Company Ltd.,2026-04-30 11:45:13.740754,Ankhu Khola Jalvidhyut Company Ltd
2026043004003560,AKJCL,41,42,400,360.0,144000.0,2026-04-30,188661950,2788,Linch Stock Market Ltd.,Sani Securities Company Ltd.,2026-04-30 11:45:16.940346,Ankhu Khola Jalvidhyut Company Ltd
2026043004003623,AKJCL,7,96,600,359.3,215580.0,2026-04-30,188662662,2788,J.F. Securites (PVT) Ltd.,Himalayan Securities Limited,2026-04-30 11:45:53.471222,Ankhu Khola Jalvidhyut Company Ltd
2026043004003624,AKJCL,32,96,90,359.2,32328.0,2026-04-30,188662664,2788,Premier Securities Company Ltd.,Himalayan Securities Limited,2026-04-30 11:45:53.471262,Ankhu Khola Jalvidhyut Company Ltd
2026043004003625,AKJCL,86,96,500,359.2,179600.0,2026-04-30,188662666,2788,Stoxkarts Securities Limited,Himalayan Securities Limited,2026-04-30 11:45:53.471295,Ankhu Khola Jalvidhyut Company Ltd
2026043004003626,AKJCL,74,96,130,359.1,46683.0,2026-04-30,188662668,2788,KALASH STOCK MARKET PVT. LTD.,Himalayan Securities Limited,2026-04-30 11:45:53.471323,Ankhu Khola Jalvidhyut Company Ltd
2026043004003627,AKJCL,64,96,556,359.0,199604.0,2026-04-30,188662670,2788,SUN SECURITIES PVT LTD,Himalayan Securities Limited,2026-04-30 11:45:53.471344,Ankhu Khola Jalvidhyut Company Ltd
2026043004003628,AKJCL,64,96,1000,359.0,359000.0,2026-04-30,188662672,2788,SUN SECURITIES PVT LTD,Himalayan Securities Limited,2026-04-30 11:45:53.471364,Ankhu Khola Jalvidhyut Company Ltd
2026043004003629,AKJCL,38,96,124,359.0,44516.0,2026-04-30,188662673,2788,Dipshikha Dhitopatra Karobar Co. Pvt Ltd.,Himalayan Securities Limited,2026-04-30 11:45:53.471403,Ankhu Khola Jalvidhyut Company Ltd
2026043004003667,AKJCL,36,42,120,360.0,43200.0,2026-04-30,188663164,2788,Secured Securities Ltd.,Sani Securities Company Ltd.,2026-04-30 11:46:45.044643,Ankhu Khola Jalvidhyut Company Ltd
2026043004003706,AKJCL,22,42,282,360.0,101520.0,2026-04-30,188663506,2788,Siprabi Securities Pvt. Ltd.,Sani Securities Company Ltd.,2026-04-30 11:47:16.414130,Ankhu Khola Jalvidhyut Company Ltd
2026043004003730,AKJCL,19,42,150,360.0,54000.0,2026-04-30,188663690,2788,Nepal Investment And Securities Trading Private Limited,Sani Securities Company Ltd.,2026-04-30 11:47:28.121186,Ankhu Khola Jalvidhyut Company Ltd
2026043004003794,AKJCL,32,35,100,359.1,35910.0,2026-04-30,188664158,2788,Premier Securities Company Ltd.,Kohinoor Investment & Securities Pvt. Ltd.,2026-04-30 11:48:01.195644,Ankhu Khola Jalvidhyut Company Ltd
2026043004003795,AKJCL,38,35,698,359.0,250582.0,2026-04-30,188664160,2788,Dipshikha Dhitopatra Karobar Co. Pvt Ltd.,Kohinoor Investment & Securities Pvt. Ltd.,2026-04-30 11:48:01.195804,Ankhu Khola Jalvidhyut Company Ltd
2026043004003796,AKJCL,62,35,200,359.0,71800.0,2026-04-30,188664162,2788,Capital Max Securities Ltd,Kohinoor Investment & Securities Pvt. Ltd.,2026-04-30 11:48:01.195875,Ankhu Khola Jalvidhyut Company Ltd
2026043004003797,AKJCL,10,35,500,358.7,179350.0,2026-04-30,188664164,2788,Pragyan Securities (PVT) Ltd.,Kohinoor Investment & Securities Pvt. Ltd.,2026-04-30 11:48:01.195952,Ankhu Khola Jalvidhyut Company Ltd
2026043004003798,AKJCL,84,35,2500,358.7,896750.0,2026-04-30,188664166,2788,MILKY WAY SHARE BROKER COMPANY LTD ,Kohinoor Investment & Securities Pvt. Ltd.,2026-04-30 11:48:01.196026,Ankhu Khola Jalvidhyut Company Ltd
2026043004003799,AKJCL,64,35,500,358.4,179200.0,2026-04-30,188664168,2788,SUN SECURITIES PVT LTD,Kohinoor Investment & Securities Pvt. Ltd.,2026-04-30 11:48:01.196100,Ankhu Khola Jalvidhyut Company Ltd
2026043004003800,AKJCL,64,35,502,358.4,179916.8,2026-04-30,188664169,2788,SUN SECURITIES PVT LTD,Kohinoor Investment & Securities Pvt. Ltd.,2026-04-30 11:48:01.196170,Ankhu Khola Jalvidhyut Company Ltd
2026043004003801,AKJCL,49,28,30,359.2,10776.0,2026-04-30,188664278,2788,Online Securities Pvt. Ltd.,Shree Krishna Securities Ltd.,2026-04-30 11:48:07.765015,Ankhu Khola Jalvidhyut Company Ltd
2026043004003802,AKJCL,64,28,4498,358.4,1612083.2,2026-04-30,188664280,2788,SUN SECURITIES PVT LTD,Shree Krishna Securities Ltd.,2026-04-30 11:48:07.765112,Ankhu Khola Jalvidhyut Company Ltd
2026043004003803,AKJCL,42,28,1472,358.3,527417.6,2026-04-30,188664281,2788,Sani Securities Company Ltd.,Shree Krishna Securities Ltd.,2026-04-30 11:48:07.765143,Ankhu Khola Jalvidhyut Company Ltd
2026043004003822,AKJCL,42,100,2901,358.3,1039428.3,2026-04-30,188664390,2788,Sani Securities Company Ltd.,Sunrise Securities Limited,2026-04-30 11:48:16.345772,Ankhu Khola Jalvidhyut Company Ltd
2026043004003823,AKJCL,70,100,1000,358.3,358300.0,2026-04-30,188664392,2788,Infinity Securities Limited,Sunrise Securities Limited,2026-04-30 11:48:16.345980,Ankhu Khola Jalvidhyut Company Ltd
2026043004003824,AKJCL,42,100,150,358.2,53730.0,2026-04-30,188664394,2788,Sani Securities Company Ltd.,Sunrise Securities Limited,2026-04-30 11:48:16.346081,Ankhu Khola Jalvidhyut Company Ltd
2026043004003825,AKJCL,71,100,2000,358.2,716400.0,2026-04-30,188664396,2788,SHUBHAKAMANA SECURITIES PVT. LTD,Sunrise Securities Limited,2026-04-30 11:48:16.346200,Ankhu Khola Jalvidhyut Company Ltd
2026043004003826,AKJCL,59,100,1000,358.0,358000.0,2026-04-30,188664398,2788,Deevyaa Securities & Stock House Pvt. Ltd,Sunrise Securities Limited,2026-04-30 11:48:16.346305,Ankhu Khola Jalvidhyut Company Ltd
2026043004003827,AKJCL,71,100,200,358.0,71600.0,2026-04-30,188664400,2788,SHUBHAKAMANA SECURITIES PVT. LTD,Sunrise Securities Limited,2026-04-30 11:48:16.346396,Ankhu Khola Jalvidhyut Company Ltd
2026043004003828,AKJCL,71,100,1200,358.0,429600.0,2026-04-30,188664402,2788,SHUBHAKAMANA SECURITIES PVT. LTD,Sunrise Securities Limited,2026-04-30 11:48:16.346475,Ankhu Khola Jalvidhyut Company Ltd
2026043004003829,AKJCL,51,100,5000,358.0,1790000.0,2026-04-30,188664404,2788,Oxford Securities Pvt. Ltd.,Sunrise Securities Limited,2026-04-30 11:48:16.346592,Ankhu Khola Jalvidhyut Company Ltd
2026043004003830,AKJCL,42,100,500,358.0,179000.0,2026-04-30,188664406,2788,Sani Securities Company Ltd.,Sunrise Securities Limited,2026-04-30 11:48:16.346688,Ankhu Khola Jalvidhyut Company Ltd
2026043004003831,AKJCL,17,100,100,358.0,35800.0,2026-04-30,188664408,2788,ABC Securities Private Limited,Sunrise Securities Limited,2026-04-30 11:48:16.346775,Ankhu Khola Jalvidhyut Company Ltd
2026043004003832,AKJCL,13,100,250,358.0,89500.0,2026-04-30,188664410,2788,Thrive Brokerage House Pvt. Ltd,Sunrise Securities Limited,2026-04-30 11:48:16.346855,Ankhu Khola Jalvidhyut Company Ltd
2026043004003833,AKJCL,64,100,699,358.0,250242.0,2026-04-30,188664411,2788,SUN SECURITIES PVT LTD,Sunrise Securities Limited,2026-04-30 11:48:16.346930,Ankhu Khola Jalvidhyut Company Ltd
2026043004003835,AKJCL,64,92,301,358.0,107758.0,2026-04-30,188664418,2788,SUN SECURITIES PVT LTD,Roadshow securities limited,2026-04-30 11:48:17.710645,Ankhu Khola Jalvidhyut Company Ltd
2026043004003836,AKJCL,45,92,100,358.0,35800.0,2026-04-30,188664420,2788,Imperial Securities Company Pvt. Ltd.,Roadshow securities limited,2026-04-30 11:48:17.710916,Ankhu Khola Jalvidhyut Company Ltd
2026043004003837,AKJCL,64,92,60,358.0,21480.0,2026-04-30,188664422,2788,SUN SECURITIES PVT LTD,Roadshow securities limited,2026-04-30 11:48:17.710995,Ankhu Khola Jalvidhyut Company Ltd
2026043004003838,AKJCL,38,92,1000,358.0,358000.0,2026-04-30,188664424,2788,Dipshikha Dhitopatra Karobar Co. Pvt Ltd.,Roadshow securities limited,2026-04-30 11:48:17.711072,Ankhu Khola Jalvidhyut Company Ltd
2026043004003839,AKJCL,6,92,500,358.0,179000.0,2026-04-30,188664426,2788,Agrawal Securities (PVT) Ltd.,Roadshow securities limited,2026-04-30 11:48:17.711150,Ankhu Khola Jalvidhyut Company Ltd
2026043004003840,AKJCL,62,92,100,358.0,35800.0,2026-04-30,188664428,2788,Capital Max Securities Ltd,Roadshow securities limited,2026-04-30 11:48:17.711225,Ankhu Khola Jalvidhyut Company Ltd
2026043004003849,AKJCL,58,62,2500,357.9,894750.0,2026-04-30,188664515,2788,Naasa Securities Co. Ltd.,Capital Max Securities Ltd,2026-04-30 11:48:29.168004,Ankhu Khola Jalvidhyut Company Ltd
2026043004003862,AKJCL,38,92,939,358.0,336162.0,2026-04-30,188664665,2788,Dipshikha Dhitopatra Karobar Co. Pvt Ltd.,Roadshow securities limited,2026-04-30 11:48:38.711110,Ankhu Khola Jalvidhyut Company Ltd
2026043004003919,AKJCL,38,49,61,359.0,21899.0,2026-04-30,188665266,2788,Dipshikha Dhitopatra Karobar Co. Pvt Ltd.,Online Securities Pvt. Ltd.,2026-04-30 11:49:26.981926,Ankhu Khola Jalvidhyut Company Ltd
2026043004003963,AKJCL,6,25,100,358.0,35800.0,2026-04-30,188665587,2788,Agrawal Securities (PVT) Ltd.,Sweta Securities Private Limited,2026-04-30 11:49:54.342589,Ankhu Khola Jalvidhyut Company Ltd
2026043004003973,AKJCL,64,25,1000,358.0,358000.0,2026-04-30,188665899,2788,SUN SECURITIES PVT LTD,Sweta Securities Private Limited,2026-04-30 11:50:16.755646,Ankhu Khola Jalvidhyut Company Ltd
2026043004004092,AKJCL,51,28,400,357.2,142880.0,2026-04-30,188667510,2788,Oxford Securities Pvt. Ltd.,Shree Krishna Securities Ltd.,2026-04-30 11:52:34.740402,Ankhu Khola Jalvidhyut Company Ltd
2026043004004093,AKJCL,14,28,300,357.1,107130.0,2026-04-30,188667512,2788,Nepal Stock House (PVT) Ltd.,Shree Krishna Securities Ltd.,2026-04-30 11:52:34.740609,Ankhu Khola Jalvidhyut Company Ltd
2026043004004094,AKJCL,45,28,500,357.1,178550.0,2026-04-30,188667514,2788,Imperial Securities Company Pvt. Ltd.,Shree Krishna Securities Ltd.,2026-04-30 11:52:34.740693,Ankhu Khola Jalvidhyut Company Ltd
2026043004004095,AKJCL,41,28,500,357.0,178500.0,2026-04-30,188667516,2788,Linch Stock Market Ltd.,Shree Krishna Securities Ltd.,2026-04-30 11:52:34.740778,Ankhu Khola Jalvidhyut Company Ltd
2026043004004096,AKJCL,58,28,245,357.0,87465.0,2026-04-30,188667518,2788,Naasa Securities Co. Ltd.,Shree Krishna Securities Ltd.,2026-04-30 11:52:34.740860,Ankhu Khola Jalvidhyut Company Ltd
2026043004004097,AKJCL,66,28,400,357.0,142800.0,2026-04-30,188667520,2788,Miyo Securities Pvt Ltd,Shree Krishna Securities Ltd.,2026-04-30 11:52:34.740942,Ankhu Khola Jalvidhyut Company Ltd
2026043004004112,AKJCL,38,28,1000,357.0,357000.0,2026-04-30,188667706,2788,Dipshikha Dhitopatra Karobar Co. Pvt Ltd.,Shree Krishna Securities Ltd.,2026-04-30 11:52:47.687609,Ankhu Khola Jalvidhyut Company Ltd
2026043004004132,AKJCL,38,28,1000,357.0,357000.0,2026-04-30,188667910,2788,Dipshikha Dhitopatra Karobar Co. Pvt Ltd.,Shree Krishna Securities Ltd.,2026-04-30 11:53:05.303781,Ankhu Khola Jalvidhyut Company Ltd
2026043004004143,AKJCL,17,28,50,357.0,17850.0,2026-04-30,188668130,2788,ABC Securities Private Limited,Shree Krishna Securities Ltd.,2026-04-30 11:53:24.154687,Ankhu Khola Jalvidhyut Company Ltd
2026043004004144,AKJCL,14,14,200,356.3,71260.0,2026-04-30,188668148,2788,Nepal Stock House (PVT) Ltd.,Nepal Stock House (PVT) Ltd.,2026-04-30 11:53:26.081507,Ankhu Khola Jalvidhyut Company Ltd
2026043004004145,AKJCL,71,14,1000,356.3,356300.0,2026-04-30,188668150,2788,SHUBHAKAMANA SECURITIES PVT. LTD,Nepal Stock House (PVT) Ltd.,2026-04-30 11:53:26.081794,Ankhu Khola Jalvidhyut Company Ltd
2026043004004146,AKJCL,59,14,100,356.2,35620.0,2026-04-30,188668152,2788,Deevyaa Securities & Stock House Pvt. Ltd,Nepal Stock House (PVT) Ltd.,2026-04-30 11:53:26.081902,Ankhu Khola Jalvidhyut Company Ltd
2026043004004147,AKJCL,71,14,2000,356.2,712400.0,2026-04-30,188668154,2788,SHUBHAKAMANA SECURITIES PVT. LTD,Nepal Stock House (PVT) Ltd.,2026-04-30 11:53:26.082010,Ankhu Khola Jalvidhyut Company Ltd
2026043004004148,AKJCL,71,14,1500,356.2,534300.0,2026-04-30,188668156,2788,SHUBHAKAMANA SECURITIES PVT. LTD,Nepal Stock House (PVT) Ltd.,2026-04-30 11:53:26.082093,Ankhu Khola Jalvidhyut Company Ltd
2026043004004149,AKJCL,71,14,180,356.2,64116.0,2026-04-30,188668158,2788,SHUBHAKAMANA SECURITIES PVT. LTD,Nepal Stock House (PVT) Ltd.,2026-04-30 11:53:26.082174,Ankhu Khola Jalvidhyut Company Ltd
2026043004004150,AKJCL,58,14,2000,356.0,712000.0,2026-04-30,188668160,2788,Naasa Securities Co. Ltd.,Nepal Stock House (PVT) Ltd.,2026-04-30 11:53:26.082259,Ankhu Khola Jalvidhyut Company Ltd
2026043004004151,AKJCL,59,14,100,356.0,35600.0,2026-04-30,188668162,2788,Deevyaa Securities & Stock House Pvt. Ltd,Nepal Stock House (PVT) Ltd.,2026-04-30 11:53:26.082349,Ankhu Khola Jalvidhyut Company Ltd
2026043004004152,AKJCL,62,14,920,355.9,327428.0,2026-04-30,188668163,2788,Capital Max Securities Ltd,Nepal Stock House (PVT) Ltd.,2026-04-30 11:53:26.082447,Ankhu Khola Jalvidhyut Company Ltd
2026043004004157,AKJCL,62,96,580,355.9,206422.0,2026-04-30,188668274,2788,Capital Max Securities Ltd,Himalayan Securities Limited,2026-04-30 11:53:36.331981,Ankhu Khola Jalvidhyut Company Ltd
2026043004004158,AKJCL,10,96,1000,355.9,355900.0,2026-04-30,188668276,2788,Pragyan Securities (PVT) Ltd.,Himalayan Securities Limited,2026-04-30 11:53:36.332040,Ankhu Khola Jalvidhyut Company Ltd
2026043004004159,AKJCL,14,96,30,355.8,10674.0,2026-04-30,188668278,2788,Nepal Stock House (PVT) Ltd.,Himalayan Securities Limited,2026-04-30 11:53:36.332075,Ankhu Khola Jalvidhyut Company Ltd
2026043004004160,AKJCL,92,96,2880,355.8,1024704.0,2026-04-30,188668279,2788,Roadshow securities limited,Himalayan Securities Limited,2026-04-30 11:53:36.332102,Ankhu Khola Jalvidhyut Company Ltd
2026043004004219,AKJCL,92,66,2120,355.8,754296.0,2026-04-30,188668633,2788,Roadshow securities limited,Miyo Securities Pvt Ltd,2026-04-30 11:53:50.227114,Ankhu Khola Jalvidhyut Company Ltd
2026043004004220,AKJCL,19,66,500,355.1,177550.0,2026-04-30,188668635,2788,Nepal Investment And Securities Trading Private Limited,Miyo Securities Pvt Ltd,2026-04-30 11:53:50.227562,Ankhu Khola Jalvidhyut Company Ltd
2026043004004221,AKJCL,28,66,200,355.1,71020.0,2026-04-30,188668637,2788,Shree Krishna Securities Ltd.,Miyo Securities Pvt Ltd,2026-04-30 11:53:50.227811,Ankhu Khola Jalvidhyut Company Ltd
2026043004004222,AKJCL,86,66,2000,355.1,710200.0,2026-04-30,188668639,2788,Stoxkarts Securities Limited,Miyo Securities Pvt Ltd,2026-04-30 11:53:50.228051,Ankhu Khola Jalvidhyut Company Ltd
2026043004004223,AKJCL,8,66,100,355.0,35500.0,2026-04-30,188668641,2788,Brilliant Securities Pvt. Ltd.,Miyo Securities Pvt Ltd,2026-04-30 11:53:50.228296,Ankhu Khola Jalvidhyut Company Ltd
2026043004004224,AKJCL,58,66,29,355.0,10295.0,2026-04-30,188668643,2788,Naasa Securities Co. Ltd.,Miyo Securities Pvt Ltd,2026-04-30 11:53:50.228550,Ankhu Khola Jalvidhyut Company Ltd
2026043004004225,AKJCL,51,66,50,355.0,17750.0,2026-04-30,188668645,2788,Oxford Securities Pvt. Ltd.,Miyo Securities Pvt Ltd,2026-04-30 11:53:50.228828,Ankhu Khola Jalvidhyut Company Ltd
2026043004004226,AKJCL,89,66,1500,355.0,532500.0,2026-04-30,188668647,2788,Global IME Securities Limited,Miyo Securities Pvt Ltd,2026-04-30 11:53:50.229079,Ankhu Khola Jalvidhyut Company Ltd
2026043004004227,AKJCL,48,66,100,355.0,35500.0,2026-04-30,188668649,2788,Trishakti Securities Public Limited,Miyo Securities Pvt Ltd,2026-04-30 11:53:50.229310,Ankhu Khola Jalvidhyut Company Ltd
2026043004004228,AKJCL,48,66,250,355.0,88750.0,2026-04-30,188668651,2788,Trishakti Securities Public Limited,Miyo Securities Pvt Ltd,2026-04-30 11:53:50.229580,Ankhu Khola Jalvidhyut Company Ltd
2026043004004229,AKJCL,42,66,50,355.0,17750.0,2026-04-30,188668653,2788,Sani Securities Company Ltd.,Miyo Securities Pvt Ltd,2026-04-30 11:53:50.229819,Ankhu Khola Jalvidhyut Company Ltd
2026043004004230,AKJCL,41,66,200,355.0,71000.0,2026-04-30,188668655,2788,Linch Stock Market Ltd.,Miyo Securities Pvt Ltd,2026-04-30 11:53:50.230105,Ankhu Khola Jalvidhyut Company Ltd
2026043004004231,AKJCL,14,66,10,355.0,3550.0,2026-04-30,188668657,2788,Nepal Stock House (PVT) Ltd.,Miyo Securities Pvt Ltd,2026-04-30 11:53:50.230391,Ankhu Khola Jalvidhyut Company Ltd
2026043004004232,AKJCL,80,66,500,355.0,177500.0,2026-04-30,188668659,2788,Indira securities pvt. ltd,Miyo Securities Pvt Ltd,2026-04-30 11:53:50.230612,Ankhu Khola Jalvidhyut Company Ltd
2026043004004233,AKJCL,92,66,900,355.0,319500.0,2026-04-30,188668661,2788,Roadshow securities limited,Miyo Securities Pvt Ltd,2026-04-30 11:53:50.230837,Ankhu Khola Jalvidhyut Company Ltd
2026043004004234,AKJCL,48,66,30,355.0,10650.0,2026-04-30,188668663,2788,Trishakti Securities Public Limited,Miyo Securities Pvt Ltd,2026-04-30 11:53:50.231041,Ankhu Khola Jalvidhyut Company Ltd
2026043004004235,AKJCL,49,66,10,355.0,3550.0,2026-04-30,188668665,2788,Online Securities Pvt. Ltd.,Miyo Securities Pvt Ltd,2026-04-30 11:53:50.231257,Ankhu Khola Jalvidhyut Company Ltd
2026043004004236,AKJCL,14,66,56,355.0,19880.0,2026-04-30,188668667,2788,Nepal Stock House (PVT) Ltd.,Miyo Securities Pvt Ltd,2026-04-30 11:53:50.231509,Ankhu Khola Jalvidhyut Company Ltd
2026043004004237,AKJCL,42,66,500,355.0,177500.0,2026-04-30,188668669,2788,Sani Securities Company Ltd.,Miyo Securities Pvt Ltd,2026-04-30 11:53:50.231776,Ankhu Khola Jalvidhyut Company Ltd
2026043004004238,AKJCL,17,66,100,355.0,35500.0,2026-04-30,188668671,2788,ABC Securities Private Limited,Miyo Securities Pvt Ltd,2026-04-30 11:53:50.231996,Ankhu Khola Jalvidhyut Company Ltd
2026043004004239,AKJCL,62,66,200,355.0,71000.0,2026-04-30,188668673,2788,Capital Max Securities Ltd,Miyo Securities Pvt Ltd,2026-04-30 11:53:50.232208,Ankhu Khola Jalvidhyut Company Ltd
2026043004004240,AKJCL,48,66,100,355.0,35500.0,2026-04-30,188668575,2788,Trishakti Securities Public Limited,Miyo Securities Pvt Ltd,2026-04-30 11:53:50.232436,Ankhu Khola Jalvidhyut Company Ltd
2026043004004241,AKJCL,14,66,50,355.0,17750.0,2026-04-30,188668577,2788,Nepal Stock House (PVT) Ltd.,Miyo Securities Pvt Ltd,2026-04-30 11:53:50.232671,Ankhu Khola Jalvidhyut Company Ltd
2026043004004242,AKJCL,41,66,200,355.0,71000.0,2026-04-30,188668579,2788,Linch Stock Market Ltd.,Miyo Securities Pvt Ltd,2026-04-30 11:53:50.232892,Ankhu Khola Jalvidhyut Company Ltd
2026043004004243,AKJCL,64,66,245,355.0,86975.0,2026-04-30,188668580,2788,SUN SECURITIES PVT LTD,Miyo Securities Pvt Ltd,2026-04-30 11:53:50.233154,Ankhu Khola Jalvidhyut Company Ltd
2026043004004256,AKJCL,64,28,1605,356.0,571380.0,2026-04-30,188668683,2788,SUN SECURITIES PVT LTD,Shree Krishna Securities Ltd.,2026-04-30 11:53:52.814784,Ankhu Khola Jalvidhyut Company Ltd
2026043004004258,AKJCL,64,8,200,356.0,71200.0,2026-04-30,188668687,2788,SUN SECURITIES PVT LTD,Brilliant Securities Pvt. Ltd.,2026-04-30 11:53:53.856817,Ankhu Khola Jalvidhyut Company Ltd
2026043004004362,AKJCL,42,36,20,356.5,7130.0,2026-04-30,188669250,2788,Sani Securities Company Ltd.,Secured Securities Ltd.,2026-04-30 11:54:28.254409,Ankhu Khola Jalvidhyut Company Ltd
2026043004004389,AKJCL,34,36,30,356.5,10695.0,2026-04-30,188669428,2788,Vision Securities Pvt. Ltd,Secured Securities Ltd.,2026-04-30 11:54:47.380239,Ankhu Khola Jalvidhyut Company Ltd
2026043004004436,AKJCL,19,79,15,356.5,5347.5,2026-04-30,188669910,2788,Nepal Investment And Securities Trading Private Limited,pahiinvestment,2026-04-30 11:55:30.878023,Ankhu Khola Jalvidhyut Company Ltd
2026043004004447,AKJCL,34,79,20,356.5,7130.0,2026-04-30,188670050,2788,Vision Securities Pvt. Ltd,pahiinvestment,2026-04-30 11:55:45.156104,Ankhu Khola Jalvidhyut Company Ltd
2026043004004469,AKJCL,38,57,10000,356.1,3561000.0,2026-04-30,188670388,2788,Dipshikha Dhitopatra Karobar Co. Pvt Ltd.,Aryatara Investment & Securities,2026-04-30 11:56:15.385859,Ankhu Khola Jalvidhyut Company Ltd
2026043004004594,AKJCL,35,38,30,356.1,10683.0,2026-04-30,188671255,2788,Kohinoor Investment & Securities Pvt. Ltd.,Dipshikha Dhitopatra Karobar Co. Pvt Ltd.,2026-04-30 11:57:37.301207,Ankhu Khola Jalvidhyut Company Ltd
2026043004004671,AKJCL,19,25,70,357.0,24990.0,2026-04-30,188671771,2788,Nepal Investment And Securities Trading Private Limited,Sweta Securities Private Limited,2026-04-30 11:58:21.030128,Ankhu Khola Jalvidhyut Company Ltd
2026043004004696,AKJCL,19,25,120,357.0,42840.0,2026-04-30,188672039,2788,Nepal Investment And Securities Trading Private Limited,Sweta Securities Private Limited,2026-04-30 11:58:46.540805,Ankhu Khola Jalvidhyut Company Ltd
2026043004004721,AKJCL,35,25,70,356.1,24927.0,2026-04-30,188672267,2788,Kohinoor Investment & Securities Pvt. Ltd.,Sweta Securities Private Limited,2026-04-30 11:59:08.212813,Ankhu Khola Jalvidhyut Company Ltd
2026043004004750,AKJCL,62,29,500,356.1,178050.0,2026-04-30,188672584,2788,Capital Max Securities Ltd,Trisul Securities & Invt. Ltd.,2026-04-30 11:59:37.252588,Ankhu Khola Jalvidhyut Company Ltd
2026043004004751,AKJCL,64,29,1000,356.0,356000.0,2026-04-30,188672586,2788,SUN SECURITIES PVT LTD,Trisul Securities & Invt. Ltd.,2026-04-30 11:59:37.252978,Ankhu Khola Jalvidhyut Company Ltd
2026043004004752,AKJCL,52,29,10,356.0,3560.0,2026-04-30,188672588,2788,Sundhara Securities Limited,Trisul Securities & Invt. Ltd.,2026-04-30 11:59:37.253234,Ankhu Khola Jalvidhyut Company Ltd
2026043004004753,AKJCL,62,29,1000,355.5,355500.0,2026-04-30,188672590,2788,Capital Max Securities Ltd,Trisul Securities & Invt. Ltd.,2026-04-30 11:59:37.253517,Ankhu Khola Jalvidhyut Company Ltd
2026043004004754,AKJCL,64,29,3195,355.3,1135183.5,2026-04-30,188672592,2788,SUN SECURITIES PVT LTD,Trisul Securities & Invt. Ltd.,2026-04-30 11:59:37.253776,Ankhu Khola Jalvidhyut Company Ltd
2026043004004755,AKJCL,95,29,500,355.2,177600.0,2026-04-30,188672594,2788,Magnet Securities and Investment Company Private Limited,Trisul Securities & Invt. Ltd.,2026-04-30 11:59:37.254022,Ankhu Khola Jalvidhyut Company Ltd
2026043004004756,AKJCL,64,29,795,355.1,282304.5,2026-04-30,188672595,2788,SUN SECURITIES PVT LTD,Trisul Securities & Invt. Ltd.,2026-04-30 11:59:37.254270,Ankhu Khola Jalvidhyut Company Ltd
2026043004004787,AKJCL,80,79,15,357.0,5355.0,2026-04-30,188672943,2788,Indira securities pvt. ltd,pahiinvestment,2026-04-30 11:59:55.974388,Ankhu Khola Jalvidhyut Company Ltd
2026043004004788,AKJCL,80,49,15,359.0,5385.0,2026-04-30,188672946,2788,Indira securities pvt. ltd,Online Securities Pvt. Ltd.,2026-04-30 11:59:55.974467,Ankhu Khola Jalvidhyut Company Ltd
2026043004004968,AKJCL,44,49,24,359.0,8616.0,2026-04-30,188674955,2788,Dynamic Money Managers Securities Pvt. Ltd.,Online Securities Pvt. Ltd.,2026-04-30 12:03:37.912269,Ankhu Khola Jalvidhyut Company Ltd
2026043004004969,AKJCL,44,62,570,359.0,204630.0,2026-04-30,188674957,2788,Dynamic Money Managers Securities Pvt. Ltd.,Capital Max Securities Ltd,2026-04-30 12:03:37.912710,Ankhu Khola Jalvidhyut Company Ltd
2026043004004970,AKJCL,44,1,406,359.0,145754.0,2026-04-30,188674960,2788,Dynamic Money Managers Securities Pvt. Ltd.,Kumari Securities Private Limited,2026-04-30 12:03:37.912979,Ankhu Khola Jalvidhyut Company Ltd
2026043004005000,AKJCL,64,1,594,359.0,213246.0,2026-04-30,188675261,2788,SUN SECURITIES PVT LTD,Kumari Securities Private Limited,2026-04-30 12:04:10.495748,Ankhu Khola Jalvidhyut Company Ltd
2026043004005001,AKJCL,64,62,2000,359.0,718000.0,2026-04-30,188675263,2788,SUN SECURITIES PVT LTD,Capital Max Securities Ltd,2026-04-30 12:04:10.496005,Ankhu Khola Jalvidhyut Company Ltd
2026043004005002,AKJCL,64,1,1000,359.0,359000.0,2026-04-30,188675265,2788,SUN SECURITIES PVT LTD,Kumari Securities Private Limited,2026-04-30 12:04:10.496109,Ankhu Khola Jalvidhyut Company Ltd
2026043004005003,AKJCL,64,66,4406,359.0,1581754.0,2026-04-30,188675268,2788,SUN SECURITIES PVT LTD,Miyo Securities Pvt Ltd,2026-04-30 12:04:10.496199,Ankhu Khola Jalvidhyut Company Ltd
2026043004005020,AKJCL,36,66,17,359.0,6103.0,2026-04-30,188675524,2788,Secured Securities Ltd.,Miyo Securities Pvt Ltd,2026-04-30 12:04:31.313373,Ankhu Khola Jalvidhyut Company Ltd
2026043004005158,AKJCL,6,66,250,359.0,89750.0,2026-04-30,188677252,2788,Agrawal Securities (PVT) Ltd.,Miyo Securities Pvt Ltd,2026-04-30 12:07:15.504322,Ankhu Khola Jalvidhyut Company Ltd
2026043004005160,AKJCL,86,32,25,357.0,8925.0,2026-04-30,188677259,2788,Stoxkarts Securities Limited,Premier Securities Company Ltd.,2026-04-30 12:07:16.539896,Ankhu Khola Jalvidhyut Company Ltd
2026043004005222,AKJCL,14,66,50,359.0,17950.0,2026-04-30,188677818,2788,Nepal Stock House (PVT) Ltd.,Miyo Securities Pvt Ltd,2026-04-30 12:08:19.098934,Ankhu Khola Jalvidhyut Company Ltd
2026043004005348,AKJCL,58,66,10,359.0,3590.0,2026-04-30,188679492,2788,Naasa Securities Co. Ltd.,Miyo Securities Pvt Ltd,2026-04-30 12:10:43.216214,Ankhu Khola Jalvidhyut Company Ltd
2026043004005400,AKJCL,57,33,1000,358.0,358000.0,2026-04-30,188679851,2788,Aryatara Investment & Securities,Dakshinkali Investment & Securities Pvt. Ltd.,2026-04-30 12:11:08.122993,Ankhu Khola Jalvidhyut Company Ltd
2026043004005506,AKJCL,42,66,267,359.0,95853.0,2026-04-30,188680911,2788,Sani Securities Company Ltd.,Miyo Securities Pvt Ltd,2026-04-30 12:12:59.979546,Ankhu Khola Jalvidhyut Company Ltd
2026043004005531,AKJCL,67,64,1000,359.7,359700.0,2026-04-30,188681225,2788,Property Wiard Limited,SUN SECURITIES PVT LTD,2026-04-30 12:13:30.245102,Ankhu Khola Jalvidhyut Company Ltd
2026043004005585,AKJCL,19,42,15,360.0,5400.0,2026-04-30,188682024,2788,Nepal Investment And Securities Trading Private Limited,Sani Securities Company Ltd.,2026-04-30 12:14:37.504066,Ankhu Khola Jalvidhyut Company Ltd
2026043004005623,AKJCL,19,42,250,360.0,90000.0,2026-04-30,188682272,2788,Nepal Investment And Securities Trading Private Limited,Sani Securities Company Ltd.,2026-04-30 12:14:57.420105,Ankhu Khola Jalvidhyut Company Ltd
2026043004005647,AKJCL,57,42,700,360.0,252000.0,2026-04-30,188682412,2788,Aryatara Investment & Securities,Sani Securities Company Ltd.,2026-04-30 12:15:08.823890,Ankhu Khola Jalvidhyut Company Ltd
2026043004005718,AKJCL,97,58,50,359.1,17955.0,2026-04-30,188683053,2788,R.B.B. Securities Company Ltd,Naasa Securities Co. Ltd.,2026-04-30 12:16:08.967955,Ankhu Khola Jalvidhyut Company Ltd
2026043004005731,AKJCL,57,42,10,360.0,3600.0,2026-04-30,188683124,2788,Aryatara Investment & Securities,Sani Securities Company Ltd.,2026-04-30 12:16:12.839071,Ankhu Khola Jalvidhyut Company Ltd
2026043004005736,AKJCL,97,98,10,359.1,3591.0,2026-04-30,188683207,2788,R.B.B. Securities Company Ltd,Trademow Securities Private Limited,2026-04-30 12:16:17.930202,Ankhu Khola Jalvidhyut Company Ltd
2026043004005741,AKJCL,4,42,274,360.0,98640.0,2026-04-30,188683298,2788,Opal Securities Investment (PVT) Ltd.,Sani Securities Company Ltd.,2026-04-30 12:16:25.741525,Ankhu Khola Jalvidhyut Company Ltd
2026043004005744,AKJCL,92,42,2169,360.0,780840.0,2026-04-30,188683419,2788,Roadshow securities limited,Sani Securities Company Ltd.,2026-04-30 12:16:36.424581,Ankhu Khola Jalvidhyut Company Ltd
2026043004005745,AKJCL,92,57,300,360.0,108000.0,2026-04-30,188683421,2788,Roadshow securities limited,Aryatara Investment & Securities,2026-04-30 12:16:36.424865,Ankhu Khola Jalvidhyut Company Ltd
2026043004005746,AKJCL,92,66,5000,360.0,1800000.0,2026-04-30,188683423,2788,Roadshow securities limited,Miyo Securities Pvt Ltd,2026-04-30 12:16:36.424959,Ankhu Khola Jalvidhyut Company Ltd
2026043004005782,AKJCL,38,71,200,361.0,72200.0,2026-04-30,188683779,2788,Dipshikha Dhitopatra Karobar Co. Pvt Ltd.,SHUBHAKAMANA SECURITIES PVT. LTD,2026-04-30 12:17:11.084959,Ankhu Khola Jalvidhyut Company Ltd
2026043004005783,AKJCL,38,7,2000,361.0,722000.0,2026-04-30,188683782,2788,Dipshikha Dhitopatra Karobar Co. Pvt Ltd.,J.F. Securites (PVT) Ltd.,2026-04-30 12:17:11.085504,Ankhu Khola Jalvidhyut Company Ltd
2026043004005793,AKJCL,38,58,50,360.1,18005.0,2026-04-30,188683967,2788,Dipshikha Dhitopatra Karobar Co. Pvt Ltd.,Naasa Securities Co. Ltd.,2026-04-30 12:17:32.074209,Ankhu Khola Jalvidhyut Company Ltd
2026043004005938,AKJCL,19,62,20,360.2,7204.0,2026-04-30,188685060,2788,Nepal Investment And Securities Trading Private Limited,Capital Max Securities Ltd,2026-04-30 12:19:05.123443,Ankhu Khola Jalvidhyut Company Ltd
2026043004005939,AKJCL,58,62,17,360.2,6123.4,2026-04-30,188685062,2788,Naasa Securities Co. Ltd.,Capital Max Securities Ltd,2026-04-30 12:19:05.123540,Ankhu Khola Jalvidhyut Company Ltd
2026043004005940,AKJCL,64,62,1000,360.2,360200.0,2026-04-30,188685064,2788,SUN SECURITIES PVT LTD,Capital Max Securities Ltd,2026-04-30 12:19:05.123612,Ankhu Khola Jalvidhyut Company Ltd
2026043004005941,AKJCL,98,62,100,360.2,36020.0,2026-04-30,188685066,2788,Trademow Securities Private Limited,Capital Max Securities Ltd,2026-04-30 12:19:05.123703,Ankhu Khola Jalvidhyut Company Ltd
2026043004005942,AKJCL,38,62,4950,360.1,1782495.0,2026-04-30,188685068,2788,Dipshikha Dhitopatra Karobar Co. Pvt Ltd.,Capital Max Securities Ltd,2026-04-30 12:19:05.123780,Ankhu Khola Jalvidhyut Company Ltd
2026043004005943,AKJCL,94,62,500,360.1,180050.0,2026-04-30,188685070,2788,K.B.L. Securities Limited ,Capital Max Securities Ltd,2026-04-30 12:19:05.123857,Ankhu Khola Jalvidhyut Company Ltd
2026043004005944,AKJCL,92,62,2503,360.0,901080.0,2026-04-30,188685071,2788,Roadshow securities limited,Capital Max Securities Ltd,2026-04-30 12:19:05.123934,Ankhu Khola Jalvidhyut Company Ltd
2026043004005974,AKJCL,13,7,100,362.0,36200.0,2026-04-30,188685308,2788,Thrive Brokerage House Pvt. Ltd,J.F. Securites (PVT) Ltd.,2026-04-30 12:19:25.124033,Ankhu Khola Jalvidhyut Company Ltd
2026043004006061,AKJCL,92,38,28,360.0,10080.0,2026-04-30,188685728,2788,Roadshow securities limited,Dipshikha Dhitopatra Karobar Co. Pvt Ltd.,2026-04-30 12:20:02.402918,Ankhu Khola Jalvidhyut Company Ltd
2026043004006062,AKJCL,57,38,20,360.0,7200.0,2026-04-30,188685730,2788,Aryatara Investment & Securities,Dipshikha Dhitopatra Karobar Co. Pvt Ltd.,2026-04-30 12:20:02.402989,Ankhu Khola Jalvidhyut Company Ltd
2026043004006166,AKJCL,17,98,1000,360.0,360000.0,2026-04-30,188686106,2788,ABC Securities Private Limited,Trademow Securities Private Limited,2026-04-30 12:20:26.645075,Ankhu Khola Jalvidhyut Company Ltd
2026043004006167,AKJCL,58,98,130,360.0,46800.0,2026-04-30,188686108,2788,Naasa Securities Co. Ltd.,Trademow Securities Private Limited,2026-04-30 12:20:26.645117,Ankhu Khola Jalvidhyut Company Ltd
2026043004006168,AKJCL,51,98,52,360.0,18720.0,2026-04-30,188686110,2788,Oxford Securities Pvt. Ltd.,Trademow Securities Private Limited,2026-04-30 12:20:26.645142,Ankhu Khola Jalvidhyut Company Ltd
2026043004006169,AKJCL,95,98,540,360.0,194400.0,2026-04-30,188686112,2788,Magnet Securities and Investment Company Private Limited,Trademow Securities Private Limited,2026-04-30 12:20:26.645176,Ankhu Khola Jalvidhyut Company Ltd
2026043004006170,AKJCL,97,98,16940,359.1,6083154.0,2026-04-30,188686114,2788,R.B.B. Securities Company Ltd,Trademow Securities Private Limited,2026-04-30 12:20:26.645203,Ankhu Khola Jalvidhyut Company Ltd
2026043004006171,AKJCL,42,98,848,359.0,304432.0,2026-04-30,188686116,2788,Sani Securities Company Ltd.,Trademow Securities Private Limited,2026-04-30 12:20:26.645228,Ankhu Khola Jalvidhyut Company Ltd
2026043004006172,AKJCL,86,98,1000,358.1,358100.0,2026-04-30,188686118,2788,Stoxkarts Securities Limited,Trademow Securities Private Limited,2026-04-30 12:20:26.645266,Ankhu Khola Jalvidhyut Company Ltd
2026043004006173,AKJCL,64,98,500,358.0,179000.0,2026-04-30,188686120,2788,SUN SECURITIES PVT LTD,Trademow Securities Private Limited,2026-04-30 12:20:26.645293,Ankhu Khola Jalvidhyut Company Ltd
2026043004006174,AKJCL,58,98,280,358.0,100240.0,2026-04-30,188686122,2788,Naasa Securities Co. Ltd.,Trademow Securities Private Limited,2026-04-30 12:20:26.645331,Ankhu Khola Jalvidhyut Company Ltd
2026043004006175,AKJCL,86,98,175,357.0,62475.0,2026-04-30,188686124,2788,Stoxkarts Securities Limited,Trademow Securities Private Limited,2026-04-30 12:20:26.645358,Ankhu Khola Jalvidhyut Company Ltd
2026043004006176,AKJCL,41,98,300,357.0,107100.0,2026-04-30,188686126,2788,Linch Stock Market Ltd.,Trademow Securities Private Limited,2026-04-30 12:20:26.645383,Ankhu Khola Jalvidhyut Company Ltd
2026043004006177,AKJCL,65,98,100,356.5,35650.0,2026-04-30,188686128,2788,Sharepro Securities Private Limited,Trademow Securities Private Limited,2026-04-30 12:20:26.645407,Ankhu Khola Jalvidhyut Company Ltd
2026043004006178,AKJCL,64,98,360,356.5,128340.0,2026-04-30,188686130,2788,SUN SECURITIES PVT LTD,Trademow Securities Private Limited,2026-04-30 12:20:26.645430,Ankhu Khola Jalvidhyut Company Ltd
2026043004006179,AKJCL,64,98,1000,356.5,356500.0,2026-04-30,188686132,2788,SUN SECURITIES PVT LTD,Trademow Securities Private Limited,2026-04-30 12:20:26.645453,Ankhu Khola Jalvidhyut Company Ltd
2026043004006180,AKJCL,64,98,200,356.5,71300.0,2026-04-30,188686134,2788,SUN SECURITIES PVT LTD,Trademow Securities Private Limited,2026-04-30 12:20:26.645476,Ankhu Khola Jalvidhyut Company Ltd
2026043004006181,AKJCL,64,98,400,356.5,142600.0,2026-04-30,188686136,2788,SUN SECURITIES PVT LTD,Trademow Securities Private Limited,2026-04-30 12:20:26.645500,Ankhu Khola Jalvidhyut Company Ltd
2026043004006182,AKJCL,64,98,100,356.5,35650.0,2026-04-30,188686138,2788,SUN SECURITIES PVT LTD,Trademow Securities Private Limited,2026-04-30 12:20:26.645522,Ankhu Khola Jalvidhyut Company Ltd
2026043004006183,AKJCL,64,98,2000,356.5,713000.0,2026-04-30,188686140,2788,SUN SECURITIES PVT LTD,Trademow Securities Private Limited,2026-04-30 12:20:26.645546,Ankhu Khola Jalvidhyut Company Ltd
2026043004006184,AKJCL,67,98,1000,356.4,356400.0,2026-04-30,188686142,2788,Property Wiard Limited,Trademow Securities Private Limited,2026-04-30 12:20:26.645570,Ankhu Khola Jalvidhyut Company Ltd
2026043004006185,AKJCL,62,98,300,356.3,106890.0,2026-04-30,188686144,2788,Capital Max Securities Ltd,Trademow Securities Private Limited,2026-04-30 12:20:26.645593,Ankhu Khola Jalvidhyut Company Ltd
2026043004006186,AKJCL,64,98,2775,356.2,988455.0,2026-04-30,188686145,2788,SUN SECURITIES PVT LTD,Trademow Securities Private Limited,2026-04-30 12:20:26.645618,Ankhu Khola Jalvidhyut Company Ltd
2026043004006215,AKJCL,58,21,28,361.0,10108.0,2026-04-30,188686524,2788,Naasa Securities Co. Ltd.,Midas Stock Broking Company Private Limited,2026-04-30 12:21:11.463819,Ankhu Khola Jalvidhyut Company Ltd
2026043004006227,AKJCL,77,21,972,361.0,350892.0,2026-04-30,188686679,2788,Nabil Stock Dealer Ltd.,Midas Stock Broking Company Private Limited,2026-04-30 12:21:26.590830,Ankhu Khola Jalvidhyut Company Ltd
2026043004006228,AKJCL,77,7,1250,362.0,452500.0,2026-04-30,188686681,2788,Nabil Stock Dealer Ltd.,J.F. Securites (PVT) Ltd.,2026-04-30 12:21:26.591082,Ankhu Khola Jalvidhyut Company Ltd
2026043004006229,AKJCL,77,59,278,362.0,100636.0,2026-04-30,188686684,2788,Nabil Stock Dealer Ltd.,Deevyaa Securities & Stock House Pvt. Ltd,2026-04-30 12:21:26.591199,Ankhu Khola Jalvidhyut Company Ltd
2026043004006241,AKJCL,59,59,722,362.0,261364.0,2026-04-30,188686829,2788,Deevyaa Securities & Stock House Pvt. Ltd,Deevyaa Securities & Stock House Pvt. Ltd,2026-04-30 12:21:45.339006,Ankhu Khola Jalvidhyut Company Ltd
2026043004006250,AKJCL,59,3,278,362.0,100636.0,2026-04-30,188686925,2788,Deevyaa Securities & Stock House Pvt. Ltd,Arun Securities (PVT) Ltd.,2026-04-30 12:21:53.950472,Ankhu Khola Jalvidhyut Company Ltd
2026043004006257,AKJCL,58,70,100,363.0,36300.0,2026-04-30,188686972,2788,Naasa Securities Co. Ltd.,Infinity Securities Limited,2026-04-30 12:21:57.256262,Ankhu Khola Jalvidhyut Company Ltd
2026043004006293,AKJCL,59,70,372,363.0,135036.0,2026-04-30,188687247,2788,Deevyaa Securities & Stock House Pvt. Ltd,Infinity Securities Limited,2026-04-30 12:22:23.612971,Ankhu Khola Jalvidhyut Company Ltd
2026043004006294,AKJCL,59,49,200,363.0,72600.0,2026-04-30,188687249,2788,Deevyaa Securities & Stock House Pvt. Ltd,Online Securities Pvt. Ltd.,2026-04-30 12:22:23.613202,Ankhu Khola Jalvidhyut Company Ltd
2026043004006298,AKJCL,59,70,428,363.0,155364.0,2026-04-30,188687298,2788,Deevyaa Securities & Stock House Pvt. Ltd,Infinity Securities Limited,2026-04-30 12:22:30.922382,Ankhu Khola Jalvidhyut Company Ltd
2026043004006362,AKJCL,64,100,100,359.0,35900.0,2026-04-30,188687922,2788,SUN SECURITIES PVT LTD,Sunrise Securities Limited,2026-04-30 12:23:40.162716,Ankhu Khola Jalvidhyut Company Ltd
2026043004006363,AKJCL,49,100,500,358.0,179000.0,2026-04-30,188687924,2788,Online Securities Pvt. Ltd.,Sunrise Securities Limited,2026-04-30 12:23:40.163157,Ankhu Khola Jalvidhyut Company Ltd
2026043004006364,AKJCL,71,100,1000,357.9,357900.0,2026-04-30,188687926,2788,SHUBHAKAMANA SECURITIES PVT. LTD,Sunrise Securities Limited,2026-04-30 12:23:40.163495,Ankhu Khola Jalvidhyut Company Ltd
2026043004006365,AKJCL,25,100,111,357.5,39682.5,2026-04-30,188687928,2788,Sweta Securities Private Limited,Sunrise Securities Limited,2026-04-30 12:23:40.163807,Ankhu Khola Jalvidhyut Company Ltd
2026043004006366,AKJCL,64,100,1000,357.4,357400.0,2026-04-30,188687930,2788,SUN SECURITIES PVT LTD,Sunrise Securities Limited,2026-04-30 12:23:40.164105,Ankhu Khola Jalvidhyut Company Ltd
2026043004006367,AKJCL,39,100,200,357.3,71460.0,2026-04-30,188687932,2788,Sumeru Securities Pvt. Ltd.,Sunrise Securities Limited,2026-04-30 12:23:40.164388,Ankhu Khola Jalvidhyut Company Ltd
2026043004006368,AKJCL,39,100,300,357.3,107190.0,2026-04-30,188687934,2788,Sumeru Securities Pvt. Ltd.,Sunrise Securities Limited,2026-04-30 12:23:40.164680,Ankhu Khola Jalvidhyut Company Ltd
2026043004006369,AKJCL,28,100,300,357.2,107160.0,2026-04-30,188687936,2788,Shree Krishna Securities Ltd.,Sunrise Securities Limited,2026-04-30 12:23:40.164975,Ankhu Khola Jalvidhyut Company Ltd
2026043004006370,AKJCL,56,100,1000,357.2,357200.0,2026-04-30,188687938,2788,Sri Hari Securities Pvt. Ltd.,Sunrise Securities Limited,2026-04-30 12:23:40.165264,Ankhu Khola Jalvidhyut Company Ltd
2026043004006371,AKJCL,71,100,3000,357.1,1071300.0,2026-04-30,188687940,2788,SHUBHAKAMANA SECURITIES PVT. LTD,Sunrise Securities Limited,2026-04-30 12:23:40.165573,Ankhu Khola Jalvidhyut Company Ltd
2026043004006372,AKJCL,75,100,5489,357.0,1959573.0,2026-04-30,188687941,2788,N.I.M.B. Stock Markets Limited,Sunrise Securities Limited,2026-04-30 12:23:40.165863,Ankhu Khola Jalvidhyut Company Ltd
2026043004006394,AKJCL,41,50,200,359.1,71820.0,2026-04-30,188688250,2788,Linch Stock Market Ltd.,Cristal Kanchanjanga Securites Pvt. Ltd.,2026-04-30 12:24:16.984336,Ankhu Khola Jalvidhyut Company Ltd
2026043004006395,AKJCL,17,50,1000,358.0,358000.0,2026-04-30,188688252,2788,ABC Securities Private Limited,Cristal Kanchanjanga Securites Pvt. Ltd.,2026-04-30 12:24:16.984455,Ankhu Khola Jalvidhyut Company Ltd
2026043004006396,AKJCL,75,50,276,357.0,98532.0,2026-04-30,188688253,2788,N.I.M.B. Stock Markets Limited,Cristal Kanchanjanga Securites Pvt. Ltd.,2026-04-30 12:24:16.984565,Ankhu Khola Jalvidhyut Company Ltd
2026043004006402,AKJCL,58,58,20,358.0,7160.0,2026-04-30,188688581,2788,Naasa Securities Co. Ltd.,Naasa Securities Co. Ltd.,2026-04-30 12:24:54.273500,Ankhu Khola Jalvidhyut Company Ltd
2026043004006403,AKJCL,88,21,1000,362.0,362000.0,2026-04-30,188688594,2788,Blue Chip Securities Ltd,Midas Stock Broking Company Private Limited,2026-04-30 12:24:55.435806,Ankhu Khola Jalvidhyut Company Ltd
2026043004006523,AKJCL,77,26,50,362.9,18145.0,2026-04-30,188690477,2788,Nabil Stock Dealer Ltd.,Asian Securities Private Ltd.,2026-04-30 12:28:22.129627,Ankhu Khola Jalvidhyut Company Ltd
2026043004006524,AKJCL,77,70,572,363.0,207636.0,2026-04-30,188690479,2788,Nabil Stock Dealer Ltd.,Infinity Securities Limited,2026-04-30 12:28:22.129898,Ankhu Khola Jalvidhyut Company Ltd
2026043004006525,AKJCL,77,62,478,363.0,173514.0,2026-04-30,188690482,2788,Nabil Stock Dealer Ltd.,Capital Max Securities Ltd,2026-04-30 12:28:22.130012,Ankhu Khola Jalvidhyut Company Ltd
2026043004006580,AKJCL,57,62,150,363.0,54450.0,2026-04-30,188691220,2788,Aryatara Investment & Securities,Capital Max Securities Ltd,2026-04-30 12:30:02.214973,Ankhu Khola Jalvidhyut Company Ltd
2026043004006586,AKJCL,14,62,200,363.0,72600.0,2026-04-30,188691330,2788,Nepal Stock House (PVT) Ltd.,Capital Max Securities Ltd,2026-04-30 12:30:20.438926,Ankhu Khola Jalvidhyut Company Ltd
2026043004006684,AKJCL,39,66,100,361.0,36100.0,2026-04-30,188692071,2788,Sumeru Securities Pvt. Ltd.,Miyo Securities Pvt Ltd,2026-04-30 12:31:33.114143,Ankhu Khola Jalvidhyut Company Ltd
2026043004006696,AKJCL,57,62,50,363.0,18150.0,2026-04-30,188692268,2788,Aryatara Investment & Securities,Capital Max Securities Ltd,2026-04-30 12:31:50.577302,Ankhu Khola Jalvidhyut Company Ltd
2026043004006746,AKJCL,63,62,122,363.0,44286.0,2026-04-30,188692617,2788,Himalayan Brokerage Company Limited,Capital Max Securities Ltd,2026-04-30 12:32:27.203061,Ankhu Khola Jalvidhyut Company Ltd
2026043004006747,AKJCL,63,38,878,363.7,319328.6,2026-04-30,188692620,2788,Himalayan Brokerage Company Limited,Dipshikha Dhitopatra Karobar Co. Pvt Ltd.,2026-04-30 12:32:27.203110,Ankhu Khola Jalvidhyut Company Ltd
2026043004006836,AKJCL,59,38,122,363.7,44371.4,2026-04-30,188693475,2788,Deevyaa Securities & Stock House Pvt. Ltd,Dipshikha Dhitopatra Karobar Co. Pvt Ltd.,2026-04-30 12:33:54.935910,Ankhu Khola Jalvidhyut Company Ltd
2026043004006837,AKJCL,59,14,300,363.7,109110.0,2026-04-30,188693477,2788,Deevyaa Securities & Stock House Pvt. Ltd,Nepal Stock House (PVT) Ltd.,2026-04-30 12:33:54.936229,Ankhu Khola Jalvidhyut Company Ltd
2026043004006854,AKJCL,101,33,1000,363.8,363800.0,2026-04-30,188693673,2788,APPLE SECURITIES PRIVATE LIMITED,Dakshinkali Investment & Securities Pvt. Ltd.,2026-04-30 12:34:17.677145,Ankhu Khola Jalvidhyut Company Ltd
2026043004006855,AKJCL,101,16,200,363.9,72780.0,2026-04-30,188693675,2788,APPLE SECURITIES PRIVATE LIMITED,Primo Securities (PVT) Ltd.,2026-04-30 12:34:17.677181,Ankhu Khola Jalvidhyut Company Ltd
2026043004006856,AKJCL,101,66,260,364.0,94640.0,2026-04-30,188693677,2788,APPLE SECURITIES PRIVATE LIMITED,Miyo Securities Pvt Ltd,2026-04-30 12:34:17.677210,Ankhu Khola Jalvidhyut Company Ltd
2026043004006857,AKJCL,101,70,140,364.0,50960.0,2026-04-30,188693680,2788,APPLE SECURITIES PRIVATE LIMITED,Infinity Securities Limited,2026-04-30 12:34:17.677235,Ankhu Khola Jalvidhyut Company Ltd
2026043004006875,AKJCL,49,70,860,364.0,313040.0,2026-04-30,188693835,2788,Online Securities Pvt. Ltd.,Infinity Securities Limited,2026-04-30 12:34:37.500918,Ankhu Khola Jalvidhyut Company Ltd
2026043004006876,AKJCL,49,53,50,364.0,18200.0,2026-04-30,188693837,2788,Online Securities Pvt. Ltd.,Investment Management Nepal Pvt. Ltd.,2026-04-30 12:34:37.501483,Ankhu Khola Jalvidhyut Company Ltd
2026043004006877,AKJCL,49,49,90,364.0,32760.0,2026-04-30,188693840,2788,Online Securities Pvt. Ltd.,Online Securities Pvt. Ltd.,2026-04-30 12:34:37.501841,Ankhu Khola Jalvidhyut Company Ltd
2026043004006911,AKJCL,14,49,100,364.0,36400.0,2026-04-30,188694304,2788,Nepal Stock House (PVT) Ltd.,Online Securities Pvt. Ltd.,2026-04-30 12:35:27.945762,Ankhu Khola Jalvidhyut Company Ltd
2026043004006914,AKJCL,71,49,500,364.0,182000.0,2026-04-30,188694320,2788,SHUBHAKAMANA SECURITIES PVT. LTD,Online Securities Pvt. Ltd.,2026-04-30 12:35:31.555389,Ankhu Khola Jalvidhyut Company Ltd
2026043004006915,AKJCL,4,49,28,364.0,10192.0,2026-04-30,188694328,2788,Opal Securities Investment (PVT) Ltd.,Online Securities Pvt. Ltd.,2026-04-30 12:35:32.686413,Ankhu Khola Jalvidhyut Company Ltd
2026043004006921,AKJCL,64,49,100,364.0,36400.0,2026-04-30,188694362,2788,SUN SECURITIES PVT LTD,Online Securities Pvt. Ltd.,2026-04-30 12:35:37.565130,Ankhu Khola Jalvidhyut Company Ltd
2026043004006926,AKJCL,58,49,25,364.0,9100.0,2026-04-30,188694410,2788,Naasa Securities Co. Ltd.,Online Securities Pvt. Ltd.,2026-04-30 12:35:47.420542,Ankhu Khola Jalvidhyut Company Ltd
2026043004006927,AKJCL,14,49,100,364.0,36400.0,2026-04-30,188694412,2788,Nepal Stock House (PVT) Ltd.,Online Securities Pvt. Ltd.,2026-04-30 12:35:47.676464,Ankhu Khola Jalvidhyut Company Ltd
2026043004006935,AKJCL,71,49,100,364.0,36400.0,2026-04-30,188694522,2788,SHUBHAKAMANA SECURITIES PVT. LTD,Online Securities Pvt. Ltd.,2026-04-30 12:35:57.156982,Ankhu Khola Jalvidhyut Company Ltd
2026043004006944,AKJCL,99,14,250,364.8,91200.0,2026-04-30,188694626,2788,Prabhu Stock Market Limited,Nepal Stock House (PVT) Ltd.,2026-04-30 12:36:08.664497,Ankhu Khola Jalvidhyut Company Ltd
2026043004007007,AKJCL,60,14,150,364.8,54720.0,2026-04-30,188695105,2788,Nagarik Stock Dealer ,Nepal Stock House (PVT) Ltd.,2026-04-30 12:37:13.839480,Ankhu Khola Jalvidhyut Company Ltd
2026043004007008,AKJCL,60,39,850,364.9,310165.0,2026-04-30,188695108,2788,Nagarik Stock Dealer ,Sumeru Securities Pvt. Ltd.,2026-04-30 12:37:13.839749,Ankhu Khola Jalvidhyut Company Ltd
2026043004007026,AKJCL,59,49,22,363.7,8001.4,2026-04-30,188695293,2788,Deevyaa Securities & Stock House Pvt. Ltd,Online Securities Pvt. Ltd.,2026-04-30 12:37:42.077489,Ankhu Khola Jalvidhyut Company Ltd
2026043004007060,AKJCL,59,36,500,363.7,181850.0,2026-04-30,188695711,2788,Deevyaa Securities & Stock House Pvt. Ltd,Secured Securities Ltd.,2026-04-30 12:38:30.647412,Ankhu Khola Jalvidhyut Company Ltd
2026043004007081,AKJCL,41,26,50,364.0,18200.0,2026-04-30,188695946,2788,Linch Stock Market Ltd.,Asian Securities Private Ltd.,2026-04-30 12:39:00.631948,Ankhu Khola Jalvidhyut Company Ltd
2026043004007140,AKJCL,14,8,300,364.0,109200.0,2026-04-30,188696644,2788,Nepal Stock House (PVT) Ltd.,Brilliant Securities Pvt. Ltd.,2026-04-30 12:40:37.308706,Ankhu Khola Jalvidhyut Company Ltd
2026043004007145,AKJCL,41,26,50,363.8,18190.0,2026-04-30,188696671,2788,Linch Stock Market Ltd.,Asian Securities Private Ltd.,2026-04-30 12:40:40.869975,Ankhu Khola Jalvidhyut Company Ltd
2026043004007156,AKJCL,14,8,100,364.0,36400.0,2026-04-30,188696856,2788,Nepal Stock House (PVT) Ltd.,Brilliant Securities Pvt. Ltd.,2026-04-30 12:41:05.421000,Ankhu Khola Jalvidhyut Company Ltd
2026043004007238,AKJCL,59,26,50,363.7,18185.0,2026-04-30,188697553,2788,Deevyaa Securities & Stock House Pvt. Ltd,Asian Securities Private Ltd.,2026-04-30 12:42:38.149870,Ankhu Khola Jalvidhyut Company Ltd
2026043004007240,AKJCL,58,8,40,364.0,14560.0,2026-04-30,188697596,2788,Naasa Securities Co. Ltd.,Brilliant Securities Pvt. Ltd.,2026-04-30 12:42:42.713115,Ankhu Khola Jalvidhyut Company Ltd
2026043004007255,AKJCL,41,26,30,363.4,10902.0,2026-04-30,188697909,2788,Linch Stock Market Ltd.,Asian Securities Private Ltd.,2026-04-30 12:43:23.616778,Ankhu Khola Jalvidhyut Company Ltd
2026043004007327,AKJCL,57,1,25,363.0,9075.0,2026-04-30,188699235,2788,Aryatara Investment & Securities,Kumari Securities Private Limited,2026-04-30 12:44:59.515730,Ankhu Khola Jalvidhyut Company Ltd
2026043004007435,AKJCL,65,8,60,364.0,21840.0,2026-04-30,188701293,2788,Sharepro Securities Private Limited,Brilliant Securities Pvt. Ltd.,2026-04-30 12:49:01.536064,Ankhu Khola Jalvidhyut Company Ltd
2026043004007436,AKJCL,65,86,240,364.0,87360.0,2026-04-30,188701296,2788,Sharepro Securities Private Limited,Stoxkarts Securities Limited,2026-04-30 12:49:01.536413,Ankhu Khola Jalvidhyut Company Ltd
2026043004007512,AKJCL,57,58,25,363.0,9075.0,2026-04-30,188702354,2788,Aryatara Investment & Securities,Naasa Securities Co. Ltd.,2026-04-30 12:51:21.660395,Ankhu Khola Jalvidhyut Company Ltd
