contract_id,symbol,buyer_member_id,seller_member_id,volume,price,amount,buyer_broker,seller_broker,transaction_time
2026043004000003,API,49,48,10,352.6,3526.0,Online Securities Pvt. Ltd.,Trishakti Securities Public Limited,2026-04-30 10:46:00.047985
2026043004000012,API,58,58,100,333.0,33300.0,Naasa Securities Co. Ltd.,Naasa Securities Co. Ltd.,2026-04-30 11:00:30.307675
2026043004000013,API,71,58,400,330.0,132000.0,SHUBHAKAMANA SECURITIES PVT. LTD,Naasa Securities Co. Ltd.,2026-04-30 11:00:30.307707
2026043004000016,API,71,39,100,330.0,33000.0,SHUBHAKAMANA SECURITIES PVT. LTD,Sumeru Securities Pvt. Ltd.,2026-04-30 11:00:37.885370
2026043004000024,API,26,39,20,326.5,6530.0,Asian Securities Private Ltd.,Sumeru Securities Pvt. Ltd.,2026-04-30 11:00:52.947798
2026043004000025,API,71,39,500,326.0,163000.0,SHUBHAKAMANA SECURITIES PVT. LTD,Sumeru Securities Pvt. Ltd.,2026-04-30 11:00:52.947965
2026043004000033,API,34,39,500,326.0,163000.0,Vision Securities Pvt. Ltd,Sumeru Securities Pvt. Ltd.,2026-04-30 11:00:56.352022
2026043004000034,API,13,39,380,326.0,123880.0,Thrive Brokerage House Pvt. Ltd,Sumeru Securities Pvt. Ltd.,2026-04-30 11:00:56.579077
2026043004000220,API,42,57,250,332.0,83000.0,Sani Securities Company Ltd.,Aryatara Investment & Securities,2026-04-30 11:03:32.746460
2026043004000246,API,94,3,100,332.1,33210.0,K.B.L. Securities Limited ,Arun Securities (PVT) Ltd.,2026-04-30 11:04:10.171563
2026043004000265,API,42,3,2710,332.0,899720.0,Sani Securities Company Ltd.,Arun Securities (PVT) Ltd.,2026-04-30 11:04:24.729967
2026043004000272,API,39,14,500,332.1,166050.0,Sumeru Securities Pvt. Ltd.,Nepal Stock House (PVT) Ltd.,2026-04-30 11:04:33.410224
2026043004000273,API,42,14,1040,332.0,345280.0,Sani Securities Company Ltd.,Nepal Stock House (PVT) Ltd.,2026-04-30 11:04:33.410517
2026043004000274,API,38,14,10,332.0,3320.0,Dipshikha Dhitopatra Karobar Co. Pvt Ltd.,Nepal Stock House (PVT) Ltd.,2026-04-30 11:04:33.410686
2026043004000275,API,94,14,100,332.0,33200.0,K.B.L. Securities Limited ,Nepal Stock House (PVT) Ltd.,2026-04-30 11:04:33.410849
2026043004000276,API,58,14,40,331.4,13256.0,Naasa Securities Co. Ltd.,Nepal Stock House (PVT) Ltd.,2026-04-30 11:04:33.411015
2026043004000277,API,59,14,500,331.3,165650.0,Deevyaa Securities & Stock House Pvt. Ltd,Nepal Stock House (PVT) Ltd.,2026-04-30 11:04:33.411188
2026043004000278,API,61,14,500,331.1,165550.0,BHOLE GANESH SECURITIES LTD,Nepal Stock House (PVT) Ltd.,2026-04-30 11:04:33.411352
2026043004000279,API,56,14,5000,331.1,1655500.0,Sri Hari Securities Pvt. Ltd.,Nepal Stock House (PVT) Ltd.,2026-04-30 11:04:33.411516
2026043004000280,API,17,14,100,331.0,33100.0,ABC Securities Private Limited,Nepal Stock House (PVT) Ltd.,2026-04-30 11:04:33.411719
2026043004000281,API,38,14,200,331.0,66200.0,Dipshikha Dhitopatra Karobar Co. Pvt Ltd.,Nepal Stock House (PVT) Ltd.,2026-04-30 11:04:33.411871
2026043004000282,API,58,14,249,331.0,82419.0,Naasa Securities Co. Ltd.,Nepal Stock House (PVT) Ltd.,2026-04-30 11:04:33.412007
2026043004000283,API,45,14,50,330.0,16500.0,Imperial Securities Company Pvt. Ltd.,Nepal Stock House (PVT) Ltd.,2026-04-30 11:04:33.412162
2026043004000289,API,34,14,1000,330.0,330000.0,Vision Securities Pvt. Ltd,Nepal Stock House (PVT) Ltd.,2026-04-30 11:04:35.663398
2026043004000292,API,58,14,300,330.0,99000.0,Naasa Securities Co. Ltd.,Nepal Stock House (PVT) Ltd.,2026-04-30 11:04:44.183288
2026043004000299,API,53,14,300,330.0,99000.0,Investment Management Nepal Pvt. Ltd.,Nepal Stock House (PVT) Ltd.,2026-04-30 11:04:54.402505
2026043004000322,API,88,14,111,330.0,36630.0,Blue Chip Securities Ltd,Nepal Stock House (PVT) Ltd.,2026-04-30 11:04:56.128000
2026043004000323,API,88,19,500,330.0,165000.0,Blue Chip Securities Ltd,Nepal Investment And Securities Trading Private Limited,2026-04-30 11:04:56.128222
2026043004000330,API,34,32,200,335.0,67000.0,Vision Securities Pvt. Ltd,Premier Securities Company Ltd.,2026-04-30 11:05:06.487006
2026043004000331,API,34,57,30,335.7,10071.0,Vision Securities Pvt. Ltd,Aryatara Investment & Securities,2026-04-30 11:05:06.487128
2026043004000332,API,34,14,270,339.9,91773.0,Vision Securities Pvt. Ltd,Nepal Stock House (PVT) Ltd.,2026-04-30 11:05:06.487223
2026043004000581,API,42,49,50,335.0,16750.0,Sani Securities Company Ltd.,Online Securities Pvt. Ltd.,2026-04-30 11:08:36.866441
2026043004000592,API,42,49,10,335.0,3350.0,Sani Securities Company Ltd.,Online Securities Pvt. Ltd.,2026-04-30 11:08:46.565846
2026043004000605,API,42,98,10,334.0,3340.0,Sani Securities Company Ltd.,Trademow Securities Private Limited,2026-04-30 11:09:04.353616
2026043004000606,API,48,98,50,333.0,16650.0,Trishakti Securities Public Limited,Trademow Securities Private Limited,2026-04-30 11:09:04.353971
2026043004000607,API,44,98,250,333.0,83250.0,Dynamic Money Managers Securities Pvt. Ltd.,Trademow Securities Private Limited,2026-04-30 11:09:04.354208
2026043004000648,API,46,49,200,332.0,66400.0,Kalika Securities Pvt. Ltd.,Online Securities Pvt. Ltd.,2026-04-30 11:09:52.546665
2026043004000652,API,58,98,100,333.0,33300.0,Naasa Securities Co. Ltd.,Trademow Securities Private Limited,2026-04-30 11:09:54.122577
2026043004000658,API,50,98,500,333.0,166500.0,Cristal Kanchanjanga Securites Pvt. Ltd.,Trademow Securities Private Limited,2026-04-30 11:10:02.053137
2026043004000659,API,42,59,10,332.1,3321.0,Sani Securities Company Ltd.,Deevyaa Securities & Stock House Pvt. Ltd,2026-04-30 11:10:02.964215
2026043004000660,API,46,59,50,332.0,16600.0,Kalika Securities Pvt. Ltd.,Deevyaa Securities & Stock House Pvt. Ltd,2026-04-30 11:10:02.964458
2026043004000721,API,64,95,50,331.2,16560.0,SUN SECURITIES PVT LTD,Magnet Securities and Investment Company Private Limited,2026-04-30 11:11:03.237089
2026043004000741,API,50,95,50,331.2,16560.0,Cristal Kanchanjanga Securites Pvt. Ltd.,Magnet Securities and Investment Company Private Limited,2026-04-30 11:11:15.786557
2026043004000751,API,36,8,10,331.1,3311.0,Secured Securities Ltd.,Brilliant Securities Pvt. Ltd.,2026-04-30 11:11:21.014654
2026043004000821,API,17,59,100,332.0,33200.0,ABC Securities Private Limited,Deevyaa Securities & Stock House Pvt. Ltd,2026-04-30 11:12:02.324155
2026043004000875,API,41,59,100,332.0,33200.0,Linch Stock Market Ltd.,Deevyaa Securities & Stock House Pvt. Ltd,2026-04-30 11:12:31.314528
2026043004000945,API,58,59,210,332.0,69720.0,Naasa Securities Co. Ltd.,Deevyaa Securities & Stock House Pvt. Ltd,2026-04-30 11:13:22.499781
2026043004000964,API,36,42,23,331.1,7615.3,Secured Securities Ltd.,Sani Securities Company Ltd.,2026-04-30 11:13:40.261257
2026043004000965,API,8,42,100,331.0,33100.0,Brilliant Securities Pvt. Ltd.,Sani Securities Company Ltd.,2026-04-30 11:13:40.261461
2026043004000966,API,58,42,100,331.0,33100.0,Naasa Securities Co. Ltd.,Sani Securities Company Ltd.,2026-04-30 11:13:40.261553
2026043004001004,API,42,42,13,330.5,4296.5,Sani Securities Company Ltd.,Sani Securities Company Ltd.,2026-04-30 11:14:03.204482
2026043004001005,API,51,42,14,330.3,4624.2,Oxford Securities Pvt. Ltd.,Sani Securities Company Ltd.,2026-04-30 11:14:03.204670
2026043004001038,API,51,6,30,330.3,9909.0,Oxford Securities Pvt. Ltd.,Agrawal Securities (PVT) Ltd.,2026-04-30 11:14:20.883676
2026043004001053,API,51,38,356,330.3,117586.8,Oxford Securities Pvt. Ltd.,Dipshikha Dhitopatra Karobar Co. Pvt Ltd.,2026-04-30 11:14:25.731829
2026043004001054,API,58,38,10,330.3,3303.0,Naasa Securities Co. Ltd.,Dipshikha Dhitopatra Karobar Co. Pvt Ltd.,2026-04-30 11:14:25.732212
2026043004001055,API,38,38,100,330.2,33020.0,Dipshikha Dhitopatra Karobar Co. Pvt Ltd.,Dipshikha Dhitopatra Karobar Co. Pvt Ltd.,2026-04-30 11:14:25.732495
2026043004001056,API,65,38,200,330.2,66040.0,Sharepro Securities Private Limited,Dipshikha Dhitopatra Karobar Co. Pvt Ltd.,2026-04-30 11:14:25.732753
2026043004001057,API,44,38,190,330.2,62738.0,Dynamic Money Managers Securities Pvt. Ltd.,Dipshikha Dhitopatra Karobar Co. Pvt Ltd.,2026-04-30 11:14:25.732992
2026043004001058,API,58,38,10,330.2,3302.0,Naasa Securities Co. Ltd.,Dipshikha Dhitopatra Karobar Co. Pvt Ltd.,2026-04-30 11:14:25.733239
2026043004001059,API,39,38,500,330.1,165050.0,Sumeru Securities Pvt. Ltd.,Dipshikha Dhitopatra Karobar Co. Pvt Ltd.,2026-04-30 11:14:25.733499
2026043004001060,API,58,38,300,330.1,99030.0,Naasa Securities Co. Ltd.,Dipshikha Dhitopatra Karobar Co. Pvt Ltd.,2026-04-30 11:14:25.733753
2026043004001061,API,33,38,250,330.1,82525.0,Dakshinkali Investment & Securities Pvt. Ltd.,Dipshikha Dhitopatra Karobar Co. Pvt Ltd.,2026-04-30 11:14:25.733993
2026043004001062,API,57,38,303,330.0,99990.0,Aryatara Investment & Securities,Dipshikha Dhitopatra Karobar Co. Pvt Ltd.,2026-04-30 11:14:25.734239
2026043004001063,API,58,38,48,330.0,15840.0,Naasa Securities Co. Ltd.,Dipshikha Dhitopatra Karobar Co. Pvt Ltd.,2026-04-30 11:14:25.734490
2026043004001064,API,21,38,215,330.0,70950.0,Midas Stock Broking Company Private Limited,Dipshikha Dhitopatra Karobar Co. Pvt Ltd.,2026-04-30 11:14:25.734737
2026043004001065,API,58,38,15,330.0,4950.0,Naasa Securities Co. Ltd.,Dipshikha Dhitopatra Karobar Co. Pvt Ltd.,2026-04-30 11:14:25.734974
2026043004001098,API,38,58,10,331.0,3310.0,Dipshikha Dhitopatra Karobar Co. Pvt Ltd.,Naasa Securities Co. Ltd.,2026-04-30 11:14:49.265539
2026043004001163,API,50,58,80,331.0,26480.0,Cristal Kanchanjanga Securites Pvt. Ltd.,Naasa Securities Co. Ltd.,2026-04-30 11:15:41.611871
2026043004001269,API,58,7,10,330.2,3302.0,Naasa Securities Co. Ltd.,J.F. Securites (PVT) Ltd.,2026-04-30 11:17:15.542503
2026043004001270,API,3,7,31,330.1,10233.1,Arun Securities (PVT) Ltd.,J.F. Securites (PVT) Ltd.,2026-04-30 11:17:15.542954
2026043004001271,API,42,7,150,330.1,49515.0,Sani Securities Company Ltd.,J.F. Securites (PVT) Ltd.,2026-04-30 11:17:15.543257
2026043004001272,API,58,7,85,330.0,28050.0,Naasa Securities Co. Ltd.,J.F. Securites (PVT) Ltd.,2026-04-30 11:17:15.543576
2026043004001273,API,1,7,100,330.0,33000.0,Kumari Securities Private Limited,J.F. Securites (PVT) Ltd.,2026-04-30 11:17:15.543934
2026043004001274,API,84,7,30,330.0,9900.0,MILKY WAY SHARE BROKER COMPANY LTD ,J.F. Securites (PVT) Ltd.,2026-04-30 11:17:15.544292
2026043004001275,API,38,7,50,330.0,16500.0,Dipshikha Dhitopatra Karobar Co. Pvt Ltd.,J.F. Securites (PVT) Ltd.,2026-04-30 11:17:15.544667
2026043004001276,API,8,7,500,330.0,165000.0,Brilliant Securities Pvt. Ltd.,J.F. Securites (PVT) Ltd.,2026-04-30 11:17:15.545038
2026043004001277,API,4,7,100,330.0,33000.0,Opal Securities Investment (PVT) Ltd.,J.F. Securites (PVT) Ltd.,2026-04-30 11:17:15.545434
2026043004001278,API,88,7,139,330.0,45870.0,Blue Chip Securities Ltd,J.F. Securites (PVT) Ltd.,2026-04-30 11:17:15.545840
2026043004001279,API,35,7,90,330.0,29700.0,Kohinoor Investment & Securities Pvt. Ltd.,J.F. Securites (PVT) Ltd.,2026-04-30 11:17:15.546203
2026043004001280,API,34,7,715,329.0,235235.0,Vision Securities Pvt. Ltd,J.F. Securites (PVT) Ltd.,2026-04-30 11:17:15.546592
2026043004001327,API,58,58,23,331.0,7613.0,Naasa Securities Co. Ltd.,Naasa Securities Co. Ltd.,2026-04-30 11:17:42.398205
2026043004001346,API,34,58,41,331.0,13571.0,Vision Securities Pvt. Ltd,Naasa Securities Co. Ltd.,2026-04-30 11:17:55.069008
2026043004001347,API,34,58,11,331.0,3641.0,Vision Securities Pvt. Ltd,Naasa Securities Co. Ltd.,2026-04-30 11:17:55.069042
2026043004001348,API,34,56,148,331.0,48988.0,Vision Securities Pvt. Ltd,Sri Hari Securities Pvt. Ltd.,2026-04-30 11:17:55.069069
2026043004001355,API,58,56,65,331.0,21515.0,Naasa Securities Co. Ltd.,Sri Hari Securities Pvt. Ltd.,2026-04-30 11:18:05.339389
2026043004001395,API,44,18,300,332.0,99600.0,Dynamic Money Managers Securities Pvt. Ltd.,Sagarmatha Securities Private Limited,2026-04-30 11:18:45.140502
2026043004001396,API,44,3,2000,332.5,665000.0,Dynamic Money Managers Securities Pvt. Ltd.,Arun Securities (PVT) Ltd.,2026-04-30 11:18:45.140938
2026043004001397,API,44,90,180,332.5,59850.0,Dynamic Money Managers Securities Pvt. Ltd.,Sajilo Broker Limited,2026-04-30 11:18:45.141230
2026043004001398,API,44,98,2520,333.0,839160.0,Dynamic Money Managers Securities Pvt. Ltd.,Trademow Securities Private Limited,2026-04-30 11:18:45.141543
2026043004001549,API,42,56,54,332.0,17928.0,Sani Securities Company Ltd.,Sri Hari Securities Pvt. Ltd.,2026-04-30 11:20:08.141436
2026043004001569,API,44,56,550,332.0,182600.0,Dynamic Money Managers Securities Pvt. Ltd.,Sri Hari Securities Pvt. Ltd.,2026-04-30 11:20:27.987988
2026043004001570,API,44,98,450,333.0,149850.0,Dynamic Money Managers Securities Pvt. Ltd.,Trademow Securities Private Limited,2026-04-30 11:20:27.988228
2026043004001715,API,58,34,300,331.6,99480.0,Naasa Securities Co. Ltd.,Vision Securities Pvt. Ltd,2026-04-30 11:22:13.960023
2026043004001716,API,48,34,100,331.6,33160.0,Trishakti Securities Public Limited,Vision Securities Pvt. Ltd,2026-04-30 11:22:13.960510
2026043004001717,API,58,34,127,331.5,42100.5,Naasa Securities Co. Ltd.,Vision Securities Pvt. Ltd,2026-04-30 11:22:13.960842
2026043004001783,API,54,3,150,331.2,49680.0,Sewa Securities Pvt. Ltd.,Arun Securities (PVT) Ltd.,2026-04-30 11:22:41.642121
2026043004001784,API,58,3,35,331.0,11585.0,Naasa Securities Co. Ltd.,Arun Securities (PVT) Ltd.,2026-04-30 11:22:41.642641
2026043004001785,API,34,3,2815,331.0,931765.0,Vision Securities Pvt. Ltd,Arun Securities (PVT) Ltd.,2026-04-30 11:22:41.642982
2026043004001911,API,44,26,500,331.3,165650.0,Dynamic Money Managers Securities Pvt. Ltd.,Asian Securities Private Ltd.,2026-04-30 11:23:33.296869
2026043004001917,API,44,58,100,331.3,33130.0,Dynamic Money Managers Securities Pvt. Ltd.,Naasa Securities Co. Ltd.,2026-04-30 11:23:38.525129
2026043004001970,API,34,35,500,332.4,166200.0,Vision Securities Pvt. Ltd,Kohinoor Investment & Securities Pvt. Ltd.,2026-04-30 11:24:09.728775
2026043004001971,API,34,45,500,332.5,166250.0,Vision Securities Pvt. Ltd,Imperial Securities Company Pvt. Ltd.,2026-04-30 11:24:09.728865
2026043004001993,API,76,13,375,331.4,124275.0,Machhapuchchhre Securities Limited,Thrive Brokerage House Pvt. Ltd,2026-04-30 11:24:28.374837
2026043004002075,API,34,50,185,332.0,61420.0,Vision Securities Pvt. Ltd,Cristal Kanchanjanga Securites Pvt. Ltd.,2026-04-30 11:25:18.573272
2026043004002076,API,34,98,120,333.0,39960.0,Vision Securities Pvt. Ltd,Trademow Securities Private Limited,2026-04-30 11:25:18.573334
2026043004002077,API,34,58,400,333.0,133200.0,Vision Securities Pvt. Ltd,Naasa Securities Co. Ltd.,2026-04-30 11:25:18.573374
2026043004002078,API,34,63,295,333.0,98235.0,Vision Securities Pvt. Ltd,Himalayan Brokerage Company Limited,2026-04-30 11:25:18.573418
2026043004002090,API,39,49,50,332.0,16600.0,Sumeru Securities Pvt. Ltd.,Online Securities Pvt. Ltd.,2026-04-30 11:25:36.751647
2026043004002127,API,44,63,205,333.0,68265.0,Dynamic Money Managers Securities Pvt. Ltd.,Himalayan Brokerage Company Limited,2026-04-30 11:26:02.228252
2026043004002128,API,44,33,309,333.0,102897.0,Dynamic Money Managers Securities Pvt. Ltd.,Dakshinkali Investment & Securities Pvt. Ltd.,2026-04-30 11:26:02.228786
2026043004002133,API,44,26,500,333.0,166500.0,Dynamic Money Managers Securities Pvt. Ltd.,Asian Securities Private Ltd.,2026-04-30 11:26:08.128836
2026043004002163,API,42,38,3,330.0,990.0,Sani Securities Company Ltd.,Dipshikha Dhitopatra Karobar Co. Pvt Ltd.,2026-04-30 11:26:26.358126
2026043004002255,API,76,13,61,334.7,20416.7,Machhapuchchhre Securities Limited,Thrive Brokerage House Pvt. Ltd,2026-04-30 11:27:50.559125
2026043004002256,API,76,32,500,334.8,167400.0,Machhapuchchhre Securities Limited,Premier Securities Company Ltd.,2026-04-30 11:27:50.559385
2026043004002257,API,76,38,10,335.0,3350.0,Machhapuchchhre Securities Limited,Dipshikha Dhitopatra Karobar Co. Pvt Ltd.,2026-04-30 11:27:50.559498
2026043004002258,API,76,67,54,335.0,18090.0,Machhapuchchhre Securities Limited,Property Wiard Limited,2026-04-30 11:27:50.559607
2026043004002282,API,65,67,446,335.0,149410.0,Sharepro Securities Private Limited,Property Wiard Limited,2026-04-30 11:28:06.208873
2026043004002283,API,65,57,255,335.0,85425.0,Sharepro Securities Private Limited,Aryatara Investment & Securities,2026-04-30 11:28:06.209125
2026043004002284,API,65,38,6200,335.0,2077000.0,Sharepro Securities Private Limited,Dipshikha Dhitopatra Karobar Co. Pvt Ltd.,2026-04-30 11:28:06.209246
2026043004002318,API,44,22,210,336.0,70560.0,Dynamic Money Managers Securities Pvt. Ltd.,Siprabi Securities Pvt. Ltd.,2026-04-30 11:28:34.583610
2026043004002319,API,44,34,165,336.0,55440.0,Dynamic Money Managers Securities Pvt. Ltd.,Vision Securities Pvt. Ltd,2026-04-30 11:28:34.583841
2026043004002320,API,44,13,380,336.6,127908.0,Dynamic Money Managers Securities Pvt. Ltd.,Thrive Brokerage House Pvt. Ltd,2026-04-30 11:28:34.583951
2026043004002321,API,44,52,59,336.9,19877.1,Dynamic Money Managers Securities Pvt. Ltd.,Sundhara Securities Limited,2026-04-30 11:28:34.584057
2026043004002322,API,44,14,30,336.9,10107.0,Dynamic Money Managers Securities Pvt. Ltd.,Nepal Stock House (PVT) Ltd.,2026-04-30 11:28:34.584164
2026043004002323,API,44,38,55,336.9,18529.5,Dynamic Money Managers Securities Pvt. Ltd.,Dipshikha Dhitopatra Karobar Co. Pvt Ltd.,2026-04-30 11:28:34.584280
2026043004002324,API,44,5,1000,337.0,337000.0,Dynamic Money Managers Securities Pvt. Ltd.,Market Securities & Exchange (PVT) Ltd.,2026-04-30 11:28:34.584401
2026043004002325,API,44,64,687,337.0,231519.0,Dynamic Money Managers Securities Pvt. Ltd.,SUN SECURITIES PVT LTD,2026-04-30 11:28:34.584504
2026043004002344,API,65,1,500,335.0,167500.0,Sharepro Securities Private Limited,Kumari Securities Private Limited,2026-04-30 11:28:53.170329
2026043004002345,API,74,1,500,335.0,167500.0,KALASH STOCK MARKET PVT. LTD.,Kumari Securities Private Limited,2026-04-30 11:28:53.170599
2026043004002410,API,16,45,50,335.5,16775.0,Primo Securities (PVT) Ltd.,Imperial Securities Company Pvt. Ltd.,2026-04-30 11:29:50.832023
2026043004002452,API,16,44,150,335.5,50325.0,Primo Securities (PVT) Ltd.,Dynamic Money Managers Securities Pvt. Ltd.,2026-04-30 11:30:23.104131
2026043004002453,API,74,44,500,335.5,167750.0,KALASH STOCK MARKET PVT. LTD.,Dynamic Money Managers Securities Pvt. Ltd.,2026-04-30 11:30:23.104669
2026043004002463,API,35,43,10,335.0,3350.0,Kohinoor Investment & Securities Pvt. Ltd.,South Asian Bulls Pvt. Ltd.,2026-04-30 11:30:30.975696
2026043004002464,API,38,43,10,335.0,3350.0,Dipshikha Dhitopatra Karobar Co. Pvt Ltd.,South Asian Bulls Pvt. Ltd.,2026-04-30 11:30:30.976013
2026043004002465,API,38,43,14,333.1,4663.4,Dipshikha Dhitopatra Karobar Co. Pvt Ltd.,South Asian Bulls Pvt. Ltd.,2026-04-30 11:30:30.976149
2026043004002490,API,39,43,150,332.0,49800.0,Sumeru Securities Pvt. Ltd.,South Asian Bulls Pvt. Ltd.,2026-04-30 11:30:44.109569
2026043004002491,API,44,43,606,331.9,201131.4,Dynamic Money Managers Securities Pvt. Ltd.,South Asian Bulls Pvt. Ltd.,2026-04-30 11:30:44.110043
2026043004002685,API,41,50,10,332.0,3320.0,Linch Stock Market Ltd.,Cristal Kanchanjanga Securites Pvt. Ltd.,2026-04-30 11:32:56.834566
2026043004002741,API,16,48,500,333.0,166500.0,Primo Securities (PVT) Ltd.,Trishakti Securities Public Limited,2026-04-30 11:33:47.153358
2026043004002785,API,65,39,1000,335.0,335000.0,Sharepro Securities Private Limited,Sumeru Securities Pvt. Ltd.,2026-04-30 11:34:34.353605
2026043004002786,API,65,35,2148,335.0,719580.0,Sharepro Securities Private Limited,Kohinoor Investment & Securities Pvt. Ltd.,2026-04-30 11:34:34.353893
2026043004002798,API,41,62,21,332.0,6972.0,Linch Stock Market Ltd.,Capital Max Securities Ltd,2026-04-30 11:34:42.747188
2026043004003041,API,40,62,300,334.0,100200.0,Creative Securities Pvt Ltd,Capital Max Securities Ltd,2026-04-30 11:37:57.641630
2026043004003042,API,40,25,150,335.0,50250.0,Creative Securities Pvt Ltd,Sweta Securities Private Limited,2026-04-30 11:37:57.642177
2026043004003043,API,40,53,550,335.0,184250.0,Creative Securities Pvt Ltd,Investment Management Nepal Pvt. Ltd.,2026-04-30 11:37:57.642568
2026043004003239,API,36,44,500,332.6,166300.0,Secured Securities Ltd.,Dynamic Money Managers Securities Pvt. Ltd.,2026-04-30 11:40:08.050304
2026043004003240,API,94,44,55,332.5,18287.5,K.B.L. Securities Limited ,Dynamic Money Managers Securities Pvt. Ltd.,2026-04-30 11:40:08.050886
2026043004003241,API,52,44,10,332.3,3323.0,Sundhara Securities Limited,Dynamic Money Managers Securities Pvt. Ltd.,2026-04-30 11:40:08.051282
2026043004003242,API,43,44,400,332.2,132880.0,South Asian Bulls Pvt. Ltd.,Dynamic Money Managers Securities Pvt. Ltd.,2026-04-30 11:40:08.051674
2026043004003243,API,6,44,35,332.1,11623.5,Agrawal Securities (PVT) Ltd.,Dynamic Money Managers Securities Pvt. Ltd.,2026-04-30 11:40:08.052054
2026043004003294,API,6,45,170,332.1,56457.0,Agrawal Securities (PVT) Ltd.,Imperial Securities Company Pvt. Ltd.,2026-04-30 11:41:10.873965
2026043004003314,API,41,58,112,332.2,37206.4,Linch Stock Market Ltd.,Naasa Securities Co. Ltd.,2026-04-30 11:41:56.624963
2026043004003398,API,39,35,200,333.0,66600.0,Sumeru Securities Pvt. Ltd.,Kohinoor Investment & Securities Pvt. Ltd.,2026-04-30 11:43:02.273867
2026043004003400,API,47,35,30,333.0,9990.0,Neev Securities Pvt. Ltd.,Kohinoor Investment & Securities Pvt. Ltd.,2026-04-30 11:43:05.319110
2026043004003436,API,41,19,157,332.2,52155.4,Linch Stock Market Ltd.,Nepal Investment And Securities Trading Private Limited,2026-04-30 11:43:42.551915
2026043004003437,API,19,19,90,332.2,29898.0,Nepal Investment And Securities Trading Private Limited,Nepal Investment And Securities Trading Private Limited,2026-04-30 11:43:42.552346
2026043004003438,API,6,19,1695,332.1,562909.5,Agrawal Securities (PVT) Ltd.,Nepal Investment And Securities Trading Private Limited,2026-04-30 11:43:42.552496
2026043004003439,API,58,19,50,332.0,16600.0,Naasa Securities Co. Ltd.,Nepal Investment And Securities Trading Private Limited,2026-04-30 11:43:42.552629
2026043004003440,API,48,19,900,332.0,298800.0,Trishakti Securities Public Limited,Nepal Investment And Securities Trading Private Limited,2026-04-30 11:43:42.552788
2026043004003441,API,34,19,1000,332.0,332000.0,Vision Securities Pvt. Ltd,Nepal Investment And Securities Trading Private Limited,2026-04-30 11:43:42.552914
2026043004003442,API,17,19,25,332.0,8300.0,ABC Securities Private Limited,Nepal Investment And Securities Trading Private Limited,2026-04-30 11:43:42.553035
2026043004003443,API,35,19,100,332.0,33200.0,Kohinoor Investment & Securities Pvt. Ltd.,Nepal Investment And Securities Trading Private Limited,2026-04-30 11:43:42.553160
2026043004003444,API,44,19,5000,332.0,1660000.0,Dynamic Money Managers Securities Pvt. Ltd.,Nepal Investment And Securities Trading Private Limited,2026-04-30 11:43:42.553285
2026043004003445,API,44,19,394,331.9,130768.6,Dynamic Money Managers Securities Pvt. Ltd.,Nepal Investment And Securities Trading Private Limited,2026-04-30 11:43:42.553435
2026043004003446,API,52,19,500,331.7,165850.0,Sundhara Securities Limited,Nepal Investment And Securities Trading Private Limited,2026-04-30 11:43:42.553566
2026043004003447,API,17,19,500,331.5,165750.0,ABC Securities Private Limited,Nepal Investment And Securities Trading Private Limited,2026-04-30 11:43:42.553699
2026043004003448,API,52,19,300,331.4,99420.0,Sundhara Securities Limited,Nepal Investment And Securities Trading Private Limited,2026-04-30 11:43:42.553825
2026043004003449,API,59,19,100,331.4,33140.0,Deevyaa Securities & Stock House Pvt. Ltd,Nepal Investment And Securities Trading Private Limited,2026-04-30 11:43:42.553964
2026043004003450,API,25,19,10,331.4,3314.0,Sweta Securities Private Limited,Nepal Investment And Securities Trading Private Limited,2026-04-30 11:43:42.554133
2026043004003451,API,45,19,300,331.4,99420.0,Imperial Securities Company Pvt. Ltd.,Nepal Investment And Securities Trading Private Limited,2026-04-30 11:43:42.554259
2026043004003452,API,4,19,1205,331.4,399337.0,Opal Securities Investment (PVT) Ltd.,Nepal Investment And Securities Trading Private Limited,2026-04-30 11:43:42.554387
2026043004003453,API,21,19,500,331.2,165600.0,Midas Stock Broking Company Private Limited,Nepal Investment And Securities Trading Private Limited,2026-04-30 11:43:42.554533
2026043004003454,API,29,19,254,331.1,84099.4,Trisul Securities & Invt. Ltd.,Nepal Investment And Securities Trading Private Limited,2026-04-30 11:43:42.554692
2026043004003455,API,34,19,1185,331.0,392235.0,Vision Securities Pvt. Ltd,Nepal Investment And Securities Trading Private Limited,2026-04-30 11:43:42.554819
2026043004003456,API,60,19,100,331.0,33100.0,Nagarik Stock Dealer ,Nepal Investment And Securities Trading Private Limited,2026-04-30 11:43:42.554973
2026043004003634,API,22,45,50,331.0,16550.0,Siprabi Securities Pvt. Ltd.,Imperial Securities Company Pvt. Ltd.,2026-04-30 11:46:04.638815
2026043004003635,API,42,45,150,330.6,49590.0,Sani Securities Company Ltd.,Imperial Securities Company Pvt. Ltd.,2026-04-30 11:46:04.639119
2026043004003659,API,42,19,50,330.6,16530.0,Sani Securities Company Ltd.,Nepal Investment And Securities Trading Private Limited,2026-04-30 11:46:33.278824
2026043004003660,API,57,19,20,330.5,6610.0,Aryatara Investment & Securities,Nepal Investment And Securities Trading Private Limited,2026-04-30 11:46:33.279455
2026043004003661,API,44,19,5000,330.5,1652500.0,Dynamic Money Managers Securities Pvt. Ltd.,Nepal Investment And Securities Trading Private Limited,2026-04-30 11:46:33.279863
2026043004003662,API,44,19,565,330.3,186619.5,Dynamic Money Managers Securities Pvt. Ltd.,Nepal Investment And Securities Trading Private Limited,2026-04-30 11:46:33.280237
2026043004003678,API,21,7,95,332.0,31540.0,Midas Stock Broking Company Private Limited,J.F. Securites (PVT) Ltd.,2026-04-30 11:46:54.056795
2026043004003807,API,16,21,13,330.5,4296.5,Primo Securities (PVT) Ltd.,Midas Stock Broking Company Private Limited,2026-04-30 11:48:09.977139
2026043004003808,API,64,21,37,330.4,12224.8,SUN SECURITIES PVT LTD,Midas Stock Broking Company Private Limited,2026-04-30 11:48:09.977762
2026043004003928,API,64,14,13,330.4,4295.2,SUN SECURITIES PVT LTD,Nepal Stock House (PVT) Ltd.,2026-04-30 11:49:39.662204
2026043004003929,API,44,14,137,330.3,45251.1,Dynamic Money Managers Securities Pvt. Ltd.,Nepal Stock House (PVT) Ltd.,2026-04-30 11:49:39.662521
2026043004003965,API,6,25,91,331.0,30121.0,Agrawal Securities (PVT) Ltd.,Sweta Securities Private Limited,2026-04-30 11:50:00.028616
2026043004004000,API,58,59,22,331.0,7282.0,Naasa Securities Co. Ltd.,Deevyaa Securities & Stock House Pvt. Ltd,2026-04-30 11:50:46.526011
2026043004004001,API,62,59,22,331.0,7282.0,Capital Max Securities Ltd,Deevyaa Securities & Stock House Pvt. Ltd,2026-04-30 11:50:46.526404
2026043004004006,API,58,59,100,331.0,33100.0,Naasa Securities Co. Ltd.,Deevyaa Securities & Stock House Pvt. Ltd,2026-04-30 11:50:51.029164
2026043004004086,API,49,59,13,331.0,4303.0,Online Securities Pvt. Ltd.,Deevyaa Securities & Stock House Pvt. Ltd,2026-04-30 11:52:16.870971
2026043004004087,API,49,45,10,331.0,3310.0,Online Securities Pvt. Ltd.,Imperial Securities Company Pvt. Ltd.,2026-04-30 11:52:16.871574
2026043004004153,API,49,4,30,331.0,9930.0,Online Securities Pvt. Ltd.,Opal Securities Investment (PVT) Ltd.,2026-04-30 11:53:31.750443
2026043004004174,API,82,57,390,331.9,129441.0,N.M.B. SECURITIES LIMITED,Aryatara Investment & Securities,2026-04-30 11:53:40.179826
2026043004004175,API,42,57,100,331.9,33190.0,Sani Securities Company Ltd.,Aryatara Investment & Securities,2026-04-30 11:53:40.832139
2026043004004392,API,49,48,47,331.0,15557.0,Online Securities Pvt. Ltd.,Trishakti Securities Public Limited,2026-04-30 11:54:55.541422
2026043004004393,API,45,48,59,331.0,19529.0,Imperial Securities Company Pvt. Ltd.,Trishakti Securities Public Limited,2026-04-30 11:54:55.541734
2026043004004433,API,53,44,10,331.1,3311.0,Investment Management Nepal Pvt. Ltd.,Dynamic Money Managers Securities Pvt. Ltd.,2026-04-30 11:55:28.285055
2026043004004434,API,34,57,10,331.9,3319.0,Vision Securities Pvt. Ltd,Aryatara Investment & Securities,2026-04-30 11:55:29.047164
2026043004004435,API,34,7,35,332.0,11620.0,Vision Securities Pvt. Ltd,J.F. Securites (PVT) Ltd.,2026-04-30 11:55:29.047747
2026043004004465,API,53,39,100,331.1,33110.0,Investment Management Nepal Pvt. Ltd.,Sumeru Securities Pvt. Ltd.,2026-04-30 11:56:10.879826
2026043004004514,API,53,19,90,331.1,29799.0,Investment Management Nepal Pvt. Ltd.,Nepal Investment And Securities Trading Private Limited,2026-04-30 11:56:43.173781
2026043004004543,API,47,58,6,331.0,1986.0,Neev Securities Pvt. Ltd.,Naasa Securities Co. Ltd.,2026-04-30 11:57:10.409696
2026043004004547,API,45,35,378,331.0,125118.0,Imperial Securities Company Pvt. Ltd.,Kohinoor Investment & Securities Pvt. Ltd.,2026-04-30 11:57:12.541394
2026043004004591,API,47,58,2,331.0,662.0,Neev Securities Pvt. Ltd.,Naasa Securities Co. Ltd.,2026-04-30 11:57:33.251891
2026043004004607,API,47,54,1,331.0,331.0,Neev Securities Pvt. Ltd.,Sewa Securities Pvt. Ltd.,2026-04-30 11:57:51.751716
2026043004004661,API,82,19,10,331.1,3311.0,N.M.B. SECURITIES LIMITED,Nepal Investment And Securities Trading Private Limited,2026-04-30 11:58:16.155942
2026043004004662,API,82,7,80,332.0,26560.0,N.M.B. SECURITIES LIMITED,J.F. Securites (PVT) Ltd.,2026-04-30 11:58:16.156272
2026043004004663,API,82,16,110,332.0,36520.0,N.M.B. SECURITIES LIMITED,Primo Securities (PVT) Ltd.,2026-04-30 11:58:16.156430
2026043004004674,API,45,96,1855,331.0,614005.0,Imperial Securities Company Pvt. Ltd.,Himalayan Securities Limited,2026-04-30 11:58:23.418600
2026043004004690,API,45,49,100,331.0,33100.0,Imperial Securities Company Pvt. Ltd.,Online Securities Pvt. Ltd.,2026-04-30 11:58:38.082926
2026043004004699,API,54,16,90,332.0,29880.0,Sewa Securities Pvt. Ltd.,Primo Securities (PVT) Ltd.,2026-04-30 11:58:49.295413
2026043004004700,API,54,25,200,332.0,66400.0,Sewa Securities Pvt. Ltd.,Sweta Securities Private Limited,2026-04-30 11:58:49.296036
2026043004004701,API,54,42,450,332.0,149400.0,Sewa Securities Pvt. Ltd.,Sani Securities Company Ltd.,2026-04-30 11:58:49.296508
2026043004004803,API,58,59,2,332.0,664.0,Naasa Securities Co. Ltd.,Deevyaa Securities & Stock House Pvt. Ltd,2026-04-30 12:00:18.610012
2026043004004813,API,82,25,100,332.9,33290.0,N.M.B. SECURITIES LIMITED,Sweta Securities Private Limited,2026-04-30 12:00:36.352169
2026043004004845,API,48,35,50,333.0,16650.0,Trishakti Securities Public Limited,Kohinoor Investment & Securities Pvt. Ltd.,2026-04-30 12:01:26.780966
2026043004004878,API,83,25,10,332.9,3329.0,Sanima Securities Limited,Sweta Securities Private Limited,2026-04-30 12:02:00.876849
2026043004004879,API,83,35,20,333.0,6660.0,Sanima Securities Limited,Kohinoor Investment & Securities Pvt. Ltd.,2026-04-30 12:02:00.877244
2026043004004880,API,83,65,150,333.0,49950.0,Sanima Securities Limited,Sharepro Securities Private Limited,2026-04-30 12:02:00.877562
2026043004004881,API,83,25,70,333.3,23331.0,Sanima Securities Limited,Sweta Securities Private Limited,2026-04-30 12:02:00.877843
2026043004005048,API,72,49,10,332.0,3320.0,Hatemalo Financial Services Private Limited,Online Securities Pvt. Ltd.,2026-04-30 12:04:56.997229
2026043004005049,API,25,49,10,332.0,3320.0,Sweta Securities Private Limited,Online Securities Pvt. Ltd.,2026-04-30 12:04:56.997607
2026043004005075,API,58,25,25,332.9,8322.5,Naasa Securities Co. Ltd.,Sweta Securities Private Limited,2026-04-30 12:05:39.476166
2026043004005117,API,47,49,1,325.0,325.0,Neev Securities Pvt. Ltd.,Online Securities Pvt. Ltd.,2026-04-30 12:06:31.903725
2026043004005128,API,44,45,50,331.3,16565.0,Dynamic Money Managers Securities Pvt. Ltd.,Imperial Securities Company Pvt. Ltd.,2026-04-30 12:06:42.436474
2026043004005157,API,42,39,300,332.0,99600.0,Sani Securities Company Ltd.,Sumeru Securities Pvt. Ltd.,2026-04-30 12:07:15.448381
2026043004005193,API,25,45,50,332.8,16640.0,Sweta Securities Private Limited,Imperial Securities Company Pvt. Ltd.,2026-04-30 12:07:56.886714
2026043004005239,API,58,25,10,332.9,3329.0,Naasa Securities Co. Ltd.,Sweta Securities Private Limited,2026-04-30 12:08:54.254005
2026043004005320,API,58,25,20,331.6,6632.0,Naasa Securities Co. Ltd.,Sweta Securities Private Limited,2026-04-30 12:10:27.188751
2026043004005321,API,44,25,180,331.5,59670.0,Dynamic Money Managers Securities Pvt. Ltd.,Sweta Securities Private Limited,2026-04-30 12:10:27.189518
2026043004005437,API,44,25,320,331.5,106080.0,Dynamic Money Managers Securities Pvt. Ltd.,Sweta Securities Private Limited,2026-04-30 12:11:26.723189
2026043004005438,API,44,25,380,331.3,125894.0,Dynamic Money Managers Securities Pvt. Ltd.,Sweta Securities Private Limited,2026-04-30 12:11:26.723908
2026043004005460,API,44,47,570,331.3,188841.0,Dynamic Money Managers Securities Pvt. Ltd.,Neev Securities Pvt. Ltd.,2026-04-30 12:12:05.881751
2026043004005461,API,1,47,30,331.2,9936.0,Kumari Securities Private Limited,Neev Securities Pvt. Ltd.,2026-04-30 12:12:05.882477
2026043004005580,API,1,41,220,331.2,72864.0,Kumari Securities Private Limited,Linch Stock Market Ltd.,2026-04-30 12:14:23.789711
2026043004005627,API,58,41,10,331.1,3311.0,Naasa Securities Co. Ltd.,Linch Stock Market Ltd.,2026-04-30 12:15:00.471260
2026043004005633,API,45,45,608,331.0,201248.0,Imperial Securities Company Pvt. Ltd.,Imperial Securities Company Pvt. Ltd.,2026-04-30 12:15:02.918074
2026043004005634,API,42,45,500,331.0,165500.0,Sani Securities Company Ltd.,Imperial Securities Company Pvt. Ltd.,2026-04-30 12:15:02.918143
2026043004005635,API,44,45,55,331.0,18205.0,Dynamic Money Managers Securities Pvt. Ltd.,Imperial Securities Company Pvt. Ltd.,2026-04-30 12:15:02.918171
2026043004005636,API,49,45,10,331.0,3310.0,Online Securities Pvt. Ltd.,Imperial Securities Company Pvt. Ltd.,2026-04-30 12:15:02.918195
2026043004005637,API,17,45,34,331.0,11254.0,ABC Securities Private Limited,Imperial Securities Company Pvt. Ltd.,2026-04-30 12:15:02.918241
2026043004005638,API,49,45,1000,331.0,331000.0,Online Securities Pvt. Ltd.,Imperial Securities Company Pvt. Ltd.,2026-04-30 12:15:02.918265
2026043004005639,API,29,45,200,331.0,66200.0,Trisul Securities & Invt. Ltd.,Imperial Securities Company Pvt. Ltd.,2026-04-30 12:15:02.918309
2026043004005640,API,6,45,20,330.7,6614.0,Agrawal Securities (PVT) Ltd.,Imperial Securities Company Pvt. Ltd.,2026-04-30 12:15:02.918341
2026043004005641,API,56,45,1073,330.6,354733.8,Sri Hari Securities Pvt. Ltd.,Imperial Securities Company Pvt. Ltd.,2026-04-30 12:15:02.918368
2026043004005642,API,58,38,20,332.0,6640.0,Naasa Securities Co. Ltd.,Dipshikha Dhitopatra Karobar Co. Pvt Ltd.,2026-04-30 12:15:04.648504
2026043004005689,API,56,41,290,330.6,95874.0,Sri Hari Securities Pvt. Ltd.,Linch Stock Market Ltd.,2026-04-30 12:15:35.226869
2026043004005874,API,47,14,8,330.7,2645.6,Neev Securities Pvt. Ltd.,Nepal Stock House (PVT) Ltd.,2026-04-30 12:18:24.280135
2026043004005922,API,54,49,400,331.0,132400.0,Sewa Securities Pvt. Ltd.,Online Securities Pvt. Ltd.,2026-04-30 12:18:36.863426
2026043004005935,API,8,38,10,330.7,3307.0,Brilliant Securities Pvt. Ltd.,Dipshikha Dhitopatra Karobar Co. Pvt Ltd.,2026-04-30 12:18:59.162578
2026043004006311,API,34,38,280,332.0,92960.0,Vision Securities Pvt. Ltd,Dipshikha Dhitopatra Karobar Co. Pvt Ltd.,2026-04-30 12:22:46.303380
2026043004006312,API,34,52,20,332.8,6656.0,Vision Securities Pvt. Ltd,Sundhara Securities Limited,2026-04-30 12:22:46.303450
2026043004006327,API,8,48,40,331.0,13240.0,Brilliant Securities Pvt. Ltd.,Trishakti Securities Public Limited,2026-04-30 12:23:09.271953
2026043004006328,API,57,48,60,331.0,19860.0,Aryatara Investment & Securities,Trishakti Securities Public Limited,2026-04-30 12:23:09.272694
2026043004006638,API,13,14,50,331.3,16565.0,Thrive Brokerage House Pvt. Ltd,Nepal Stock House (PVT) Ltd.,2026-04-30 12:31:04.046307
2026043004006639,API,44,14,250,331.2,82800.0,Dynamic Money Managers Securities Pvt. Ltd.,Nepal Stock House (PVT) Ltd.,2026-04-30 12:31:04.047098
2026043004006668,API,38,64,2,322.0,644.0,Dipshikha Dhitopatra Karobar Co. Pvt Ltd.,SUN SECURITIES PVT LTD,2026-04-30 12:31:21.064091
2026043004006749,API,38,99,2,322.0,644.0,Dipshikha Dhitopatra Karobar Co. Pvt Ltd.,Prabhu Stock Market Limited,2026-04-30 12:32:29.901830
2026043004006785,API,57,3,300,331.5,99450.0,Aryatara Investment & Securities,Arun Securities (PVT) Ltd.,2026-04-30 12:33:13.792844
2026043004006786,API,57,3,1200,331.3,397560.0,Aryatara Investment & Securities,Arun Securities (PVT) Ltd.,2026-04-30 12:33:13.793627
2026043004006787,API,38,64,2,322.0,644.0,Dipshikha Dhitopatra Karobar Co. Pvt Ltd.,SUN SECURITIES PVT LTD,2026-04-30 12:33:15.099058
2026043004006800,API,45,22,250,332.7,83175.0,Imperial Securities Company Pvt. Ltd.,Siprabi Securities Pvt. Ltd.,2026-04-30 12:33:18.689400
2026043004006803,API,58,3,135,332.0,44820.0,Naasa Securities Co. Ltd.,Arun Securities (PVT) Ltd.,2026-04-30 12:33:20.599231
2026043004006804,API,57,3,300,331.3,99390.0,Aryatara Investment & Securities,Arun Securities (PVT) Ltd.,2026-04-30 12:33:20.600007
2026043004006805,API,44,3,250,331.2,82800.0,Dynamic Money Managers Securities Pvt. Ltd.,Arun Securities (PVT) Ltd.,2026-04-30 12:33:20.600577
2026043004006806,API,58,3,100,331.2,33120.0,Naasa Securities Co. Ltd.,Arun Securities (PVT) Ltd.,2026-04-30 12:33:20.601119
2026043004006807,API,78,3,215,331.2,71208.0,Garima Securities Limited,Arun Securities (PVT) Ltd.,2026-04-30 12:33:20.601682
2026043004006862,API,38,38,1,322.0,322.0,Dipshikha Dhitopatra Karobar Co. Pvt Ltd.,Dipshikha Dhitopatra Karobar Co. Pvt Ltd.,2026-04-30 12:34:22.509006
2026043004006899,API,74,22,50,332.7,16635.0,KALASH STOCK MARKET PVT. LTD.,Siprabi Securities Pvt. Ltd.,2026-04-30 12:35:09.284139
2026043004006909,API,38,38,16,332.0,5312.0,Dipshikha Dhitopatra Karobar Co. Pvt Ltd.,Dipshikha Dhitopatra Karobar Co. Pvt Ltd.,2026-04-30 12:35:25.177626
2026043004006941,API,35,28,31,332.6,10310.6,Kohinoor Investment & Securities Pvt. Ltd.,Shree Krishna Securities Ltd.,2026-04-30 12:36:07.690259
2026043004006976,API,38,38,1,322.7,322.7,Dipshikha Dhitopatra Karobar Co. Pvt Ltd.,Dipshikha Dhitopatra Karobar Co. Pvt Ltd.,2026-04-30 12:36:32.320040
2026043004006987,API,45,22,50,332.7,16635.0,Imperial Securities Company Pvt. Ltd.,Siprabi Securities Pvt. Ltd.,2026-04-30 12:36:51.077444
2026043004006988,API,45,52,48,332.8,15974.4,Imperial Securities Company Pvt. Ltd.,Sundhara Securities Limited,2026-04-30 12:36:51.077829
2026043004007078,API,38,58,2,333.0,666.0,Dipshikha Dhitopatra Karobar Co. Pvt Ltd.,Naasa Securities Co. Ltd.,2026-04-30 12:38:56.733714
2026043004007096,API,49,45,30,332.7,9981.0,Online Securities Pvt. Ltd.,Imperial Securities Company Pvt. Ltd.,2026-04-30 12:39:11.482278
2026043004007097,API,49,52,28,332.8,9318.4,Online Securities Pvt. Ltd.,Sundhara Securities Limited,2026-04-30 12:39:11.482700
2026043004007098,API,49,43,42,332.8,13977.6,Online Securities Pvt. Ltd.,South Asian Bulls Pvt. Ltd.,2026-04-30 12:39:11.482905
2026043004007102,API,35,45,110,332.0,36520.0,Kohinoor Investment & Securities Pvt. Ltd.,Imperial Securities Company Pvt. Ltd.,2026-04-30 12:39:15.781984
2026043004007103,API,28,45,50,332.0,16600.0,Shree Krishna Securities Ltd.,Imperial Securities Company Pvt. Ltd.,2026-04-30 12:39:15.782428
2026043004007125,API,59,45,40,332.0,13280.0,Deevyaa Securities & Stock House Pvt. Ltd,Imperial Securities Company Pvt. Ltd.,2026-04-30 12:40:03.903435
2026043004007126,API,48,1,50,331.4,16570.0,Trishakti Securities Public Limited,Kumari Securities Private Limited,2026-04-30 12:40:04.251406
2026043004007153,API,51,72,100,331.4,33140.0,Oxford Securities Pvt. Ltd.,Hatemalo Financial Services Private Limited,2026-04-30 12:41:04.518190
2026043004007154,API,59,72,10,331.4,3314.0,Deevyaa Securities & Stock House Pvt. Ltd,Hatemalo Financial Services Private Limited,2026-04-30 12:41:04.518766
2026043004007155,API,69,72,190,331.3,62947.0,INDEX SECURITIES LIMITED,Hatemalo Financial Services Private Limited,2026-04-30 12:41:04.518971
2026043004007198,API,95,43,958,332.8,318822.4,Magnet Securities and Investment Company Private Limited,South Asian Bulls Pvt. Ltd.,2026-04-30 12:42:05.421601
2026043004007199,API,95,47,42,332.9,13981.8,Magnet Securities and Investment Company Private Limited,Neev Securities Pvt. Ltd.,2026-04-30 12:42:05.422394
2026043004007232,API,95,22,530,333.0,176490.0,Magnet Securities and Investment Company Private Limited,Siprabi Securities Pvt. Ltd.,2026-04-30 12:42:29.899566
2026043004007351,API,35,38,19,333.0,6327.0,Kohinoor Investment & Securities Pvt. Ltd.,Dipshikha Dhitopatra Karobar Co. Pvt Ltd.,2026-04-30 12:45:59.075208
2026043004007503,API,41,25,25,333.3,8332.5,Linch Stock Market Ltd.,Sweta Securities Private Limited,2026-04-30 12:51:11.053820
2026043004007566,API,45,35,100,334.0,33400.0,Imperial Securities Company Pvt. Ltd.,Kohinoor Investment & Securities Pvt. Ltd.,2026-04-30 12:52:53.952119
2026043004007603,API,21,35,100,334.0,33400.0,Midas Stock Broking Company Private Limited,Kohinoor Investment & Securities Pvt. Ltd.,2026-04-30 12:54:06.670930
2026043004007618,API,42,54,50,333.1,16655.0,Sani Securities Company Ltd.,Sewa Securities Pvt. Ltd.,2026-04-30 12:54:38.637452
2026043004007668,API,4,35,55,334.0,18370.0,Opal Securities Investment (PVT) Ltd.,Kohinoor Investment & Securities Pvt. Ltd.,2026-04-30 12:55:58.045324
2026043004007719,API,38,44,170,334.7,56899.0,Dipshikha Dhitopatra Karobar Co. Pvt Ltd.,Dynamic Money Managers Securities Pvt. Ltd.,2026-04-30 12:57:07.493292
2026043004007801,API,4,14,40,334.0,13360.0,Opal Securities Investment (PVT) Ltd.,Nepal Stock House (PVT) Ltd.,2026-04-30 12:58:45.030281
2026043004007854,API,34,44,20,334.7,6694.0,Vision Securities Pvt. Ltd,Dynamic Money Managers Securities Pvt. Ltd.,2026-04-30 13:00:01.619807
2026043004007869,API,42,44,210,334.7,70287.0,Sani Securities Company Ltd.,Dynamic Money Managers Securities Pvt. Ltd.,2026-04-30 13:00:10.290488
2026043004007870,API,42,48,95,334.7,31796.5,Sani Securities Company Ltd.,Trishakti Securities Public Limited,2026-04-30 13:00:10.290925
2026043004007880,API,47,1,4,331.4,1325.6,Neev Securities Pvt. Ltd.,Kumari Securities Private Limited,2026-04-30 13:00:17.114080
2026043004007905,API,47,38,1,331.5,331.5,Neev Securities Pvt. Ltd.,Dipshikha Dhitopatra Karobar Co. Pvt Ltd.,2026-04-30 13:00:38.485231
2026043004007927,API,35,48,20,334.7,6694.0,Kohinoor Investment & Securities Pvt. Ltd.,Trishakti Securities Public Limited,2026-04-30 13:01:07.707078
2026043004007950,API,87,48,780,334.7,261066.0,S.P.S.A. Securities Limited,Trishakti Securities Public Limited,2026-04-30 13:01:30.956402
2026043004007951,API,87,44,220,334.8,73656.0,S.P.S.A. Securities Limited,Dynamic Money Managers Securities Pvt. Ltd.,2026-04-30 13:01:30.956840
2026043004007992,API,1,44,100,334.8,33480.0,Kumari Securities Private Limited,Dynamic Money Managers Securities Pvt. Ltd.,2026-04-30 13:02:13.964280
2026043004008002,API,58,44,30,334.8,10044.0,Naasa Securities Co. Ltd.,Dynamic Money Managers Securities Pvt. Ltd.,2026-04-30 13:02:35.975655
2026043004008003,API,58,16,20,334.9,6698.0,Naasa Securities Co. Ltd.,Primo Securities (PVT) Ltd.,2026-04-30 13:02:35.975759
2026043004008005,API,4,16,52,334.9,17414.8,Opal Securities Investment (PVT) Ltd.,Primo Securities (PVT) Ltd.,2026-04-30 13:02:39.177356
2026043004008062,API,57,16,28,334.9,9377.2,Aryatara Investment & Securities,Primo Securities (PVT) Ltd.,2026-04-30 13:03:30.175831
2026043004008063,API,57,78,272,334.9,91092.8,Aryatara Investment & Securities,Garima Securities Limited,2026-04-30 13:03:30.176753
2026043004008102,API,58,78,10,334.9,3349.0,Naasa Securities Co. Ltd.,Garima Securities Limited,2026-04-30 13:03:49.591361
2026043004008112,API,57,78,150,334.9,50235.0,Aryatara Investment & Securities,Garima Securities Limited,2026-04-30 13:03:57.517421
2026043004008121,API,34,54,1,332.9,332.9,Vision Securities Pvt. Ltd,Sewa Securities Pvt. Ltd.,2026-04-30 13:04:06.449803
2026043004008131,API,34,57,1,333.0,333.0,Vision Securities Pvt. Ltd,Aryatara Investment & Securities,2026-04-30 13:04:14.805617
2026043004008382,API,45,78,250,334.9,83725.0,Imperial Securities Company Pvt. Ltd.,Garima Securities Limited,2026-04-30 13:08:12.422725
2026043004008404,API,16,53,200,335.0,67000.0,Primo Securities (PVT) Ltd.,Investment Management Nepal Pvt. Ltd.,2026-04-30 13:08:39.443596
2026043004008454,API,58,53,20,335.0,6700.0,Naasa Securities Co. Ltd.,Investment Management Nepal Pvt. Ltd.,2026-04-30 13:09:19.189878
2026043004008477,API,45,53,230,335.0,77050.0,Imperial Securities Company Pvt. Ltd.,Investment Management Nepal Pvt. Ltd.,2026-04-30 13:09:44.765884
2026043004008478,API,45,50,75,335.0,25125.0,Imperial Securities Company Pvt. Ltd.,Cristal Kanchanjanga Securites Pvt. Ltd.,2026-04-30 13:09:44.766322
2026043004008479,API,45,42,435,335.0,145725.0,Imperial Securities Company Pvt. Ltd.,Sani Securities Company Ltd.,2026-04-30 13:09:44.766517
2026043004008480,API,45,64,500,335.0,167500.0,Imperial Securities Company Pvt. Ltd.,SUN SECURITIES PVT LTD,2026-04-30 13:09:44.766714
2026043004008481,API,45,41,110,335.0,36850.0,Imperial Securities Company Pvt. Ltd.,Linch Stock Market Ltd.,2026-04-30 13:09:44.766897
2026043004008482,API,45,41,100,335.0,33500.0,Imperial Securities Company Pvt. Ltd.,Linch Stock Market Ltd.,2026-04-30 13:09:44.767087
2026043004008483,API,45,38,20,335.0,6700.0,Imperial Securities Company Pvt. Ltd.,Dipshikha Dhitopatra Karobar Co. Pvt Ltd.,2026-04-30 13:09:44.767279
2026043004008484,API,45,38,450,335.0,150750.0,Imperial Securities Company Pvt. Ltd.,Dipshikha Dhitopatra Karobar Co. Pvt Ltd.,2026-04-30 13:09:44.767472
2026043004008485,API,45,25,55,335.0,18425.0,Imperial Securities Company Pvt. Ltd.,Sweta Securities Private Limited,2026-04-30 13:09:44.767686
2026043004008595,API,58,41,10,335.6,3356.0,Naasa Securities Co. Ltd.,Linch Stock Market Ltd.,2026-04-30 13:11:07.925474
2026043004008596,API,58,46,490,335.6,164444.0,Naasa Securities Co. Ltd.,Kalika Securities Pvt. Ltd.,2026-04-30 13:11:07.925879
2026043004008750,API,54,46,10,335.6,3356.0,Sewa Securities Pvt. Ltd.,Kalika Securities Pvt. Ltd.,2026-04-30 13:12:58.266716
2026043004008751,API,54,41,22,336.0,7392.0,Sewa Securities Pvt. Ltd.,Linch Stock Market Ltd.,2026-04-30 13:12:58.267524
2026043004008777,API,54,44,168,336.8,56582.4,Sewa Securities Pvt. Ltd.,Dynamic Money Managers Securities Pvt. Ltd.,2026-04-30 13:13:19.001266
2026043004008825,API,26,44,300,336.8,101040.0,Asian Securities Private Ltd.,Dynamic Money Managers Securities Pvt. Ltd.,2026-04-30 13:14:07.122250
2026043004008864,API,36,44,32,336.8,10777.6,Secured Securities Ltd.,Dynamic Money Managers Securities Pvt. Ltd.,2026-04-30 13:14:37.304090
2026043004008865,API,36,64,168,337.0,56616.0,Secured Securities Ltd.,SUN SECURITIES PVT LTD,2026-04-30 13:14:37.304145
2026043004008998,API,58,64,145,337.0,48865.0,Naasa Securities Co. Ltd.,SUN SECURITIES PVT LTD,2026-04-30 13:16:17.372993
2026043004008999,API,58,58,355,337.0,119635.0,Naasa Securities Co. Ltd.,Naasa Securities Co. Ltd.,2026-04-30 13:16:17.373478
2026043004009029,API,58,58,200,337.0,67400.0,Naasa Securities Co. Ltd.,Naasa Securities Co. Ltd.,2026-04-30 13:16:52.530546
2026043004009076,API,4,58,21,337.0,7077.0,Opal Securities Investment (PVT) Ltd.,Naasa Securities Co. Ltd.,2026-04-30 13:17:18.987420
2026043004009168,API,59,58,14,337.0,4718.0,Deevyaa Securities & Stock House Pvt. Ltd,Naasa Securities Co. Ltd.,2026-04-30 13:18:39.997517
2026043004009332,API,59,4,11,337.0,3707.0,Deevyaa Securities & Stock House Pvt. Ltd,Opal Securities Investment (PVT) Ltd.,2026-04-30 13:20:00.455523
2026043004009333,API,13,4,41,337.0,13817.0,Thrive Brokerage House Pvt. Ltd,Opal Securities Investment (PVT) Ltd.,2026-04-30 13:20:00.456406
2026043004009354,API,13,45,59,337.0,19883.0,Thrive Brokerage House Pvt. Ltd,Imperial Securities Company Pvt. Ltd.,2026-04-30 13:20:07.723922
2026043004009426,API,17,85,178,336.0,59808.0,ABC Securities Private Limited,Capital Hub P. Ltd,2026-04-30 13:20:28.200193
2026043004009429,API,17,61,122,336.0,40992.0,ABC Securities Private Limited,BHOLE GANESH SECURITIES LTD,2026-04-30 13:20:28.396909
2026043004009430,API,71,61,1000,335.0,335000.0,SHUBHAKAMANA SECURITIES PVT. LTD,BHOLE GANESH SECURITIES LTD,2026-04-30 13:20:28.397345
2026043004009431,API,49,61,70,335.0,23450.0,Online Securities Pvt. Ltd.,BHOLE GANESH SECURITIES LTD,2026-04-30 13:20:28.397554
2026043004009432,API,36,61,100,334.9,33490.0,Secured Securities Ltd.,BHOLE GANESH SECURITIES LTD,2026-04-30 13:20:28.397781
2026043004009433,API,25,61,100,334.2,33420.0,Sweta Securities Private Limited,BHOLE GANESH SECURITIES LTD,2026-04-30 13:20:28.397991
2026043004009434,API,87,61,316,334.1,105575.6,S.P.S.A. Securities Limited,BHOLE GANESH SECURITIES LTD,2026-04-30 13:20:28.398216
2026043004009456,API,25,53,160,336.0,53760.0,Sweta Securities Private Limited,Investment Management Nepal Pvt. Ltd.,2026-04-30 13:20:37.822207
2026043004009484,API,34,53,200,336.0,67200.0,Vision Securities Pvt. Ltd,Investment Management Nepal Pvt. Ltd.,2026-04-30 13:20:47.278824
2026043004009683,API,87,19,500,334.1,167050.0,S.P.S.A. Securities Limited,Nepal Investment And Securities Trading Private Limited,2026-04-30 13:23:05.999752
2026043004009803,API,87,14,184,334.1,61474.4,S.P.S.A. Securities Limited,Nepal Stock House (PVT) Ltd.,2026-04-30 13:25:39.096579
2026043004009837,API,7,14,15,334.1,5011.5,J.F. Securites (PVT) Ltd.,Nepal Stock House (PVT) Ltd.,2026-04-30 13:26:30.882769
2026043004009874,API,4,99,93,334.0,31062.0,Opal Securities Investment (PVT) Ltd.,Prabhu Stock Market Limited,2026-04-30 13:27:24.396011
2026043004009900,API,34,22,1,332.0,332.0,Vision Securities Pvt. Ltd,Siprabi Securities Pvt. Ltd.,2026-04-30 13:28:19.656189
2026043004009937,API,17,14,75,334.1,25057.5,ABC Securities Private Limited,Nepal Stock House (PVT) Ltd.,2026-04-30 13:29:24.367855
2026043004009949,API,4,14,26,334.0,8684.0,Opal Securities Investment (PVT) Ltd.,Nepal Stock House (PVT) Ltd.,2026-04-30 13:29:49.521488
2026043004009991,API,47,41,7,332.0,2324.0,Neev Securities Pvt. Ltd.,Linch Stock Market Ltd.,2026-04-30 13:30:51.991063
2026043004010134,API,4,58,18,334.0,6012.0,Opal Securities Investment (PVT) Ltd.,Naasa Securities Co. Ltd.,2026-04-30 13:36:27.647721
2026043004010208,API,4,45,15,334.0,5010.0,Opal Securities Investment (PVT) Ltd.,Imperial Securities Company Pvt. Ltd.,2026-04-30 13:39:08.842576
2026043004010357,API,45,42,44,335.0,14740.0,Imperial Securities Company Pvt. Ltd.,Sani Securities Company Ltd.,2026-04-30 13:44:34.320246
2026043004010422,API,54,39,200,335.5,67100.0,Sewa Securities Pvt. Ltd.,Sumeru Securities Pvt. Ltd.,2026-04-30 13:45:50.917280
2026043004010433,API,58,47,10,335.8,3358.0,Naasa Securities Co. Ltd.,Neev Securities Pvt. Ltd.,2026-04-30 13:45:59.637130
2026043004010493,API,58,39,300,335.8,100740.0,Naasa Securities Co. Ltd.,Sumeru Securities Pvt. Ltd.,2026-04-30 13:46:31.189809
2026043004010562,API,44,38,1500,335.9,503850.0,Dynamic Money Managers Securities Pvt. Ltd.,Dipshikha Dhitopatra Karobar Co. Pvt Ltd.,2026-04-30 13:49:03.635748
2026043004010572,API,58,5,40,335.8,13432.0,Naasa Securities Co. Ltd.,Market Securities & Exchange (PVT) Ltd.,2026-04-30 13:49:36.219780
2026043004010573,API,45,5,56,335.0,18760.0,Imperial Securities Company Pvt. Ltd.,Market Securities & Exchange (PVT) Ltd.,2026-04-30 13:49:36.220759
2026043004010574,API,34,5,25,335.0,8375.0,Vision Securities Pvt. Ltd,Market Securities & Exchange (PVT) Ltd.,2026-04-30 13:49:36.221426
2026043004010575,API,58,5,148,335.0,49580.0,Naasa Securities Co. Ltd.,Market Securities & Exchange (PVT) Ltd.,2026-04-30 13:49:36.222048
2026043004010639,API,48,5,31,335.0,10385.0,Trishakti Securities Public Limited,Market Securities & Exchange (PVT) Ltd.,2026-04-30 13:51:39.287710
2026043004010717,API,62,53,30,336.0,10080.0,Capital Max Securities Ltd,Investment Management Nepal Pvt. Ltd.,2026-04-30 13:53:59.198802
2026043004010810,API,22,53,35,336.0,11760.0,Siprabi Securities Pvt. Ltd.,Investment Management Nepal Pvt. Ltd.,2026-04-30 13:56:30.723473
2026043004010844,API,46,53,50,336.0,16800.0,Kalika Securities Pvt. Ltd.,Investment Management Nepal Pvt. Ltd.,2026-04-30 13:58:15.244932
2026043004010928,API,25,3,100,334.5,33450.0,Sweta Securities Private Limited,Arun Securities (PVT) Ltd.,2026-04-30 14:01:07.097558
2026043004010929,API,56,3,1900,334.2,634980.0,Sri Hari Securities Pvt. Ltd.,Arun Securities (PVT) Ltd.,2026-04-30 14:01:07.098059
2026043004011044,API,56,47,400,334.2,133680.0,Sri Hari Securities Pvt. Ltd.,Neev Securities Pvt. Ltd.,2026-04-30 14:03:06.282569
2026043004011058,API,56,34,500,334.2,167100.0,Sri Hari Securities Pvt. Ltd.,Vision Securities Pvt. Ltd,2026-04-30 14:03:16.671435
2026043004011112,API,56,34,200,334.2,66840.0,Sri Hari Securities Pvt. Ltd.,Vision Securities Pvt. Ltd,2026-04-30 14:04:21.506022
2026043004011113,API,47,34,300,334.1,100230.0,Neev Securities Pvt. Ltd.,Vision Securities Pvt. Ltd,2026-04-30 14:04:21.506557
2026043004011128,API,42,36,148,335.0,49580.0,Sani Securities Company Ltd.,Secured Securities Ltd.,2026-04-30 14:04:29.891649
2026043004011177,API,47,36,52,335.0,17420.0,Neev Securities Pvt. Ltd.,Secured Securities Ltd.,2026-04-30 14:05:39.959554
2026043004011234,API,47,53,340,335.0,113900.0,Neev Securities Pvt. Ltd.,Investment Management Nepal Pvt. Ltd.,2026-04-30 14:07:17.678205
2026043004011380,API,47,45,100,335.0,33500.0,Neev Securities Pvt. Ltd.,Imperial Securities Company Pvt. Ltd.,2026-04-30 14:11:19.807361
2026043004011486,API,47,42,58,335.0,19430.0,Neev Securities Pvt. Ltd.,Sani Securities Company Ltd.,2026-04-30 14:14:58.298156
2026043004011487,API,35,42,12,335.0,4020.0,Kohinoor Investment & Securities Pvt. Ltd.,Sani Securities Company Ltd.,2026-04-30 14:14:58.298661
2026043004011490,API,42,49,2,325.0,650.0,Sani Securities Company Ltd.,Online Securities Pvt. Ltd.,2026-04-30 14:15:11.053843
2026043004011619,API,51,38,200,335.5,67100.0,Oxford Securities Pvt. Ltd.,Dipshikha Dhitopatra Karobar Co. Pvt Ltd.,2026-04-30 14:18:38.074584
2026043004011631,API,51,77,10,335.5,3355.0,Oxford Securities Pvt. Ltd.,Nabil Stock Dealer Ltd.,2026-04-30 14:18:50.276723
2026043004011656,API,34,38,40,335.6,13424.0,Vision Securities Pvt. Ltd,Dipshikha Dhitopatra Karobar Co. Pvt Ltd.,2026-04-30 14:19:25.795922
2026043004011685,API,51,1,90,335.5,30195.0,Oxford Securities Pvt. Ltd.,Kumari Securities Private Limited,2026-04-30 14:20:09.009257
2026043004011744,API,46,1,40,335.5,13420.0,Kalika Securities Pvt. Ltd.,Kumari Securities Private Limited,2026-04-30 14:21:29.196993
2026043004011778,API,35,58,88,335.0,29480.0,Kohinoor Investment & Securities Pvt. Ltd.,Naasa Securities Co. Ltd.,2026-04-30 14:22:11.396837
2026043004011779,API,36,58,20,335.0,6700.0,Secured Securities Ltd.,Naasa Securities Co. Ltd.,2026-04-30 14:22:11.396941
2026043004011780,API,45,58,20,334.5,6690.0,Imperial Securities Company Pvt. Ltd.,Naasa Securities Co. Ltd.,2026-04-30 14:22:11.396978
2026043004011781,API,56,58,572,334.3,191219.6,Sri Hari Securities Pvt. Ltd.,Naasa Securities Co. Ltd.,2026-04-30 14:22:11.397003
2026043004011885,API,75,45,460,335.4,154284.0,N.I.M.B. Stock Markets Limited,Imperial Securities Company Pvt. Ltd.,2026-04-30 14:24:11.161004
2026043004011886,API,75,1,540,335.5,181170.0,N.I.M.B. Stock Markets Limited,Kumari Securities Private Limited,2026-04-30 14:24:11.161975
2026043004011996,API,58,1,25,335.5,8387.5,Naasa Securities Co. Ltd.,Kumari Securities Private Limited,2026-04-30 14:25:52.406703
2026043004012052,API,26,1,3000,335.5,1006500.0,Asian Securities Private Ltd.,Kumari Securities Private Limited,2026-04-30 14:27:26.156600
2026043004012110,API,74,1,400,335.5,134200.0,KALASH STOCK MARKET PVT. LTD.,Kumari Securities Private Limited,2026-04-30 14:28:29.718167
2026043004012116,API,38,44,20,335.4,6708.0,Dipshikha Dhitopatra Karobar Co. Pvt Ltd.,Dynamic Money Managers Securities Pvt. Ltd.,2026-04-30 14:28:39.617610
2026043004012147,API,62,44,280,335.4,93912.0,Capital Max Securities Ltd,Dynamic Money Managers Securities Pvt. Ltd.,2026-04-30 14:29:07.011069
2026043004012148,API,62,1,20,335.5,6710.0,Capital Max Securities Ltd,Kumari Securities Private Limited,2026-04-30 14:29:07.012056
2026043004012152,API,42,43,9,327.7,2949.3,Sani Securities Company Ltd.,South Asian Bulls Pvt. Ltd.,2026-04-30 14:29:11.401396
2026043004012224,API,58,44,20,335.0,6700.0,Naasa Securities Co. Ltd.,Dynamic Money Managers Securities Pvt. Ltd.,2026-04-30 14:30:07.982051
2026043004012225,API,67,44,280,335.0,93800.0,Property Wiard Limited,Dynamic Money Managers Securities Pvt. Ltd.,2026-04-30 14:30:07.982572
2026043004012244,API,57,1,7000,335.5,2348500.0,Aryatara Investment & Securities,Kumari Securities Private Limited,2026-04-30 14:30:25.915137
2026043004012281,API,62,1,564,335.5,189222.0,Capital Max Securities Ltd,Kumari Securities Private Limited,2026-04-30 14:30:49.699647
2026043004012289,API,62,38,191,335.6,64099.6,Capital Max Securities Ltd,Dipshikha Dhitopatra Karobar Co. Pvt Ltd.,2026-04-30 14:31:04.873256
2026043004012333,API,62,44,100,335.9,33590.0,Capital Max Securities Ltd,Dynamic Money Managers Securities Pvt. Ltd.,2026-04-30 14:31:40.191480
2026043004012334,API,62,53,25,335.9,8397.5,Capital Max Securities Ltd,Investment Management Nepal Pvt. Ltd.,2026-04-30 14:31:40.192028
2026043004012335,API,62,17,50,336.0,16800.0,Capital Max Securities Ltd,ABC Securities Private Limited,2026-04-30 14:31:40.192275
2026043004012336,API,62,38,70,336.0,23520.0,Capital Max Securities Ltd,Dipshikha Dhitopatra Karobar Co. Pvt Ltd.,2026-04-30 14:31:40.192542
2026043004012468,API,95,21,40,335.7,13428.0,Magnet Securities and Investment Company Private Limited,Midas Stock Broking Company Private Limited,2026-04-30 14:33:05.437691
2026043004012484,API,34,38,20,336.0,6720.0,Vision Securities Pvt. Ltd,Dipshikha Dhitopatra Karobar Co. Pvt Ltd.,2026-04-30 14:33:14.948112
2026043004012486,API,95,38,960,336.0,322560.0,Magnet Securities and Investment Company Private Limited,Dipshikha Dhitopatra Karobar Co. Pvt Ltd.,2026-04-30 14:33:17.339925
2026043004012495,API,34,5,6,333.0,1998.0,Vision Securities Pvt. Ltd,Market Securities & Exchange (PVT) Ltd.,2026-04-30 14:33:25.938290
2026043004012546,API,58,38,350,336.0,117600.0,Naasa Securities Co. Ltd.,Dipshikha Dhitopatra Karobar Co. Pvt Ltd.,2026-04-30 14:34:12.484493
2026043004012547,API,58,38,325,336.0,109200.0,Naasa Securities Co. Ltd.,Dipshikha Dhitopatra Karobar Co. Pvt Ltd.,2026-04-30 14:34:12.485504
2026043004012548,API,58,94,900,336.0,302400.0,Naasa Securities Co. Ltd.,K.B.L. Securities Limited ,2026-04-30 14:34:12.486185
2026043004012549,API,58,44,70,336.0,23520.0,Naasa Securities Co. Ltd.,Dynamic Money Managers Securities Pvt. Ltd.,2026-04-30 14:34:12.486869
2026043004012550,API,58,37,355,336.5,119457.5,Naasa Securities Co. Ltd.,Swarna Laxmi Securities Pvt. Ltd.,2026-04-30 14:34:12.487556
2026043004012553,API,38,45,10,336.0,3360.0,Dipshikha Dhitopatra Karobar Co. Pvt Ltd.,Imperial Securities Company Pvt. Ltd.,2026-04-30 14:34:16.968242
2026043004012735,API,80,45,30,336.4,10092.0,Indira securities pvt. ltd,Imperial Securities Company Pvt. Ltd.,2026-04-30 14:36:56.221790
2026043004012736,API,80,37,145,336.5,48792.5,Indira securities pvt. ltd,Swarna Laxmi Securities Pvt. Ltd.,2026-04-30 14:36:56.222328
2026043004012737,API,80,38,10,337.0,3370.0,Indira securities pvt. ltd,Dipshikha Dhitopatra Karobar Co. Pvt Ltd.,2026-04-30 14:36:56.222568
2026043004012738,API,80,67,10,337.0,3370.0,Indira securities pvt. ltd,Property Wiard Limited,2026-04-30 14:36:56.222792
2026043004012739,API,80,45,118,337.8,39860.4,Indira securities pvt. ltd,Imperial Securities Company Pvt. Ltd.,2026-04-30 14:36:56.223015
2026043004012740,API,80,44,200,337.9,67580.0,Indira securities pvt. ltd,Dynamic Money Managers Securities Pvt. Ltd.,2026-04-30 14:36:56.223240
2026043004012741,API,80,45,141,337.9,47643.9,Indira securities pvt. ltd,Imperial Securities Company Pvt. Ltd.,2026-04-30 14:36:56.223466
2026043004012742,API,80,6,10,338.0,3380.0,Indira securities pvt. ltd,Agrawal Securities (PVT) Ltd.,2026-04-30 14:36:56.223694
2026043004012743,API,80,38,1000,338.0,338000.0,Indira securities pvt. ltd,Dipshikha Dhitopatra Karobar Co. Pvt Ltd.,2026-04-30 14:36:56.223917
2026043004012744,API,80,39,500,338.0,169000.0,Indira securities pvt. ltd,Sumeru Securities Pvt. Ltd.,2026-04-30 14:36:56.224135
2026043004012745,API,80,45,50,338.0,16900.0,Indira securities pvt. ltd,Imperial Securities Company Pvt. Ltd.,2026-04-30 14:36:56.224359
2026043004012746,API,80,38,500,338.0,169000.0,Indira securities pvt. ltd,Dipshikha Dhitopatra Karobar Co. Pvt Ltd.,2026-04-30 14:36:56.224580
2026043004012747,API,80,34,286,338.0,96668.0,Indira securities pvt. ltd,Vision Securities Pvt. Ltd,2026-04-30 14:36:56.224799
2026043004012830,API,38,14,20,336.0,6720.0,Dipshikha Dhitopatra Karobar Co. Pvt Ltd.,Nepal Stock House (PVT) Ltd.,2026-04-30 14:37:56.830357
2026043004012831,API,42,14,400,336.0,134400.0,Sani Securities Company Ltd.,Nepal Stock House (PVT) Ltd.,2026-04-30 14:37:56.831342
2026043004012832,API,58,14,115,336.0,38640.0,Naasa Securities Co. Ltd.,Nepal Stock House (PVT) Ltd.,2026-04-30 14:37:56.832003
2026043004012833,API,59,14,10,336.0,3360.0,Deevyaa Securities & Stock House Pvt. Ltd,Nepal Stock House (PVT) Ltd.,2026-04-30 14:37:56.832672
2026043004012834,API,47,14,12,335.5,4026.0,Neev Securities Pvt. Ltd.,Nepal Stock House (PVT) Ltd.,2026-04-30 14:37:56.833340
2026043004012835,API,35,14,943,335.1,315999.3,Kohinoor Investment & Securities Pvt. Ltd.,Nepal Stock House (PVT) Ltd.,2026-04-30 14:37:56.833974
2026043004012863,API,34,45,30,337.9,10137.0,Vision Securities Pvt. Ltd,Imperial Securities Company Pvt. Ltd.,2026-04-30 14:38:12.323215
2026043004012906,API,34,32,35,337.9,11826.5,Vision Securities Pvt. Ltd,Premier Securities Company Ltd.,2026-04-30 14:38:51.121380
2026043004012973,API,34,26,25,337.9,8447.5,Vision Securities Pvt. Ltd,Asian Securities Private Ltd.,2026-04-30 14:39:36.690925
2026043004013057,API,38,26,50,336.0,16800.0,Dipshikha Dhitopatra Karobar Co. Pvt Ltd.,Asian Securities Private Ltd.,2026-04-30 14:40:27.145903
2026043004013137,API,38,14,50,336.0,16800.0,Dipshikha Dhitopatra Karobar Co. Pvt Ltd.,Nepal Stock House (PVT) Ltd.,2026-04-30 14:41:17.476164
2026043004013138,API,74,14,50,336.0,16800.0,KALASH STOCK MARKET PVT. LTD.,Nepal Stock House (PVT) Ltd.,2026-04-30 14:41:17.476705
2026043004013159,API,35,38,3000,335.1,1005300.0,Kohinoor Investment & Securities Pvt. Ltd.,Dipshikha Dhitopatra Karobar Co. Pvt Ltd.,2026-04-30 14:41:37.416911
2026043004013237,API,17,14,340,336.0,114240.0,ABC Securities Private Limited,Nepal Stock House (PVT) Ltd.,2026-04-30 14:42:24.862773
2026043004013238,API,17,26,25,336.9,8422.5,ABC Securities Private Limited,Asian Securities Private Ltd.,2026-04-30 14:42:24.862852
2026043004013239,API,17,42,1135,337.0,382495.0,ABC Securities Private Limited,Sani Securities Company Ltd.,2026-04-30 14:42:24.862880
2026043004013263,API,42,42,1000,337.0,337000.0,Sani Securities Company Ltd.,Sani Securities Company Ltd.,2026-04-30 14:42:39.648379
2026043004013289,API,35,17,1032,335.1,345823.2,Kohinoor Investment & Securities Pvt. Ltd.,ABC Securities Private Limited,2026-04-30 14:42:50.206696
2026043004013290,API,67,17,468,335.0,156780.0,Property Wiard Limited,ABC Securities Private Limited,2026-04-30 14:42:50.206791
2026043004013342,API,67,45,200,335.0,67000.0,Property Wiard Limited,Imperial Securities Company Pvt. Ltd.,2026-04-30 14:43:31.546155
2026043004013392,API,67,38,52,335.0,17420.0,Property Wiard Limited,Dipshikha Dhitopatra Karobar Co. Pvt Ltd.,2026-04-30 14:44:17.669282
2026043004013393,API,45,38,100,335.0,33500.0,Imperial Securities Company Pvt. Ltd.,Dipshikha Dhitopatra Karobar Co. Pvt Ltd.,2026-04-30 14:44:17.670277
2026043004013394,API,17,38,125,335.0,41875.0,ABC Securities Private Limited,Dipshikha Dhitopatra Karobar Co. Pvt Ltd.,2026-04-30 14:44:17.670954
2026043004013415,API,89,45,100,334.5,33450.0,Global IME Securities Limited,Imperial Securities Company Pvt. Ltd.,2026-04-30 14:44:52.410992
2026043004013416,API,62,45,200,334.5,66900.0,Capital Max Securities Ltd,Imperial Securities Company Pvt. Ltd.,2026-04-30 14:44:52.411495
2026043004013448,API,47,38,723,335.0,242205.0,Neev Securities Pvt. Ltd.,Dipshikha Dhitopatra Karobar Co. Pvt Ltd.,2026-04-30 14:45:31.355557
2026043004013449,API,47,8,277,335.0,92795.0,Neev Securities Pvt. Ltd.,Brilliant Securities Pvt. Ltd.,2026-04-30 14:45:31.356066
2026043004013477,API,47,58,427,334.7,142916.9,Neev Securities Pvt. Ltd.,Naasa Securities Co. Ltd.,2026-04-30 14:45:45.767277
2026043004013531,API,35,45,30,334.8,10044.0,Kohinoor Investment & Securities Pvt. Ltd.,Imperial Securities Company Pvt. Ltd.,2026-04-30 14:46:30.155200
2026043004013532,API,35,49,70,334.8,23436.0,Kohinoor Investment & Securities Pvt. Ltd.,Online Securities Pvt. Ltd.,2026-04-30 14:46:31.188378
2026043004013607,API,47,45,30,334.7,10041.0,Neev Securities Pvt. Ltd.,Imperial Securities Company Pvt. Ltd.,2026-04-30 14:47:23.725496
2026043004013638,API,47,34,20,334.7,6694.0,Neev Securities Pvt. Ltd.,Vision Securities Pvt. Ltd,2026-04-30 14:47:38.953446
2026043004013666,API,4,49,340,334.8,113832.0,Opal Securities Investment (PVT) Ltd.,Online Securities Pvt. Ltd.,2026-04-30 14:48:04.592003
2026043004013667,API,4,34,10,334.8,3348.0,Opal Securities Investment (PVT) Ltd.,Vision Securities Pvt. Ltd,2026-04-30 14:48:04.592500
2026043004013668,API,4,8,223,335.0,74705.0,Opal Securities Investment (PVT) Ltd.,Brilliant Securities Pvt. Ltd.,2026-04-30 14:48:04.592729
2026043004013669,API,4,8,427,335.0,143045.0,Opal Securities Investment (PVT) Ltd.,Brilliant Securities Pvt. Ltd.,2026-04-30 14:48:04.592950
2026043004013707,API,4,8,28,335.0,9380.0,Opal Securities Investment (PVT) Ltd.,Brilliant Securities Pvt. Ltd.,2026-04-30 14:48:40.427560
2026043004013750,API,62,8,179,335.0,59965.0,Capital Max Securities Ltd,Brilliant Securities Pvt. Ltd.,2026-04-30 14:49:11.935443
2026043004013751,API,62,34,10,335.0,3350.0,Capital Max Securities Ltd,Vision Securities Pvt. Ltd,2026-04-30 14:49:11.935961
2026043004013752,API,62,58,100,335.0,33500.0,Capital Max Securities Ltd,Naasa Securities Co. Ltd.,2026-04-30 14:49:11.936184
2026043004013820,API,62,45,11,335.0,3685.0,Capital Max Securities Ltd,Imperial Securities Company Pvt. Ltd.,2026-04-30 14:50:07.305619
2026043004013860,API,58,18,25,334.8,8370.0,Naasa Securities Co. Ltd.,Sagarmatha Securities Private Limited,2026-04-30 14:50:46.045007
2026043004013890,API,22,59,300,335.1,100530.0,Siprabi Securities Pvt. Ltd.,Deevyaa Securities & Stock House Pvt. Ltd,2026-04-30 14:50:59.268720
2026043004013931,API,4,59,253,335.1,84780.3,Opal Securities Investment (PVT) Ltd.,Deevyaa Securities & Stock House Pvt. Ltd,2026-04-30 14:51:28.748415
2026043004014038,API,29,25,50,335.0,16750.0,Trisul Securities & Invt. Ltd.,Sweta Securities Private Limited,2026-04-30 14:52:37.357360
2026043004014039,API,29,67,10,335.0,3350.0,Trisul Securities & Invt. Ltd.,Property Wiard Limited,2026-04-30 14:52:37.357834
2026043004014103,API,29,6,40,335.0,13400.0,Trisul Securities & Invt. Ltd.,Agrawal Securities (PVT) Ltd.,2026-04-30 14:53:21.491541
2026043004014104,API,17,6,300,335.0,100500.0,ABC Securities Private Limited,Agrawal Securities (PVT) Ltd.,2026-04-30 14:53:21.492000
2026043004014133,API,42,6,298,335.0,99830.0,Sani Securities Company Ltd.,Agrawal Securities (PVT) Ltd.,2026-04-30 14:53:30.790435
2026043004014228,API,47,58,20,334.7,6694.0,Neev Securities Pvt. Ltd.,Naasa Securities Co. Ltd.,2026-04-30 14:54:31.167478
2026043004014281,API,47,50,503,334.7,168354.1,Neev Securities Pvt. Ltd.,Cristal Kanchanjanga Securites Pvt. Ltd.,2026-04-30 14:54:53.673675
2026043004014282,API,41,50,120,334.7,40164.0,Linch Stock Market Ltd.,Cristal Kanchanjanga Securites Pvt. Ltd.,2026-04-30 14:54:53.674175
2026043004014283,API,47,50,577,334.6,193064.2,Neev Securities Pvt. Ltd.,Cristal Kanchanjanga Securites Pvt. Ltd.,2026-04-30 14:54:53.674623
2026043004014300,API,47,84,423,334.6,141535.8,Neev Securities Pvt. Ltd.,MILKY WAY SHARE BROKER COMPANY LTD ,2026-04-30 14:55:10.787523
2026043004014301,API,58,84,15,334.4,5016.0,Naasa Securities Co. Ltd.,MILKY WAY SHARE BROKER COMPANY LTD ,2026-04-30 14:55:10.788012
2026043004014302,API,56,84,1428,334.3,477380.4,Sri Hari Securities Pvt. Ltd.,MILKY WAY SHARE BROKER COMPANY LTD ,2026-04-30 14:55:10.788270
2026043004014303,API,26,84,10,334.3,3343.0,Asian Securities Private Ltd.,MILKY WAY SHARE BROKER COMPANY LTD ,2026-04-30 14:55:10.788614
2026043004014304,API,47,84,124,334.1,41428.4,Neev Securities Pvt. Ltd.,MILKY WAY SHARE BROKER COMPANY LTD ,2026-04-30 14:55:10.788980
2026043004014414,API,47,34,10,334.1,3341.0,Neev Securities Pvt. Ltd.,Vision Securities Pvt. Ltd,2026-04-30 14:56:07.999939
2026043004014416,API,69,45,570,334.6,190722.0,INDEX SECURITIES LIMITED,Imperial Securities Company Pvt. Ltd.,2026-04-30 14:56:09.719510
2026043004014417,API,69,54,105,334.6,35133.0,INDEX SECURITIES LIMITED,Sewa Securities Pvt. Ltd.,2026-04-30 14:56:09.786608
2026043004014525,API,69,21,325,334.6,108745.0,INDEX SECURITIES LIMITED,Midas Stock Broking Company Private Limited,2026-04-30 14:56:55.338267
2026043004014533,API,48,38,28,334.4,9363.2,Trishakti Securities Public Limited,Dipshikha Dhitopatra Karobar Co. Pvt Ltd.,2026-04-30 14:56:59.487597
2026043004014534,API,48,57,2,335.0,670.0,Trishakti Securities Public Limited,Aryatara Investment & Securities,2026-04-30 14:56:59.487701
2026043004014557,API,41,21,50,334.5,16725.0,Linch Stock Market Ltd.,Midas Stock Broking Company Private Limited,2026-04-30 14:57:03.662084
2026043004014561,API,46,21,30,334.5,10035.0,Kalika Securities Pvt. Ltd.,Midas Stock Broking Company Private Limited,2026-04-30 14:57:04.449524
2026043004014604,API,34,21,95,334.5,31777.5,Vision Securities Pvt. Ltd,Midas Stock Broking Company Private Limited,2026-04-30 14:57:11.118113
2026043004014663,API,34,45,30,334.5,10035.0,Vision Securities Pvt. Ltd,Imperial Securities Company Pvt. Ltd.,2026-04-30 14:57:26.221456
2026043004014719,API,34,34,273,334.5,91318.5,Vision Securities Pvt. Ltd,Vision Securities Pvt. Ltd,2026-04-30 14:57:46.524680
2026043004014852,API,56,49,29,334.6,9703.4,Sri Hari Securities Pvt. Ltd.,Online Securities Pvt. Ltd.,2026-04-30 14:58:23.891628
2026043004014853,API,56,1,400,334.6,133840.0,Sri Hari Securities Pvt. Ltd.,Kumari Securities Private Limited,2026-04-30 14:58:23.892114
2026043004014854,API,56,45,30,334.7,10041.0,Sri Hari Securities Pvt. Ltd.,Imperial Securities Company Pvt. Ltd.,2026-04-30 14:58:23.892541
2026043004014855,API,56,6,362,335.0,121270.0,Sri Hari Securities Pvt. Ltd.,Agrawal Securities (PVT) Ltd.,2026-04-30 14:58:23.892794
2026043004014856,API,56,13,1000,335.0,335000.0,Sri Hari Securities Pvt. Ltd.,Thrive Brokerage House Pvt. Ltd,2026-04-30 14:58:23.893028
2026043004014857,API,56,25,50,335.0,16750.0,Sri Hari Securities Pvt. Ltd.,Sweta Securities Private Limited,2026-04-30 14:58:23.893251
2026043004014858,API,56,48,1100,335.0,368500.0,Sri Hari Securities Pvt. Ltd.,Trishakti Securities Public Limited,2026-04-30 14:58:23.893496
2026043004014859,API,56,38,10,335.0,3350.0,Sri Hari Securities Pvt. Ltd.,Dipshikha Dhitopatra Karobar Co. Pvt Ltd.,2026-04-30 14:58:23.893728
2026043004015007,API,56,47,19,335.0,6365.0,Sri Hari Securities Pvt. Ltd.,Neev Securities Pvt. Ltd.,2026-04-30 14:59:08.788401
2026043004015057,API,4,47,50,335.0,16750.0,Opal Securities Investment (PVT) Ltd.,Neev Securities Pvt. Ltd.,2026-04-30 14:59:19.525673
2026043004015098,API,34,34,102,334.5,34119.0,Vision Securities Pvt. Ltd,Vision Securities Pvt. Ltd,2026-04-30 14:59:23.638849
2026043004015099,API,47,34,566,334.1,189100.6,Neev Securities Pvt. Ltd.,Vision Securities Pvt. Ltd,2026-04-30 14:59:23.639325
2026043004015100,API,13,34,215,334.1,71831.5,Thrive Brokerage House Pvt. Ltd,Vision Securities Pvt. Ltd,2026-04-30 14:59:23.639553
2026043004015101,API,83,34,117,334.1,39089.7,Sanima Securities Limited,Vision Securities Pvt. Ltd,2026-04-30 14:59:23.639769
2026043004015155,API,83,53,653,334.1,218167.3,Sanima Securities Limited,Investment Management Nepal Pvt. Ltd.,2026-04-30 14:59:27.818180
2026043004015236,API,83,35,230,334.1,76843.0,Sanima Securities Limited,Kohinoor Investment & Securities Pvt. Ltd.,2026-04-30 14:59:40.248744
2026043004015237,API,56,35,10,334.1,3341.0,Sri Hari Securities Pvt. Ltd.,Kohinoor Investment & Securities Pvt. Ltd.,2026-04-30 14:59:40.249197
2026043004015238,API,57,35,20,334.1,6682.0,Aryatara Investment & Securities,Kohinoor Investment & Securities Pvt. Ltd.,2026-04-30 14:59:40.249458
2026043004015239,API,47,35,30,334.0,10020.0,Neev Securities Pvt. Ltd.,Kohinoor Investment & Securities Pvt. Ltd.,2026-04-30 14:59:40.249704
2026043004015240,API,48,35,75,334.0,25050.0,Trishakti Securities Public Limited,Kohinoor Investment & Securities Pvt. Ltd.,2026-04-30 14:59:40.249923
2026043004015241,API,4,35,100,334.0,33400.0,Opal Securities Investment (PVT) Ltd.,Kohinoor Investment & Securities Pvt. Ltd.,2026-04-30 14:59:40.250147
2026043004015242,API,38,35,500,334.0,167000.0,Dipshikha Dhitopatra Karobar Co. Pvt Ltd.,Kohinoor Investment & Securities Pvt. Ltd.,2026-04-30 14:59:40.250397
2026043004015243,API,44,35,233,334.0,77822.0,Dynamic Money Managers Securities Pvt. Ltd.,Kohinoor Investment & Securities Pvt. Ltd.,2026-04-30 14:59:40.250624
2026043004015244,API,44,35,204,334.0,68136.0,Dynamic Money Managers Securities Pvt. Ltd.,Kohinoor Investment & Securities Pvt. Ltd.,2026-04-30 14:59:40.250846
2026043004015245,API,44,35,233,334.0,77822.0,Dynamic Money Managers Securities Pvt. Ltd.,Kohinoor Investment & Securities Pvt. Ltd.,2026-04-30 14:59:40.251074
2026043004015246,API,35,35,204,334.0,68136.0,Kohinoor Investment & Securities Pvt. Ltd.,Kohinoor Investment & Securities Pvt. Ltd.,2026-04-30 14:59:40.251309
2026043004015247,API,63,35,161,334.0,53774.0,Himalayan Brokerage Company Limited,Kohinoor Investment & Securities Pvt. Ltd.,2026-04-30 14:59:40.251541
2026043004015444,API,7,6,20,334.9,6698.0,J.F. Securites (PVT) Ltd.,Agrawal Securities (PVT) Ltd.,2026-04-30 14:59:59.734992
