contract_id,symbol,buyer_member_id,seller_member_id,volume,price,amount,buyer_broker,seller_broker,transaction_time
2026043005000078,CHDC,71,32,100,2236.1,223610.0,SHUBHAKAMANA SECURITIES PVT. LTD,Premier Securities Company Ltd.,2026-04-30 11:01:19.099948
2026043005000079,CHDC,82,32,1000,2236.0,2236000.0,N.M.B. SECURITIES LIMITED,Premier Securities Company Ltd.,2026-04-30 11:01:19.100006
2026043005000080,CHDC,34,32,50,2230.1,111505.0,Vision Securities Pvt. Ltd,Premier Securities Company Ltd.,2026-04-30 11:01:19.100028
2026043005000081,CHDC,39,32,30,2230.0,66900.0,Sumeru Securities Pvt. Ltd.,Premier Securities Company Ltd.,2026-04-30 11:01:19.100049
2026043005000082,CHDC,82,32,1820,2222.0,4044040.0,N.M.B. SECURITIES LIMITED,Premier Securities Company Ltd.,2026-04-30 11:01:19.100076
2026043005000523,CHDC,58,32,10,2240.0,22400.0,Naasa Securities Co. Ltd.,Premier Securities Company Ltd.,2026-04-30 11:09:40.144006
2026043005000536,CHDC,49,32,90,2240.0,201600.0,Online Securities Pvt. Ltd.,Premier Securities Company Ltd.,2026-04-30 11:09:56.932269
2026043005000642,CHDC,62,58,12,2250.0,27000.0,Capital Max Securities Ltd,Naasa Securities Co. Ltd.,2026-04-30 11:11:38.074463
2026043005000660,CHDC,67,14,10,2280.0,22800.0,Property Wiard Limited,Nepal Stock House (PVT) Ltd.,2026-04-30 11:12:08.153702
2026043005000662,CHDC,36,19,10,2242.1,22421.0,Secured Securities Ltd.,Nepal Investment And Securities Trading Private Limited,2026-04-30 11:12:09.176478
2026043005000663,CHDC,32,19,50,2242.1,112105.0,Premier Securities Company Ltd.,Nepal Investment And Securities Trading Private Limited,2026-04-30 11:12:09.176555
2026043005000664,CHDC,62,19,20,2242.0,44840.0,Capital Max Securities Ltd,Nepal Investment And Securities Trading Private Limited,2026-04-30 11:12:09.176595
2026043005000686,CHDC,49,32,200,2240.1,448020.0,Online Securities Pvt. Ltd.,Premier Securities Company Ltd.,2026-04-30 11:12:33.712052
2026043005000687,CHDC,49,32,10,2240.0,22400.0,Online Securities Pvt. Ltd.,Premier Securities Company Ltd.,2026-04-30 11:12:33.712245
2026043005000688,CHDC,58,32,25,2240.0,56000.0,Naasa Securities Co. Ltd.,Premier Securities Company Ltd.,2026-04-30 11:12:33.712377
2026043005000689,CHDC,32,32,50,2240.0,112000.0,Premier Securities Company Ltd.,Premier Securities Company Ltd.,2026-04-30 11:12:33.712500
2026043005000697,CHDC,45,32,20,2240.0,44800.0,Imperial Securities Company Pvt. Ltd.,Premier Securities Company Ltd.,2026-04-30 11:12:42.189025
2026043005000781,CHDC,53,32,20,2240.0,44800.0,Investment Management Nepal Pvt. Ltd.,Premier Securities Company Ltd.,2026-04-30 11:13:52.874131
2026043005000797,CHDC,14,19,23,2239.0,51497.0,Nepal Stock House (PVT) Ltd.,Nepal Investment And Securities Trading Private Limited,2026-04-30 11:14:02.768292
2026043005000798,CHDC,20,19,140,2236.0,313040.0,Sipla Securities Private Limited,Nepal Investment And Securities Trading Private Limited,2026-04-30 11:14:02.768518
2026043005000799,CHDC,32,19,100,2236.0,223600.0,Premier Securities Company Ltd.,Nepal Investment And Securities Trading Private Limited,2026-04-30 11:14:02.768643
2026043005000800,CHDC,44,19,15,2235.0,33525.0,Dynamic Money Managers Securities Pvt. Ltd.,Nepal Investment And Securities Trading Private Limited,2026-04-30 11:14:02.768757
2026043005000801,CHDC,74,19,50,2235.0,111750.0,KALASH STOCK MARKET PVT. LTD.,Nepal Investment And Securities Trading Private Limited,2026-04-30 11:14:02.768892
2026043005000802,CHDC,49,19,92,2235.0,205620.0,Online Securities Pvt. Ltd.,Nepal Investment And Securities Trading Private Limited,2026-04-30 11:14:02.769026
2026043005000972,CHDC,58,32,20,2240.0,44800.0,Naasa Securities Co. Ltd.,Premier Securities Company Ltd.,2026-04-30 11:15:38.319016
2026043005000986,CHDC,58,32,50,2240.0,112000.0,Naasa Securities Co. Ltd.,Premier Securities Company Ltd.,2026-04-30 11:15:49.305285
2026043005001013,CHDC,51,32,100,2245.0,224500.0,Oxford Securities Pvt. Ltd.,Premier Securities Company Ltd.,2026-04-30 11:16:08.571069
2026043005001067,CHDC,26,42,1,2235.0,2235.0,Asian Securities Private Ltd.,Sani Securities Company Ltd.,2026-04-30 11:16:51.867992
2026043005001081,CHDC,26,42,1,2240.0,2240.0,Asian Securities Private Ltd.,Sani Securities Company Ltd.,2026-04-30 11:17:00.565782
2026043005001252,CHDC,66,8,10,2241.0,22410.0,Miyo Securities Pvt Ltd,Brilliant Securities Pvt. Ltd.,2026-04-30 11:18:48.719117
2026043005001455,CHDC,67,8,30,2241.0,67230.0,Property Wiard Limited,Brilliant Securities Pvt. Ltd.,2026-04-30 11:21:07.377390
2026043005001456,CHDC,67,22,70,2241.0,156870.0,Property Wiard Limited,Siprabi Securities Pvt. Ltd.,2026-04-30 11:21:07.377580
2026043005001457,CHDC,75,32,50,2240.0,112000.0,N.I.M.B. Stock Markets Limited,Premier Securities Company Ltd.,2026-04-30 11:21:09.149111
2026043005001458,CHDC,99,32,20,2237.0,44740.0,Prabhu Stock Market Limited,Premier Securities Company Ltd.,2026-04-30 11:21:09.149303
2026043005001459,CHDC,58,32,10,2237.0,22370.0,Naasa Securities Co. Ltd.,Premier Securities Company Ltd.,2026-04-30 11:21:09.149447
2026043005001460,CHDC,66,32,10,2236.0,22360.0,Miyo Securities Pvt Ltd,Premier Securities Company Ltd.,2026-04-30 11:21:09.149567
2026043005001461,CHDC,49,32,200,2235.2,447040.0,Online Securities Pvt. Ltd.,Premier Securities Company Ltd.,2026-04-30 11:21:09.149679
2026043005001462,CHDC,58,32,10,2235.0,22350.0,Naasa Securities Co. Ltd.,Premier Securities Company Ltd.,2026-04-30 11:21:09.149793
2026043005001725,CHDC,71,32,50,2242.0,112100.0,SHUBHAKAMANA SECURITIES PVT. LTD,Premier Securities Company Ltd.,2026-04-30 11:24:11.408071
2026043005001746,CHDC,19,5,70,2236.1,156527.0,Nepal Investment And Securities Trading Private Limited,Market Securities & Exchange (PVT) Ltd.,2026-04-30 11:24:34.021753
2026043005001821,CHDC,19,22,12,2236.1,26833.2,Nepal Investment And Securities Trading Private Limited,Siprabi Securities Pvt. Ltd.,2026-04-30 11:25:33.454216
2026043005001876,CHDC,66,59,10,2237.0,22370.0,Miyo Securities Pvt Ltd,Deevyaa Securities & Stock House Pvt. Ltd,2026-04-30 11:26:22.333983
2026043005002016,CHDC,43,32,10,2242.0,22420.0,South Asian Bulls Pvt. Ltd.,Premier Securities Company Ltd.,2026-04-30 11:27:53.692895
2026043005002017,CHDC,99,32,17,2242.0,38114.0,Prabhu Stock Market Limited,Premier Securities Company Ltd.,2026-04-30 11:27:54.127488
2026043005002089,CHDC,45,32,23,2242.0,51566.0,Imperial Securities Company Pvt. Ltd.,Premier Securities Company Ltd.,2026-04-30 11:29:01.543961
2026043005002090,CHDC,45,8,77,2243.0,172711.0,Imperial Securities Company Pvt. Ltd.,Brilliant Securities Pvt. Ltd.,2026-04-30 11:29:01.544079
2026043005002119,CHDC,96,8,23,2243.0,51589.0,Himalayan Securities Limited,Brilliant Securities Pvt. Ltd.,2026-04-30 11:29:28.912245
2026043005002123,CHDC,45,10,100,2242.0,224200.0,Imperial Securities Company Pvt. Ltd.,Pragyan Securities (PVT) Ltd.,2026-04-30 11:29:34.825176
2026043005002160,CHDC,77,32,50,2245.0,112250.0,Nabil Stock Dealer Ltd.,Premier Securities Company Ltd.,2026-04-30 11:30:04.542978
2026043005002170,CHDC,45,32,50,2242.1,112105.0,Imperial Securities Company Pvt. Ltd.,Premier Securities Company Ltd.,2026-04-30 11:30:09.742658
2026043005002171,CHDC,45,32,400,2242.0,896800.0,Imperial Securities Company Pvt. Ltd.,Premier Securities Company Ltd.,2026-04-30 11:30:09.742828
2026043005002183,CHDC,45,32,50,2242.0,112100.0,Imperial Securities Company Pvt. Ltd.,Premier Securities Company Ltd.,2026-04-30 11:30:32.139516
2026043005002243,CHDC,36,13,12,2249.0,26988.0,Secured Securities Ltd.,Thrive Brokerage House Pvt. Ltd,2026-04-30 11:31:32.441095
2026043005002244,CHDC,36,32,88,2250.0,198000.0,Secured Securities Ltd.,Premier Securities Company Ltd.,2026-04-30 11:31:32.441182
2026043005002396,CHDC,75,58,12,2240.0,26880.0,N.I.M.B. Stock Markets Limited,Naasa Securities Co. Ltd.,2026-04-30 11:33:49.201359
2026043005002464,CHDC,38,32,12,2250.0,27000.0,Dipshikha Dhitopatra Karobar Co. Pvt Ltd.,Premier Securities Company Ltd.,2026-04-30 11:34:48.744233
2026043005002524,CHDC,39,45,10,2242.0,22420.0,Sumeru Securities Pvt. Ltd.,Imperial Securities Company Pvt. Ltd.,2026-04-30 11:36:05.942381
2026043005002537,CHDC,38,56,12,2241.0,26892.0,Dipshikha Dhitopatra Karobar Co. Pvt Ltd.,Sri Hari Securities Pvt. Ltd.,2026-04-30 11:36:27.973471
2026043005003261,CHDC,10,32,100,2247.0,224700.0,Pragyan Securities (PVT) Ltd.,Premier Securities Company Ltd.,2026-04-30 11:46:35.235783
2026043005003262,CHDC,35,32,250,2246.0,561500.0,Kohinoor Investment & Securities Pvt. Ltd.,Premier Securities Company Ltd.,2026-04-30 11:46:35.235925
2026043005003263,CHDC,32,32,40,2245.0,89800.0,Premier Securities Company Ltd.,Premier Securities Company Ltd.,2026-04-30 11:46:35.235983
2026043005003280,CHDC,39,34,20,2241.1,44822.0,Sumeru Securities Pvt. Ltd.,Vision Securities Pvt. Ltd,2026-04-30 11:46:48.310285
2026043005003281,CHDC,38,34,26,2241.0,58266.0,Dipshikha Dhitopatra Karobar Co. Pvt Ltd.,Vision Securities Pvt. Ltd,2026-04-30 11:46:48.310427
2026043005003282,CHDC,1,34,130,2241.0,291330.0,Kumari Securities Private Limited,Vision Securities Pvt. Ltd,2026-04-30 11:46:48.310490
2026043005003283,CHDC,91,34,100,2241.0,224100.0,Citizens Share Broker Limited,Vision Securities Pvt. Ltd,2026-04-30 11:46:48.310554
2026043005003284,CHDC,91,34,300,2240.1,672030.0,Citizens Share Broker Limited,Vision Securities Pvt. Ltd,2026-04-30 11:46:48.310616
2026043005003285,CHDC,75,34,13,2240.0,29120.0,N.I.M.B. Stock Markets Limited,Vision Securities Pvt. Ltd,2026-04-30 11:46:48.310668
2026043005003286,CHDC,77,34,30,2240.0,67200.0,Nabil Stock Dealer Ltd.,Vision Securities Pvt. Ltd,2026-04-30 11:46:48.310721
2026043005003287,CHDC,48,34,50,2240.0,112000.0,Trishakti Securities Public Limited,Vision Securities Pvt. Ltd,2026-04-30 11:46:48.310783
2026043005003288,CHDC,10,34,100,2240.0,224000.0,Pragyan Securities (PVT) Ltd.,Vision Securities Pvt. Ltd,2026-04-30 11:46:48.310875
2026043005003447,CHDC,96,36,50,2237.0,111850.0,Himalayan Securities Limited,Secured Securities Ltd.,2026-04-30 11:48:37.717475
2026043005003678,CHDC,99,28,20,2237.0,44740.0,Prabhu Stock Market Limited,Shree Krishna Securities Ltd.,2026-04-30 11:51:45.903185
2026043005003770,CHDC,62,76,10,2237.0,22370.0,Capital Max Securities Ltd,Machhapuchchhre Securities Limited,2026-04-30 11:52:41.265855
2026043005004126,CHDC,44,7,100,2240.0,224000.0,Dynamic Money Managers Securities Pvt. Ltd.,J.F. Securites (PVT) Ltd.,2026-04-30 11:57:57.581037
2026043005004152,CHDC,69,59,1,2215.0,2215.0,INDEX SECURITIES LIMITED,Deevyaa Securities & Stock House Pvt. Ltd,2026-04-30 11:58:26.016499
2026043005004229,CHDC,38,32,50,2237.0,111850.0,Dipshikha Dhitopatra Karobar Co. Pvt Ltd.,Premier Securities Company Ltd.,2026-04-30 11:59:21.006915
2026043005004230,CHDC,34,32,150,2237.0,335550.0,Vision Securities Pvt. Ltd,Premier Securities Company Ltd.,2026-04-30 11:59:21.007070
2026043005004432,CHDC,57,58,10,2237.0,22370.0,Aryatara Investment & Securities,Naasa Securities Co. Ltd.,2026-04-30 12:03:25.291904
2026043005004451,CHDC,34,45,10,2236.6,22366.0,Vision Securities Pvt. Ltd,Imperial Securities Company Pvt. Ltd.,2026-04-30 12:03:33.952779
2026043005004760,CHDC,44,52,20,2242.5,44850.0,Dynamic Money Managers Securities Pvt. Ltd.,Sundhara Securities Limited,2026-04-30 12:07:51.180586
2026043005004774,CHDC,57,94,20,2237.1,44742.0,Aryatara Investment & Securities,K.B.L. Securities Limited ,2026-04-30 12:08:03.660615
2026043005004775,CHDC,38,94,400,2237.0,894800.0,Dipshikha Dhitopatra Karobar Co. Pvt Ltd.,K.B.L. Securities Limited ,2026-04-30 12:08:03.660868
2026043005004776,CHDC,57,94,15,2237.0,33555.0,Aryatara Investment & Securities,K.B.L. Securities Limited ,2026-04-30 12:08:03.661029
2026043005005113,CHDC,44,49,100,2240.0,224000.0,Dynamic Money Managers Securities Pvt. Ltd.,Online Securities Pvt. Ltd.,2026-04-30 12:12:56.614534
2026043005005157,CHDC,34,49,10,2236.6,22366.0,Vision Securities Pvt. Ltd,Online Securities Pvt. Ltd.,2026-04-30 12:13:42.784355
2026043005005158,CHDC,39,49,30,2236.5,67095.0,Sumeru Securities Pvt. Ltd.,Online Securities Pvt. Ltd.,2026-04-30 12:13:42.784537
2026043005005159,CHDC,71,49,10,2236.3,22363.0,SHUBHAKAMANA SECURITIES PVT. LTD,Online Securities Pvt. Ltd.,2026-04-30 12:13:42.784597
2026043005005160,CHDC,6,49,10,2236.2,22362.0,Agrawal Securities (PVT) Ltd.,Online Securities Pvt. Ltd.,2026-04-30 12:13:42.784651
2026043005005161,CHDC,19,49,18,2236.1,40249.8,Nepal Investment And Securities Trading Private Limited,Online Securities Pvt. Ltd.,2026-04-30 12:13:42.784710
2026043005005162,CHDC,26,49,20,2236.0,44720.0,Asian Securities Private Ltd.,Online Securities Pvt. Ltd.,2026-04-30 12:13:42.784802
2026043005005163,CHDC,58,49,20,2235.0,44700.0,Naasa Securities Co. Ltd.,Online Securities Pvt. Ltd.,2026-04-30 12:13:42.784857
2026043005005164,CHDC,35,49,20,2235.0,44700.0,Kohinoor Investment & Securities Pvt. Ltd.,Online Securities Pvt. Ltd.,2026-04-30 12:13:42.784912
2026043005005165,CHDC,10,49,100,2235.0,223500.0,Pragyan Securities (PVT) Ltd.,Online Securities Pvt. Ltd.,2026-04-30 12:13:42.784966
2026043005005166,CHDC,34,49,10,2233.2,22332.0,Vision Securities Pvt. Ltd,Online Securities Pvt. Ltd.,2026-04-30 12:13:42.785019
2026043005005167,CHDC,63,49,10,2233.1,22331.0,Himalayan Brokerage Company Limited,Online Securities Pvt. Ltd.,2026-04-30 12:13:42.785071
2026043005005168,CHDC,26,49,10,2233.0,22330.0,Asian Securities Private Ltd.,Online Securities Pvt. Ltd.,2026-04-30 12:13:42.785120
2026043005005169,CHDC,17,49,20,2233.0,44660.0,ABC Securities Private Limited,Online Securities Pvt. Ltd.,2026-04-30 12:13:42.785171
2026043005005170,CHDC,62,49,20,2232.0,44640.0,Capital Max Securities Ltd,Online Securities Pvt. Ltd.,2026-04-30 12:13:42.785221
2026043005005171,CHDC,26,49,20,2231.0,44620.0,Asian Securities Private Ltd.,Online Securities Pvt. Ltd.,2026-04-30 12:13:42.785275
2026043005005172,CHDC,34,49,20,2230.2,44604.0,Vision Securities Pvt. Ltd,Online Securities Pvt. Ltd.,2026-04-30 12:13:42.785332
2026043005005173,CHDC,74,49,50,2230.0,111500.0,KALASH STOCK MARKET PVT. LTD.,Online Securities Pvt. Ltd.,2026-04-30 12:13:42.785382
2026043005005174,CHDC,45,49,25,2230.0,55750.0,Imperial Securities Company Pvt. Ltd.,Online Securities Pvt. Ltd.,2026-04-30 12:13:42.785433
2026043005005175,CHDC,16,49,50,2230.0,111500.0,Primo Securities (PVT) Ltd.,Online Securities Pvt. Ltd.,2026-04-30 12:13:42.785483
2026043005005176,CHDC,57,49,100,2230.0,223000.0,Aryatara Investment & Securities,Online Securities Pvt. Ltd.,2026-04-30 12:13:42.785535
2026043005005177,CHDC,45,49,30,2230.0,66900.0,Imperial Securities Company Pvt. Ltd.,Online Securities Pvt. Ltd.,2026-04-30 12:13:42.785581
2026043005005178,CHDC,58,49,50,2230.0,111500.0,Naasa Securities Co. Ltd.,Online Securities Pvt. Ltd.,2026-04-30 12:13:42.785629
2026043005005179,CHDC,34,49,20,2225.2,44504.0,Vision Securities Pvt. Ltd,Online Securities Pvt. Ltd.,2026-04-30 12:13:42.785693
2026043005005180,CHDC,58,49,10,2225.1,22251.0,Naasa Securities Co. Ltd.,Online Securities Pvt. Ltd.,2026-04-30 12:13:42.785741
2026043005005181,CHDC,69,49,50,2225.0,111250.0,INDEX SECURITIES LIMITED,Online Securities Pvt. Ltd.,2026-04-30 12:13:42.785793
2026043005005182,CHDC,94,49,200,2225.0,445000.0,K.B.L. Securities Limited ,Online Securities Pvt. Ltd.,2026-04-30 12:13:42.785840
2026043005005183,CHDC,1,49,10,2225.0,22250.0,Kumari Securities Private Limited,Online Securities Pvt. Ltd.,2026-04-30 12:13:42.785885
2026043005005184,CHDC,90,49,30,2225.0,66750.0,Sajilo Broker Limited,Online Securities Pvt. Ltd.,2026-04-30 12:13:42.785931
2026043005005185,CHDC,29,49,70,2224.0,155680.0,Trisul Securities & Invt. Ltd.,Online Securities Pvt. Ltd.,2026-04-30 12:13:42.785976
2026043005005186,CHDC,57,49,20,2223.0,44460.0,Aryatara Investment & Securities,Online Securities Pvt. Ltd.,2026-04-30 12:13:42.786020
2026043005005187,CHDC,4,49,10,2223.0,22230.0,Opal Securities Investment (PVT) Ltd.,Online Securities Pvt. Ltd.,2026-04-30 12:13:42.786065
2026043005005188,CHDC,49,49,500,2222.2,1111100.0,Online Securities Pvt. Ltd.,Online Securities Pvt. Ltd.,2026-04-30 12:13:42.786111
2026043005005189,CHDC,34,49,50,2222.1,111105.0,Vision Securities Pvt. Ltd,Online Securities Pvt. Ltd.,2026-04-30 12:13:42.786158
2026043005005190,CHDC,82,49,180,2222.0,399960.0,N.M.B. SECURITIES LIMITED,Online Securities Pvt. Ltd.,2026-04-30 12:13:42.786215
2026043005005191,CHDC,42,49,150,2222.0,333300.0,Sani Securities Company Ltd.,Online Securities Pvt. Ltd.,2026-04-30 12:13:42.786270
2026043005005192,CHDC,42,49,47,2222.0,104434.0,Sani Securities Company Ltd.,Online Securities Pvt. Ltd.,2026-04-30 12:13:42.786319
2026043005005449,CHDC,26,45,2,2220.0,4440.0,Asian Securities Private Ltd.,Imperial Securities Company Pvt. Ltd.,2026-04-30 12:17:15.257578
2026043005005456,CHDC,39,4,60,2230.0,133800.0,Sumeru Securities Pvt. Ltd.,Opal Securities Investment (PVT) Ltd.,2026-04-30 12:17:25.291080
2026043005005520,CHDC,69,58,2,2222.0,4444.0,INDEX SECURITIES LIMITED,Naasa Securities Co. Ltd.,2026-04-30 12:18:08.083427
2026043005005610,CHDC,39,34,12,2230.0,26760.0,Sumeru Securities Pvt. Ltd.,Vision Securities Pvt. Ltd,2026-04-30 12:20:15.854748
2026043005005622,CHDC,56,96,200,2240.0,448000.0,Sri Hari Securities Pvt. Ltd.,Himalayan Securities Limited,2026-04-30 12:20:32.927284
2026043005005642,CHDC,69,36,90,2241.0,201690.0,INDEX SECURITIES LIMITED,Secured Securities Ltd.,2026-04-30 12:20:49.370201
2026043005005699,CHDC,58,4,52,2241.0,116532.0,Naasa Securities Co. Ltd.,Opal Securities Investment (PVT) Ltd.,2026-04-30 12:21:52.553217
2026043005005716,CHDC,56,96,300,2240.0,672000.0,Sri Hari Securities Pvt. Ltd.,Himalayan Securities Limited,2026-04-30 12:22:07.772572
2026043005005997,CHDC,76,7,10,2243.0,22430.0,Machhapuchchhre Securities Limited,J.F. Securites (PVT) Ltd.,2026-04-30 12:28:30.039740
2026043005006361,CHDC,69,14,1,2231.0,2231.0,INDEX SECURITIES LIMITED,Nepal Stock House (PVT) Ltd.,2026-04-30 12:37:32.020461
2026043005006559,CHDC,96,32,55,2240.0,123200.0,Himalayan Securities Limited,Premier Securities Company Ltd.,2026-04-30 12:42:09.006866
2026043005006612,CHDC,38,36,20,2242.0,44840.0,Dipshikha Dhitopatra Karobar Co. Pvt Ltd.,Secured Securities Ltd.,2026-04-30 12:43:23.083441
2026043005006703,CHDC,76,36,10,2242.0,22420.0,Machhapuchchhre Securities Limited,Secured Securities Ltd.,2026-04-30 12:45:15.333101
2026043005006789,CHDC,76,36,10,2242.0,22420.0,Machhapuchchhre Securities Limited,Secured Securities Ltd.,2026-04-30 12:46:59.994952
2026043005006830,CHDC,51,36,10,2242.0,22420.0,Oxford Securities Pvt. Ltd.,Secured Securities Ltd.,2026-04-30 12:48:21.170817
2026043005006831,CHDC,51,7,90,2243.0,201870.0,Oxford Securities Pvt. Ltd.,J.F. Securites (PVT) Ltd.,2026-04-30 12:48:21.170880
2026043005006832,CHDC,51,8,12,2243.0,26916.0,Oxford Securities Pvt. Ltd.,Brilliant Securities Pvt. Ltd.,2026-04-30 12:48:21.170906
2026043005006833,CHDC,51,32,23,2245.0,51635.0,Oxford Securities Pvt. Ltd.,Premier Securities Company Ltd.,2026-04-30 12:48:21.170929
2026043005006956,CHDC,66,32,87,2245.0,195315.0,Miyo Securities Pvt Ltd,Premier Securities Company Ltd.,2026-04-30 12:50:21.871360
2026043005006957,CHDC,66,11,12,2245.0,26940.0,Miyo Securities Pvt Ltd,Malla & Malla Stock Broking Company Pvt. Limited,2026-04-30 12:50:21.871646
2026043005006987,CHDC,66,38,12,2245.0,26940.0,Miyo Securities Pvt Ltd,Dipshikha Dhitopatra Karobar Co. Pvt Ltd.,2026-04-30 12:51:15.003088
2026043005006988,CHDC,66,14,88,2250.0,198000.0,Miyo Securities Pvt Ltd,Nepal Stock House (PVT) Ltd.,2026-04-30 12:51:15.003242
2026043005007073,CHDC,66,32,100,2249.0,224900.0,Miyo Securities Pvt Ltd,Premier Securities Company Ltd.,2026-04-30 12:53:08.624577
2026043005007190,CHDC,66,5,100,2250.0,225000.0,Miyo Securities Pvt Ltd,Market Securities & Exchange (PVT) Ltd.,2026-04-30 12:55:33.900110
2026043005007198,CHDC,66,5,100,2250.0,225000.0,Miyo Securities Pvt Ltd,Market Securities & Exchange (PVT) Ltd.,2026-04-30 12:55:39.918961
2026043005007265,CHDC,67,5,100,2258.0,225800.0,Property Wiard Limited,Market Securities & Exchange (PVT) Ltd.,2026-04-30 12:57:05.443946
2026043005007317,CHDC,69,58,1,2233.0,2233.0,INDEX SECURITIES LIMITED,Naasa Securities Co. Ltd.,2026-04-30 12:57:51.698837
2026043005007326,CHDC,67,47,100,2259.0,225900.0,Property Wiard Limited,Neev Securities Pvt. Ltd.,2026-04-30 12:58:03.943843
2026043005007415,CHDC,67,7,100,2258.0,225800.0,Property Wiard Limited,J.F. Securites (PVT) Ltd.,2026-04-30 12:59:08.810057
2026043005007552,CHDC,45,52,10,2258.5,22585.0,Imperial Securities Company Pvt. Ltd.,Sundhara Securities Limited,2026-04-30 13:01:27.136814
2026043005007553,CHDC,45,47,200,2259.0,451800.0,Imperial Securities Company Pvt. Ltd.,Neev Securities Pvt. Ltd.,2026-04-30 13:01:27.137149
2026043005007554,CHDC,45,34,190,2261.0,429590.0,Imperial Securities Company Pvt. Ltd.,Vision Securities Pvt. Ltd,2026-04-30 13:01:27.137310
2026043005007576,CHDC,69,14,1,2200.5,2200.5,INDEX SECURITIES LIMITED,Nepal Stock House (PVT) Ltd.,2026-04-30 13:01:52.483650
2026043005007875,CHDC,28,32,20,2260.0,45200.0,Shree Krishna Securities Ltd.,Premier Securities Company Ltd.,2026-04-30 13:06:50.075593
2026043005008340,CHDC,58,32,15,2260.0,33900.0,Naasa Securities Co. Ltd.,Premier Securities Company Ltd.,2026-04-30 13:12:45.233206
2026043005008639,CHDC,26,19,1,2230.0,2230.0,Asian Securities Private Ltd.,Nepal Investment And Securities Trading Private Limited,2026-04-30 13:16:53.943033
2026043005008815,CHDC,16,32,30,2260.0,67800.0,Primo Securities (PVT) Ltd.,Premier Securities Company Ltd.,2026-04-30 13:19:27.716737
2026043005008819,CHDC,76,32,35,2260.0,79100.0,Machhapuchchhre Securities Limited,Premier Securities Company Ltd.,2026-04-30 13:19:28.918544
2026043005009031,CHDC,76,34,10,2261.0,22610.0,Machhapuchchhre Securities Limited,Vision Securities Pvt. Ltd,2026-04-30 13:21:18.433865
2026043005009064,CHDC,76,4,30,2260.0,67800.0,Machhapuchchhre Securities Limited,Opal Securities Investment (PVT) Ltd.,2026-04-30 13:21:43.105334
2026043005009065,CHDC,10,4,18,2255.0,40590.0,Pragyan Securities (PVT) Ltd.,Opal Securities Investment (PVT) Ltd.,2026-04-30 13:21:43.105651
2026043005009076,CHDC,76,34,150,2261.0,339150.0,Machhapuchchhre Securities Limited,Vision Securities Pvt. Ltd,2026-04-30 13:21:53.013660
2026043005009133,CHDC,10,94,56,2255.0,126280.0,Pragyan Securities (PVT) Ltd.,K.B.L. Securities Limited ,2026-04-30 13:22:43.213362
2026043005009136,CHDC,10,66,26,2255.0,58630.0,Pragyan Securities (PVT) Ltd.,Miyo Securities Pvt Ltd,2026-04-30 13:22:50.498850
2026043005009162,CHDC,45,66,10,2245.1,22451.0,Imperial Securities Company Pvt. Ltd.,Miyo Securities Pvt Ltd,2026-04-30 13:23:17.532949
2026043005009163,CHDC,22,66,10,2245.0,22450.0,Siprabi Securities Pvt. Ltd.,Miyo Securities Pvt Ltd,2026-04-30 13:23:17.533097
2026043005009164,CHDC,38,66,10,2245.0,22450.0,Dipshikha Dhitopatra Karobar Co. Pvt Ltd.,Miyo Securities Pvt Ltd,2026-04-30 13:23:17.533158
2026043005009637,CHDC,63,36,20,2245.0,44900.0,Himalayan Brokerage Company Limited,Secured Securities Ltd.,2026-04-30 13:34:24.344769
2026043005009638,CHDC,64,36,10,2242.6,22426.0,SUN SECURITIES PVT LTD,Secured Securities Ltd.,2026-04-30 13:34:24.345076
2026043005009639,CHDC,16,36,10,2242.5,22425.0,Primo Securities (PVT) Ltd.,Secured Securities Ltd.,2026-04-30 13:34:24.345252
2026043005009640,CHDC,50,36,20,2241.1,44822.0,Cristal Kanchanjanga Securites Pvt. Ltd.,Secured Securities Ltd.,2026-04-30 13:34:24.345445
2026043005009641,CHDC,21,36,300,2241.0,672300.0,Midas Stock Broking Company Private Limited,Secured Securities Ltd.,2026-04-30 13:34:24.345629
2026043005009779,CHDC,17,97,84,2240.0,188160.0,ABC Securities Private Limited,R.B.B. Securities Company Ltd,2026-04-30 13:36:49.274050
2026043005010337,CHDC,39,32,100,2259.0,225900.0,Sumeru Securities Pvt. Ltd.,Premier Securities Company Ltd.,2026-04-30 13:54:06.291551
2026043005010455,CHDC,57,97,100,2259.0,225900.0,Aryatara Investment & Securities,R.B.B. Securities Company Ltd,2026-04-30 13:57:22.347510
2026043005011007,CHDC,39,39,44,2259.0,99396.0,Sumeru Securities Pvt. Ltd.,Sumeru Securities Pvt. Ltd.,2026-04-30 14:07:56.416009
2026043005011008,CHDC,39,34,56,2259.0,126504.0,Sumeru Securities Pvt. Ltd.,Vision Securities Pvt. Ltd,2026-04-30 14:07:56.416078
2026043005011069,CHDC,69,13,3,2235.0,6705.0,INDEX SECURITIES LIMITED,Thrive Brokerage House Pvt. Ltd,2026-04-30 14:09:25.928818
2026043005011198,CHDC,58,36,10,2258.0,22580.0,Naasa Securities Co. Ltd.,Secured Securities Ltd.,2026-04-30 14:12:34.345231
2026043005011419,CHDC,69,13,3,2235.0,6705.0,INDEX SECURITIES LIMITED,Thrive Brokerage House Pvt. Ltd,2026-04-30 14:16:54.481077
2026043005011634,CHDC,26,13,1,2220.0,2220.0,Asian Securities Private Ltd.,Thrive Brokerage House Pvt. Ltd,2026-04-30 14:22:03.419434
2026043005011884,CHDC,80,66,4,2242.3,8969.2,Indira securities pvt. ltd,Miyo Securities Pvt Ltd,2026-04-30 14:26:12.629274
2026043005011904,CHDC,80,56,1,2249.0,2249.0,Indira securities pvt. ltd,Sri Hari Securities Pvt. Ltd.,2026-04-30 14:26:38.615710
2026043005012136,CHDC,34,32,100,2255.0,225500.0,Vision Securities Pvt. Ltd,Premier Securities Company Ltd.,2026-04-30 14:29:47.951504
2026043005012282,CHDC,6,32,25,2254.0,56350.0,Agrawal Securities (PVT) Ltd.,Premier Securities Company Ltd.,2026-04-30 14:31:57.336152
2026043005012304,CHDC,34,32,175,2254.0,394450.0,Vision Securities Pvt. Ltd,Premier Securities Company Ltd.,2026-04-30 14:32:19.044768
2026043005012331,CHDC,45,36,40,2258.0,90320.0,Imperial Securities Company Pvt. Ltd.,Secured Securities Ltd.,2026-04-30 14:32:39.880051
2026043005012363,CHDC,38,34,40,2259.0,90360.0,Dipshikha Dhitopatra Karobar Co. Pvt Ltd.,Vision Securities Pvt. Ltd,2026-04-30 14:33:01.451156
2026043005012373,CHDC,80,34,10,2259.0,22590.0,Indira securities pvt. ltd,Vision Securities Pvt. Ltd,2026-04-30 14:33:13.025730
2026043005012381,CHDC,57,34,50,2259.0,112950.0,Aryatara Investment & Securities,Vision Securities Pvt. Ltd,2026-04-30 14:33:19.874774
2026043005012497,CHDC,62,34,44,2259.0,99396.0,Capital Max Securities Ltd,Vision Securities Pvt. Ltd,2026-04-30 14:35:27.928083
2026043005012601,CHDC,34,63,99,2259.6,223700.4,Vision Securities Pvt. Ltd,Himalayan Brokerage Company Limited,2026-04-30 14:37:08.945625
2026043005012725,CHDC,34,58,12,2260.0,27120.0,Vision Securities Pvt. Ltd,Naasa Securities Co. Ltd.,2026-04-30 14:38:55.964048
2026043005012726,CHDC,34,56,88,2260.0,198880.0,Vision Securities Pvt. Ltd,Sri Hari Securities Pvt. Ltd.,2026-04-30 14:38:55.964428
2026043005012795,CHDC,36,56,10,2260.0,22600.0,Secured Securities Ltd.,Sri Hari Securities Pvt. Ltd.,2026-04-30 14:39:34.990956
2026043005013198,CHDC,63,5,10,2257.0,22570.0,Himalayan Brokerage Company Limited,Market Securities & Exchange (PVT) Ltd.,2026-04-30 14:43:39.758968
2026043005013240,CHDC,45,5,10,2257.0,22570.0,Imperial Securities Company Pvt. Ltd.,Market Securities & Exchange (PVT) Ltd.,2026-04-30 14:44:28.635845
2026043005013245,CHDC,17,52,12,2255.0,27060.0,ABC Securities Private Limited,Sundhara Securities Limited,2026-04-30 14:44:42.298451
2026043005013251,CHDC,17,5,104,2255.0,234520.0,ABC Securities Private Limited,Market Securities & Exchange (PVT) Ltd.,2026-04-30 14:44:48.120888
2026043005013289,CHDC,58,5,25,2255.0,56375.0,Naasa Securities Co. Ltd.,Market Securities & Exchange (PVT) Ltd.,2026-04-30 14:45:19.533248
2026043005013433,CHDC,63,5,10,2255.0,22550.0,Himalayan Brokerage Company Limited,Market Securities & Exchange (PVT) Ltd.,2026-04-30 14:47:46.930576
2026043005013442,CHDC,39,34,30,2252.0,67560.0,Sumeru Securities Pvt. Ltd.,Vision Securities Pvt. Ltd,2026-04-30 14:48:01.137441
2026043005013443,CHDC,11,34,20,2252.0,45040.0,Malla & Malla Stock Broking Company Pvt. Limited,Vision Securities Pvt. Ltd,2026-04-30 14:48:01.137776
2026043005013474,CHDC,63,5,71,2255.0,160105.0,Himalayan Brokerage Company Limited,Market Securities & Exchange (PVT) Ltd.,2026-04-30 14:48:32.015805
2026043005013487,CHDC,63,58,12,2255.0,27060.0,Himalayan Brokerage Company Limited,Naasa Securities Co. Ltd.,2026-04-30 14:48:46.012414
2026043005013533,CHDC,63,56,87,2260.0,196620.0,Himalayan Brokerage Company Limited,Sri Hari Securities Pvt. Ltd.,2026-04-30 14:49:07.241041
2026043005013534,CHDC,63,34,12,2260.0,27120.0,Himalayan Brokerage Company Limited,Vision Securities Pvt. Ltd,2026-04-30 14:49:07.241227
2026043005013648,CHDC,81,32,50,2258.0,112900.0,Aakashbhairab Securities Ltd.,Premier Securities Company Ltd.,2026-04-30 14:50:38.556691
2026043005013672,CHDC,81,32,100,2260.0,226000.0,Aakashbhairab Securities Ltd.,Premier Securities Company Ltd.,2026-04-30 14:50:56.472425
2026043005013779,CHDC,69,14,12,2260.1,27121.2,INDEX SECURITIES LIMITED,Nepal Stock House (PVT) Ltd.,2026-04-30 14:52:23.486782
2026043005013780,CHDC,69,34,288,2261.0,651168.0,INDEX SECURITIES LIMITED,Vision Securities Pvt. Ltd,2026-04-30 14:52:23.486979
2026043005013868,CHDC,69,34,10,2261.0,22610.0,INDEX SECURITIES LIMITED,Vision Securities Pvt. Ltd,2026-04-30 14:53:10.584889
2026043005014032,CHDC,49,32,33,2258.0,74514.0,Online Securities Pvt. Ltd.,Premier Securities Company Ltd.,2026-04-30 14:54:26.539821
2026043005014197,CHDC,34,32,65,2258.0,146770.0,Vision Securities Pvt. Ltd,Premier Securities Company Ltd.,2026-04-30 14:55:53.009232
2026043005014439,CHDC,48,32,44,2260.0,99440.0,Trishakti Securities Public Limited,Premier Securities Company Ltd.,2026-04-30 14:57:05.233506
2026043005014706,CHDC,42,32,56,2260.0,126560.0,Sani Securities Company Ltd.,Premier Securities Company Ltd.,2026-04-30 14:58:29.826567
2026043005014848,CHDC,76,62,10,2260.9,22609.0,Machhapuchchhre Securities Limited,Capital Max Securities Ltd,2026-04-30 14:59:11.839843
2026043005015055,CHDC,42,62,65,2260.9,146958.5,Sani Securities Company Ltd.,Capital Max Securities Ltd,2026-04-30 14:59:41.155181
2026043005015282,CHDC,64,62,100,2260.9,226090.0,SUN SECURITIES PVT LTD,Capital Max Securities Ltd,2026-04-30 14:59:58.484434
