contractId,stockSymbol,buyerMemberId,sellerMemberId,quantity,rate,amount,businessDate,tradeBookId,stockId,buyerBrokerName,sellerBrokerName,transaction_time,securityName
2026043005000001,CIT,42,6,50,1780.0,89000.0,2026-04-30,188625966,210,Sani Securities Company Ltd.,Agrawal Securities (PVT) Ltd.,2026-04-30 10:46:00.013085,Citizen Investment Trust
2026043005000002,CIT,26,6,20,1780.0,35600.0,2026-04-30,188625968,210,Asian Securities Private Ltd.,Agrawal Securities (PVT) Ltd.,2026-04-30 10:46:00.013168,Citizen Investment Trust
2026043005000446,CIT,48,19,10,1774.0,17740.0,2026-04-30,188631280,210,Trishakti Securities Public Limited,Nepal Investment And Securities Trading Private Limited,2026-04-30 11:08:05.358447,Citizen Investment Trust
2026043005000560,CIT,35,6,30,1770.0,53100.0,2026-04-30,188632868,210,Kohinoor Investment & Securities Pvt. Ltd.,Agrawal Securities (PVT) Ltd.,2026-04-30 11:10:23.680404,Citizen Investment Trust
2026043005000561,CIT,58,6,10,1765.0,17650.0,2026-04-30,188632870,210,Naasa Securities Co. Ltd.,Agrawal Securities (PVT) Ltd.,2026-04-30 11:10:23.680503,Citizen Investment Trust
2026043005000562,CIT,1,6,10,1765.0,17650.0,2026-04-30,188632871,210,Kumari Securities Private Limited,Agrawal Securities (PVT) Ltd.,2026-04-30 11:10:23.680542,Citizen Investment Trust
2026043005000606,CIT,1,45,11,1765.0,19415.0,2026-04-30,188633381,210,Kumari Securities Private Limited,Imperial Securities Company Pvt. Ltd.,2026-04-30 11:11:05.032589,Citizen Investment Trust
2026043005000730,CIT,82,19,10,1764.1,17641.0,2026-04-30,188635507,210,N.M.B. SECURITIES LIMITED,Nepal Investment And Securities Trading Private Limited,2026-04-30 11:13:31.445718,Citizen Investment Trust
2026043005000873,CIT,82,35,156,1764.1,275199.6,2026-04-30,188636616,210,N.M.B. SECURITIES LIMITED,Kohinoor Investment & Securities Pvt. Ltd.,2026-04-30 11:14:34.206360,Citizen Investment Trust
2026043005000874,CIT,58,35,10,1763.0,17630.0,2026-04-30,188636618,210,Naasa Securities Co. Ltd.,Kohinoor Investment & Securities Pvt. Ltd.,2026-04-30 11:14:34.206464,Citizen Investment Trust
2026043005000875,CIT,74,35,128,1760.0,225280.0,2026-04-30,188636620,210,KALASH STOCK MARKET PVT. LTD.,Kohinoor Investment & Securities Pvt. Ltd.,2026-04-30 11:14:34.206522,Citizen Investment Trust
2026043005000876,CIT,5,35,20,1760.0,35200.0,2026-04-30,188636622,210,Market Securities & Exchange (PVT) Ltd.,Kohinoor Investment & Securities Pvt. Ltd.,2026-04-30 11:14:34.206575,Citizen Investment Trust
2026043005000877,CIT,42,35,50,1760.0,88000.0,2026-04-30,188636624,210,Sani Securities Company Ltd.,Kohinoor Investment & Securities Pvt. Ltd.,2026-04-30 11:14:34.206614,Citizen Investment Trust
2026043005000878,CIT,58,35,10,1760.0,17600.0,2026-04-30,188636626,210,Naasa Securities Co. Ltd.,Kohinoor Investment & Securities Pvt. Ltd.,2026-04-30 11:14:34.206651,Citizen Investment Trust
2026043005000879,CIT,42,35,10,1751.0,17510.0,2026-04-30,188636628,210,Sani Securities Company Ltd.,Kohinoor Investment & Securities Pvt. Ltd.,2026-04-30 11:14:34.206688,Citizen Investment Trust
2026043005000880,CIT,38,35,250,1750.0,437500.0,2026-04-30,188636630,210,Dipshikha Dhitopatra Karobar Co. Pvt Ltd.,Kohinoor Investment & Securities Pvt. Ltd.,2026-04-30 11:14:34.206725,Citizen Investment Trust
2026043005000881,CIT,45,35,100,1750.0,175000.0,2026-04-30,188636632,210,Imperial Securities Company Pvt. Ltd.,Kohinoor Investment & Securities Pvt. Ltd.,2026-04-30 11:14:34.206761,Citizen Investment Trust
2026043005000882,CIT,39,35,50,1750.0,87500.0,2026-04-30,188636634,210,Sumeru Securities Pvt. Ltd.,Kohinoor Investment & Securities Pvt. Ltd.,2026-04-30 11:14:34.206794,Citizen Investment Trust
2026043005000883,CIT,6,35,30,1750.0,52500.0,2026-04-30,188636636,210,Agrawal Securities (PVT) Ltd.,Kohinoor Investment & Securities Pvt. Ltd.,2026-04-30 11:14:34.206829,Citizen Investment Trust
2026043005000951,CIT,58,35,41,1750.0,71750.0,2026-04-30,188637330,210,Naasa Securities Co. Ltd.,Kohinoor Investment & Securities Pvt. Ltd.,2026-04-30 11:15:18.933238,Citizen Investment Trust
2026043005000964,CIT,59,35,15,1750.0,26250.0,2026-04-30,188637550,210,Deevyaa Securities & Stock House Pvt. Ltd,Kohinoor Investment & Securities Pvt. Ltd.,2026-04-30 11:15:31.816524,Citizen Investment Trust
2026043005001073,CIT,35,35,10,1750.0,17500.0,2026-04-30,188638684,210,Kohinoor Investment & Securities Pvt. Ltd.,Kohinoor Investment & Securities Pvt. Ltd.,2026-04-30 11:16:55.780514,Citizen Investment Trust
2026043005001138,CIT,1,35,10,1750.0,17500.0,2026-04-30,188639422,210,Kumari Securities Private Limited,Kohinoor Investment & Securities Pvt. Ltd.,2026-04-30 11:17:29.648273,Citizen Investment Trust
2026043005001141,CIT,35,35,10,1750.0,17500.0,2026-04-30,188639452,210,Kohinoor Investment & Securities Pvt. Ltd.,Kohinoor Investment & Securities Pvt. Ltd.,2026-04-30 11:17:33.355169,Citizen Investment Trust
2026043005001172,CIT,42,35,10,1750.0,17500.0,2026-04-30,188639730,210,Sani Securities Company Ltd.,Kohinoor Investment & Securities Pvt. Ltd.,2026-04-30 11:17:49.338441,Citizen Investment Trust
2026043005001173,CIT,49,35,90,1750.0,157500.0,2026-04-30,188639753,210,Online Securities Pvt. Ltd.,Kohinoor Investment & Securities Pvt. Ltd.,2026-04-30 11:17:51.499255,Citizen Investment Trust
2026043005001384,CIT,13,41,20,1747.0,34940.0,2026-04-30,188641934,210,Thrive Brokerage House Pvt. Ltd,Linch Stock Market Ltd.,2026-04-30 11:20:25.107575,Citizen Investment Trust
2026043005001417,CIT,45,41,11,1746.0,19206.0,2026-04-30,188642199,210,Imperial Securities Company Pvt. Ltd.,Linch Stock Market Ltd.,2026-04-30 11:20:39.902793,Citizen Investment Trust
2026043005002086,CIT,51,53,1,1697.5,1697.5,2026-04-30,188650251,210,Oxford Securities Pvt. Ltd.,Investment Management Nepal Pvt. Ltd.,2026-04-30 11:28:58.282471,Citizen Investment Trust
2026043005002535,CIT,58,42,2,1750.0,3500.0,2026-04-30,188655845,210,Naasa Securities Co. Ltd.,Sani Securities Company Ltd.,2026-04-30 11:36:22.516164,Citizen Investment Trust
2026043005002748,CIT,1,47,17,1753.0,29801.0,2026-04-30,188658091,210,Kumari Securities Private Limited,Neev Securities Pvt. Ltd.,2026-04-30 11:39:38.200520,Citizen Investment Trust
2026043005002831,CIT,39,11,20,1755.0,35100.0,2026-04-30,188658697,210,Sumeru Securities Pvt. Ltd.,Malla & Malla Stock Broking Company Pvt. Limited,2026-04-30 11:40:23.508875,Citizen Investment Trust
2026043005003049,CIT,38,65,20,1756.0,35120.0,2026-04-30,188660890,210,Dipshikha Dhitopatra Karobar Co. Pvt Ltd.,Sharepro Securities Private Limited,2026-04-30 11:43:49.621419,Citizen Investment Trust
2026043005003056,CIT,53,65,10,1756.0,17560.0,2026-04-30,188660997,210,Investment Management Nepal Pvt. Ltd.,Sharepro Securities Private Limited,2026-04-30 11:44:00.572805,Citizen Investment Trust
2026043005003130,CIT,53,33,40,1756.0,70240.0,2026-04-30,188661742,210,Investment Management Nepal Pvt. Ltd.,Dakshinkali Investment & Securities Pvt. Ltd.,2026-04-30 11:44:56.495105,Citizen Investment Trust
2026043005003279,CIT,58,33,11,1756.0,19316.0,2026-04-30,188663172,210,Naasa Securities Co. Ltd.,Dakshinkali Investment & Securities Pvt. Ltd.,2026-04-30 11:46:45.646963,Citizen Investment Trust
2026043005003581,CIT,44,33,49,1756.0,86044.0,2026-04-30,188666169,210,Dynamic Money Managers Securities Pvt. Ltd.,Dakshinkali Investment & Securities Pvt. Ltd.,2026-04-30 11:50:45.990251,Citizen Investment Trust
2026043005003638,CIT,1,47,10,1756.0,17560.0,2026-04-30,188666548,210,Kumari Securities Private Limited,Neev Securities Pvt. Ltd.,2026-04-30 11:51:16.760950,Citizen Investment Trust
2026043005004320,CIT,89,32,10,1757.0,17570.0,2026-04-30,188673625,210,Global IME Securities Limited,Premier Securities Company Ltd.,2026-04-30 12:01:13.066178,Citizen Investment Trust
2026043005004632,CIT,56,47,10,1760.0,17600.0,2026-04-30,188676541,210,Sri Hari Securities Pvt. Ltd.,Neev Securities Pvt. Ltd.,2026-04-30 12:06:09.670036,Citizen Investment Trust
2026043005004785,CIT,45,58,46,1761.0,81006.0,2026-04-30,188677769,210,Imperial Securities Company Pvt. Ltd.,Naasa Securities Co. Ltd.,2026-04-30 12:08:15.333243,Citizen Investment Trust
2026043005004951,CIT,45,36,75,1761.0,132075.0,2026-04-30,188679437,210,Imperial Securities Company Pvt. Ltd.,Secured Securities Ltd.,2026-04-30 12:10:38.334253,Citizen Investment Trust
2026043005005044,CIT,45,48,129,1761.0,227169.0,2026-04-30,188680178,210,Imperial Securities Company Pvt. Ltd.,Trishakti Securities Public Limited,2026-04-30 12:11:41.833259,Citizen Investment Trust
2026043005005045,CIT,45,48,71,1761.0,125031.0,2026-04-30,188680179,210,Imperial Securities Company Pvt. Ltd.,Trishakti Securities Public Limited,2026-04-30 12:11:41.833653,Citizen Investment Trust
2026043005005426,CIT,52,22,60,1761.9,105714.0,2026-04-30,188683590,210,Sundhara Securities Limited,Siprabi Securities Pvt. Ltd.,2026-04-30 12:16:52.141533,Citizen Investment Trust
2026043005005617,CIT,45,7,19,1761.0,33459.0,2026-04-30,188686098,210,Imperial Securities Company Pvt. Ltd.,J.F. Securites (PVT) Ltd.,2026-04-30 12:20:25.214980,Citizen Investment Trust
2026043005005682,CIT,4,22,40,1761.9,70476.0,2026-04-30,188686660,210,Opal Securities Investment (PVT) Ltd.,Siprabi Securities Pvt. Ltd.,2026-04-30 12:21:23.342157,Citizen Investment Trust
2026043005005760,CIT,26,1,12,1761.0,21132.0,2026-04-30,188687448,210,Asian Securities Private Ltd.,Kumari Securities Private Limited,2026-04-30 12:22:52.513648,Citizen Investment Trust
2026043005005761,CIT,42,1,10,1761.0,17610.0,2026-04-30,188687450,210,Sani Securities Company Ltd.,Kumari Securities Private Limited,2026-04-30 12:22:52.514035,Citizen Investment Trust
2026043005005762,CIT,56,1,18,1760.0,31680.0,2026-04-30,188687451,210,Sri Hari Securities Pvt. Ltd.,Kumari Securities Private Limited,2026-04-30 12:22:52.514304,Citizen Investment Trust
2026043005005834,CIT,58,22,100,1761.9,176190.0,2026-04-30,188688384,210,Naasa Securities Co. Ltd.,Siprabi Securities Pvt. Ltd.,2026-04-30 12:24:32.822685,Citizen Investment Trust
2026043005006317,CIT,42,48,200,1762.0,352400.0,2026-04-30,188694699,210,Sani Securities Company Ltd.,Trishakti Securities Public Limited,2026-04-30 12:36:17.352934,Citizen Investment Trust
2026043005006318,CIT,42,41,10,1762.0,17620.0,2026-04-30,188694702,210,Sani Securities Company Ltd.,Linch Stock Market Ltd.,2026-04-30 12:36:17.353169,Citizen Investment Trust
2026043005006824,CIT,53,47,10,1763.0,17630.0,2026-04-30,188700807,210,Investment Management Nepal Pvt. Ltd.,Neev Securities Pvt. Ltd.,2026-04-30 12:48:07.331918,Citizen Investment Trust
2026043005006825,CIT,53,47,10,1764.9,17649.0,2026-04-30,188700810,210,Investment Management Nepal Pvt. Ltd.,Neev Securities Pvt. Ltd.,2026-04-30 12:48:07.332110,Citizen Investment Trust
2026043005006868,CIT,42,22,30,1765.0,52950.0,2026-04-30,188701169,210,Sani Securities Company Ltd.,Siprabi Securities Pvt. Ltd.,2026-04-30 12:48:51.639872,Citizen Investment Trust
2026043005006869,CIT,42,74,78,1765.0,137670.0,2026-04-30,188701171,210,Sani Securities Company Ltd.,KALASH STOCK MARKET PVT. LTD.,2026-04-30 12:48:51.640234,Citizen Investment Trust
2026043005006870,CIT,42,13,100,1765.0,176500.0,2026-04-30,188701173,210,Sani Securities Company Ltd.,Thrive Brokerage House Pvt. Ltd,2026-04-30 12:48:51.640470,Citizen Investment Trust
2026043005006871,CIT,42,46,72,1765.0,127080.0,2026-04-30,188701176,210,Sani Securities Company Ltd.,Kalika Securities Pvt. Ltd.,2026-04-30 12:48:51.640706,Citizen Investment Trust
2026043005006872,CIT,1,46,7,1765.0,12355.0,2026-04-30,188701177,210,Kumari Securities Private Limited,Kalika Securities Pvt. Ltd.,2026-04-30 12:48:51.641082,Citizen Investment Trust
2026043005006918,CIT,42,47,10,1765.9,17659.0,2026-04-30,188701374,210,Sani Securities Company Ltd.,Neev Securities Pvt. Ltd.,2026-04-30 12:49:14.761563,Citizen Investment Trust
2026043005006990,CIT,49,35,10,1765.0,17650.0,2026-04-30,188702316,210,Online Securities Pvt. Ltd.,Kohinoor Investment & Securities Pvt. Ltd.,2026-04-30 12:51:16.136232,Citizen Investment Trust
2026043005007005,CIT,51,35,10,1765.0,17650.0,2026-04-30,188702552,210,Oxford Securities Pvt. Ltd.,Kohinoor Investment & Securities Pvt. Ltd.,2026-04-30 12:51:39.473334,Citizen Investment Trust
2026043005007611,CIT,47,35,10,1765.0,17650.0,2026-04-30,188710121,210,Neev Securities Pvt. Ltd.,Kohinoor Investment & Securities Pvt. Ltd.,2026-04-30 13:02:57.402625,Citizen Investment Trust
2026043005008385,CIT,41,58,10,1765.0,17650.0,2026-04-30,188719730,210,Linch Stock Market Ltd.,Naasa Securities Co. Ltd.,2026-04-30 13:13:10.903270,Citizen Investment Trust
2026043005008676,CIT,60,58,20,1765.0,35300.0,2026-04-30,188723027,210,Nagarik Stock Dealer ,Naasa Securities Co. Ltd.,2026-04-30 13:17:46.840654,Citizen Investment Trust
2026043005008968,CIT,60,52,10,1765.0,17650.0,2026-04-30,188725961,210,Nagarik Stock Dealer ,Sundhara Securities Limited,2026-04-30 13:20:43.798332,Citizen Investment Trust
2026043005009077,CIT,60,26,45,1765.0,79425.0,2026-04-30,188727068,210,Nagarik Stock Dealer ,Asian Securities Private Ltd.,2026-04-30 13:21:53.683182,Citizen Investment Trust
2026043005009078,CIT,36,26,10,1765.0,17650.0,2026-04-30,188727069,210,Secured Securities Ltd.,Asian Securities Private Ltd.,2026-04-30 13:21:53.683406,Citizen Investment Trust
2026043005009127,CIT,13,26,30,1763.2,52896.0,2026-04-30,188727672,210,Thrive Brokerage House Pvt. Ltd,Asian Securities Private Ltd.,2026-04-30 13:22:36.186510,Citizen Investment Trust
2026043005009128,CIT,13,26,30,1763.2,52896.0,2026-04-30,188727673,210,Thrive Brokerage House Pvt. Ltd,Asian Securities Private Ltd.,2026-04-30 13:22:36.186750,Citizen Investment Trust
2026043005009366,CIT,58,26,20,1763.1,35262.0,2026-04-30,188730083,210,Naasa Securities Co. Ltd.,Asian Securities Private Ltd.,2026-04-30 13:27:39.235991,Citizen Investment Trust
2026043005009388,CIT,17,29,34,1766.0,60044.0,2026-04-30,188730215,210,ABC Securities Private Limited,Trisul Securities & Invt. Ltd.,2026-04-30 13:27:53.664204,Citizen Investment Trust
2026043005009389,CIT,17,77,21,1766.0,37086.0,2026-04-30,188730218,210,ABC Securities Private Limited,Nabil Stock Dealer Ltd.,2026-04-30 13:27:53.664557,Citizen Investment Trust
2026043005009399,CIT,43,26,50,1763.0,88150.0,2026-04-30,188730349,210,South Asian Bulls Pvt. Ltd.,Asian Securities Private Ltd.,2026-04-30 13:28:14.222861,Citizen Investment Trust
2026043005009409,CIT,35,26,10,1762.0,17620.0,2026-04-30,188730483,210,Kohinoor Investment & Securities Pvt. Ltd.,Asian Securities Private Ltd.,2026-04-30 13:28:33.855534,Citizen Investment Trust
2026043005009425,CIT,56,26,22,1760.0,38720.0,2026-04-30,188730706,210,Sri Hari Securities Pvt. Ltd.,Asian Securities Private Ltd.,2026-04-30 13:29:17.016279,Citizen Investment Trust
2026043005009426,CIT,41,26,10,1760.0,17600.0,2026-04-30,188730708,210,Linch Stock Market Ltd.,Asian Securities Private Ltd.,2026-04-30 13:29:17.016700,Citizen Investment Trust
2026043005009427,CIT,32,26,50,1760.0,88000.0,2026-04-30,188730710,210,Premier Securities Company Ltd.,Asian Securities Private Ltd.,2026-04-30 13:29:17.016941,Citizen Investment Trust
2026043005009428,CIT,58,26,17,1760.0,29920.0,2026-04-30,188730712,210,Naasa Securities Co. Ltd.,Asian Securities Private Ltd.,2026-04-30 13:29:17.017173,Citizen Investment Trust
2026043005009429,CIT,14,26,15,1760.0,26400.0,2026-04-30,188730714,210,Nepal Stock House (PVT) Ltd.,Asian Securities Private Ltd.,2026-04-30 13:29:17.017434,Citizen Investment Trust
2026043005009430,CIT,4,26,50,1760.0,88000.0,2026-04-30,188730715,210,Opal Securities Investment (PVT) Ltd.,Asian Securities Private Ltd.,2026-04-30 13:29:17.017656,Citizen Investment Trust
2026043005009444,CIT,41,26,10,1763.0,17630.0,2026-04-30,188730905,210,Linch Stock Market Ltd.,Asian Securities Private Ltd.,2026-04-30 13:29:49.020293,Citizen Investment Trust
2026043005009500,CIT,38,58,10,1757.0,17570.0,2026-04-30,188731621,210,Dipshikha Dhitopatra Karobar Co. Pvt Ltd.,Naasa Securities Co. Ltd.,2026-04-30 13:31:58.347598,Citizen Investment Trust
2026043005009781,CIT,38,58,10,1757.0,17570.0,2026-04-30,188733543,210,Dipshikha Dhitopatra Karobar Co. Pvt Ltd.,Naasa Securities Co. Ltd.,2026-04-30 13:36:51.364803,Citizen Investment Trust
2026043005009863,CIT,38,45,10,1757.0,17570.0,2026-04-30,188734608,210,Dipshikha Dhitopatra Karobar Co. Pvt Ltd.,Imperial Securities Company Pvt. Ltd.,2026-04-30 13:39:47.590041,Citizen Investment Trust
2026043005009864,CIT,36,45,10,1757.0,17570.0,2026-04-30,188734609,210,Secured Securities Ltd.,Imperial Securities Company Pvt. Ltd.,2026-04-30 13:39:47.590151,Citizen Investment Trust
2026043005010226,CIT,22,52,20,1764.0,35280.0,2026-04-30,188738620,210,Siprabi Securities Pvt. Ltd.,Sundhara Securities Limited,2026-04-30 13:49:59.624411,Citizen Investment Trust
2026043005010391,CIT,39,22,50,1765.0,88250.0,2026-04-30,188741158,210,Sumeru Securities Pvt. Ltd.,Siprabi Securities Pvt. Ltd.,2026-04-30 13:55:21.835509,Citizen Investment Trust
2026043005010504,CIT,17,22,10,1765.0,17650.0,2026-04-30,188742288,210,ABC Securities Private Limited,Siprabi Securities Pvt. Ltd.,2026-04-30 13:58:45.584936,Citizen Investment Trust
2026043005010505,CIT,29,22,10,1765.0,17650.0,2026-04-30,188742294,210,Trisul Securities & Invt. Ltd.,Siprabi Securities Pvt. Ltd.,2026-04-30 13:58:47.137700,Citizen Investment Trust
2026043005011028,CIT,49,22,10,1765.0,17650.0,2026-04-30,188746732,210,Online Securities Pvt. Ltd.,Siprabi Securities Pvt. Ltd.,2026-04-30 14:08:27.739719,Citizen Investment Trust
2026043005011048,CIT,49,34,10,1765.0,17650.0,2026-04-30,188746826,210,Online Securities Pvt. Ltd.,Vision Securities Pvt. Ltd,2026-04-30 14:08:45.027123,Citizen Investment Trust
2026043005011325,CIT,29,34,10,1765.0,17650.0,2026-04-30,188749354,210,Trisul Securities & Invt. Ltd.,Vision Securities Pvt. Ltd,2026-04-30 14:14:43.810689,Citizen Investment Trust
2026043005011430,CIT,13,34,30,1765.0,52950.0,2026-04-30,188750330,210,Thrive Brokerage House Pvt. Ltd,Vision Securities Pvt. Ltd,2026-04-30 14:17:09.705788,Citizen Investment Trust
2026043005011481,CIT,42,41,10,1765.0,17650.0,2026-04-30,188750770,210,Sani Securities Company Ltd.,Linch Stock Market Ltd.,2026-04-30 14:18:18.312001,Citizen Investment Trust
2026043005011535,CIT,42,41,95,1765.0,167675.0,2026-04-30,188751564,210,Sani Securities Company Ltd.,Linch Stock Market Ltd.,2026-04-30 14:20:11.730606,Citizen Investment Trust
2026043005011557,CIT,34,41,150,1765.0,264750.0,2026-04-30,188751756,210,Vision Securities Pvt. Ltd,Linch Stock Market Ltd.,2026-04-30 14:20:18.775508,Citizen Investment Trust
2026043005011583,CIT,74,41,20,1765.0,35300.0,2026-04-30,188751958,210,KALASH STOCK MARKET PVT. LTD.,Linch Stock Market Ltd.,2026-04-30 14:20:46.189388,Citizen Investment Trust
2026043005011917,CIT,49,75,30,1762.5,52875.0,2026-04-30,188755766,210,Online Securities Pvt. Ltd.,N.I.M.B. Stock Markets Limited,2026-04-30 14:26:49.498711,Citizen Investment Trust
2026043005011918,CIT,29,75,50,1762.1,88105.0,2026-04-30,188755768,210,Trisul Securities & Invt. Ltd.,N.I.M.B. Stock Markets Limited,2026-04-30 14:26:49.499119,Citizen Investment Trust
2026043005011919,CIT,28,75,10,1762.0,17620.0,2026-04-30,188755770,210,Shree Krishna Securities Ltd.,N.I.M.B. Stock Markets Limited,2026-04-30 14:26:49.499393,Citizen Investment Trust
2026043005011920,CIT,58,75,17,1762.0,29954.0,2026-04-30,188755771,210,Naasa Securities Co. Ltd.,N.I.M.B. Stock Markets Limited,2026-04-30 14:26:49.499642,Citizen Investment Trust
2026043005012004,CIT,58,43,32,1762.0,56384.0,2026-04-30,188756554,210,Naasa Securities Co. Ltd.,South Asian Bulls Pvt. Ltd.,2026-04-30 14:28:03.395626,Citizen Investment Trust
2026043005012005,CIT,29,43,18,1762.0,31716.0,2026-04-30,188756555,210,Trisul Securities & Invt. Ltd.,South Asian Bulls Pvt. Ltd.,2026-04-30 14:28:03.396040,Citizen Investment Trust
2026043005012194,CIT,54,34,30,1763.0,52890.0,2026-04-30,188758366,210,Sewa Securities Pvt. Ltd.,Vision Securities Pvt. Ltd,2026-04-30 14:30:37.309343,Citizen Investment Trust
2026043005012252,CIT,39,34,20,1763.0,35260.0,2026-04-30,188758884,210,Sumeru Securities Pvt. Ltd.,Vision Securities Pvt. Ltd,2026-04-30 14:31:31.863997,Citizen Investment Trust
2026043005012356,CIT,40,34,10,1763.0,17630.0,2026-04-30,188759900,210,Creative Securities Pvt Ltd,Vision Securities Pvt. Ltd,2026-04-30 14:32:56.822249,Citizen Investment Trust
2026043005012496,CIT,29,33,10,1762.0,17620.0,2026-04-30,188761555,210,Trisul Securities & Invt. Ltd.,Dakshinkali Investment & Securities Pvt. Ltd.,2026-04-30 14:35:23.294646,Citizen Investment Trust
2026043005012517,CIT,45,34,10,1763.0,17630.0,2026-04-30,188761766,210,Imperial Securities Company Pvt. Ltd.,Vision Securities Pvt. Ltd,2026-04-30 14:35:49.942065,Citizen Investment Trust
2026043005012675,CIT,29,35,10,1762.0,17620.0,2026-04-30,188763345,210,Trisul Securities & Invt. Ltd.,Kohinoor Investment & Securities Pvt. Ltd.,2026-04-30 14:38:12.691267,Citizen Investment Trust
2026043005012988,CIT,29,45,12,1762.0,21144.0,2026-04-30,188766080,210,Trisul Securities & Invt. Ltd.,Imperial Securities Company Pvt. Ltd.,2026-04-30 14:41:43.199045,Citizen Investment Trust
2026043005012989,CIT,49,45,30,1761.0,52830.0,2026-04-30,188766082,210,Online Securities Pvt. Ltd.,Imperial Securities Company Pvt. Ltd.,2026-04-30 14:41:43.199309,Citizen Investment Trust
2026043005012990,CIT,26,45,41,1760.0,72160.0,2026-04-30,188766084,210,Asian Securities Private Ltd.,Imperial Securities Company Pvt. Ltd.,2026-04-30 14:41:43.199413,Citizen Investment Trust
2026043005012991,CIT,29,45,10,1760.0,17600.0,2026-04-30,188766086,210,Trisul Securities & Invt. Ltd.,Imperial Securities Company Pvt. Ltd.,2026-04-30 14:41:43.199497,Citizen Investment Trust
2026043005012992,CIT,25,45,100,1760.0,176000.0,2026-04-30,188766088,210,Sweta Securities Private Limited,Imperial Securities Company Pvt. Ltd.,2026-04-30 14:41:43.199581,Citizen Investment Trust
2026043005012993,CIT,32,45,100,1760.0,176000.0,2026-04-30,188766090,210,Premier Securities Company Ltd.,Imperial Securities Company Pvt. Ltd.,2026-04-30 14:41:43.199665,Citizen Investment Trust
2026043005012994,CIT,49,45,20,1760.0,35200.0,2026-04-30,188766092,210,Online Securities Pvt. Ltd.,Imperial Securities Company Pvt. Ltd.,2026-04-30 14:41:43.199747,Citizen Investment Trust
2026043005012995,CIT,25,45,15,1760.0,26400.0,2026-04-30,188766094,210,Sweta Securities Private Limited,Imperial Securities Company Pvt. Ltd.,2026-04-30 14:41:43.199830,Citizen Investment Trust
2026043005012996,CIT,74,45,20,1760.0,35200.0,2026-04-30,188766096,210,KALASH STOCK MARKET PVT. LTD.,Imperial Securities Company Pvt. Ltd.,2026-04-30 14:41:43.199912,Citizen Investment Trust
2026043005012997,CIT,58,45,12,1760.0,21120.0,2026-04-30,188766097,210,Naasa Securities Co. Ltd.,Imperial Securities Company Pvt. Ltd.,2026-04-30 14:41:43.200007,Citizen Investment Trust
2026043005013208,CIT,42,39,10,1760.1,17601.0,2026-04-30,188767724,210,Sani Securities Company Ltd.,Sumeru Securities Pvt. Ltd.,2026-04-30 14:43:54.535245,Citizen Investment Trust
2026043005013209,CIT,19,39,10,1760.0,17600.0,2026-04-30,188767726,210,Nepal Investment And Securities Trading Private Limited,Sumeru Securities Pvt. Ltd.,2026-04-30 14:43:54.535691,Citizen Investment Trust
2026043005013210,CIT,44,39,10,1760.0,17600.0,2026-04-30,188767727,210,Dynamic Money Managers Securities Pvt. Ltd.,Sumeru Securities Pvt. Ltd.,2026-04-30 14:43:54.535954,Citizen Investment Trust
2026043005013611,CIT,44,42,10,1760.0,17600.0,2026-04-30,188771734,210,Dynamic Money Managers Securities Pvt. Ltd.,Sani Securities Company Ltd.,2026-04-30 14:49:57.084166,Citizen Investment Trust
2026043005013612,CIT,58,42,10,1760.0,17600.0,2026-04-30,188771736,210,Naasa Securities Co. Ltd.,Sani Securities Company Ltd.,2026-04-30 14:49:57.084590,Citizen Investment Trust
2026043005013613,CIT,6,42,80,1760.0,140800.0,2026-04-30,188771737,210,Agrawal Securities (PVT) Ltd.,Sani Securities Company Ltd.,2026-04-30 14:49:57.084854,Citizen Investment Trust
2026043005013617,CIT,17,16,40,1762.8,70512.0,2026-04-30,188771777,210,ABC Securities Private Limited,Primo Securities (PVT) Ltd.,2026-04-30 14:50:02.012874,Citizen Investment Trust
2026043005013618,CIT,17,34,27,1763.0,47601.0,2026-04-30,188771779,210,ABC Securities Private Limited,Vision Securities Pvt. Ltd,2026-04-30 14:50:02.013243,Citizen Investment Trust
2026043005013642,CIT,17,25,30,1764.0,52920.0,2026-04-30,188772205,210,ABC Securities Private Limited,Sweta Securities Private Limited,2026-04-30 14:50:33.323476,Citizen Investment Trust
2026043005013643,CIT,17,47,10,1764.9,17649.0,2026-04-30,188772207,210,ABC Securities Private Limited,Neev Securities Pvt. Ltd.,2026-04-30 14:50:33.323886,Citizen Investment Trust
2026043005013644,CIT,17,41,25,1765.0,44125.0,2026-04-30,188772209,210,ABC Securities Private Limited,Linch Stock Market Ltd.,2026-04-30 14:50:33.324218,Citizen Investment Trust
2026043005013645,CIT,17,35,10,1765.0,17650.0,2026-04-30,188772211,210,ABC Securities Private Limited,Kohinoor Investment & Securities Pvt. Ltd.,2026-04-30 14:50:33.324610,Citizen Investment Trust
2026043005013833,CIT,58,77,10,1766.0,17660.0,2026-04-30,188774030,210,Naasa Securities Co. Ltd.,Nabil Stock Dealer Ltd.,2026-04-30 14:52:52.741771,Citizen Investment Trust
2026043005014425,CIT,51,35,10,1765.1,17651.0,2026-04-30,188778870,210,Oxford Securities Pvt. Ltd.,Kohinoor Investment & Securities Pvt. Ltd.,2026-04-30 14:57:00.923953,Citizen Investment Trust
2026043005014465,CIT,51,7,40,1765.1,70604.0,2026-04-30,188779179,210,Oxford Securities Pvt. Ltd.,J.F. Securites (PVT) Ltd.,2026-04-30 14:57:12.297567,Citizen Investment Trust
2026043005014641,CIT,49,77,1418,1766.0,2504188.0,2026-04-30,188780588,210,Online Securities Pvt. Ltd.,Nabil Stock Dealer Ltd.,2026-04-30 14:58:04.397832,Citizen Investment Trust
2026043005014752,CIT,11,5,20,1766.0,35320.0,2026-04-30,188781894,210,Malla & Malla Stock Broking Company Pvt. Limited,Market Securities & Exchange (PVT) Ltd.,2026-04-30 14:58:45.387942,Citizen Investment Trust
2026043005014863,CIT,8,5,10,1766.0,17660.0,2026-04-30,188782930,210,Brilliant Securities Pvt. Ltd.,Market Securities & Exchange (PVT) Ltd.,2026-04-30 14:59:13.865543,Citizen Investment Trust
2026043005014904,CIT,14,5,10,1766.0,17660.0,2026-04-30,188783254,210,Nepal Stock House (PVT) Ltd.,Market Securities & Exchange (PVT) Ltd.,2026-04-30 14:59:20.339706,Citizen Investment Trust
2026043005015094,CIT,43,5,11,1766.0,19426.0,2026-04-30,188785124,210,South Asian Bulls Pvt. Ltd.,Market Securities & Exchange (PVT) Ltd.,2026-04-30 14:59:47.451652,Citizen Investment Trust
