contract_id,symbol,buyer_member_id,seller_member_id,volume,price,amount,buyer_broker,seller_broker,transaction_time
2026043003000002,CORBL,96,20,50,2544.1,127205.0,Himalayan Securities Limited,Sipla Securities Private Limited,2026-04-30 10:46:00.054147
2026043003000003,CORBL,88,20,20,2544.1,50882.0,Blue Chip Securities Ltd,Sipla Securities Private Limited,2026-04-30 10:46:00.054181
2026043003000004,CORBL,17,20,100,2544.1,254410.0,ABC Securities Private Limited,Sipla Securities Private Limited,2026-04-30 10:46:00.054211
2026043003000005,CORBL,58,20,95,2544.1,241689.5,Naasa Securities Co. Ltd.,Sipla Securities Private Limited,2026-04-30 10:46:00.054238
2026043003000015,CORBL,87,72,10,2468.0,24680.0,S.P.S.A. Securities Limited,Hatemalo Financial Services Private Limited,2026-04-30 11:00:08.339617
2026043003000016,CORBL,87,72,10,2394.0,23940.0,S.P.S.A. Securities Limited,Hatemalo Financial Services Private Limited,2026-04-30 11:00:12.542569
2026043003000018,CORBL,58,87,10,2322.2,23222.0,Naasa Securities Co. Ltd.,S.P.S.A. Securities Limited,2026-04-30 11:00:47.244587
2026043003000019,CORBL,42,72,10,2322.2,23222.0,Sani Securities Company Ltd.,Hatemalo Financial Services Private Limited,2026-04-30 11:00:50.061141
2026043003000032,CORBL,48,87,10,2323.0,23230.0,Trishakti Securities Public Limited,S.P.S.A. Securities Limited,2026-04-30 11:01:05.060861
2026043003000060,CORBL,42,46,100,2323.0,232300.0,Sani Securities Company Ltd.,Kalika Securities Pvt. Ltd.,2026-04-30 11:02:24.079863
2026043003000061,CORBL,58,46,10,2322.3,23223.0,Naasa Securities Co. Ltd.,Kalika Securities Pvt. Ltd.,2026-04-30 11:02:24.079931
2026043003000062,CORBL,57,46,100,2322.2,232220.0,Aryatara Investment & Securities,Kalika Securities Pvt. Ltd.,2026-04-30 11:02:24.079955
2026043003000063,CORBL,42,46,10,2285.0,22850.0,Sani Securities Company Ltd.,Kalika Securities Pvt. Ltd.,2026-04-30 11:02:24.079978
2026043003000090,CORBL,58,98,10,2290.0,22900.0,Naasa Securities Co. Ltd.,Trademow Securities Private Limited,2026-04-30 11:04:08.486777
2026043003000091,CORBL,58,98,10,2286.0,22860.0,Naasa Securities Co. Ltd.,Trademow Securities Private Limited,2026-04-30 11:04:08.486906
2026043003000092,CORBL,5,98,80,2285.5,182840.0,Market Securities & Exchange (PVT) Ltd.,Trademow Securities Private Limited,2026-04-30 11:04:08.486951
2026043003000096,CORBL,42,46,50,2300.0,115000.0,Sani Securities Company Ltd.,Kalika Securities Pvt. Ltd.,2026-04-30 11:04:24.343587
2026043003000099,CORBL,35,46,20,2300.0,46000.0,Kohinoor Investment & Securities Pvt. Ltd.,Kalika Securities Pvt. Ltd.,2026-04-30 11:04:43.159128
2026043003000150,CORBL,44,46,100,2300.0,230000.0,Dynamic Money Managers Securities Pvt. Ltd.,Kalika Securities Pvt. Ltd.,2026-04-30 11:07:02.607624
2026043003000161,CORBL,17,46,500,2300.0,1150000.0,ABC Securities Private Limited,Kalika Securities Pvt. Ltd.,2026-04-30 11:07:38.896115
2026043003000164,CORBL,38,46,500,2300.0,1150000.0,Dipshikha Dhitopatra Karobar Co. Pvt Ltd.,Kalika Securities Pvt. Ltd.,2026-04-30 11:07:45.073999
2026043003000171,CORBL,38,46,20,2300.0,46000.0,Dipshikha Dhitopatra Karobar Co. Pvt Ltd.,Kalika Securities Pvt. Ltd.,2026-04-30 11:08:07.615485
2026043003000173,CORBL,64,46,30,2300.0,69000.0,SUN SECURITIES PVT LTD,Kalika Securities Pvt. Ltd.,2026-04-30 11:08:13.428429
2026043003000182,CORBL,26,46,10,2300.0,23000.0,Asian Securities Private Ltd.,Kalika Securities Pvt. Ltd.,2026-04-30 11:08:31.097991
2026043003000196,CORBL,35,46,100,2300.0,230000.0,Kohinoor Investment & Securities Pvt. Ltd.,Kalika Securities Pvt. Ltd.,2026-04-30 11:09:25.731414
2026043003000197,CORBL,70,46,1000,2300.0,2300000.0,Infinity Securities Limited,Kalika Securities Pvt. Ltd.,2026-04-30 11:09:26.064470
2026043003000201,CORBL,39,46,10,2300.0,23000.0,Sumeru Securities Pvt. Ltd.,Kalika Securities Pvt. Ltd.,2026-04-30 11:09:35.163205
2026043003000208,CORBL,70,46,100,2300.0,230000.0,Infinity Securities Limited,Kalika Securities Pvt. Ltd.,2026-04-30 11:10:01.353568
2026043003000211,CORBL,26,46,30,2300.0,69000.0,Asian Securities Private Ltd.,Kalika Securities Pvt. Ltd.,2026-04-30 11:10:05.584474
2026043003000224,CORBL,58,46,10,2300.0,23000.0,Naasa Securities Co. Ltd.,Kalika Securities Pvt. Ltd.,2026-04-30 11:10:37.084817
2026043003000227,CORBL,38,46,20,2300.0,46000.0,Dipshikha Dhitopatra Karobar Co. Pvt Ltd.,Kalika Securities Pvt. Ltd.,2026-04-30 11:10:46.778222
2026043003000260,CORBL,19,46,20,2300.0,46000.0,Nepal Investment And Securities Trading Private Limited,Kalika Securities Pvt. Ltd.,2026-04-30 11:11:16.495817
2026043003000295,CORBL,5,46,200,2300.0,460000.0,Market Securities & Exchange (PVT) Ltd.,Kalika Securities Pvt. Ltd.,2026-04-30 11:12:14.952962
2026043003000305,CORBL,58,46,10,2300.0,23000.0,Naasa Securities Co. Ltd.,Kalika Securities Pvt. Ltd.,2026-04-30 11:12:42.803154
2026043003000340,CORBL,58,46,35,2300.0,80500.0,Naasa Securities Co. Ltd.,Kalika Securities Pvt. Ltd.,2026-04-30 11:13:27.081938
2026043003000344,CORBL,36,46,20,2300.0,46000.0,Secured Securities Ltd.,Kalika Securities Pvt. Ltd.,2026-04-30 11:13:32.819779
2026043003000353,CORBL,58,46,10,2300.0,23000.0,Naasa Securities Co. Ltd.,Kalika Securities Pvt. Ltd.,2026-04-30 11:14:02.143940
2026043003000365,CORBL,3,46,200,2300.0,460000.0,Arun Securities (PVT) Ltd.,Kalika Securities Pvt. Ltd.,2026-04-30 11:14:17.617894
2026043003000374,CORBL,49,50,10,2300.0,23000.0,Online Securities Pvt. Ltd.,Cristal Kanchanjanga Securites Pvt. Ltd.,2026-04-30 11:14:36.464703
2026043003000412,CORBL,26,50,20,2300.0,46000.0,Asian Securities Private Ltd.,Cristal Kanchanjanga Securites Pvt. Ltd.,2026-04-30 11:15:21.624429
2026043003000413,CORBL,26,46,30,2300.0,69000.0,Asian Securities Private Ltd.,Kalika Securities Pvt. Ltd.,2026-04-30 11:15:21.624638
2026043003000425,CORBL,5,46,20,2300.0,46000.0,Market Securities & Exchange (PVT) Ltd.,Kalika Securities Pvt. Ltd.,2026-04-30 11:15:33.942455
2026043003000436,CORBL,58,41,10,2295.2,22952.0,Naasa Securities Co. Ltd.,Linch Stock Market Ltd.,2026-04-30 11:16:24.473290
2026043003000444,CORBL,44,46,50,2300.0,115000.0,Dynamic Money Managers Securities Pvt. Ltd.,Kalika Securities Pvt. Ltd.,2026-04-30 11:16:41.335339
2026043003000469,CORBL,42,46,10,2300.0,23000.0,Sani Securities Company Ltd.,Kalika Securities Pvt. Ltd.,2026-04-30 11:17:11.231605
2026043003000528,CORBL,17,46,100,2300.0,230000.0,ABC Securities Private Limited,Kalika Securities Pvt. Ltd.,2026-04-30 11:18:46.668518
2026043003000568,CORBL,7,46,100,2300.0,230000.0,J.F. Securites (PVT) Ltd.,Kalika Securities Pvt. Ltd.,2026-04-30 11:19:36.950946
2026043003000593,CORBL,62,46,20,2300.0,46000.0,Capital Max Securities Ltd,Kalika Securities Pvt. Ltd.,2026-04-30 11:20:34.186709
2026043003000603,CORBL,36,46,200,2300.0,460000.0,Secured Securities Ltd.,Kalika Securities Pvt. Ltd.,2026-04-30 11:20:58.906571
2026043003000618,CORBL,60,46,100,2300.0,230000.0,Nagarik Stock Dealer ,Kalika Securities Pvt. Ltd.,2026-04-30 11:21:21.895037
2026043003000625,CORBL,58,49,10,2295.3,22953.0,Naasa Securities Co. Ltd.,Online Securities Pvt. Ltd.,2026-04-30 11:21:34.393855
2026043003000756,CORBL,87,46,170,2300.0,391000.0,S.P.S.A. Securities Limited,Kalika Securities Pvt. Ltd.,2026-04-30 11:25:23.291554
2026043003000757,CORBL,87,46,260,2300.0,598000.0,S.P.S.A. Securities Limited,Kalika Securities Pvt. Ltd.,2026-04-30 11:25:23.291789
2026043003000799,CORBL,58,46,21,2300.0,48300.0,Naasa Securities Co. Ltd.,Kalika Securities Pvt. Ltd.,2026-04-30 11:26:32.629334
2026043003000810,CORBL,89,46,10,2300.0,23000.0,Global IME Securities Limited,Kalika Securities Pvt. Ltd.,2026-04-30 11:26:47.020980
2026043003000928,CORBL,26,46,40,2300.0,92000.0,Asian Securities Private Ltd.,Kalika Securities Pvt. Ltd.,2026-04-30 11:30:37.627650
2026043003000939,CORBL,58,46,12,2300.0,27600.0,Naasa Securities Co. Ltd.,Kalika Securities Pvt. Ltd.,2026-04-30 11:30:54.653633
2026043003000957,CORBL,34,46,10,2300.0,23000.0,Vision Securities Pvt. Ltd,Kalika Securities Pvt. Ltd.,2026-04-30 11:31:26.217505
2026043003000976,CORBL,34,46,10,2300.0,23000.0,Vision Securities Pvt. Ltd,Kalika Securities Pvt. Ltd.,2026-04-30 11:32:02.628914
2026043003000978,CORBL,87,32,200,2295.3,459060.0,S.P.S.A. Securities Limited,Premier Securities Company Ltd.,2026-04-30 11:32:07.714101
2026043003000985,CORBL,87,32,200,2295.3,459060.0,S.P.S.A. Securities Limited,Premier Securities Company Ltd.,2026-04-30 11:32:21.407899
2026043003000991,CORBL,87,32,200,2295.3,459060.0,S.P.S.A. Securities Limited,Premier Securities Company Ltd.,2026-04-30 11:32:31.055943
2026043003001013,CORBL,39,46,18,2300.0,41400.0,Sumeru Securities Pvt. Ltd.,Kalika Securities Pvt. Ltd.,2026-04-30 11:32:40.415324
2026043003001041,CORBL,57,32,30,2295.2,68856.0,Aryatara Investment & Securities,Premier Securities Company Ltd.,2026-04-30 11:32:55.985642
2026043003001042,CORBL,58,32,10,2295.1,22951.0,Naasa Securities Co. Ltd.,Premier Securities Company Ltd.,2026-04-30 11:32:55.985855
2026043003001043,CORBL,44,32,20,2295.1,45902.0,Dynamic Money Managers Securities Pvt. Ltd.,Premier Securities Company Ltd.,2026-04-30 11:32:55.985994
2026043003001044,CORBL,87,32,140,2295.0,321300.0,S.P.S.A. Securities Limited,Premier Securities Company Ltd.,2026-04-30 11:32:55.986157
2026043003001051,CORBL,87,32,200,2295.0,459000.0,S.P.S.A. Securities Limited,Premier Securities Company Ltd.,2026-04-30 11:33:07.245726
2026043003001054,CORBL,49,46,10,2300.0,23000.0,Online Securities Pvt. Ltd.,Kalika Securities Pvt. Ltd.,2026-04-30 11:33:12.286509
2026043003001181,CORBL,74,34,20,2300.0,46000.0,KALASH STOCK MARKET PVT. LTD.,Vision Securities Pvt. Ltd,2026-04-30 11:37:47.945160
2026043003001185,CORBL,34,87,20,2295.0,45900.0,Vision Securities Pvt. Ltd,S.P.S.A. Securities Limited,2026-04-30 11:37:51.777179
2026043003001229,CORBL,42,34,80,2300.0,184000.0,Sani Securities Company Ltd.,Vision Securities Pvt. Ltd,2026-04-30 11:39:42.059703
2026043003001257,CORBL,42,46,100,2300.0,230000.0,Sani Securities Company Ltd.,Kalika Securities Pvt. Ltd.,2026-04-30 11:40:43.242169
2026043003001311,CORBL,16,88,200,2300.0,460000.0,Primo Securities (PVT) Ltd.,Blue Chip Securities Ltd,2026-04-30 11:42:16.227515
2026043003001323,CORBL,42,88,10,2300.0,23000.0,Sani Securities Company Ltd.,Blue Chip Securities Ltd,2026-04-30 11:42:47.124721
2026043003001324,CORBL,34,51,10,2296.0,22960.0,Vision Securities Pvt. Ltd,Oxford Securities Pvt. Ltd.,2026-04-30 11:42:50.510525
2026043003001337,CORBL,16,88,150,2300.0,345000.0,Primo Securities (PVT) Ltd.,Blue Chip Securities Ltd,2026-04-30 11:42:56.916481
2026043003001338,CORBL,16,43,10,2300.0,23000.0,Primo Securities (PVT) Ltd.,South Asian Bulls Pvt. Ltd.,2026-04-30 11:42:56.916586
2026043003001342,CORBL,89,46,157,2310.0,362670.0,Global IME Securities Limited,Kalika Securities Pvt. Ltd.,2026-04-30 11:43:12.430133
2026043003001343,CORBL,16,46,40,2300.0,92000.0,Primo Securities (PVT) Ltd.,Kalika Securities Pvt. Ltd.,2026-04-30 11:43:12.430369
2026043003001455,CORBL,39,46,100,2300.0,230000.0,Sumeru Securities Pvt. Ltd.,Kalika Securities Pvt. Ltd.,2026-04-30 11:47:15.293872
2026043003001536,CORBL,49,46,50,2300.0,115000.0,Online Securities Pvt. Ltd.,Kalika Securities Pvt. Ltd.,2026-04-30 11:49:21.536822
2026043003001593,CORBL,35,46,50,2300.0,115000.0,Kohinoor Investment & Securities Pvt. Ltd.,Kalika Securities Pvt. Ltd.,2026-04-30 11:50:35.414285
2026043003001594,CORBL,35,43,10,2340.0,23400.0,Kohinoor Investment & Securities Pvt. Ltd.,South Asian Bulls Pvt. Ltd.,2026-04-30 11:50:35.414524
2026043003001595,CORBL,35,43,10,2345.0,23450.0,Kohinoor Investment & Securities Pvt. Ltd.,South Asian Bulls Pvt. Ltd.,2026-04-30 11:50:35.414670
2026043003001596,CORBL,35,87,10,2346.0,23460.0,Kohinoor Investment & Securities Pvt. Ltd.,S.P.S.A. Securities Limited,2026-04-30 11:50:35.414809
2026043003001597,CORBL,35,87,10,2347.0,23470.0,Kohinoor Investment & Securities Pvt. Ltd.,S.P.S.A. Securities Limited,2026-04-30 11:50:35.414967
2026043003001598,CORBL,35,87,10,2348.0,23480.0,Kohinoor Investment & Securities Pvt. Ltd.,S.P.S.A. Securities Limited,2026-04-30 11:50:35.415118
2026043003001609,CORBL,5,46,50,2300.0,115000.0,Market Securities & Exchange (PVT) Ltd.,Kalika Securities Pvt. Ltd.,2026-04-30 11:50:56.692809
2026043003001626,CORBL,58,46,14,2300.0,32200.0,Naasa Securities Co. Ltd.,Kalika Securities Pvt. Ltd.,2026-04-30 11:51:18.898689
2026043003001627,CORBL,42,46,10,2300.0,23000.0,Sani Securities Company Ltd.,Kalika Securities Pvt. Ltd.,2026-04-30 11:51:25.313648
2026043003001631,CORBL,1,46,10,2300.0,23000.0,Kumari Securities Private Limited,Kalika Securities Pvt. Ltd.,2026-04-30 11:51:36.406264
2026043003001656,CORBL,36,87,50,2300.0,115000.0,Secured Securities Ltd.,S.P.S.A. Securities Limited,2026-04-30 11:52:31.798091
2026043003001697,CORBL,5,46,50,2295.2,114760.0,Market Securities & Exchange (PVT) Ltd.,Kalika Securities Pvt. Ltd.,2026-04-30 11:53:27.843509
2026043003001698,CORBL,41,46,19,2294.0,43586.0,Linch Stock Market Ltd.,Kalika Securities Pvt. Ltd.,2026-04-30 11:53:27.843627
2026043003001699,CORBL,58,46,10,2293.1,22931.0,Naasa Securities Co. Ltd.,Kalika Securities Pvt. Ltd.,2026-04-30 11:53:27.843680
2026043003001700,CORBL,21,46,10,2290.0,22900.0,Midas Stock Broking Company Private Limited,Kalika Securities Pvt. Ltd.,2026-04-30 11:53:27.843732
2026043003001703,CORBL,25,46,10,2290.0,22900.0,Sweta Securities Private Limited,Kalika Securities Pvt. Ltd.,2026-04-30 11:53:42.080509
2026043003001740,CORBL,58,46,10,2290.0,22900.0,Naasa Securities Co. Ltd.,Kalika Securities Pvt. Ltd.,2026-04-30 11:54:40.892179
2026043003001777,CORBL,3,46,40,2290.0,91600.0,Arun Securities (PVT) Ltd.,Kalika Securities Pvt. Ltd.,2026-04-30 11:56:06.148302
2026043003001842,CORBL,58,46,15,2290.0,34350.0,Naasa Securities Co. Ltd.,Kalika Securities Pvt. Ltd.,2026-04-30 12:00:07.998291
2026043003001843,CORBL,77,46,20,2290.0,45800.0,Nabil Stock Dealer Ltd.,Kalika Securities Pvt. Ltd.,2026-04-30 12:00:09.120908
2026043003001878,CORBL,3,87,10,2288.9,22889.0,Arun Securities (PVT) Ltd.,S.P.S.A. Securities Limited,2026-04-30 12:02:02.546491
2026043003001880,CORBL,5,42,20,2285.5,45710.0,Market Securities & Exchange (PVT) Ltd.,Sani Securities Company Ltd.,2026-04-30 12:02:09.906802
2026043003001891,CORBL,6,42,20,2285.6,45712.0,Agrawal Securities (PVT) Ltd.,Sani Securities Company Ltd.,2026-04-30 12:02:36.731353
2026043003001922,CORBL,89,46,10,2290.0,22900.0,Global IME Securities Limited,Kalika Securities Pvt. Ltd.,2026-04-30 12:04:45.000659
2026043003001953,CORBL,34,87,10,2282.0,22820.0,Vision Securities Pvt. Ltd,S.P.S.A. Securities Limited,2026-04-30 12:06:11.535662
2026043003002019,CORBL,58,53,1,2276.3,2276.3,Naasa Securities Co. Ltd.,Investment Management Nepal Pvt. Ltd.,2026-04-30 12:09:06.511863
2026043003002061,CORBL,36,46,350,2290.0,801500.0,Secured Securities Ltd.,Kalika Securities Pvt. Ltd.,2026-04-30 12:09:56.624143
2026043003002102,CORBL,58,58,9,2281.0,20529.0,Naasa Securities Co. Ltd.,Naasa Securities Co. Ltd.,2026-04-30 12:11:40.041190
2026043003002155,CORBL,58,62,9,2276.3,20486.7,Naasa Securities Co. Ltd.,Capital Max Securities Ltd,2026-04-30 12:14:05.389080
2026043003002179,CORBL,58,38,100,2282.0,228200.0,Naasa Securities Co. Ltd.,Dipshikha Dhitopatra Karobar Co. Pvt Ltd.,2026-04-30 12:15:14.093639
2026043003002198,CORBL,19,87,20,2281.0,45620.0,Nepal Investment And Securities Trading Private Limited,S.P.S.A. Securities Limited,2026-04-30 12:15:56.569501
2026043003002203,CORBL,58,38,10,2282.0,22820.0,Naasa Securities Co. Ltd.,Dipshikha Dhitopatra Karobar Co. Pvt Ltd.,2026-04-30 12:16:12.951857
2026043003002204,CORBL,38,38,10,2280.0,22800.0,Dipshikha Dhitopatra Karobar Co. Pvt Ltd.,Dipshikha Dhitopatra Karobar Co. Pvt Ltd.,2026-04-30 12:16:12.951977
2026043003002205,CORBL,59,38,10,2280.0,22800.0,Deevyaa Securities & Stock House Pvt. Ltd,Dipshikha Dhitopatra Karobar Co. Pvt Ltd.,2026-04-30 12:16:12.952048
2026043003002206,CORBL,36,38,50,2279.0,113950.0,Secured Securities Ltd.,Dipshikha Dhitopatra Karobar Co. Pvt Ltd.,2026-04-30 12:16:12.952104
2026043003002207,CORBL,62,38,10,2278.0,22780.0,Capital Max Securities Ltd,Dipshikha Dhitopatra Karobar Co. Pvt Ltd.,2026-04-30 12:16:12.952157
2026043003002208,CORBL,58,38,50,2277.5,113875.0,Naasa Securities Co. Ltd.,Dipshikha Dhitopatra Karobar Co. Pvt Ltd.,2026-04-30 12:16:12.952212
2026043003002209,CORBL,62,38,10,2277.0,22770.0,Capital Max Securities Ltd,Dipshikha Dhitopatra Karobar Co. Pvt Ltd.,2026-04-30 12:16:12.952266
2026043003002210,CORBL,45,38,50,2277.0,113850.0,Imperial Securities Company Pvt. Ltd.,Dipshikha Dhitopatra Karobar Co. Pvt Ltd.,2026-04-30 12:16:12.952319
2026043003002211,CORBL,49,38,90,2277.0,204930.0,Online Securities Pvt. Ltd.,Dipshikha Dhitopatra Karobar Co. Pvt Ltd.,2026-04-30 12:16:12.952370
2026043003002212,CORBL,17,38,20,2277.0,45540.0,ABC Securities Private Limited,Dipshikha Dhitopatra Karobar Co. Pvt Ltd.,2026-04-30 12:16:12.952424
2026043003002213,CORBL,35,38,10,2277.0,22770.0,Kohinoor Investment & Securities Pvt. Ltd.,Dipshikha Dhitopatra Karobar Co. Pvt Ltd.,2026-04-30 12:16:12.952475
2026043003002214,CORBL,16,38,45,2277.0,102465.0,Primo Securities (PVT) Ltd.,Dipshikha Dhitopatra Karobar Co. Pvt Ltd.,2026-04-30 12:16:12.952529
2026043003002215,CORBL,49,38,30,2277.0,68310.0,Online Securities Pvt. Ltd.,Dipshikha Dhitopatra Karobar Co. Pvt Ltd.,2026-04-30 12:16:12.952582
2026043003002216,CORBL,25,38,105,2277.0,239085.0,Sweta Securities Private Limited,Dipshikha Dhitopatra Karobar Co. Pvt Ltd.,2026-04-30 12:16:12.952630
2026043003002217,CORBL,25,87,10,2277.0,22770.0,Sweta Securities Private Limited,S.P.S.A. Securities Limited,2026-04-30 12:16:21.137752
2026043003002218,CORBL,25,87,85,2277.0,193545.0,Sweta Securities Private Limited,S.P.S.A. Securities Limited,2026-04-30 12:16:22.919332
2026043003002219,CORBL,87,87,435,2277.0,990495.0,S.P.S.A. Securities Limited,S.P.S.A. Securities Limited,2026-04-30 12:16:22.919502
2026043003002220,CORBL,87,38,540,2277.0,1229580.0,S.P.S.A. Securities Limited,Dipshikha Dhitopatra Karobar Co. Pvt Ltd.,2026-04-30 12:16:28.556199
2026043003002228,CORBL,87,21,10,2290.0,22900.0,S.P.S.A. Securities Limited,Midas Stock Broking Company Private Limited,2026-04-30 12:16:45.668169
2026043003002229,CORBL,87,38,10,2300.0,23000.0,S.P.S.A. Securities Limited,Dipshikha Dhitopatra Karobar Co. Pvt Ltd.,2026-04-30 12:16:45.668215
2026043003002238,CORBL,83,87,10,2277.0,22770.0,Sanima Securities Limited,S.P.S.A. Securities Limited,2026-04-30 12:17:05.789147
2026043003002239,CORBL,21,87,64,2277.0,145728.0,Midas Stock Broking Company Private Limited,S.P.S.A. Securities Limited,2026-04-30 12:17:05.789233
2026043003002240,CORBL,58,87,16,2276.5,36424.0,Naasa Securities Co. Ltd.,S.P.S.A. Securities Limited,2026-04-30 12:17:05.789307
2026043003002241,CORBL,41,87,219,2276.5,498553.5,Linch Stock Market Ltd.,S.P.S.A. Securities Limited,2026-04-30 12:17:05.789376
2026043003002242,CORBL,87,87,40,2276.5,91060.0,S.P.S.A. Securities Limited,S.P.S.A. Securities Limited,2026-04-30 12:17:05.789442
2026043003002247,CORBL,87,38,10,2300.0,23000.0,S.P.S.A. Securities Limited,Dipshikha Dhitopatra Karobar Co. Pvt Ltd.,2026-04-30 12:17:28.308019
2026043003002338,CORBL,41,88,50,2290.0,114500.0,Linch Stock Market Ltd.,Blue Chip Securities Ltd,2026-04-30 12:20:53.312013
2026043003002340,CORBL,35,88,100,2290.0,229000.0,Kohinoor Investment & Securities Pvt. Ltd.,Blue Chip Securities Ltd,2026-04-30 12:21:02.771517
2026043003002431,CORBL,41,88,20,2290.0,45800.0,Linch Stock Market Ltd.,Blue Chip Securities Ltd,2026-04-30 12:24:09.936863
2026043003002445,CORBL,41,88,30,2290.0,68700.0,Linch Stock Market Ltd.,Blue Chip Securities Ltd,2026-04-30 12:24:48.380398
2026043003002455,CORBL,87,88,10,2295.0,22950.0,S.P.S.A. Securities Limited,Blue Chip Securities Ltd,2026-04-30 12:25:10.316039
2026043003002469,CORBL,41,88,20,2295.0,45900.0,Linch Stock Market Ltd.,Blue Chip Securities Ltd,2026-04-30 12:25:23.275183
2026043003002518,CORBL,39,88,129,2295.0,296055.0,Sumeru Securities Pvt. Ltd.,Blue Chip Securities Ltd,2026-04-30 12:27:01.088410
2026043003002524,CORBL,87,38,10,2300.0,23000.0,S.P.S.A. Securities Limited,Dipshikha Dhitopatra Karobar Co. Pvt Ltd.,2026-04-30 12:27:10.829284
2026043003002894,CORBL,87,34,4000,2289.1,9156400.0,S.P.S.A. Securities Limited,Vision Securities Pvt. Ltd,2026-04-30 12:42:43.220739
2026043003002895,CORBL,16,34,10,2289.1,22891.0,Primo Securities (PVT) Ltd.,Vision Securities Pvt. Ltd,2026-04-30 12:42:43.220958
2026043003002896,CORBL,87,34,500,2288.0,1144000.0,S.P.S.A. Securities Limited,Vision Securities Pvt. Ltd,2026-04-30 12:42:43.221131
2026043003002897,CORBL,87,34,985,2285.0,2250725.0,S.P.S.A. Securities Limited,Vision Securities Pvt. Ltd,2026-04-30 12:42:43.221271
2026043003002898,CORBL,58,34,40,2280.2,91208.0,Naasa Securities Co. Ltd.,Vision Securities Pvt. Ltd,2026-04-30 12:42:43.221407
2026043003002899,CORBL,39,34,100,2280.1,228010.0,Sumeru Securities Pvt. Ltd.,Vision Securities Pvt. Ltd,2026-04-30 12:42:43.221654
2026043003002900,CORBL,17,34,10,2280.0,22800.0,ABC Securities Private Limited,Vision Securities Pvt. Ltd,2026-04-30 12:42:43.221832
2026043003002911,CORBL,45,34,55,2280.0,125400.0,Imperial Securities Company Pvt. Ltd.,Vision Securities Pvt. Ltd,2026-04-30 12:43:46.607714
2026043003002915,CORBL,87,38,10,2300.0,23000.0,S.P.S.A. Securities Limited,Dipshikha Dhitopatra Karobar Co. Pvt Ltd.,2026-04-30 12:44:02.504745
2026043003002998,CORBL,43,42,20,2299.9,45998.0,South Asian Bulls Pvt. Ltd.,Sani Securities Company Ltd.,2026-04-30 12:46:48.247925
2026043003002999,CORBL,43,38,80,2300.0,184000.0,South Asian Bulls Pvt. Ltd.,Dipshikha Dhitopatra Karobar Co. Pvt Ltd.,2026-04-30 12:46:48.248153
2026043003003016,CORBL,45,34,81,2291.0,185571.0,Imperial Securities Company Pvt. Ltd.,Vision Securities Pvt. Ltd,2026-04-30 12:47:50.328756
2026043003003020,CORBL,87,42,10,2299.9,22999.0,S.P.S.A. Securities Limited,Sani Securities Company Ltd.,2026-04-30 12:48:03.676365
2026043003003050,CORBL,39,34,200,2292.0,458400.0,Sumeru Securities Pvt. Ltd.,Vision Securities Pvt. Ltd,2026-04-30 12:49:23.066093
2026043003003051,CORBL,45,34,19,2291.0,43529.0,Imperial Securities Company Pvt. Ltd.,Vision Securities Pvt. Ltd,2026-04-30 12:49:23.066369
2026043003003052,CORBL,34,34,15,2290.0,34350.0,Vision Securities Pvt. Ltd,Vision Securities Pvt. Ltd,2026-04-30 12:49:23.066519
2026043003003053,CORBL,11,34,100,2290.0,229000.0,Malla & Malla Stock Broking Company Pvt. Limited,Vision Securities Pvt. Ltd,2026-04-30 12:49:23.066647
2026043003003128,CORBL,16,34,10,2290.0,22900.0,Primo Securities (PVT) Ltd.,Vision Securities Pvt. Ltd,2026-04-30 12:52:55.982196
2026043003003139,CORBL,58,42,10,2289.9,22899.0,Naasa Securities Co. Ltd.,Sani Securities Company Ltd.,2026-04-30 12:53:43.866759
2026043003003140,CORBL,58,34,40,2290.0,91600.0,Naasa Securities Co. Ltd.,Vision Securities Pvt. Ltd,2026-04-30 12:53:43.866962
2026043003003143,CORBL,36,34,116,2290.0,265640.0,Secured Securities Ltd.,Vision Securities Pvt. Ltd,2026-04-30 12:54:09.200161
2026043003003146,CORBL,36,46,50,2290.0,114500.0,Secured Securities Ltd.,Kalika Securities Pvt. Ltd.,2026-04-30 12:54:21.207040
2026043003003147,CORBL,45,46,45,2280.0,102600.0,Imperial Securities Company Pvt. Ltd.,Kalika Securities Pvt. Ltd.,2026-04-30 12:54:21.207182
2026043003003148,CORBL,6,46,100,2280.0,228000.0,Agrawal Securities (PVT) Ltd.,Kalika Securities Pvt. Ltd.,2026-04-30 12:54:21.207233
2026043003003149,CORBL,44,46,50,2279.0,113950.0,Dynamic Money Managers Securities Pvt. Ltd.,Kalika Securities Pvt. Ltd.,2026-04-30 12:54:21.207280
2026043003003150,CORBL,36,46,50,2278.0,113900.0,Secured Securities Ltd.,Kalika Securities Pvt. Ltd.,2026-04-30 12:54:21.207327
2026043003003151,CORBL,38,46,30,2278.0,68340.0,Dipshikha Dhitopatra Karobar Co. Pvt Ltd.,Kalika Securities Pvt. Ltd.,2026-04-30 12:54:21.207371
2026043003003152,CORBL,29,46,1000,2277.1,2277100.0,Trisul Securities & Invt. Ltd.,Kalika Securities Pvt. Ltd.,2026-04-30 12:54:21.207421
2026043003003153,CORBL,48,46,10,2277.0,22770.0,Trishakti Securities Public Limited,Kalika Securities Pvt. Ltd.,2026-04-30 12:54:21.207469
2026043003003154,CORBL,58,46,10,2276.4,22764.0,Naasa Securities Co. Ltd.,Kalika Securities Pvt. Ltd.,2026-04-30 12:54:21.207522
2026043003003155,CORBL,63,46,100,2276.4,227640.0,Himalayan Brokerage Company Limited,Kalika Securities Pvt. Ltd.,2026-04-30 12:54:21.207566
2026043003003166,CORBL,38,71,20,2276.3,45526.0,Dipshikha Dhitopatra Karobar Co. Pvt Ltd.,SHUBHAKAMANA SECURITIES PVT. LTD,2026-04-30 12:55:00.317854
2026043003003167,CORBL,58,71,10,2276.3,22763.0,Naasa Securities Co. Ltd.,SHUBHAKAMANA SECURITIES PVT. LTD,2026-04-30 12:55:00.317947
2026043003003168,CORBL,58,71,100,2276.3,227630.0,Naasa Securities Co. Ltd.,SHUBHAKAMANA SECURITIES PVT. LTD,2026-04-30 12:55:00.318013
2026043003003169,CORBL,57,71,30,2276.3,68289.0,Aryatara Investment & Securities,SHUBHAKAMANA SECURITIES PVT. LTD,2026-04-30 12:55:00.318108
2026043003003170,CORBL,5,71,100,2276.3,227630.0,Market Securities & Exchange (PVT) Ltd.,SHUBHAKAMANA SECURITIES PVT. LTD,2026-04-30 12:55:00.318176
2026043003003171,CORBL,50,71,240,2276.3,546312.0,Cristal Kanchanjanga Securites Pvt. Ltd.,SHUBHAKAMANA SECURITIES PVT. LTD,2026-04-30 12:55:00.318242
2026043003003182,CORBL,50,42,755,2276.3,1718606.5,Cristal Kanchanjanga Securites Pvt. Ltd.,Sani Securities Company Ltd.,2026-04-30 12:55:21.506751
2026043003003188,CORBL,29,46,1500,2276.4,3414600.0,Trisul Securities & Invt. Ltd.,Kalika Securities Pvt. Ltd.,2026-04-30 12:55:53.638777
2026043003003196,CORBL,36,46,156,2276.4,355118.4,Secured Securities Ltd.,Kalika Securities Pvt. Ltd.,2026-04-30 12:56:27.949177
2026043003003209,CORBL,44,46,105,2276.4,239022.0,Dynamic Money Managers Securities Pvt. Ltd.,Kalika Securities Pvt. Ltd.,2026-04-30 12:56:41.899358
2026043003003214,CORBL,57,46,100,2276.4,227640.0,Aryatara Investment & Securities,Kalika Securities Pvt. Ltd.,2026-04-30 12:56:53.424341
2026043003003217,CORBL,70,46,100,2276.4,227640.0,Infinity Securities Limited,Kalika Securities Pvt. Ltd.,2026-04-30 12:56:59.988859
2026043003003227,CORBL,50,8,1005,2276.3,2287681.5,Cristal Kanchanjanga Securites Pvt. Ltd.,Brilliant Securities Pvt. Ltd.,2026-04-30 12:57:24.029991
2026043003003228,CORBL,66,8,10,2276.3,22763.0,Miyo Securities Pvt Ltd,Brilliant Securities Pvt. Ltd.,2026-04-30 12:57:24.030200
2026043003003229,CORBL,71,8,40,2276.3,91052.0,SHUBHAKAMANA SECURITIES PVT. LTD,Brilliant Securities Pvt. Ltd.,2026-04-30 12:57:24.030329
2026043003003230,CORBL,57,8,30,2276.3,68289.0,Aryatara Investment & Securities,Brilliant Securities Pvt. Ltd.,2026-04-30 12:57:24.030468
2026043003003231,CORBL,42,8,20,2276.3,45526.0,Sani Securities Company Ltd.,Brilliant Securities Pvt. Ltd.,2026-04-30 12:57:24.030587
2026043003003232,CORBL,32,8,10,2276.3,22763.0,Premier Securities Company Ltd.,Brilliant Securities Pvt. Ltd.,2026-04-30 12:57:24.030707
2026043003003233,CORBL,58,8,49,2276.3,111538.7,Naasa Securities Co. Ltd.,Brilliant Securities Pvt. Ltd.,2026-04-30 12:57:24.030828
2026043003003234,CORBL,49,8,10,2276.3,22763.0,Online Securities Pvt. Ltd.,Brilliant Securities Pvt. Ltd.,2026-04-30 12:57:24.030939
2026043003003235,CORBL,42,8,10,2276.3,22763.0,Sani Securities Company Ltd.,Brilliant Securities Pvt. Ltd.,2026-04-30 12:57:24.031060
2026043003003236,CORBL,50,8,1740,2276.3,3960762.0,Cristal Kanchanjanga Securites Pvt. Ltd.,Brilliant Securities Pvt. Ltd.,2026-04-30 12:57:24.031180
2026043003003269,CORBL,35,63,100,2280.0,228000.0,Kohinoor Investment & Securities Pvt. Ltd.,Himalayan Brokerage Company Limited,2026-04-30 12:59:12.353787
2026043003003270,CORBL,28,34,150,2277.0,341550.0,Shree Krishna Securities Ltd.,Vision Securities Pvt. Ltd,2026-04-30 12:59:12.449078
2026043003003271,CORBL,28,34,20,2277.0,45540.0,Shree Krishna Securities Ltd.,Vision Securities Pvt. Ltd,2026-04-30 12:59:12.449180
2026043003003272,CORBL,50,34,260,2276.3,591838.0,Cristal Kanchanjanga Securites Pvt. Ltd.,Vision Securities Pvt. Ltd,2026-04-30 12:59:12.449262
2026043003003273,CORBL,41,34,214,2276.3,487128.2,Linch Stock Market Ltd.,Vision Securities Pvt. Ltd,2026-04-30 12:59:12.449308
2026043003003274,CORBL,37,34,100,2276.3,227630.0,Swarna Laxmi Securities Pvt. Ltd.,Vision Securities Pvt. Ltd,2026-04-30 12:59:12.449362
2026043003003275,CORBL,98,34,201,2276.3,457536.3,Trademow Securities Private Limited,Vision Securities Pvt. Ltd,2026-04-30 12:59:12.449399
2026043003003297,CORBL,87,42,10,2299.9,22999.0,S.P.S.A. Securities Limited,Sani Securities Company Ltd.,2026-04-30 12:59:52.741990
2026043003003298,CORBL,87,88,10,2300.0,23000.0,S.P.S.A. Securities Limited,Blue Chip Securities Ltd,2026-04-30 12:59:52.742061
2026043003003301,CORBL,49,88,22,2300.0,50600.0,Online Securities Pvt. Ltd.,Blue Chip Securities Ltd,2026-04-30 12:59:57.763791
2026043003003337,CORBL,49,46,76,2277.0,173052.0,Online Securities Pvt. Ltd.,Kalika Securities Pvt. Ltd.,2026-04-30 13:01:55.487955
2026043003003347,CORBL,58,46,73,2276.8,166206.4,Naasa Securities Co. Ltd.,Kalika Securities Pvt. Ltd.,2026-04-30 13:02:13.726464
2026043003003359,CORBL,6,46,100,2276.8,227680.0,Agrawal Securities (PVT) Ltd.,Kalika Securities Pvt. Ltd.,2026-04-30 13:02:38.837885
2026043003003420,CORBL,28,80,40,2276.5,91060.0,Shree Krishna Securities Ltd.,Indira securities pvt. ltd,2026-04-30 13:04:15.519521
2026043003003421,CORBL,58,80,60,2276.5,136590.0,Naasa Securities Co. Ltd.,Indira securities pvt. ltd,2026-04-30 13:04:15.519617
2026043003003437,CORBL,58,61,250,2276.5,569125.0,Naasa Securities Co. Ltd.,BHOLE GANESH SECURITIES LTD,2026-04-30 13:04:40.324776
2026043003003438,CORBL,49,46,480,2276.8,1092864.0,Online Securities Pvt. Ltd.,Kalika Securities Pvt. Ltd.,2026-04-30 13:04:42.576268
2026043003003462,CORBL,57,46,100,2276.8,227680.0,Aryatara Investment & Securities,Kalika Securities Pvt. Ltd.,2026-04-30 13:05:33.260487
2026043003003499,CORBL,74,46,30,2276.8,68304.0,KALASH STOCK MARKET PVT. LTD.,Kalika Securities Pvt. Ltd.,2026-04-30 13:07:10.307951
2026043003003503,CORBL,38,46,10,2276.8,22768.0,Dipshikha Dhitopatra Karobar Co. Pvt Ltd.,Kalika Securities Pvt. Ltd.,2026-04-30 13:07:14.001056
2026043003003506,CORBL,58,46,78,2276.8,177590.4,Naasa Securities Co. Ltd.,Kalika Securities Pvt. Ltd.,2026-04-30 13:07:20.949719
2026043003003507,CORBL,58,46,150,2276.8,341520.0,Naasa Securities Co. Ltd.,Kalika Securities Pvt. Ltd.,2026-04-30 13:07:25.370498
2026043003003510,CORBL,58,46,10,2276.8,22768.0,Naasa Securities Co. Ltd.,Kalika Securities Pvt. Ltd.,2026-04-30 13:07:33.096115
2026043003003522,CORBL,34,80,10,2276.4,22764.0,Vision Securities Pvt. Ltd,Indira securities pvt. ltd,2026-04-30 13:08:04.424886
2026043003003523,CORBL,57,80,50,2276.4,113820.0,Aryatara Investment & Securities,Indira securities pvt. ltd,2026-04-30 13:08:04.425018
2026043003003524,CORBL,98,80,440,2276.3,1001572.0,Trademow Securities Private Limited,Indira securities pvt. ltd,2026-04-30 13:08:04.425070
2026043003003529,CORBL,80,46,500,2276.8,1138400.0,Indira securities pvt. ltd,Kalika Securities Pvt. Ltd.,2026-04-30 13:08:29.241208
2026043003003541,CORBL,59,46,100,2276.8,227680.0,Deevyaa Securities & Stock House Pvt. Ltd,Kalika Securities Pvt. Ltd.,2026-04-30 13:08:51.047750
2026043003003546,CORBL,80,46,100,2276.8,227680.0,Indira securities pvt. ltd,Kalika Securities Pvt. Ltd.,2026-04-30 13:09:05.423293
2026043003003583,CORBL,41,46,30,2276.8,68304.0,Linch Stock Market Ltd.,Kalika Securities Pvt. Ltd.,2026-04-30 13:10:18.844118
2026043003003591,CORBL,34,47,6,2276.3,13657.8,Vision Securities Pvt. Ltd,Neev Securities Pvt. Ltd.,2026-04-30 13:10:52.716321
2026043003003592,CORBL,58,50,1,2282.0,2282.0,Naasa Securities Co. Ltd.,Cristal Kanchanjanga Securites Pvt. Ltd.,2026-04-30 13:10:58.631251
2026043003003635,CORBL,46,46,1000,2276.8,2276800.0,Kalika Securities Pvt. Ltd.,Kalika Securities Pvt. Ltd.,2026-04-30 13:11:54.232611
2026043003003656,CORBL,88,46,1500,2276.8,3415200.0,Blue Chip Securities Ltd,Kalika Securities Pvt. Ltd.,2026-04-30 13:12:24.920314
2026043003003661,CORBL,4,46,10,2276.8,22768.0,Opal Securities Investment (PVT) Ltd.,Kalika Securities Pvt. Ltd.,2026-04-30 13:12:35.768185
2026043003003671,CORBL,53,46,10,2276.8,22768.0,Investment Management Nepal Pvt. Ltd.,Kalika Securities Pvt. Ltd.,2026-04-30 13:12:51.072519
2026043003003682,CORBL,74,46,40,2276.8,91072.0,KALASH STOCK MARKET PVT. LTD.,Kalika Securities Pvt. Ltd.,2026-04-30 13:13:13.079093
2026043003003689,CORBL,58,46,10,2276.8,22768.0,Naasa Securities Co. Ltd.,Kalika Securities Pvt. Ltd.,2026-04-30 13:13:20.911533
2026043003003704,CORBL,58,46,13,2276.8,29598.4,Naasa Securities Co. Ltd.,Kalika Securities Pvt. Ltd.,2026-04-30 13:13:37.063731
2026043003003709,CORBL,42,46,20,2276.8,45536.0,Sani Securities Company Ltd.,Kalika Securities Pvt. Ltd.,2026-04-30 13:13:49.557737
2026043003003711,CORBL,42,46,10,2276.8,22768.0,Sani Securities Company Ltd.,Kalika Securities Pvt. Ltd.,2026-04-30 13:13:52.137135
2026043003003765,CORBL,45,46,20,2277.0,45540.0,Imperial Securities Company Pvt. Ltd.,Kalika Securities Pvt. Ltd.,2026-04-30 13:15:21.655949
2026043003003766,CORBL,42,46,15,2277.0,34155.0,Sani Securities Company Ltd.,Kalika Securities Pvt. Ltd.,2026-04-30 13:15:22.947815
2026043003003780,CORBL,42,46,32,2277.0,72864.0,Sani Securities Company Ltd.,Kalika Securities Pvt. Ltd.,2026-04-30 13:16:00.708606
2026043003003791,CORBL,45,46,50,2277.0,113850.0,Imperial Securities Company Pvt. Ltd.,Kalika Securities Pvt. Ltd.,2026-04-30 13:16:15.121949
2026043003003929,CORBL,87,42,10,2299.9,22999.0,S.P.S.A. Securities Limited,Sani Securities Company Ltd.,2026-04-30 13:19:24.202195
2026043003003958,CORBL,21,88,10,2300.0,23000.0,Midas Stock Broking Company Private Limited,Blue Chip Securities Ltd,2026-04-30 13:19:59.528533
2026043003004021,CORBL,22,88,10,2300.0,23000.0,Siprabi Securities Pvt. Ltd.,Blue Chip Securities Ltd,2026-04-30 13:21:30.848569
2026043003004100,CORBL,36,88,130,2300.0,299000.0,Secured Securities Ltd.,Blue Chip Securities Ltd,2026-04-30 13:23:31.502783
2026043003004197,CORBL,34,88,10,2300.0,23000.0,Vision Securities Pvt. Ltd,Blue Chip Securities Ltd,2026-04-30 13:26:41.027235
2026043003004218,CORBL,58,43,10,2300.0,23000.0,Naasa Securities Co. Ltd.,South Asian Bulls Pvt. Ltd.,2026-04-30 13:28:02.921290
2026043003004219,CORBL,58,22,30,2300.0,69000.0,Naasa Securities Co. Ltd.,Siprabi Securities Pvt. Ltd.,2026-04-30 13:28:02.921477
2026043003004225,CORBL,58,46,60,2300.0,138000.0,Naasa Securities Co. Ltd.,Kalika Securities Pvt. Ltd.,2026-04-30 13:28:22.545240
2026043003004226,CORBL,49,46,10,2278.0,22780.0,Online Securities Pvt. Ltd.,Kalika Securities Pvt. Ltd.,2026-04-30 13:28:22.545359
2026043003004227,CORBL,34,46,10,2278.0,22780.0,Vision Securities Pvt. Ltd,Kalika Securities Pvt. Ltd.,2026-04-30 13:28:22.545406
2026043003004228,CORBL,6,46,50,2277.0,113850.0,Agrawal Securities (PVT) Ltd.,Kalika Securities Pvt. Ltd.,2026-04-30 13:28:22.545445
2026043003004229,CORBL,42,46,50,2277.0,113850.0,Sani Securities Company Ltd.,Kalika Securities Pvt. Ltd.,2026-04-30 13:28:22.545483
2026043003004238,CORBL,14,46,10,2277.0,22770.0,Nepal Stock House (PVT) Ltd.,Kalika Securities Pvt. Ltd.,2026-04-30 13:28:48.092296
2026043003004259,CORBL,52,33,175,2276.6,398405.0,Sundhara Securities Limited,Dakshinkali Investment & Securities Pvt. Ltd.,2026-04-30 13:29:37.520991
2026043003004260,CORBL,6,33,25,2276.5,56912.5,Agrawal Securities (PVT) Ltd.,Dakshinkali Investment & Securities Pvt. Ltd.,2026-04-30 13:29:37.521213
2026043003004270,CORBL,29,46,10,2277.0,22770.0,Trisul Securities & Invt. Ltd.,Kalika Securities Pvt. Ltd.,2026-04-30 13:29:55.068214
2026043003004273,CORBL,41,46,215,2277.0,489555.0,Linch Stock Market Ltd.,Kalika Securities Pvt. Ltd.,2026-04-30 13:30:04.461188
2026043003004275,CORBL,6,33,25,2276.5,56912.5,Agrawal Securities (PVT) Ltd.,Dakshinkali Investment & Securities Pvt. Ltd.,2026-04-30 13:30:10.984970
2026043003004276,CORBL,41,33,13,2276.5,29594.5,Linch Stock Market Ltd.,Dakshinkali Investment & Securities Pvt. Ltd.,2026-04-30 13:30:10.985066
2026043003004277,CORBL,57,33,50,2276.4,113820.0,Aryatara Investment & Securities,Dakshinkali Investment & Securities Pvt. Ltd.,2026-04-30 13:30:10.985121
2026043003004278,CORBL,8,33,10,2276.4,22764.0,Brilliant Securities Pvt. Ltd.,Dakshinkali Investment & Securities Pvt. Ltd.,2026-04-30 13:30:10.985169
2026043003004279,CORBL,6,33,50,2276.4,113820.0,Agrawal Securities (PVT) Ltd.,Dakshinkali Investment & Securities Pvt. Ltd.,2026-04-30 13:30:10.985206
2026043003004280,CORBL,11,33,10,2276.4,22764.0,Malla & Malla Stock Broking Company Pvt. Limited,Dakshinkali Investment & Securities Pvt. Ltd.,2026-04-30 13:30:10.985242
2026043003004281,CORBL,98,33,42,2276.3,95604.6,Trademow Securities Private Limited,Dakshinkali Investment & Securities Pvt. Ltd.,2026-04-30 13:30:10.985280
2026043003004285,CORBL,41,46,215,2277.0,489555.0,Linch Stock Market Ltd.,Kalika Securities Pvt. Ltd.,2026-04-30 13:30:19.721040
2026043003004292,CORBL,98,33,55,2276.3,125196.5,Trademow Securities Private Limited,Dakshinkali Investment & Securities Pvt. Ltd.,2026-04-30 13:30:34.288308
2026043003004293,CORBL,39,42,10,2340.0,23400.0,Sumeru Securities Pvt. Ltd.,Sani Securities Company Ltd.,2026-04-30 13:30:42.418158
2026043003004297,CORBL,98,87,10,2276.3,22763.0,Trademow Securities Private Limited,S.P.S.A. Securities Limited,2026-04-30 13:31:15.556792
2026043003004306,CORBL,98,74,752,2276.3,1711777.6,Trademow Securities Private Limited,KALASH STOCK MARKET PVT. LTD.,2026-04-30 13:31:41.679573
2026043003004326,CORBL,14,58,10,2276.4,22764.0,Nepal Stock House (PVT) Ltd.,Naasa Securities Co. Ltd.,2026-04-30 13:32:34.829405
2026043003004327,CORBL,98,58,190,2276.3,432497.0,Trademow Securities Private Limited,Naasa Securities Co. Ltd.,2026-04-30 13:32:34.829598
2026043003004374,CORBL,7,28,80,2276.4,182112.0,J.F. Securites (PVT) Ltd.,Shree Krishna Securities Ltd.,2026-04-30 13:34:02.647884
2026043003004396,CORBL,57,60,30,2277.1,68313.0,Aryatara Investment & Securities,Nagarik Stock Dealer ,2026-04-30 13:34:50.851982
2026043003004397,CORBL,41,60,183,2277.0,416691.0,Linch Stock Market Ltd.,Nagarik Stock Dealer ,2026-04-30 13:34:50.852049
2026043003004398,CORBL,7,60,20,2276.4,45528.0,J.F. Securites (PVT) Ltd.,Nagarik Stock Dealer ,2026-04-30 13:34:50.852069
2026043003004399,CORBL,98,60,310,2276.3,705653.0,Trademow Securities Private Limited,Nagarik Stock Dealer ,2026-04-30 13:34:50.852088
2026043003004400,CORBL,68,60,100,2276.3,227630.0,Elite Stock House Limited,Nagarik Stock Dealer ,2026-04-30 13:34:50.852120
2026043003004401,CORBL,16,60,10,2276.3,22763.0,Primo Securities (PVT) Ltd.,Nagarik Stock Dealer ,2026-04-30 13:34:50.852141
2026043003004402,CORBL,5,60,100,2276.3,227630.0,Market Securities & Exchange (PVT) Ltd.,Nagarik Stock Dealer ,2026-04-30 13:34:50.852160
2026043003004403,CORBL,17,60,20,2276.3,45526.0,ABC Securities Private Limited,Nagarik Stock Dealer ,2026-04-30 13:34:50.852180
2026043003004404,CORBL,60,60,100,2276.3,227630.0,Nagarik Stock Dealer ,Nagarik Stock Dealer ,2026-04-30 13:34:50.852198
2026043003004405,CORBL,42,60,10,2276.3,22763.0,Sani Securities Company Ltd.,Nagarik Stock Dealer ,2026-04-30 13:34:50.852218
2026043003004406,CORBL,58,60,10,2276.3,22763.0,Naasa Securities Co. Ltd.,Nagarik Stock Dealer ,2026-04-30 13:34:50.852239
2026043003004407,CORBL,34,60,15,2276.3,34144.5,Vision Securities Pvt. Ltd,Nagarik Stock Dealer ,2026-04-30 13:34:50.852256
2026043003004408,CORBL,45,60,10,2276.3,22763.0,Imperial Securities Company Pvt. Ltd.,Nagarik Stock Dealer ,2026-04-30 13:34:50.852276
2026043003004409,CORBL,44,60,43,2276.3,97880.9,Dynamic Money Managers Securities Pvt. Ltd.,Nagarik Stock Dealer ,2026-04-30 13:34:50.852296
2026043003004410,CORBL,17,60,39,2276.3,88775.7,ABC Securities Private Limited,Nagarik Stock Dealer ,2026-04-30 13:34:50.852316
2026043003004421,CORBL,59,58,25,2276.4,56910.0,Deevyaa Securities & Stock House Pvt. Ltd,Naasa Securities Co. Ltd.,2026-04-30 13:35:31.827510
2026043003004422,CORBL,17,58,45,2276.3,102433.5,ABC Securities Private Limited,Naasa Securities Co. Ltd.,2026-04-30 13:35:31.827695
2026043003004429,CORBL,87,91,10,2300.0,23000.0,S.P.S.A. Securities Limited,Citizens Share Broker Limited,2026-04-30 13:35:52.074537
2026043003004458,CORBL,58,91,100,2300.0,230000.0,Naasa Securities Co. Ltd.,Citizens Share Broker Limited,2026-04-30 13:37:16.520651
2026043003004466,CORBL,58,47,1,2282.0,2282.0,Naasa Securities Co. Ltd.,Neev Securities Pvt. Ltd.,2026-04-30 13:38:09.197032
2026043003004532,CORBL,41,7,10,2276.5,22765.0,Linch Stock Market Ltd.,J.F. Securites (PVT) Ltd.,2026-04-30 13:42:26.090630
2026043003004533,CORBL,34,7,10,2276.5,22765.0,Vision Securities Pvt. Ltd,J.F. Securites (PVT) Ltd.,2026-04-30 13:42:26.090847
2026043003004534,CORBL,72,7,100,2276.4,227640.0,Hatemalo Financial Services Private Limited,J.F. Securites (PVT) Ltd.,2026-04-30 13:42:26.090986
2026043003004535,CORBL,17,7,30,2276.3,68289.0,ABC Securities Private Limited,J.F. Securites (PVT) Ltd.,2026-04-30 13:42:26.091140
2026043003004536,CORBL,87,42,10,2299.9,22999.0,S.P.S.A. Securities Limited,Sani Securities Company Ltd.,2026-04-30 13:42:35.168551
2026043003004663,CORBL,48,42,10,2298.0,22980.0,Trishakti Securities Public Limited,Sani Securities Company Ltd.,2026-04-30 13:49:55.493571
2026043003004664,CORBL,48,26,10,2298.8,22988.0,Trishakti Securities Public Limited,Asian Securities Private Ltd.,2026-04-30 13:49:55.493765
2026043003004668,CORBL,58,50,3,2344.0,7032.0,Naasa Securities Co. Ltd.,Cristal Kanchanjanga Securites Pvt. Ltd.,2026-04-30 13:50:04.072105
2026043003004717,CORBL,47,42,10,2277.0,22770.0,Neev Securities Pvt. Ltd.,Sani Securities Company Ltd.,2026-04-30 13:52:05.271558
2026043003004737,CORBL,47,42,10,2277.0,22770.0,Neev Securities Pvt. Ltd.,Sani Securities Company Ltd.,2026-04-30 13:52:58.790537
2026043003004794,CORBL,17,45,16,2276.3,36420.8,ABC Securities Private Limited,Imperial Securities Company Pvt. Ltd.,2026-04-30 13:54:33.986072
2026043003004795,CORBL,56,45,40,2276.3,91052.0,Sri Hari Securities Pvt. Ltd.,Imperial Securities Company Pvt. Ltd.,2026-04-30 13:54:33.986255
2026043003004796,CORBL,38,45,20,2276.3,45526.0,Dipshikha Dhitopatra Karobar Co. Pvt Ltd.,Imperial Securities Company Pvt. Ltd.,2026-04-30 13:54:33.986387
2026043003004797,CORBL,57,45,20,2276.3,45526.0,Aryatara Investment & Securities,Imperial Securities Company Pvt. Ltd.,2026-04-30 13:54:33.986511
2026043003004826,CORBL,59,42,10,2277.0,22770.0,Deevyaa Securities & Stock House Pvt. Ltd,Sani Securities Company Ltd.,2026-04-30 13:55:34.522555
2026043003004852,CORBL,87,42,10,2295.0,22950.0,S.P.S.A. Securities Limited,Sani Securities Company Ltd.,2026-04-30 13:56:37.671854
2026043003004983,CORBL,39,42,10,2281.1,22811.0,Sumeru Securities Pvt. Ltd.,Sani Securities Company Ltd.,2026-04-30 14:03:25.997694
2026043003004986,CORBL,46,52,200,2281.0,456200.0,Kalika Securities Pvt. Ltd.,Sundhara Securities Limited,2026-04-30 14:03:39.243442
2026043003004992,CORBL,46,42,10,2281.0,22810.0,Kalika Securities Pvt. Ltd.,Sani Securities Company Ltd.,2026-04-30 14:03:59.220061
2026043003004993,CORBL,87,42,10,2294.0,22940.0,S.P.S.A. Securities Limited,Sani Securities Company Ltd.,2026-04-30 14:03:59.263441
2026043003004996,CORBL,46,42,10,2281.0,22810.0,Kalika Securities Pvt. Ltd.,Sani Securities Company Ltd.,2026-04-30 14:04:33.847367
2026043003005037,CORBL,46,42,10,2281.0,22810.0,Kalika Securities Pvt. Ltd.,Sani Securities Company Ltd.,2026-04-30 14:05:03.386791
2026043003005045,CORBL,5,42,10,2281.0,22810.0,Market Securities & Exchange (PVT) Ltd.,Sani Securities Company Ltd.,2026-04-30 14:05:30.170839
2026043003005060,CORBL,58,42,40,2278.0,91120.0,Naasa Securities Co. Ltd.,Sani Securities Company Ltd.,2026-04-30 14:06:10.552896
2026043003005067,CORBL,58,28,11,2277.0,25047.0,Naasa Securities Co. Ltd.,Shree Krishna Securities Ltd.,2026-04-30 14:06:18.300173
2026043003005068,CORBL,14,28,55,2276.4,125202.0,Nepal Stock House (PVT) Ltd.,Shree Krishna Securities Ltd.,2026-04-30 14:06:18.300281
2026043003005069,CORBL,34,28,10,2276.3,22763.0,Vision Securities Pvt. Ltd,Shree Krishna Securities Ltd.,2026-04-30 14:06:18.300341
2026043003005070,CORBL,17,28,20,2276.3,45526.0,ABC Securities Private Limited,Shree Krishna Securities Ltd.,2026-04-30 14:06:18.300407
2026043003005071,CORBL,48,28,100,2276.3,227630.0,Trishakti Securities Public Limited,Shree Krishna Securities Ltd.,2026-04-30 14:06:18.300479
2026043003005072,CORBL,33,28,50,2276.3,113815.0,Dakshinkali Investment & Securities Pvt. Ltd.,Shree Krishna Securities Ltd.,2026-04-30 14:06:18.300532
2026043003005073,CORBL,47,28,55,2276.3,125196.5,Neev Securities Pvt. Ltd.,Shree Krishna Securities Ltd.,2026-04-30 14:06:18.300582
2026043003005074,CORBL,67,28,190,2276.3,432497.0,Property Wiard Limited,Shree Krishna Securities Ltd.,2026-04-30 14:06:18.300636
2026043003005076,CORBL,67,57,10,2276.3,22763.0,Property Wiard Limited,Aryatara Investment & Securities,2026-04-30 14:06:22.922536
2026043003005109,CORBL,45,57,10,2276.3,22763.0,Imperial Securities Company Pvt. Ltd.,Aryatara Investment & Securities,2026-04-30 14:07:24.221463
2026043003005126,CORBL,45,57,10,2276.3,22763.0,Imperial Securities Company Pvt. Ltd.,Aryatara Investment & Securities,2026-04-30 14:08:14.886128
2026043003005149,CORBL,95,29,50,2276.3,113815.0,Magnet Securities and Investment Company Private Limited,Trisul Securities & Invt. Ltd.,2026-04-30 14:09:57.570813
2026043003005194,CORBL,45,29,10,2276.3,22763.0,Imperial Securities Company Pvt. Ltd.,Trisul Securities & Invt. Ltd.,2026-04-30 14:11:19.650524
2026043003005220,CORBL,14,29,30,2276.3,68289.0,Nepal Stock House (PVT) Ltd.,Trisul Securities & Invt. Ltd.,2026-04-30 14:12:21.545817
2026043003005259,CORBL,58,29,40,2276.3,91052.0,Naasa Securities Co. Ltd.,Trisul Securities & Invt. Ltd.,2026-04-30 14:13:30.210210
2026043003005301,CORBL,49,29,60,2276.3,136578.0,Online Securities Pvt. Ltd.,Trisul Securities & Invt. Ltd.,2026-04-30 14:14:31.888957
2026043003005340,CORBL,58,29,34,2276.3,77394.2,Naasa Securities Co. Ltd.,Trisul Securities & Invt. Ltd.,2026-04-30 14:16:07.325375
2026043003005344,CORBL,36,29,10,2276.3,22763.0,Secured Securities Ltd.,Trisul Securities & Invt. Ltd.,2026-04-30 14:16:18.731922
2026043003005397,CORBL,58,29,14,2276.3,31868.2,Naasa Securities Co. Ltd.,Trisul Securities & Invt. Ltd.,2026-04-30 14:19:07.045603
2026043003005417,CORBL,99,29,20,2276.3,45526.0,Prabhu Stock Market Limited,Trisul Securities & Invt. Ltd.,2026-04-30 14:20:11.330409
2026043003005421,CORBL,58,45,4,2276.3,9105.2,Naasa Securities Co. Ltd.,Imperial Securities Company Pvt. Ltd.,2026-04-30 14:20:21.350345
2026043003005430,CORBL,99,29,50,2276.3,113815.0,Prabhu Stock Market Limited,Trisul Securities & Invt. Ltd.,2026-04-30 14:20:50.233873
2026043003005450,CORBL,16,29,12,2276.3,27315.6,Primo Securities (PVT) Ltd.,Trisul Securities & Invt. Ltd.,2026-04-30 14:21:39.575486
2026043003005489,CORBL,42,29,10,2276.3,22763.0,Sani Securities Company Ltd.,Trisul Securities & Invt. Ltd.,2026-04-30 14:22:54.899182
2026043003005493,CORBL,44,29,10,2276.3,22763.0,Dynamic Money Managers Securities Pvt. Ltd.,Trisul Securities & Invt. Ltd.,2026-04-30 14:23:04.754898
2026043003005496,CORBL,56,29,50,2276.3,113815.0,Sri Hari Securities Pvt. Ltd.,Trisul Securities & Invt. Ltd.,2026-04-30 14:23:12.720392
2026043003005617,CORBL,29,29,10,2276.3,22763.0,Trisul Securities & Invt. Ltd.,Trisul Securities & Invt. Ltd.,2026-04-30 14:27:18.560535
2026043003005679,CORBL,3,29,20,2276.3,45526.0,Arun Securities (PVT) Ltd.,Trisul Securities & Invt. Ltd.,2026-04-30 14:29:12.664518
2026043003005720,CORBL,29,29,10,2276.3,22763.0,Trisul Securities & Invt. Ltd.,Trisul Securities & Invt. Ltd.,2026-04-30 14:30:30.240225
2026043003005756,CORBL,4,29,25,2276.3,56907.5,Opal Securities Investment (PVT) Ltd.,Trisul Securities & Invt. Ltd.,2026-04-30 14:31:29.774212
2026043003005933,CORBL,1,29,10,2276.3,22763.0,Kumari Securities Private Limited,Trisul Securities & Invt. Ltd.,2026-04-30 14:36:27.797164
2026043003005937,CORBL,70,29,10,2276.3,22763.0,Infinity Securities Limited,Trisul Securities & Invt. Ltd.,2026-04-30 14:36:32.505647
2026043003006057,CORBL,4,29,15,2276.3,34144.5,Opal Securities Investment (PVT) Ltd.,Trisul Securities & Invt. Ltd.,2026-04-30 14:40:57.873688
2026043003006058,CORBL,4,77,10,2276.3,22763.0,Opal Securities Investment (PVT) Ltd.,Nabil Stock Dealer Ltd.,2026-04-30 14:40:57.873925
2026043003006059,CORBL,4,89,21,2276.3,47802.3,Opal Securities Investment (PVT) Ltd.,Global IME Securities Limited,2026-04-30 14:40:57.874125
2026043003006060,CORBL,4,42,10,2276.3,22763.0,Opal Securities Investment (PVT) Ltd.,Sani Securities Company Ltd.,2026-04-30 14:40:57.874285
2026043003006061,CORBL,4,29,44,2276.3,100157.2,Opal Securities Investment (PVT) Ltd.,Trisul Securities & Invt. Ltd.,2026-04-30 14:40:57.874419
2026043003006078,CORBL,36,29,50,2276.3,113815.0,Secured Securities Ltd.,Trisul Securities & Invt. Ltd.,2026-04-30 14:41:11.014061
2026043003006095,CORBL,36,29,406,2276.3,924177.8,Secured Securities Ltd.,Trisul Securities & Invt. Ltd.,2026-04-30 14:41:41.375411
2026043003006096,CORBL,36,29,247,2276.3,562246.1,Secured Securities Ltd.,Trisul Securities & Invt. Ltd.,2026-04-30 14:41:41.375507
2026043003006097,CORBL,36,3,170,2276.3,386971.0,Secured Securities Ltd.,Arun Securities (PVT) Ltd.,2026-04-30 14:41:41.375559
2026043003006098,CORBL,36,42,10,2276.3,22763.0,Secured Securities Ltd.,Sani Securities Company Ltd.,2026-04-30 14:41:41.375604
2026043003006099,CORBL,36,42,10,2276.3,22763.0,Secured Securities Ltd.,Sani Securities Company Ltd.,2026-04-30 14:41:41.375649
2026043003006100,CORBL,36,50,32,2276.3,72841.6,Secured Securities Ltd.,Cristal Kanchanjanga Securites Pvt. Ltd.,2026-04-30 14:41:41.375691
2026043003006147,CORBL,17,42,10,2294.0,22940.0,ABC Securities Private Limited,Sani Securities Company Ltd.,2026-04-30 14:42:57.844702
2026043003006148,CORBL,17,29,120,2294.0,275280.0,ABC Securities Private Limited,Trisul Securities & Invt. Ltd.,2026-04-30 14:42:57.844907
2026043003006169,CORBL,34,87,10,2276.3,22763.0,Vision Securities Pvt. Ltd,S.P.S.A. Securities Limited,2026-04-30 14:43:49.142479
2026043003006194,CORBL,34,72,20,2276.4,45528.0,Vision Securities Pvt. Ltd,Hatemalo Financial Services Private Limited,2026-04-30 14:44:34.660472
2026043003006197,CORBL,38,4,51,2276.3,116091.3,Dipshikha Dhitopatra Karobar Co. Pvt Ltd.,Opal Securities Investment (PVT) Ltd.,2026-04-30 14:44:40.835684
2026043003006218,CORBL,38,42,10,2276.3,22763.0,Dipshikha Dhitopatra Karobar Co. Pvt Ltd.,Sani Securities Company Ltd.,2026-04-30 14:45:18.789834
2026043003006348,CORBL,63,72,5,2276.3,11381.5,Himalayan Brokerage Company Limited,Hatemalo Financial Services Private Limited,2026-04-30 14:47:59.754889
2026043003006358,CORBL,58,34,10,2278.0,22780.0,Naasa Securities Co. Ltd.,Vision Securities Pvt. Ltd,2026-04-30 14:48:14.037508
2026043003006380,CORBL,6,34,50,2278.0,113900.0,Agrawal Securities (PVT) Ltd.,Vision Securities Pvt. Ltd,2026-04-30 14:48:36.417703
2026043003006386,CORBL,45,34,30,2278.0,68340.0,Imperial Securities Company Pvt. Ltd.,Vision Securities Pvt. Ltd,2026-04-30 14:48:49.879448
2026043003006449,CORBL,53,34,10,2278.0,22780.0,Investment Management Nepal Pvt. Ltd.,Vision Securities Pvt. Ltd,2026-04-30 14:49:33.905081
2026043003006450,CORBL,53,42,10,2294.0,22940.0,Investment Management Nepal Pvt. Ltd.,Sani Securities Company Ltd.,2026-04-30 14:49:33.905150
2026043003006546,CORBL,43,57,10,2294.0,22940.0,South Asian Bulls Pvt. Ltd.,Aryatara Investment & Securities,2026-04-30 14:51:18.134363
2026043003006547,CORBL,43,49,10,2294.7,22947.0,South Asian Bulls Pvt. Ltd.,Online Securities Pvt. Ltd.,2026-04-30 14:51:18.134473
2026043003006565,CORBL,17,42,10,2294.0,22940.0,ABC Securities Private Limited,Sani Securities Company Ltd.,2026-04-30 14:51:44.828456
2026043003006598,CORBL,42,50,50,2294.0,114700.0,Sani Securities Company Ltd.,Cristal Kanchanjanga Securites Pvt. Ltd.,2026-04-30 14:52:53.087458
2026043003006599,CORBL,41,50,50,2280.0,114000.0,Linch Stock Market Ltd.,Cristal Kanchanjanga Securites Pvt. Ltd.,2026-04-30 14:52:53.087700
2026043003006600,CORBL,38,50,20,2277.0,45540.0,Dipshikha Dhitopatra Karobar Co. Pvt Ltd.,Cristal Kanchanjanga Securites Pvt. Ltd.,2026-04-30 14:52:53.087849
2026043003006601,CORBL,36,50,50,2276.5,113825.0,Secured Securities Ltd.,Cristal Kanchanjanga Securites Pvt. Ltd.,2026-04-30 14:52:53.087990
2026043003006602,CORBL,38,50,139,2276.3,316405.7,Dipshikha Dhitopatra Karobar Co. Pvt Ltd.,Cristal Kanchanjanga Securites Pvt. Ltd.,2026-04-30 14:52:53.088148
2026043003006603,CORBL,49,50,50,2276.3,113815.0,Online Securities Pvt. Ltd.,Cristal Kanchanjanga Securites Pvt. Ltd.,2026-04-30 14:52:53.088303
2026043003006604,CORBL,4,50,40,2276.3,91052.0,Opal Securities Investment (PVT) Ltd.,Cristal Kanchanjanga Securites Pvt. Ltd.,2026-04-30 14:52:53.088457
2026043003006605,CORBL,17,50,40,2276.3,91052.0,ABC Securities Private Limited,Cristal Kanchanjanga Securites Pvt. Ltd.,2026-04-30 14:52:53.088610
2026043003006606,CORBL,67,50,31,2276.3,70565.3,Property Wiard Limited,Cristal Kanchanjanga Securites Pvt. Ltd.,2026-04-30 14:52:53.088746
2026043003006630,CORBL,67,50,10,2276.3,22763.0,Property Wiard Limited,Cristal Kanchanjanga Securites Pvt. Ltd.,2026-04-30 14:53:20.972613
2026043003006686,CORBL,60,4,10,2293.0,22930.0,Nagarik Stock Dealer ,Opal Securities Investment (PVT) Ltd.,2026-04-30 14:54:32.126083
2026043003006687,CORBL,60,42,10,2294.0,22940.0,Nagarik Stock Dealer ,Sani Securities Company Ltd.,2026-04-30 14:54:32.126193
2026043003006688,CORBL,60,58,10,2294.0,22940.0,Nagarik Stock Dealer ,Naasa Securities Co. Ltd.,2026-04-30 14:54:32.126265
2026043003006689,CORBL,60,49,10,2294.7,22947.0,Nagarik Stock Dealer ,Online Securities Pvt. Ltd.,2026-04-30 14:54:32.126333
2026043003006690,CORBL,60,42,10,2294.9,22949.0,Nagarik Stock Dealer ,Sani Securities Company Ltd.,2026-04-30 14:54:32.126405
2026043003006691,CORBL,60,42,10,2298.0,22980.0,Nagarik Stock Dealer ,Sani Securities Company Ltd.,2026-04-30 14:54:32.126478
2026043003006692,CORBL,60,42,10,2298.9,22989.0,Nagarik Stock Dealer ,Sani Securities Company Ltd.,2026-04-30 14:54:32.126549
2026043003006720,CORBL,42,5,15,2278.0,34170.0,Sani Securities Company Ltd.,Market Securities & Exchange (PVT) Ltd.,2026-04-30 14:54:42.825745
2026043003006721,CORBL,67,5,55,2276.3,125196.5,Property Wiard Limited,Market Securities & Exchange (PVT) Ltd.,2026-04-30 14:54:42.825959
2026043003006748,CORBL,60,42,10,2299.0,22990.0,Nagarik Stock Dealer ,Sani Securities Company Ltd.,2026-04-30 14:55:05.054425
2026043003006749,CORBL,60,48,10,2299.0,22990.0,Nagarik Stock Dealer ,Trishakti Securities Public Limited,2026-04-30 14:55:05.054512
2026043003006839,CORBL,17,28,10,2277.0,22770.0,ABC Securities Private Limited,Shree Krishna Securities Ltd.,2026-04-30 14:56:17.046284
2026043003006844,CORBL,49,39,100,2297.0,229700.0,Online Securities Pvt. Ltd.,Sumeru Securities Pvt. Ltd.,2026-04-30 14:56:19.751894
2026043003006872,CORBL,60,39,10,2297.0,22970.0,Nagarik Stock Dealer ,Sumeru Securities Pvt. Ltd.,2026-04-30 14:56:32.725617
2026043003006876,CORBL,58,4,20,2296.0,45920.0,Naasa Securities Co. Ltd.,Opal Securities Investment (PVT) Ltd.,2026-04-30 14:56:35.036625
2026043003006877,CORBL,58,39,30,2297.0,68910.0,Naasa Securities Co. Ltd.,Sumeru Securities Pvt. Ltd.,2026-04-30 14:56:35.036751
2026043003006931,CORBL,60,5,20,2296.7,45934.0,Nagarik Stock Dealer ,Market Securities & Exchange (PVT) Ltd.,2026-04-30 14:57:08.327313
2026043003006941,CORBL,28,42,10,2296.9,22969.0,Shree Krishna Securities Ltd.,Sani Securities Company Ltd.,2026-04-30 14:57:18.561478
2026043003006942,CORBL,28,39,60,2297.0,137820.0,Shree Krishna Securities Ltd.,Sumeru Securities Pvt. Ltd.,2026-04-30 14:57:18.561518
2026043003006943,CORBL,28,42,10,2297.0,22970.0,Shree Krishna Securities Ltd.,Sani Securities Company Ltd.,2026-04-30 14:57:18.561539
2026043003006944,CORBL,28,5,10,2297.6,22976.0,Shree Krishna Securities Ltd.,Market Securities & Exchange (PVT) Ltd.,2026-04-30 14:57:18.561562
2026043003006945,CORBL,28,42,10,2297.9,22979.0,Shree Krishna Securities Ltd.,Sani Securities Company Ltd.,2026-04-30 14:57:18.561581
2026043003006946,CORBL,28,42,10,2298.0,22980.0,Shree Krishna Securities Ltd.,Sani Securities Company Ltd.,2026-04-30 14:57:18.561602
2026043003006947,CORBL,28,42,10,2298.9,22989.0,Shree Krishna Securities Ltd.,Sani Securities Company Ltd.,2026-04-30 14:57:18.561625
2026043003006948,CORBL,28,42,191,2299.0,439109.0,Shree Krishna Securities Ltd.,Sani Securities Company Ltd.,2026-04-30 14:57:18.561645
2026043003006949,CORBL,28,42,10,2299.7,22997.0,Shree Krishna Securities Ltd.,Sani Securities Company Ltd.,2026-04-30 14:57:18.561665
2026043003006950,CORBL,28,91,140,2300.0,322000.0,Shree Krishna Securities Ltd.,Citizens Share Broker Limited,2026-04-30 14:57:18.561690
2026043003006951,CORBL,28,88,119,2330.0,277270.0,Shree Krishna Securities Ltd.,Blue Chip Securities Ltd,2026-04-30 14:57:18.561713
2026043003006952,CORBL,28,42,10,2339.0,23390.0,Shree Krishna Securities Ltd.,Sani Securities Company Ltd.,2026-04-30 14:57:18.561759
2026043003006953,CORBL,28,45,38,2340.0,88920.0,Shree Krishna Securities Ltd.,Imperial Securities Company Pvt. Ltd.,2026-04-30 14:57:18.561784
2026043003006954,CORBL,28,5,100,2340.0,234000.0,Shree Krishna Securities Ltd.,Market Securities & Exchange (PVT) Ltd.,2026-04-30 14:57:18.561808
2026043003006955,CORBL,28,5,30,2340.0,70200.0,Shree Krishna Securities Ltd.,Market Securities & Exchange (PVT) Ltd.,2026-04-30 14:57:18.561830
2026043003006956,CORBL,28,42,50,2340.0,117000.0,Shree Krishna Securities Ltd.,Sani Securities Company Ltd.,2026-04-30 14:57:18.561853
2026043003006957,CORBL,28,42,10,2343.0,23430.0,Shree Krishna Securities Ltd.,Sani Securities Company Ltd.,2026-04-30 14:57:18.561878
2026043003006958,CORBL,28,92,20,2343.9,46878.0,Shree Krishna Securities Ltd.,Roadshow securities limited,2026-04-30 14:57:18.561902
2026043003006959,CORBL,28,42,10,2344.0,23440.0,Shree Krishna Securities Ltd.,Sani Securities Company Ltd.,2026-04-30 14:57:18.561925
2026043003006960,CORBL,28,39,100,2344.0,234400.0,Shree Krishna Securities Ltd.,Sumeru Securities Pvt. Ltd.,2026-04-30 14:57:18.561950
2026043003006961,CORBL,28,35,103,2344.0,241432.0,Shree Krishna Securities Ltd.,Kohinoor Investment & Securities Pvt. Ltd.,2026-04-30 14:57:18.561974
2026043003006962,CORBL,28,49,50,2344.0,117200.0,Shree Krishna Securities Ltd.,Online Securities Pvt. Ltd.,2026-04-30 14:57:18.561994
2026043003006963,CORBL,28,6,35,2344.0,82040.0,Shree Krishna Securities Ltd.,Agrawal Securities (PVT) Ltd.,2026-04-30 14:57:18.562016
2026043003006964,CORBL,28,49,20,2344.4,46888.0,Shree Krishna Securities Ltd.,Online Securities Pvt. Ltd.,2026-04-30 14:57:18.562043
2026043003006965,CORBL,28,74,10,2344.5,23445.0,Shree Krishna Securities Ltd.,KALASH STOCK MARKET PVT. LTD.,2026-04-30 14:57:18.562067
2026043003006966,CORBL,28,29,50,2344.5,117225.0,Shree Krishna Securities Ltd.,Trisul Securities & Invt. Ltd.,2026-04-30 14:57:18.562089
2026043003006967,CORBL,28,74,10,2344.5,23445.0,Shree Krishna Securities Ltd.,KALASH STOCK MARKET PVT. LTD.,2026-04-30 14:57:18.562112
2026043003006968,CORBL,28,43,10,2345.0,23450.0,Shree Krishna Securities Ltd.,South Asian Bulls Pvt. Ltd.,2026-04-30 14:57:18.562130
2026043003006969,CORBL,28,87,10,2347.0,23470.0,Shree Krishna Securities Ltd.,S.P.S.A. Securities Limited,2026-04-30 14:57:18.562164
2026043003006970,CORBL,28,87,10,2348.0,23480.0,Shree Krishna Securities Ltd.,S.P.S.A. Securities Limited,2026-04-30 14:57:18.562190
2026043003006971,CORBL,28,87,10,2349.0,23490.0,Shree Krishna Securities Ltd.,S.P.S.A. Securities Limited,2026-04-30 14:57:18.562266
2026043003006972,CORBL,28,38,100,2350.0,235000.0,Shree Krishna Securities Ltd.,Dipshikha Dhitopatra Karobar Co. Pvt Ltd.,2026-04-30 14:57:18.562288
2026043003006973,CORBL,28,43,20,2350.0,47000.0,Shree Krishna Securities Ltd.,South Asian Bulls Pvt. Ltd.,2026-04-30 14:57:18.562307
2026043003006974,CORBL,28,57,200,2353.0,470600.0,Shree Krishna Securities Ltd.,Aryatara Investment & Securities,2026-04-30 14:57:18.562328
2026043003006975,CORBL,28,29,200,2358.0,471600.0,Shree Krishna Securities Ltd.,Trisul Securities & Invt. Ltd.,2026-04-30 14:57:18.562352
2026043003006976,CORBL,28,25,200,2358.7,471740.0,Shree Krishna Securities Ltd.,Sweta Securities Private Limited,2026-04-30 14:57:18.562381
2026043003006977,CORBL,28,57,20,2358.7,47174.0,Shree Krishna Securities Ltd.,Aryatara Investment & Securities,2026-04-30 14:57:18.562406
2026043003006978,CORBL,28,48,10,2360.0,23600.0,Shree Krishna Securities Ltd.,Trishakti Securities Public Limited,2026-04-30 14:57:18.562427
2026043003006979,CORBL,28,26,99,2360.0,233640.0,Shree Krishna Securities Ltd.,Asian Securities Private Ltd.,2026-04-30 14:57:18.562447
2026043003006980,CORBL,28,5,60,2360.0,141600.0,Shree Krishna Securities Ltd.,Market Securities & Exchange (PVT) Ltd.,2026-04-30 14:57:18.562468
2026043003006981,CORBL,28,39,100,2362.0,236200.0,Shree Krishna Securities Ltd.,Sumeru Securities Pvt. Ltd.,2026-04-30 14:57:18.562490
2026043003006982,CORBL,28,42,50,2362.0,118100.0,Shree Krishna Securities Ltd.,Sani Securities Company Ltd.,2026-04-30 14:57:18.562509
2026043003006983,CORBL,28,49,50,2362.0,118100.0,Shree Krishna Securities Ltd.,Online Securities Pvt. Ltd.,2026-04-30 14:57:18.562532
2026043003006984,CORBL,28,50,18,2362.8,42530.4,Shree Krishna Securities Ltd.,Cristal Kanchanjanga Securites Pvt. Ltd.,2026-04-30 14:57:18.562553
2026043003006985,CORBL,28,58,20,2362.8,47256.0,Shree Krishna Securities Ltd.,Naasa Securities Co. Ltd.,2026-04-30 14:57:18.562575
2026043003006986,CORBL,28,19,97,2362.8,229191.6,Shree Krishna Securities Ltd.,Nepal Investment And Securities Trading Private Limited,2026-04-30 14:57:18.562597
2026043003006987,CORBL,28,51,220,2362.8,519816.0,Shree Krishna Securities Ltd.,Oxford Securities Pvt. Ltd.,2026-04-30 14:57:18.562641
2026043003006988,CORBL,28,17,300,2362.8,708840.0,Shree Krishna Securities Ltd.,ABC Securities Private Limited,2026-04-30 14:57:18.562669
2026043003006989,CORBL,28,29,600,2363.0,1417800.0,Shree Krishna Securities Ltd.,Trisul Securities & Invt. Ltd.,2026-04-30 14:57:18.562691
2026043003006990,CORBL,28,71,20,2363.5,47270.0,Shree Krishna Securities Ltd.,SHUBHAKAMANA SECURITIES PVT. LTD,2026-04-30 14:57:18.562714
2026043003006991,CORBL,28,88,200,2365.0,473000.0,Shree Krishna Securities Ltd.,Blue Chip Securities Ltd,2026-04-30 14:57:18.562741
2026043003006992,CORBL,28,45,75,2365.0,177375.0,Shree Krishna Securities Ltd.,Imperial Securities Company Pvt. Ltd.,2026-04-30 14:57:18.562777
2026043003006993,CORBL,28,25,75,2365.9,177442.5,Shree Krishna Securities Ltd.,Sweta Securities Private Limited,2026-04-30 14:57:18.562799
2026043003006996,CORBL,34,46,10,2276.4,22764.0,Vision Securities Pvt. Ltd,Kalika Securities Pvt. Ltd.,2026-04-30 14:57:19.296742
2026043003007012,CORBL,17,42,10,2276.3,22763.0,ABC Securities Private Limited,Sani Securities Company Ltd.,2026-04-30 14:57:30.541388
2026043003007013,CORBL,59,42,10,2276.3,22763.0,Deevyaa Securities & Stock House Pvt. Ltd,Sani Securities Company Ltd.,2026-04-30 14:57:30.541561
2026043003007032,CORBL,59,46,10,2276.3,22763.0,Deevyaa Securities & Stock House Pvt. Ltd,Kalika Securities Pvt. Ltd.,2026-04-30 14:57:43.889317
2026043003007082,CORBL,28,58,10,2344.5,23445.0,Shree Krishna Securities Ltd.,Naasa Securities Co. Ltd.,2026-04-30 14:58:07.905402
2026043003007083,CORBL,28,25,25,2365.9,59147.5,Shree Krishna Securities Ltd.,Sweta Securities Private Limited,2026-04-30 14:58:07.905450
2026043003007084,CORBL,28,29,1180,2365.9,2791762.0,Shree Krishna Securities Ltd.,Trisul Securities & Invt. Ltd.,2026-04-30 14:58:07.905475
2026043003007085,CORBL,28,39,100,2367.0,236700.0,Shree Krishna Securities Ltd.,Sumeru Securities Pvt. Ltd.,2026-04-30 14:58:07.905499
2026043003007086,CORBL,28,57,10,2367.9,23679.0,Shree Krishna Securities Ltd.,Aryatara Investment & Securities,2026-04-30 14:58:07.905521
2026043003007087,CORBL,28,49,24,2367.9,56829.6,Shree Krishna Securities Ltd.,Online Securities Pvt. Ltd.,2026-04-30 14:58:07.905544
2026043003007088,CORBL,28,29,651,2367.9,1541502.9,Shree Krishna Securities Ltd.,Trisul Securities & Invt. Ltd.,2026-04-30 14:58:07.905575
2026043003007090,CORBL,59,46,10,2276.3,22763.0,Deevyaa Securities & Stock House Pvt. Ltd,Kalika Securities Pvt. Ltd.,2026-04-30 14:58:09.199590
2026043003007201,CORBL,58,49,20,2276.4,45528.0,Naasa Securities Co. Ltd.,Online Securities Pvt. Ltd.,2026-04-30 14:59:01.291192
2026043003007202,CORBL,59,49,30,2276.3,68289.0,Deevyaa Securities & Stock House Pvt. Ltd,Online Securities Pvt. Ltd.,2026-04-30 14:59:01.291295
2026043003007250,CORBL,21,35,20,2277.0,45540.0,Midas Stock Broking Company Private Limited,Kohinoor Investment & Securities Pvt. Ltd.,2026-04-30 14:59:13.320788
2026043003007255,CORBL,59,92,30,2276.3,68289.0,Deevyaa Securities & Stock House Pvt. Ltd,Roadshow securities limited,2026-04-30 14:59:14.696533
2026043003007362,CORBL,58,41,10,2277.0,22770.0,Naasa Securities Co. Ltd.,Linch Stock Market Ltd.,2026-04-30 14:59:42.838416
2026043003007413,CORBL,59,46,10,2276.3,22763.0,Deevyaa Securities & Stock House Pvt. Ltd,Kalika Securities Pvt. Ltd.,2026-04-30 14:59:55.701617
2026043003007414,CORBL,5,46,50,2276.3,113815.0,Market Securities & Exchange (PVT) Ltd.,Kalika Securities Pvt. Ltd.,2026-04-30 14:59:55.701651
2026043003007415,CORBL,8,46,20,2276.3,45526.0,Brilliant Securities Pvt. Ltd.,Kalika Securities Pvt. Ltd.,2026-04-30 14:59:55.701676
2026043003007416,CORBL,17,46,35,2276.3,79670.5,ABC Securities Private Limited,Kalika Securities Pvt. Ltd.,2026-04-30 14:59:55.701702
2026043003007417,CORBL,56,46,10,2276.3,22763.0,Sri Hari Securities Pvt. Ltd.,Kalika Securities Pvt. Ltd.,2026-04-30 14:59:55.701721
2026043003007418,CORBL,6,46,21,2276.3,47802.3,Agrawal Securities (PVT) Ltd.,Kalika Securities Pvt. Ltd.,2026-04-30 14:59:55.701742
2026043003007423,CORBL,28,42,10,2341.0,23410.0,Shree Krishna Securities Ltd.,Sani Securities Company Ltd.,2026-04-30 14:59:56.376965
2026043003007424,CORBL,28,28,20,2342.0,46840.0,Shree Krishna Securities Ltd.,Shree Krishna Securities Ltd.,2026-04-30 14:59:56.377001
2026043003007425,CORBL,28,42,10,2343.0,23430.0,Shree Krishna Securities Ltd.,Sani Securities Company Ltd.,2026-04-30 14:59:56.377039
2026043003007426,CORBL,28,92,20,2343.0,46860.0,Shree Krishna Securities Ltd.,Roadshow securities limited,2026-04-30 14:59:56.377068
2026043003007427,CORBL,28,92,30,2343.3,70299.0,Shree Krishna Securities Ltd.,Roadshow securities limited,2026-04-30 14:59:56.377091
2026043003007428,CORBL,28,57,200,2344.0,468800.0,Shree Krishna Securities Ltd.,Aryatara Investment & Securities,2026-04-30 14:59:56.377115
2026043003007429,CORBL,28,57,200,2344.0,468800.0,Shree Krishna Securities Ltd.,Aryatara Investment & Securities,2026-04-30 14:59:56.377137
2026043003007430,CORBL,28,11,30,2344.0,70320.0,Shree Krishna Securities Ltd.,Malla & Malla Stock Broking Company Pvt. Limited,2026-04-30 14:59:56.377159
2026043003007431,CORBL,28,44,40,2344.0,93760.0,Shree Krishna Securities Ltd.,Dynamic Money Managers Securities Pvt. Ltd.,2026-04-30 14:59:56.377181
2026043003007432,CORBL,28,49,50,2344.5,117225.0,Shree Krishna Securities Ltd.,Online Securities Pvt. Ltd.,2026-04-30 14:59:56.377203
2026043003007433,CORBL,28,29,849,2367.9,2010347.1,Shree Krishna Securities Ltd.,Trisul Securities & Invt. Ltd.,2026-04-30 14:59:56.377226
2026043003007434,CORBL,28,38,40,2368.0,94720.0,Shree Krishna Securities Ltd.,Dipshikha Dhitopatra Karobar Co. Pvt Ltd.,2026-04-30 14:59:56.377248
2026043003007435,CORBL,28,45,30,2368.0,71040.0,Shree Krishna Securities Ltd.,Imperial Securities Company Pvt. Ltd.,2026-04-30 14:59:56.377269
2026043003007436,CORBL,28,26,10,2368.8,23688.0,Shree Krishna Securities Ltd.,Asian Securities Private Ltd.,2026-04-30 14:59:56.377291
2026043003007437,CORBL,28,50,50,2369.0,118450.0,Shree Krishna Securities Ltd.,Cristal Kanchanjanga Securites Pvt. Ltd.,2026-04-30 14:59:56.377327
2026043003007438,CORBL,28,43,100,2369.0,236900.0,Shree Krishna Securities Ltd.,South Asian Bulls Pvt. Ltd.,2026-04-30 14:59:56.377351
2026043003007439,CORBL,28,29,200,2369.0,473800.0,Shree Krishna Securities Ltd.,Trisul Securities & Invt. Ltd.,2026-04-30 14:59:56.377374
2026043003007440,CORBL,28,42,100,2369.0,236900.0,Shree Krishna Securities Ltd.,Sani Securities Company Ltd.,2026-04-30 14:59:56.377403
2026043003007441,CORBL,28,29,50,2369.0,118450.0,Shree Krishna Securities Ltd.,Trisul Securities & Invt. Ltd.,2026-04-30 14:59:56.377429
2026043003007442,CORBL,28,29,100,2369.0,236900.0,Shree Krishna Securities Ltd.,Trisul Securities & Invt. Ltd.,2026-04-30 14:59:56.377450
2026043003007443,CORBL,28,57,10,2369.0,23690.0,Shree Krishna Securities Ltd.,Aryatara Investment & Securities,2026-04-30 14:59:56.377472
2026043003007444,CORBL,28,39,200,2369.0,473800.0,Shree Krishna Securities Ltd.,Sumeru Securities Pvt. Ltd.,2026-04-30 14:59:56.377499
2026043003007445,CORBL,28,39,200,2369.0,473800.0,Shree Krishna Securities Ltd.,Sumeru Securities Pvt. Ltd.,2026-04-30 14:59:56.377526
2026043003007446,CORBL,28,7,10,2369.0,23690.0,Shree Krishna Securities Ltd.,J.F. Securites (PVT) Ltd.,2026-04-30 14:59:56.377554
2026043003007447,CORBL,28,43,91,2369.0,215579.0,Shree Krishna Securities Ltd.,South Asian Bulls Pvt. Ltd.,2026-04-30 14:59:56.377581
2026043003007448,CORBL,28,39,350,2410.0,843500.0,Shree Krishna Securities Ltd.,Sumeru Securities Pvt. Ltd.,2026-04-30 14:59:56.377604
2026043003007493,CORBL,50,60,100,2400.0,240000.0,Cristal Kanchanjanga Securites Pvt. Ltd.,Nagarik Stock Dealer ,2026-04-30 14:59:59.771985
