contractId,stockSymbol,buyerMemberId,sellerMemberId,quantity,rate,amount,businessDate,tradeBookId,stockId,buyerBrokerName,sellerBrokerName,transaction_time,securityName
2026043001000445,GBIME,42,52,10,231.0,2310.0,2026-04-30,188627582,341,Sani Securities Company Ltd.,Sundhara Securities Limited,2026-04-30 11:02:47.882758,Global IME Bank Limited
2026043001000505,GBIME,42,34,40,230.0,9200.0,2026-04-30,188627786,341,Sani Securities Company Ltd.,Vision Securities Pvt. Ltd,2026-04-30 11:03:03.459171,Global IME Bank Limited
2026043001000506,GBIME,41,34,25,230.0,5750.0,2026-04-30,188627788,341,Linch Stock Market Ltd.,Vision Securities Pvt. Ltd,2026-04-30 11:03:03.459243,Global IME Bank Limited
2026043001000853,GBIME,45,34,10,230.0,2300.0,2026-04-30,188628948,341,Imperial Securities Company Pvt. Ltd.,Vision Securities Pvt. Ltd,2026-04-30 11:04:37.800888,Global IME Bank Limited
2026043001000912,GBIME,38,1,85,229.1,19473.5,2026-04-30,188629135,341,Dipshikha Dhitopatra Karobar Co. Pvt Ltd.,Kumari Securities Private Limited,2026-04-30 11:04:52.936111,Global IME Bank Limited
2026043001001477,GBIME,38,7,62,229.1,14204.2,2026-04-30,188631187,341,Dipshikha Dhitopatra Karobar Co. Pvt Ltd.,J.F. Securites (PVT) Ltd.,2026-04-30 11:07:55.127732,Global IME Bank Limited
2026043001001577,GBIME,58,34,17,230.0,3910.0,2026-04-30,188631534,341,Naasa Securities Co. Ltd.,Vision Securities Pvt. Ltd,2026-04-30 11:08:29.212966,Global IME Bank Limited
2026043001001705,GBIME,38,34,101,229.1,23139.1,2026-04-30,188631919,341,Dipshikha Dhitopatra Karobar Co. Pvt Ltd.,Vision Securities Pvt. Ltd,2026-04-30 11:09:00.178290,Global IME Bank Limited
2026043001001820,GBIME,38,42,52,229.1,11913.2,2026-04-30,188632278,341,Dipshikha Dhitopatra Karobar Co. Pvt Ltd.,Sani Securities Company Ltd.,2026-04-30 11:09:35.214847,Global IME Bank Limited
2026043001001821,GBIME,1,42,200,229.1,45820.0,2026-04-30,188632280,341,Kumari Securities Private Limited,Sani Securities Company Ltd.,2026-04-30 11:09:35.215070,Global IME Bank Limited
2026043001001822,GBIME,58,42,100,229.1,22910.0,2026-04-30,188632282,341,Naasa Securities Co. Ltd.,Sani Securities Company Ltd.,2026-04-30 11:09:35.215213,Global IME Bank Limited
2026043001001823,GBIME,42,42,10,229.0,2290.0,2026-04-30,188632284,341,Sani Securities Company Ltd.,Sani Securities Company Ltd.,2026-04-30 11:09:35.215369,Global IME Bank Limited
2026043001001824,GBIME,38,42,61,229.0,13969.0,2026-04-30,188632286,341,Dipshikha Dhitopatra Karobar Co. Pvt Ltd.,Sani Securities Company Ltd.,2026-04-30 11:09:35.215496,Global IME Bank Limited
2026043001001825,GBIME,33,42,250,228.5,57125.0,2026-04-30,188632288,341,Dakshinkali Investment & Securities Pvt. Ltd.,Sani Securities Company Ltd.,2026-04-30 11:09:35.215628,Global IME Bank Limited
2026043001001826,GBIME,28,42,1000,228.1,228100.0,2026-04-30,188632290,341,Shree Krishna Securities Ltd.,Sani Securities Company Ltd.,2026-04-30 11:09:35.215759,Global IME Bank Limited
2026043001001827,GBIME,41,42,200,228.0,45600.0,2026-04-30,188632292,341,Linch Stock Market Ltd.,Sani Securities Company Ltd.,2026-04-30 11:09:35.215880,Global IME Bank Limited
2026043001001828,GBIME,28,42,1000,228.0,228000.0,2026-04-30,188632294,341,Shree Krishna Securities Ltd.,Sani Securities Company Ltd.,2026-04-30 11:09:35.216006,Global IME Bank Limited
2026043001001829,GBIME,33,42,250,228.0,57000.0,2026-04-30,188632296,341,Dakshinkali Investment & Securities Pvt. Ltd.,Sani Securities Company Ltd.,2026-04-30 11:09:35.216140,Global IME Bank Limited
2026043001001830,GBIME,35,42,100,228.0,22800.0,2026-04-30,188632298,341,Kohinoor Investment & Securities Pvt. Ltd.,Sani Securities Company Ltd.,2026-04-30 11:09:35.216268,Global IME Bank Limited
2026043001001831,GBIME,57,42,1000,228.0,228000.0,2026-04-30,188632300,341,Aryatara Investment & Securities,Sani Securities Company Ltd.,2026-04-30 11:09:35.216391,Global IME Bank Limited
2026043001001832,GBIME,51,42,1000,228.0,228000.0,2026-04-30,188632302,341,Oxford Securities Pvt. Ltd.,Sani Securities Company Ltd.,2026-04-30 11:09:35.216509,Global IME Bank Limited
2026043001001833,GBIME,16,42,50,228.0,11400.0,2026-04-30,188632304,341,Primo Securities (PVT) Ltd.,Sani Securities Company Ltd.,2026-04-30 11:09:35.216624,Global IME Bank Limited
2026043001001834,GBIME,42,42,10,228.0,2280.0,2026-04-30,188632306,341,Sani Securities Company Ltd.,Sani Securities Company Ltd.,2026-04-30 11:09:35.216741,Global IME Bank Limited
2026043001001835,GBIME,8,42,40,228.0,9120.0,2026-04-30,188632308,341,Brilliant Securities Pvt. Ltd.,Sani Securities Company Ltd.,2026-04-30 11:09:35.216856,Global IME Bank Limited
2026043001001836,GBIME,42,42,200,228.0,45600.0,2026-04-30,188632310,341,Sani Securities Company Ltd.,Sani Securities Company Ltd.,2026-04-30 11:09:35.216969,Global IME Bank Limited
2026043001001867,GBIME,34,42,111,228.0,25308.0,2026-04-30,188632398,341,Vision Securities Pvt. Ltd,Sani Securities Company Ltd.,2026-04-30 11:09:41.100506,Global IME Bank Limited
2026043001001885,GBIME,28,26,1000,227.9,227900.0,2026-04-30,188632452,341,Shree Krishna Securities Ltd.,Asian Securities Private Ltd.,2026-04-30 11:09:45.124198,Global IME Bank Limited
2026043001001886,GBIME,28,26,1000,227.8,227800.0,2026-04-30,188632453,341,Shree Krishna Securities Ltd.,Asian Securities Private Ltd.,2026-04-30 11:09:45.124286,Global IME Bank Limited
2026043001002089,GBIME,49,42,158,228.0,36024.0,2026-04-30,188633190,341,Online Securities Pvt. Ltd.,Sani Securities Company Ltd.,2026-04-30 11:10:53.843517,Global IME Bank Limited
2026043001002129,GBIME,58,42,60,228.0,13680.0,2026-04-30,188633396,341,Naasa Securities Co. Ltd.,Sani Securities Company Ltd.,2026-04-30 11:11:06.874830,Global IME Bank Limited
2026043001002294,GBIME,45,42,100,228.0,22800.0,2026-04-30,188633970,341,Imperial Securities Company Pvt. Ltd.,Sani Securities Company Ltd.,2026-04-30 11:11:44.866393,Global IME Bank Limited
2026043001002880,GBIME,13,42,1000,228.0,228000.0,2026-04-30,188636022,341,Thrive Brokerage House Pvt. Ltd,Sani Securities Company Ltd.,2026-04-30 11:14:02.124668,Global IME Bank Limited
2026043001002887,GBIME,68,42,21,228.0,4788.0,2026-04-30,188636077,341,Elite Stock House Limited,Sani Securities Company Ltd.,2026-04-30 11:14:04.388745,Global IME Bank Limited
2026043001003101,GBIME,37,42,1600,228.0,364800.0,2026-04-30,188637012,341,Swarna Laxmi Securities Pvt. Ltd.,Sani Securities Company Ltd.,2026-04-30 11:15:00.350698,Global IME Bank Limited
2026043001003213,GBIME,17,42,50,228.0,11400.0,2026-04-30,188637410,341,ABC Securities Private Limited,Sani Securities Company Ltd.,2026-04-30 11:15:24.626431,Global IME Bank Limited
2026043001003216,GBIME,38,42,1000,228.0,228000.0,2026-04-30,188637438,341,Dipshikha Dhitopatra Karobar Co. Pvt Ltd.,Sani Securities Company Ltd.,2026-04-30 11:15:27.017903,Global IME Bank Limited
2026043001003281,GBIME,35,42,15,228.0,3420.0,2026-04-30,188637620,341,Kohinoor Investment & Securities Pvt. Ltd.,Sani Securities Company Ltd.,2026-04-30 11:15:36.103778,Global IME Bank Limited
2026043001003326,GBIME,56,42,230,228.0,52440.0,2026-04-30,188637806,341,Sri Hari Securities Pvt. Ltd.,Sani Securities Company Ltd.,2026-04-30 11:15:53.874947,Global IME Bank Limited
2026043001003450,GBIME,58,42,30,228.0,6840.0,2026-04-30,188638208,341,Naasa Securities Co. Ltd.,Sani Securities Company Ltd.,2026-04-30 11:16:18.927326,Global IME Bank Limited
2026043001003500,GBIME,40,42,102,228.0,23256.0,2026-04-30,188638334,341,Creative Securities Pvt Ltd,Sani Securities Company Ltd.,2026-04-30 11:16:29.514583,Global IME Bank Limited
2026043001003793,GBIME,25,6,500,228.0,114000.0,2026-04-30,188639387,341,Sweta Securities Private Limited,Agrawal Securities (PVT) Ltd.,2026-04-30 11:17:25.013546,Global IME Bank Limited
2026043001004744,GBIME,58,45,200,229.0,45800.0,2026-04-30,188642876,341,Naasa Securities Co. Ltd.,Imperial Securities Company Pvt. Ltd.,2026-04-30 11:21:17.938502,Global IME Bank Limited
2026043001006429,GBIME,14,34,15,230.0,3450.0,2026-04-30,188648830,341,Nepal Stock House (PVT) Ltd.,Vision Securities Pvt. Ltd,2026-04-30 11:27:15.073285,Global IME Bank Limited
2026043001006511,GBIME,42,34,10,230.0,2300.0,2026-04-30,188649118,341,Sani Securities Company Ltd.,Vision Securities Pvt. Ltd,2026-04-30 11:27:35.449207,Global IME Bank Limited
2026043001007034,GBIME,58,34,18,230.0,4140.0,2026-04-30,188650871,341,Naasa Securities Co. Ltd.,Vision Securities Pvt. Ltd,2026-04-30 11:29:37.933426,Global IME Bank Limited
2026043001007035,GBIME,58,49,82,230.0,18860.0,2026-04-30,188650874,341,Naasa Securities Co. Ltd.,Online Securities Pvt. Ltd.,2026-04-30 11:29:37.933602,Global IME Bank Limited
2026043001007042,GBIME,45,49,30,230.0,6900.0,2026-04-30,188650906,341,Imperial Securities Company Pvt. Ltd.,Online Securities Pvt. Ltd.,2026-04-30 11:29:40.081991,Global IME Bank Limited
2026043001007164,GBIME,58,49,100,230.0,23000.0,2026-04-30,188651358,341,Naasa Securities Co. Ltd.,Online Securities Pvt. Ltd.,2026-04-30 11:30:15.747976,Global IME Bank Limited
2026043001007557,GBIME,1,13,144,229.9,33105.6,2026-04-30,188652775,341,Kumari Securities Private Limited,Thrive Brokerage House Pvt. Ltd,2026-04-30 11:31:59.508065,Global IME Bank Limited
2026043001007558,GBIME,1,49,156,230.0,35880.0,2026-04-30,188652778,341,Kumari Securities Private Limited,Online Securities Pvt. Ltd.,2026-04-30 11:31:59.508470,Global IME Bank Limited
2026043001007605,GBIME,3,49,39,230.0,8970.0,2026-04-30,188653060,341,Arun Securities (PVT) Ltd.,Online Securities Pvt. Ltd.,2026-04-30 11:32:22.908670,Global IME Bank Limited
2026043001007774,GBIME,58,49,43,230.0,9890.0,2026-04-30,188653833,341,Naasa Securities Co. Ltd.,Online Securities Pvt. Ltd.,2026-04-30 11:33:27.231449,Global IME Bank Limited
2026043001007873,GBIME,39,42,500,230.0,115000.0,2026-04-30,188654172,341,Sumeru Securities Pvt. Ltd.,Sani Securities Company Ltd.,2026-04-30 11:33:53.532588,Global IME Bank Limited
2026043001008158,GBIME,34,8,1,223.1,223.1,2026-04-30,188655115,341,Vision Securities Pvt. Ltd,Brilliant Securities Pvt. Ltd.,2026-04-30 11:35:13.256595,Global IME Bank Limited
2026043001008179,GBIME,34,14,3,227.8,683.4,2026-04-30,188655191,341,Vision Securities Pvt. Ltd,Nepal Stock House (PVT) Ltd.,2026-04-30 11:35:22.651149,Global IME Bank Limited
2026043001008224,GBIME,48,42,220,230.0,50600.0,2026-04-30,188655344,341,Trishakti Securities Public Limited,Sani Securities Company Ltd.,2026-04-30 11:35:36.633593,Global IME Bank Limited
2026043001008360,GBIME,21,42,280,230.0,64400.0,2026-04-30,188655817,341,Midas Stock Broking Company Private Limited,Sani Securities Company Ltd.,2026-04-30 11:36:18.456273,Global IME Bank Limited
2026043001008361,GBIME,21,20,11,230.0,2530.0,2026-04-30,188655820,341,Midas Stock Broking Company Private Limited,Sipla Securities Private Limited,2026-04-30 11:36:18.456684,Global IME Bank Limited
2026043001008394,GBIME,89,11,20,229.3,4586.0,2026-04-30,188655940,341,Global IME Securities Limited,Malla & Malla Stock Broking Company Pvt. Limited,2026-04-30 11:36:34.405804,Global IME Bank Limited
2026043001008445,GBIME,40,11,17,229.3,3898.1,2026-04-30,188656173,341,Creative Securities Pvt Ltd,Malla & Malla Stock Broking Company Pvt. Limited,2026-04-30 11:36:48.110346,Global IME Bank Limited
2026043001009047,GBIME,58,48,40,230.0,9200.0,2026-04-30,188658714,341,Naasa Securities Co. Ltd.,Trishakti Securities Public Limited,2026-04-30 11:40:24.790015,Global IME Bank Limited
2026043001009082,GBIME,58,48,10,230.0,2300.0,2026-04-30,188658827,341,Naasa Securities Co. Ltd.,Trishakti Securities Public Limited,2026-04-30 11:40:40.800065,Global IME Bank Limited
2026043001009236,GBIME,58,13,35,230.0,8050.0,2026-04-30,188659385,341,Naasa Securities Co. Ltd.,Thrive Brokerage House Pvt. Ltd,2026-04-30 11:41:33.164190,Global IME Bank Limited
2026043001009266,GBIME,48,42,30,230.0,6900.0,2026-04-30,188659504,341,Trishakti Securities Public Limited,Sani Securities Company Ltd.,2026-04-30 11:41:43.552068,Global IME Bank Limited
2026043001009267,GBIME,58,42,30,230.0,6900.0,2026-04-30,188659506,341,Naasa Securities Co. Ltd.,Sani Securities Company Ltd.,2026-04-30 11:41:43.552302,Global IME Bank Limited
2026043001009268,GBIME,38,42,105,229.5,24097.5,2026-04-30,188659508,341,Dipshikha Dhitopatra Karobar Co. Pvt Ltd.,Sani Securities Company Ltd.,2026-04-30 11:41:43.552413,Global IME Bank Limited
2026043001009346,GBIME,35,42,35,229.5,8032.5,2026-04-30,188659859,341,Kohinoor Investment & Securities Pvt. Ltd.,Sani Securities Company Ltd.,2026-04-30 11:42:19.561637,Global IME Bank Limited
2026043001009630,GBIME,45,42,20,230.0,4600.0,2026-04-30,188661084,341,Imperial Securities Company Pvt. Ltd.,Sani Securities Company Ltd.,2026-04-30 11:44:07.928233,Global IME Bank Limited
2026043001009631,GBIME,35,42,117,229.5,26851.5,2026-04-30,188661086,341,Kohinoor Investment & Securities Pvt. Ltd.,Sani Securities Company Ltd.,2026-04-30 11:44:07.928785,Global IME Bank Limited
2026043001009632,GBIME,1,42,192,229.4,44044.8,2026-04-30,188661088,341,Kumari Securities Private Limited,Sani Securities Company Ltd.,2026-04-30 11:44:07.929195,Global IME Bank Limited
2026043001009633,GBIME,40,42,83,229.3,19031.9,2026-04-30,188661090,341,Creative Securities Pvt Ltd,Sani Securities Company Ltd.,2026-04-30 11:44:07.929680,Global IME Bank Limited
2026043001009634,GBIME,85,42,500,229.2,114600.0,2026-04-30,188661092,341,Capital Hub P. Ltd,Sani Securities Company Ltd.,2026-04-30 11:44:07.930112,Global IME Bank Limited
2026043001009635,GBIME,16,42,300,229.1,68730.0,2026-04-30,188661094,341,Primo Securities (PVT) Ltd.,Sani Securities Company Ltd.,2026-04-30 11:44:07.930537,Global IME Bank Limited
2026043001009636,GBIME,45,42,200,229.0,45800.0,2026-04-30,188661096,341,Imperial Securities Company Pvt. Ltd.,Sani Securities Company Ltd.,2026-04-30 11:44:07.930925,Global IME Bank Limited
2026043001009637,GBIME,11,42,100,229.0,22900.0,2026-04-30,188661098,341,Malla & Malla Stock Broking Company Pvt. Limited,Sani Securities Company Ltd.,2026-04-30 11:44:07.931275,Global IME Bank Limited
2026043001009638,GBIME,35,42,100,229.0,22900.0,2026-04-30,188661100,341,Kohinoor Investment & Securities Pvt. Ltd.,Sani Securities Company Ltd.,2026-04-30 11:44:07.931701,Global IME Bank Limited
2026043001009639,GBIME,41,42,65,229.0,14885.0,2026-04-30,188661102,341,Linch Stock Market Ltd.,Sani Securities Company Ltd.,2026-04-30 11:44:07.932144,Global IME Bank Limited
2026043001009640,GBIME,1,42,100,229.0,22900.0,2026-04-30,188661104,341,Kumari Securities Private Limited,Sani Securities Company Ltd.,2026-04-30 11:44:07.932578,Global IME Bank Limited
2026043001009643,GBIME,34,42,800,229.0,183200.0,2026-04-30,188661112,341,Vision Securities Pvt. Ltd,Sani Securities Company Ltd.,2026-04-30 11:44:08.643148,Global IME Bank Limited
2026043001009655,GBIME,44,42,217,229.0,49693.0,2026-04-30,188661154,341,Dynamic Money Managers Securities Pvt. Ltd.,Sani Securities Company Ltd.,2026-04-30 11:44:13.488421,Global IME Bank Limited
2026043001009685,GBIME,4,42,10,229.0,2290.0,2026-04-30,188661262,341,Opal Securities Investment (PVT) Ltd.,Sani Securities Company Ltd.,2026-04-30 11:44:22.465298,Global IME Bank Limited
2026043001010089,GBIME,11,26,100,228.7,22870.0,2026-04-30,188662706,341,Malla & Malla Stock Broking Company Pvt. Limited,Asian Securities Private Ltd.,2026-04-30 11:45:58.332756,Global IME Bank Limited
2026043001010090,GBIME,1,26,100,228.6,22860.0,2026-04-30,188662708,341,Kumari Securities Private Limited,Asian Securities Private Ltd.,2026-04-30 11:45:58.333219,Global IME Bank Limited
2026043001010091,GBIME,49,26,300,228.6,68580.0,2026-04-30,188662709,341,Online Securities Pvt. Ltd.,Asian Securities Private Ltd.,2026-04-30 11:45:58.333520,Global IME Bank Limited
2026043001010194,GBIME,49,49,12,228.6,2743.2,2026-04-30,188663121,341,Online Securities Pvt. Ltd.,Online Securities Pvt. Ltd.,2026-04-30 11:46:39.698246,Global IME Bank Limited
2026043001010394,GBIME,49,44,123,228.6,28117.8,2026-04-30,188664006,341,Online Securities Pvt. Ltd.,Dynamic Money Managers Securities Pvt. Ltd.,2026-04-30 11:47:48.209754,Global IME Bank Limited
2026043001010395,GBIME,45,44,277,228.6,63322.2,2026-04-30,188664007,341,Imperial Securities Company Pvt. Ltd.,Dynamic Money Managers Securities Pvt. Ltd.,2026-04-30 11:47:48.209963,Global IME Bank Limited
2026043001010658,GBIME,58,57,50,228.8,11440.0,2026-04-30,188665172,341,Naasa Securities Co. Ltd.,Aryatara Investment & Securities,2026-04-30 11:49:20.583731,Global IME Bank Limited
2026043001010659,GBIME,44,57,300,228.7,68610.0,2026-04-30,188665174,341,Dynamic Money Managers Securities Pvt. Ltd.,Aryatara Investment & Securities,2026-04-30 11:49:20.583878,Global IME Bank Limited
2026043001010660,GBIME,45,57,18,228.6,4114.8,2026-04-30,188665176,341,Imperial Securities Company Pvt. Ltd.,Aryatara Investment & Securities,2026-04-30 11:49:20.583945,Global IME Bank Limited
2026043001010661,GBIME,16,57,10,228.6,2286.0,2026-04-30,188665178,341,Primo Securities (PVT) Ltd.,Aryatara Investment & Securities,2026-04-30 11:49:20.584010,Global IME Bank Limited
2026043001010662,GBIME,42,57,416,228.5,95056.0,2026-04-30,188665180,341,Sani Securities Company Ltd.,Aryatara Investment & Securities,2026-04-30 11:49:20.584097,Global IME Bank Limited
2026043001010663,GBIME,42,57,56,228.5,12796.0,2026-04-30,188665182,341,Sani Securities Company Ltd.,Aryatara Investment & Securities,2026-04-30 11:49:20.584160,Global IME Bank Limited
2026043001010664,GBIME,77,57,10,228.5,2285.0,2026-04-30,188665184,341,Nabil Stock Dealer Ltd.,Aryatara Investment & Securities,2026-04-30 11:49:20.584261,Global IME Bank Limited
2026043001010665,GBIME,22,57,140,228.3,31962.0,2026-04-30,188665185,341,Siprabi Securities Pvt. Ltd.,Aryatara Investment & Securities,2026-04-30 11:49:20.584359,Global IME Bank Limited
2026043001010930,GBIME,58,42,15,229.0,3435.0,2026-04-30,188666220,341,Naasa Securities Co. Ltd.,Sani Securities Company Ltd.,2026-04-30 11:50:51.202093,Global IME Bank Limited
2026043001011177,GBIME,17,42,100,229.0,22900.0,2026-04-30,188667118,341,ABC Securities Private Limited,Sani Securities Company Ltd.,2026-04-30 11:51:57.863340,Global IME Bank Limited
2026043001011219,GBIME,49,42,215,229.0,49235.0,2026-04-30,188667326,341,Online Securities Pvt. Ltd.,Sani Securities Company Ltd.,2026-04-30 11:52:18.956999,Global IME Bank Limited
2026043001011600,GBIME,25,42,300,229.0,68700.0,2026-04-30,188669110,341,Sweta Securities Private Limited,Sani Securities Company Ltd.,2026-04-30 11:54:21.576783,Global IME Bank Limited
2026043001011733,GBIME,22,77,360,228.3,82188.0,2026-04-30,188669676,341,Siprabi Securities Pvt. Ltd.,Nabil Stock Dealer Ltd.,2026-04-30 11:55:08.355195,Global IME Bank Limited
2026043001011734,GBIME,58,77,100,228.3,22830.0,2026-04-30,188669678,341,Naasa Securities Co. Ltd.,Nabil Stock Dealer Ltd.,2026-04-30 11:55:08.355664,Global IME Bank Limited
2026043001011735,GBIME,6,77,1000,228.2,228200.0,2026-04-30,188669680,341,Agrawal Securities (PVT) Ltd.,Nabil Stock Dealer Ltd.,2026-04-30 11:55:08.355984,Global IME Bank Limited
2026043001011736,GBIME,58,77,43,228.2,9812.6,2026-04-30,188669682,341,Naasa Securities Co. Ltd.,Nabil Stock Dealer Ltd.,2026-04-30 11:55:08.356330,Global IME Bank Limited
2026043001011737,GBIME,49,77,997,228.2,227515.4,2026-04-30,188669683,341,Online Securities Pvt. Ltd.,Nabil Stock Dealer Ltd.,2026-04-30 11:55:08.356651,Global IME Bank Limited
2026043001011796,GBIME,49,48,1193,228.2,272242.6,2026-04-30,188669894,341,Online Securities Pvt. Ltd.,Trishakti Securities Public Limited,2026-04-30 11:55:28.654555,Global IME Bank Limited
2026043001011797,GBIME,6,48,500,228.2,114100.0,2026-04-30,188669896,341,Agrawal Securities (PVT) Ltd.,Trishakti Securities Public Limited,2026-04-30 11:55:28.655063,Global IME Bank Limited
2026043001011798,GBIME,52,48,212,228.1,48357.2,2026-04-30,188669897,341,Sundhara Securities Limited,Trishakti Securities Public Limited,2026-04-30 11:55:28.655393,Global IME Bank Limited
2026043001011851,GBIME,50,42,200,229.0,45800.0,2026-04-30,188670064,341,Cristal Kanchanjanga Securites Pvt. Ltd.,Sani Securities Company Ltd.,2026-04-30 11:55:47.171399,Global IME Bank Limited
2026043001011975,GBIME,52,32,215,228.1,49041.5,2026-04-30,188670571,341,Sundhara Securities Limited,Premier Securities Company Ltd.,2026-04-30 11:56:35.216109,Global IME Bank Limited
2026043001012275,GBIME,13,42,100,229.0,22900.0,2026-04-30,188671770,341,Thrive Brokerage House Pvt. Ltd,Sani Securities Company Ltd.,2026-04-30 11:58:20.889390,Global IME Bank Limited
2026043001012373,GBIME,80,26,250,228.2,57050.0,2026-04-30,188672164,341,Indira securities pvt. ltd,Asian Securities Private Ltd.,2026-04-30 11:58:55.099283,Global IME Bank Limited
2026043001012374,GBIME,52,26,250,228.1,57025.0,2026-04-30,188672165,341,Sundhara Securities Limited,Asian Securities Private Ltd.,2026-04-30 11:58:55.099758,Global IME Bank Limited
2026043001012886,GBIME,51,42,200,229.0,45800.0,2026-04-30,188673892,341,Oxford Securities Pvt. Ltd.,Sani Securities Company Ltd.,2026-04-30 12:01:44.966733,Global IME Bank Limited
2026043001013008,GBIME,42,42,1000,229.0,229000.0,2026-04-30,188674364,341,Sani Securities Company Ltd.,Sani Securities Company Ltd.,2026-04-30 12:02:34.555974,Global IME Bank Limited
2026043001013080,GBIME,34,58,1,228.0,228.0,2026-04-30,188674605,341,Vision Securities Pvt. Ltd,Naasa Securities Co. Ltd.,2026-04-30 12:03:03.272276,Global IME Bank Limited
2026043001013135,GBIME,56,25,100,228.2,22820.0,2026-04-30,188674852,341,Sri Hari Securities Pvt. Ltd.,Sweta Securities Private Limited,2026-04-30 12:03:27.775063,Global IME Bank Limited
2026043001013136,GBIME,44,25,10,228.2,2282.0,2026-04-30,188674854,341,Dynamic Money Managers Securities Pvt. Ltd.,Sweta Securities Private Limited,2026-04-30 12:03:27.775339,Global IME Bank Limited
2026043001013137,GBIME,80,25,250,228.2,57050.0,2026-04-30,188674856,341,Indira securities pvt. ltd,Sweta Securities Private Limited,2026-04-30 12:03:27.775461,Global IME Bank Limited
2026043001013138,GBIME,37,25,1000,228.2,228200.0,2026-04-30,188674857,341,Swarna Laxmi Securities Pvt. Ltd.,Sweta Securities Private Limited,2026-04-30 12:03:27.775578,Global IME Bank Limited
2026043001013211,GBIME,52,25,3617,228.1,825037.7,2026-04-30,188675071,341,Sundhara Securities Limited,Sweta Securities Private Limited,2026-04-30 12:03:50.450114,Global IME Bank Limited
2026043001013288,GBIME,48,42,50,228.5,11425.0,2026-04-30,188675400,341,Trishakti Securities Public Limited,Sani Securities Company Ltd.,2026-04-30 12:04:26.687356,Global IME Bank Limited
2026043001013289,GBIME,4,42,23,228.3,5250.9,2026-04-30,188675401,341,Opal Securities Investment (PVT) Ltd.,Sani Securities Company Ltd.,2026-04-30 12:04:26.687877,Global IME Bank Limited
2026043001013340,GBIME,4,42,82,228.3,18720.6,2026-04-30,188675556,341,Opal Securities Investment (PVT) Ltd.,Sani Securities Company Ltd.,2026-04-30 12:04:32.471347,Global IME Bank Limited
2026043001013341,GBIME,52,42,706,228.1,161038.6,2026-04-30,188675558,341,Sundhara Securities Limited,Sani Securities Company Ltd.,2026-04-30 12:04:32.471893,Global IME Bank Limited
2026043001013342,GBIME,7,42,100,228.1,22810.0,2026-04-30,188675560,341,J.F. Securites (PVT) Ltd.,Sani Securities Company Ltd.,2026-04-30 12:04:32.472278,Global IME Bank Limited
2026043001013343,GBIME,42,42,20,228.1,4562.0,2026-04-30,188675562,341,Sani Securities Company Ltd.,Sani Securities Company Ltd.,2026-04-30 12:04:32.472634,Global IME Bank Limited
2026043001013344,GBIME,56,42,200,228.1,45620.0,2026-04-30,188675564,341,Sri Hari Securities Pvt. Ltd.,Sani Securities Company Ltd.,2026-04-30 12:04:32.472996,Global IME Bank Limited
2026043001013345,GBIME,35,42,15,228.0,3420.0,2026-04-30,188675566,341,Kohinoor Investment & Securities Pvt. Ltd.,Sani Securities Company Ltd.,2026-04-30 12:04:32.473351,Global IME Bank Limited
2026043001013346,GBIME,25,42,435,228.0,99180.0,2026-04-30,188675568,341,Sweta Securities Private Limited,Sani Securities Company Ltd.,2026-04-30 12:04:32.473691,Global IME Bank Limited
2026043001013347,GBIME,58,42,60,228.0,13680.0,2026-04-30,188675570,341,Naasa Securities Co. Ltd.,Sani Securities Company Ltd.,2026-04-30 12:04:32.474051,Global IME Bank Limited
2026043001013348,GBIME,48,42,50,228.0,11400.0,2026-04-30,188675572,341,Trishakti Securities Public Limited,Sani Securities Company Ltd.,2026-04-30 12:04:32.474397,Global IME Bank Limited
2026043001013349,GBIME,11,42,100,228.0,22800.0,2026-04-30,188675574,341,Malla & Malla Stock Broking Company Pvt. Limited,Sani Securities Company Ltd.,2026-04-30 12:04:32.474740,Global IME Bank Limited
2026043001013350,GBIME,44,42,500,228.0,114000.0,2026-04-30,188675576,341,Dynamic Money Managers Securities Pvt. Ltd.,Sani Securities Company Ltd.,2026-04-30 12:04:32.475095,Global IME Bank Limited
2026043001013351,GBIME,7,42,80,228.0,18240.0,2026-04-30,188675578,341,J.F. Securites (PVT) Ltd.,Sani Securities Company Ltd.,2026-04-30 12:04:32.475436,Global IME Bank Limited
2026043001013352,GBIME,35,42,500,228.0,114000.0,2026-04-30,188675580,341,Kohinoor Investment & Securities Pvt. Ltd.,Sani Securities Company Ltd.,2026-04-30 12:04:32.475773,Global IME Bank Limited
2026043001013353,GBIME,91,42,10,228.0,2280.0,2026-04-30,188675582,341,Citizens Share Broker Limited,Sani Securities Company Ltd.,2026-04-30 12:04:32.476128,Global IME Bank Limited
2026043001013354,GBIME,88,42,30,228.0,6840.0,2026-04-30,188675584,341,Blue Chip Securities Ltd,Sani Securities Company Ltd.,2026-04-30 12:04:32.476485,Global IME Bank Limited
2026043001013355,GBIME,58,42,240,228.0,54720.0,2026-04-30,188675586,341,Naasa Securities Co. Ltd.,Sani Securities Company Ltd.,2026-04-30 12:04:32.476818,Global IME Bank Limited
2026043001013356,GBIME,42,42,100,228.0,22800.0,2026-04-30,188675588,341,Sani Securities Company Ltd.,Sani Securities Company Ltd.,2026-04-30 12:04:32.477154,Global IME Bank Limited
2026043001013357,GBIME,5,42,20,228.0,4560.0,2026-04-30,188675590,341,Market Securities & Exchange (PVT) Ltd.,Sani Securities Company Ltd.,2026-04-30 12:04:32.477485,Global IME Bank Limited
2026043001013358,GBIME,58,42,20,228.0,4560.0,2026-04-30,188675592,341,Naasa Securities Co. Ltd.,Sani Securities Company Ltd.,2026-04-30 12:04:32.477812,Global IME Bank Limited
2026043001013359,GBIME,42,42,11,228.0,2508.0,2026-04-30,188675594,341,Sani Securities Company Ltd.,Sani Securities Company Ltd.,2026-04-30 12:04:32.478146,Global IME Bank Limited
2026043001013360,GBIME,42,42,80,228.0,18240.0,2026-04-30,188675596,341,Sani Securities Company Ltd.,Sani Securities Company Ltd.,2026-04-30 12:04:32.478474,Global IME Bank Limited
2026043001013361,GBIME,38,42,20,228.0,4560.0,2026-04-30,188675598,341,Dipshikha Dhitopatra Karobar Co. Pvt Ltd.,Sani Securities Company Ltd.,2026-04-30 12:04:32.478801,Global IME Bank Limited
2026043001013362,GBIME,13,42,25,228.0,5700.0,2026-04-30,188675528,341,Thrive Brokerage House Pvt. Ltd,Sani Securities Company Ltd.,2026-04-30 12:04:32.479130,Global IME Bank Limited
2026043001013363,GBIME,57,42,500,228.0,114000.0,2026-04-30,188675530,341,Aryatara Investment & Securities,Sani Securities Company Ltd.,2026-04-30 12:04:32.479462,Global IME Bank Limited
2026043001013364,GBIME,58,42,50,228.0,11400.0,2026-04-30,188675532,341,Naasa Securities Co. Ltd.,Sani Securities Company Ltd.,2026-04-30 12:04:32.479787,Global IME Bank Limited
2026043001013365,GBIME,25,42,110,228.0,25080.0,2026-04-30,188675534,341,Sweta Securities Private Limited,Sani Securities Company Ltd.,2026-04-30 12:04:32.480117,Global IME Bank Limited
2026043001013366,GBIME,49,42,15,228.0,3420.0,2026-04-30,188675536,341,Online Securities Pvt. Ltd.,Sani Securities Company Ltd.,2026-04-30 12:04:32.480430,Global IME Bank Limited
2026043001013367,GBIME,56,42,100,228.0,22800.0,2026-04-30,188675538,341,Sri Hari Securities Pvt. Ltd.,Sani Securities Company Ltd.,2026-04-30 12:04:32.480753,Global IME Bank Limited
2026043001013368,GBIME,6,42,100,228.0,22800.0,2026-04-30,188675540,341,Agrawal Securities (PVT) Ltd.,Sani Securities Company Ltd.,2026-04-30 12:04:32.481085,Global IME Bank Limited
2026043001013369,GBIME,32,42,100,228.0,22800.0,2026-04-30,188675542,341,Premier Securities Company Ltd.,Sani Securities Company Ltd.,2026-04-30 12:04:32.481407,Global IME Bank Limited
2026043001013370,GBIME,49,42,100,228.0,22800.0,2026-04-30,188675544,341,Online Securities Pvt. Ltd.,Sani Securities Company Ltd.,2026-04-30 12:04:32.481727,Global IME Bank Limited
2026043001013667,GBIME,1,42,587,228.0,133836.0,2026-04-30,188676762,341,Kumari Securities Private Limited,Sani Securities Company Ltd.,2026-04-30 12:06:31.878623,Global IME Bank Limited
2026043001013924,GBIME,57,44,50,228.0,11400.0,2026-04-30,188677874,341,Aryatara Investment & Securities,Dynamic Money Managers Securities Pvt. Ltd.,2026-04-30 12:08:24.226234,Global IME Bank Limited
2026043001013925,GBIME,85,44,500,227.9,113950.0,2026-04-30,188677876,341,Capital Hub P. Ltd,Dynamic Money Managers Securities Pvt. Ltd.,2026-04-30 12:08:24.226760,Global IME Bank Limited
2026043001013926,GBIME,35,44,10,227.9,2279.0,2026-04-30,188677878,341,Kohinoor Investment & Securities Pvt. Ltd.,Dynamic Money Managers Securities Pvt. Ltd.,2026-04-30 12:08:24.227126,Global IME Bank Limited
2026043001013927,GBIME,41,44,25,227.9,5697.5,2026-04-30,188677880,341,Linch Stock Market Ltd.,Dynamic Money Managers Securities Pvt. Ltd.,2026-04-30 12:08:24.227460,Global IME Bank Limited
2026043001013928,GBIME,1,44,100,227.8,22780.0,2026-04-30,188677882,341,Kumari Securities Private Limited,Dynamic Money Managers Securities Pvt. Ltd.,2026-04-30 12:08:24.227774,Global IME Bank Limited
2026043001013929,GBIME,34,44,47,227.8,10706.6,2026-04-30,188677884,341,Vision Securities Pvt. Ltd,Dynamic Money Managers Securities Pvt. Ltd.,2026-04-30 12:08:24.228108,Global IME Bank Limited
2026043001013930,GBIME,36,44,32,227.8,7289.6,2026-04-30,188677886,341,Secured Securities Ltd.,Dynamic Money Managers Securities Pvt. Ltd.,2026-04-30 12:08:24.228429,Global IME Bank Limited
2026043001013931,GBIME,28,44,1000,227.7,227700.0,2026-04-30,188677888,341,Shree Krishna Securities Ltd.,Dynamic Money Managers Securities Pvt. Ltd.,2026-04-30 12:08:24.228753,Global IME Bank Limited
2026043001013932,GBIME,28,44,1000,227.6,227600.0,2026-04-30,188677890,341,Shree Krishna Securities Ltd.,Dynamic Money Managers Securities Pvt. Ltd.,2026-04-30 12:08:24.229089,Global IME Bank Limited
2026043001013933,GBIME,48,44,1000,227.6,227600.0,2026-04-30,188677892,341,Trishakti Securities Public Limited,Dynamic Money Managers Securities Pvt. Ltd.,2026-04-30 12:08:24.229403,Global IME Bank Limited
2026043001013934,GBIME,17,44,100,227.5,22750.0,2026-04-30,188677894,341,ABC Securities Private Limited,Dynamic Money Managers Securities Pvt. Ltd.,2026-04-30 12:08:24.229719,Global IME Bank Limited
2026043001013935,GBIME,34,44,100,227.5,22750.0,2026-04-30,188677896,341,Vision Securities Pvt. Ltd,Dynamic Money Managers Securities Pvt. Ltd.,2026-04-30 12:08:24.230042,Global IME Bank Limited
2026043001013936,GBIME,85,44,500,227.5,113750.0,2026-04-30,188677898,341,Capital Hub P. Ltd,Dynamic Money Managers Securities Pvt. Ltd.,2026-04-30 12:08:24.230351,Global IME Bank Limited
2026043001013937,GBIME,44,44,1000,227.3,227300.0,2026-04-30,188677900,341,Dynamic Money Managers Securities Pvt. Ltd.,Dynamic Money Managers Securities Pvt. Ltd.,2026-04-30 12:08:24.230667,Global IME Bank Limited
2026043001013938,GBIME,45,44,250,227.3,56825.0,2026-04-30,188677902,341,Imperial Securities Company Pvt. Ltd.,Dynamic Money Managers Securities Pvt. Ltd.,2026-04-30 12:08:24.230976,Global IME Bank Limited
2026043001013939,GBIME,34,44,132,227.1,29977.2,2026-04-30,188677904,341,Vision Securities Pvt. Ltd,Dynamic Money Managers Securities Pvt. Ltd.,2026-04-30 12:08:24.231316,Global IME Bank Limited
2026043001013940,GBIME,41,44,400,227.1,90840.0,2026-04-30,188677906,341,Linch Stock Market Ltd.,Dynamic Money Managers Securities Pvt. Ltd.,2026-04-30 12:08:24.231624,Global IME Bank Limited
2026043001013941,GBIME,57,44,50,227.1,11355.0,2026-04-30,188677908,341,Aryatara Investment & Securities,Dynamic Money Managers Securities Pvt. Ltd.,2026-04-30 12:08:24.231928,Global IME Bank Limited
2026043001013942,GBIME,41,44,200,227.0,45400.0,2026-04-30,188677910,341,Linch Stock Market Ltd.,Dynamic Money Managers Securities Pvt. Ltd.,2026-04-30 12:08:24.232292,Global IME Bank Limited
2026043001013943,GBIME,17,44,1500,227.0,340500.0,2026-04-30,188677912,341,ABC Securities Private Limited,Dynamic Money Managers Securities Pvt. Ltd.,2026-04-30 12:08:24.232609,Global IME Bank Limited
2026043001013944,GBIME,42,44,20,227.0,4540.0,2026-04-30,188677914,341,Sani Securities Company Ltd.,Dynamic Money Managers Securities Pvt. Ltd.,2026-04-30 12:08:24.233009,Global IME Bank Limited
2026043001013945,GBIME,34,44,200,227.0,45400.0,2026-04-30,188677916,341,Vision Securities Pvt. Ltd,Dynamic Money Managers Securities Pvt. Ltd.,2026-04-30 12:08:24.233336,Global IME Bank Limited
2026043001013946,GBIME,6,44,500,227.0,113500.0,2026-04-30,188677918,341,Agrawal Securities (PVT) Ltd.,Dynamic Money Managers Securities Pvt. Ltd.,2026-04-30 12:08:24.233666,Global IME Bank Limited
2026043001013947,GBIME,57,44,1000,227.0,227000.0,2026-04-30,188677920,341,Aryatara Investment & Securities,Dynamic Money Managers Securities Pvt. Ltd.,2026-04-30 12:08:24.233973,Global IME Bank Limited
2026043001013948,GBIME,10,44,100,227.0,22700.0,2026-04-30,188677922,341,Pragyan Securities (PVT) Ltd.,Dynamic Money Managers Securities Pvt. Ltd.,2026-04-30 12:08:24.234300,Global IME Bank Limited
2026043001013949,GBIME,35,44,464,227.0,105328.0,2026-04-30,188677923,341,Kohinoor Investment & Securities Pvt. Ltd.,Dynamic Money Managers Securities Pvt. Ltd.,2026-04-30 12:08:24.234650,Global IME Bank Limited
2026043001014079,GBIME,49,45,40,228.0,9120.0,2026-04-30,188678368,341,Online Securities Pvt. Ltd.,Imperial Securities Company Pvt. Ltd.,2026-04-30 12:09:01.999044,Global IME Bank Limited
2026043001014438,GBIME,21,45,100,228.0,22800.0,2026-04-30,188679846,341,Midas Stock Broking Company Private Limited,Imperial Securities Company Pvt. Ltd.,2026-04-30 12:11:06.702640,Global IME Bank Limited
2026043001014468,GBIME,22,45,20,228.0,4560.0,2026-04-30,188680006,341,Siprabi Securities Pvt. Ltd.,Imperial Securities Company Pvt. Ltd.,2026-04-30 12:11:23.698701,Global IME Bank Limited
2026043001014478,GBIME,25,45,100,228.0,22800.0,2026-04-30,188680060,341,Sweta Securities Private Limited,Imperial Securities Company Pvt. Ltd.,2026-04-30 12:11:27.320691,Global IME Bank Limited
2026043001014588,GBIME,58,45,50,228.0,11400.0,2026-04-30,188680418,341,Naasa Securities Co. Ltd.,Imperial Securities Company Pvt. Ltd.,2026-04-30 12:12:06.245103,Global IME Bank Limited
2026043001014704,GBIME,32,45,55,228.0,12540.0,2026-04-30,188680776,341,Premier Securities Company Ltd.,Imperial Securities Company Pvt. Ltd.,2026-04-30 12:12:41.305971,Global IME Bank Limited
2026043001014741,GBIME,56,45,85,228.0,19380.0,2026-04-30,188680947,341,Sri Hari Securities Pvt. Ltd.,Imperial Securities Company Pvt. Ltd.,2026-04-30 12:13:03.207507,Global IME Bank Limited
2026043001014742,GBIME,56,34,50,228.0,11400.0,2026-04-30,188680949,341,Sri Hari Securities Pvt. Ltd.,Vision Securities Pvt. Ltd,2026-04-30 12:13:03.207990,Global IME Bank Limited
2026043001015545,GBIME,29,51,10,229.0,2290.0,2026-04-30,188684142,341,Trisul Securities & Invt. Ltd.,Oxford Securities Pvt. Ltd.,2026-04-30 12:17:44.199801,Global IME Bank Limited
2026043001015696,GBIME,58,51,14,229.0,3206.0,2026-04-30,188684857,341,Naasa Securities Co. Ltd.,Oxford Securities Pvt. Ltd.,2026-04-30 12:18:40.367765,Global IME Bank Limited
2026043001015697,GBIME,58,51,27,229.0,6183.0,2026-04-30,188684860,341,Naasa Securities Co. Ltd.,Oxford Securities Pvt. Ltd.,2026-04-30 12:18:40.368286,Global IME Bank Limited
2026043001015745,GBIME,56,51,73,229.0,16717.0,2026-04-30,188685048,341,Sri Hari Securities Pvt. Ltd.,Oxford Securities Pvt. Ltd.,2026-04-30 12:19:03.077359,Global IME Bank Limited
2026043001015970,GBIME,58,44,90,229.8,20682.0,2026-04-30,188686160,341,Naasa Securities Co. Ltd.,Dynamic Money Managers Securities Pvt. Ltd.,2026-04-30 12:20:28.427705,Global IME Bank Limited
2026043001016059,GBIME,56,44,100,229.8,22980.0,2026-04-30,188686522,341,Sri Hari Securities Pvt. Ltd.,Dynamic Money Managers Securities Pvt. Ltd.,2026-04-30 12:21:10.882389,Global IME Bank Limited
2026043001017478,GBIME,37,44,50,229.8,11490.0,2026-04-30,188691674,341,Swarna Laxmi Securities Pvt. Ltd.,Dynamic Money Managers Securities Pvt. Ltd.,2026-04-30 12:30:56.276195,Global IME Bank Limited
2026043001017904,GBIME,26,44,10,229.8,2298.0,2026-04-30,188693086,341,Asian Securities Private Ltd.,Dynamic Money Managers Securities Pvt. Ltd.,2026-04-30 12:33:05.250648,Global IME Bank Limited
2026043001017925,GBIME,58,44,38,229.8,8732.4,2026-04-30,188693172,341,Naasa Securities Co. Ltd.,Dynamic Money Managers Securities Pvt. Ltd.,2026-04-30 12:33:17.875536,Global IME Bank Limited
2026043001018002,GBIME,58,44,58,229.8,13328.4,2026-04-30,188693532,341,Naasa Securities Co. Ltd.,Dynamic Money Managers Securities Pvt. Ltd.,2026-04-30 12:34:03.302667,Global IME Bank Limited
2026043001018130,GBIME,94,44,10,229.8,2298.0,2026-04-30,188693996,341,K.B.L. Securities Limited ,Dynamic Money Managers Securities Pvt. Ltd.,2026-04-30 12:34:55.729933,Global IME Bank Limited
2026043001018481,GBIME,39,22,20,229.0,4580.0,2026-04-30,188695322,341,Sumeru Securities Pvt. Ltd.,Siprabi Securities Pvt. Ltd.,2026-04-30 12:37:47.044546,Global IME Bank Limited
2026043001018482,GBIME,17,22,100,229.0,22900.0,2026-04-30,188695324,341,ABC Securities Private Limited,Siprabi Securities Pvt. Ltd.,2026-04-30 12:37:47.045168,Global IME Bank Limited
2026043001018483,GBIME,59,22,50,229.0,11450.0,2026-04-30,188695326,341,Deevyaa Securities & Stock House Pvt. Ltd,Siprabi Securities Pvt. Ltd.,2026-04-30 12:37:47.045586,Global IME Bank Limited
2026043001018484,GBIME,42,22,30,229.0,6870.0,2026-04-30,188695327,341,Sani Securities Company Ltd.,Siprabi Securities Pvt. Ltd.,2026-04-30 12:37:47.046005,Global IME Bank Limited
2026043001018807,GBIME,42,44,44,229.8,10111.2,2026-04-30,188696447,341,Sani Securities Company Ltd.,Dynamic Money Managers Securities Pvt. Ltd.,2026-04-30 12:39:58.899626,Global IME Bank Limited
2026043001018808,GBIME,42,42,180,229.8,41364.0,2026-04-30,188696449,341,Sani Securities Company Ltd.,Sani Securities Company Ltd.,2026-04-30 12:39:58.900240,Global IME Bank Limited
2026043001018809,GBIME,42,39,246,229.9,56555.4,2026-04-30,188696452,341,Sani Securities Company Ltd.,Sumeru Securities Pvt. Ltd.,2026-04-30 12:39:58.900651,Global IME Bank Limited
2026043001018910,GBIME,58,48,60,229.0,13740.0,2026-04-30,188696852,341,Naasa Securities Co. Ltd.,Trishakti Securities Public Limited,2026-04-30 12:41:05.192876,Global IME Bank Limited
2026043001018969,GBIME,58,48,110,229.0,25190.0,2026-04-30,188697032,341,Naasa Securities Co. Ltd.,Trishakti Securities Public Limited,2026-04-30 12:41:27.056348,Global IME Bank Limited
2026043001019181,GBIME,14,48,47,229.0,10763.0,2026-04-30,188697830,341,Nepal Stock House (PVT) Ltd.,Trishakti Securities Public Limited,2026-04-30 12:43:11.732675,Global IME Bank Limited
2026043001019343,GBIME,8,48,25,229.0,5725.0,2026-04-30,188698286,341,Brilliant Securities Pvt. Ltd.,Trishakti Securities Public Limited,2026-04-30 12:43:43.047844,Global IME Bank Limited
2026043001019753,GBIME,17,42,80,228.3,18264.0,2026-04-30,188699469,341,ABC Securities Private Limited,Sani Securities Company Ltd.,2026-04-30 12:45:19.229929,Global IME Bank Limited
2026043001019823,GBIME,42,48,10,229.0,2290.0,2026-04-30,188699738,341,Sani Securities Company Ltd.,Trishakti Securities Public Limited,2026-04-30 12:45:49.565245,Global IME Bank Limited
2026043001019827,GBIME,58,48,11,229.0,2519.0,2026-04-30,188699755,341,Naasa Securities Co. Ltd.,Trishakti Securities Public Limited,2026-04-30 12:45:52.456697,Global IME Bank Limited
2026043001019829,GBIME,3,56,4,230.0,920.0,2026-04-30,188699765,341,Arun Securities (PVT) Ltd.,Sri Hari Securities Pvt. Ltd.,2026-04-30 12:45:53.734722,Global IME Bank Limited
2026043001019848,GBIME,17,43,1000,228.3,228300.0,2026-04-30,188699821,341,ABC Securities Private Limited,South Asian Bulls Pvt. Ltd.,2026-04-30 12:46:00.930759,Global IME Bank Limited
2026043001020346,GBIME,34,17,1,222.0,222.0,2026-04-30,188701519,341,Vision Securities Pvt. Ltd,ABC Securities Private Limited,2026-04-30 12:49:35.053910,Global IME Bank Limited
2026043001020350,GBIME,42,13,15,229.8,3447.0,2026-04-30,188701536,341,Sani Securities Company Ltd.,Thrive Brokerage House Pvt. Ltd,2026-04-30 12:49:38.264851,Global IME Bank Limited
2026043001020572,GBIME,58,13,15,229.0,3435.0,2026-04-30,188702224,341,Naasa Securities Co. Ltd.,Thrive Brokerage House Pvt. Ltd,2026-04-30 12:51:01.412179,Global IME Bank Limited
2026043001020573,GBIME,38,13,20,229.0,4580.0,2026-04-30,188702226,341,Dipshikha Dhitopatra Karobar Co. Pvt Ltd.,Thrive Brokerage House Pvt. Ltd,2026-04-30 12:51:01.412554,Global IME Bank Limited
2026043001020583,GBIME,57,13,40,229.0,9160.0,2026-04-30,188702260,341,Aryatara Investment & Securities,Thrive Brokerage House Pvt. Ltd,2026-04-30 12:51:08.678968,Global IME Bank Limited
2026043001020850,GBIME,34,13,25,229.0,5725.0,2026-04-30,188703188,341,Vision Securities Pvt. Ltd,Thrive Brokerage House Pvt. Ltd,2026-04-30 12:52:59.547888,Global IME Bank Limited
2026043001020879,GBIME,85,19,270,229.0,61830.0,2026-04-30,188703279,341,Capital Hub P. Ltd,Nepal Investment And Securities Trading Private Limited,2026-04-30 12:53:11.323497,Global IME Bank Limited
2026043001021003,GBIME,52,13,85,229.0,19465.0,2026-04-30,188703699,341,Sundhara Securities Limited,Thrive Brokerage House Pvt. Ltd,2026-04-30 12:54:08.916003,Global IME Bank Limited
2026043001021148,GBIME,34,25,250,229.7,57425.0,2026-04-30,188704247,341,Vision Securities Pvt. Ltd,Sweta Securities Private Limited,2026-04-30 12:55:18.980655,Global IME Bank Limited
2026043001021149,GBIME,34,39,200,229.9,45980.0,2026-04-30,188704250,341,Vision Securities Pvt. Ltd,Sumeru Securities Pvt. Ltd.,2026-04-30 12:55:18.981341,Global IME Bank Limited
2026043001021152,GBIME,29,39,10,229.9,2299.0,2026-04-30,188704262,341,Trisul Securities & Invt. Ltd.,Sumeru Securities Pvt. Ltd.,2026-04-30 12:55:20.840663,Global IME Bank Limited
2026043001021760,GBIME,52,58,15,229.0,3435.0,2026-04-30,188706109,341,Sundhara Securities Limited,Naasa Securities Co. Ltd.,2026-04-30 12:57:47.955417,Global IME Bank Limited
2026043001022844,GBIME,41,52,12,229.5,2754.0,2026-04-30,188709311,341,Linch Stock Market Ltd.,Sundhara Securities Limited,2026-04-30 13:01:32.229530,Global IME Bank Limited
2026043001022845,GBIME,41,36,53,229.5,12163.5,2026-04-30,188709313,341,Linch Stock Market Ltd.,Secured Securities Ltd.,2026-04-30 13:01:32.229862,Global IME Bank Limited
2026043001022846,GBIME,41,13,25,229.8,5745.0,2026-04-30,188709316,341,Linch Stock Market Ltd.,Thrive Brokerage House Pvt. Ltd,2026-04-30 13:01:32.230034,Global IME Bank Limited
2026043001022879,GBIME,81,13,17,229.8,3906.6,2026-04-30,188709436,341,Aakashbhairab Securities Ltd.,Thrive Brokerage House Pvt. Ltd,2026-04-30 13:01:46.857415,Global IME Bank Limited
2026043001023027,GBIME,35,13,58,229.8,13328.4,2026-04-30,188709933,341,Kohinoor Investment & Securities Pvt. Ltd.,Thrive Brokerage House Pvt. Ltd,2026-04-30 13:02:38.635731,Global IME Bank Limited
2026043001023054,GBIME,57,39,44,229.9,10115.6,2026-04-30,188710031,341,Aryatara Investment & Securities,Sumeru Securities Pvt. Ltd.,2026-04-30 13:02:50.291107,Global IME Bank Limited
2026043001023398,GBIME,49,36,35,230.0,8050.0,2026-04-30,188711197,341,Online Securities Pvt. Ltd.,Secured Securities Ltd.,2026-04-30 13:04:00.509645,Global IME Bank Limited
2026043001023399,GBIME,49,34,45,230.0,10350.0,2026-04-30,188711200,341,Online Securities Pvt. Ltd.,Vision Securities Pvt. Ltd,2026-04-30 13:04:00.510297,Global IME Bank Limited
2026043001023478,GBIME,35,34,55,230.0,12650.0,2026-04-30,188711467,341,Kohinoor Investment & Securities Pvt. Ltd.,Vision Securities Pvt. Ltd,2026-04-30 13:04:21.038411,Global IME Bank Limited
2026043001023479,GBIME,35,48,380,230.0,87400.0,2026-04-30,188711470,341,Kohinoor Investment & Securities Pvt. Ltd.,Trishakti Securities Public Limited,2026-04-30 13:04:21.039280,Global IME Bank Limited
2026043001024952,GBIME,85,48,320,230.0,73600.0,2026-04-30,188715747,341,Capital Hub P. Ltd,Trishakti Securities Public Limited,2026-04-30 13:08:39.453573,Global IME Bank Limited
2026043001024953,GBIME,85,49,112,230.0,25760.0,2026-04-30,188715751,341,Capital Hub P. Ltd,Online Securities Pvt. Ltd.,2026-04-30 13:08:39.453877,Global IME Bank Limited
2026043001024954,GBIME,85,64,100,230.0,23000.0,2026-04-30,188715753,341,Capital Hub P. Ltd,SUN SECURITIES PVT LTD,2026-04-30 13:08:39.454039,Global IME Bank Limited
2026043001024955,GBIME,85,28,100,230.0,23000.0,2026-04-30,188715755,341,Capital Hub P. Ltd,Shree Krishna Securities Ltd.,2026-04-30 13:08:39.454191,Global IME Bank Limited
2026043001025220,GBIME,58,45,56,230.0,12880.0,2026-04-30,188716620,341,Naasa Securities Co. Ltd.,Imperial Securities Company Pvt. Ltd.,2026-04-30 13:09:40.744392,Global IME Bank Limited
2026043001025300,GBIME,94,45,500,230.0,115000.0,2026-04-30,188716988,341,K.B.L. Securities Limited ,Imperial Securities Company Pvt. Ltd.,2026-04-30 13:10:02.447777,Global IME Bank Limited
2026043001025706,GBIME,49,45,24,230.0,5520.0,2026-04-30,188718487,341,Online Securities Pvt. Ltd.,Imperial Securities Company Pvt. Ltd.,2026-04-30 13:11:50.065920,Global IME Bank Limited
2026043001025939,GBIME,57,13,40,230.7,9228.0,2026-04-30,188719334,341,Aryatara Investment & Securities,Thrive Brokerage House Pvt. Ltd,2026-04-30 13:12:51.971164,Global IME Bank Limited
2026043001026098,GBIME,74,13,60,230.7,13842.0,2026-04-30,188719909,341,KALASH STOCK MARKET PVT. LTD.,Thrive Brokerage House Pvt. Ltd,2026-04-30 13:13:27.781720,Global IME Bank Limited
2026043001026228,GBIME,74,44,40,230.8,9232.0,2026-04-30,188720398,341,KALASH STOCK MARKET PVT. LTD.,Dynamic Money Managers Securities Pvt. Ltd.,2026-04-30 13:14:06.800214,Global IME Bank Limited
2026043001026344,GBIME,22,44,50,230.8,11540.0,2026-04-30,188720874,341,Siprabi Securities Pvt. Ltd.,Dynamic Money Managers Securities Pvt. Ltd.,2026-04-30 13:14:55.496462,Global IME Bank Limited
2026043001026413,GBIME,54,34,70,230.7,16149.0,2026-04-30,188721109,341,Sewa Securities Pvt. Ltd.,Vision Securities Pvt. Ltd,2026-04-30 13:15:14.983973,Global IME Bank Limited
2026043001026497,GBIME,49,44,69,230.8,15925.2,2026-04-30,188721500,341,Online Securities Pvt. Ltd.,Dynamic Money Managers Securities Pvt. Ltd.,2026-04-30 13:15:43.594652,Global IME Bank Limited
2026043001026547,GBIME,38,44,10,230.8,2308.0,2026-04-30,188721678,341,Dipshikha Dhitopatra Karobar Co. Pvt Ltd.,Dynamic Money Managers Securities Pvt. Ltd.,2026-04-30 13:15:56.452316,Global IME Bank Limited
2026043001026610,GBIME,58,44,331,230.8,76394.8,2026-04-30,188721995,341,Naasa Securities Co. Ltd.,Dynamic Money Managers Securities Pvt. Ltd.,2026-04-30 13:16:19.880990,Global IME Bank Limited
2026043001026611,GBIME,58,34,137,230.9,31633.3,2026-04-30,188721997,341,Naasa Securities Co. Ltd.,Vision Securities Pvt. Ltd,2026-04-30 13:16:19.881119,Global IME Bank Limited
2026043001026612,GBIME,58,16,200,231.0,46200.0,2026-04-30,188721999,341,Naasa Securities Co. Ltd.,Primo Securities (PVT) Ltd.,2026-04-30 13:16:19.881180,Global IME Bank Limited
2026043001026613,GBIME,58,45,200,231.0,46200.0,2026-04-30,188722001,341,Naasa Securities Co. Ltd.,Imperial Securities Company Pvt. Ltd.,2026-04-30 13:16:19.881245,Global IME Bank Limited
2026043001026614,GBIME,58,22,256,231.0,59136.0,2026-04-30,188722003,341,Naasa Securities Co. Ltd.,Siprabi Securities Pvt. Ltd.,2026-04-30 13:16:19.881306,Global IME Bank Limited
2026043001026615,GBIME,58,25,100,231.0,23100.0,2026-04-30,188722005,341,Naasa Securities Co. Ltd.,Sweta Securities Private Limited,2026-04-30 13:16:19.881367,Global IME Bank Limited
2026043001026616,GBIME,58,44,500,231.9,115950.0,2026-04-30,188722007,341,Naasa Securities Co. Ltd.,Dynamic Money Managers Securities Pvt. Ltd.,2026-04-30 13:16:19.881432,Global IME Bank Limited
2026043001026617,GBIME,58,36,276,231.9,64004.4,2026-04-30,188722010,341,Naasa Securities Co. Ltd.,Secured Securities Ltd.,2026-04-30 13:16:19.881496,Global IME Bank Limited
2026043001026648,GBIME,58,36,144,231.9,33393.6,2026-04-30,188722131,341,Naasa Securities Co. Ltd.,Secured Securities Ltd.,2026-04-30 13:16:30.488838,Global IME Bank Limited
2026043001026649,GBIME,58,62,500,232.0,116000.0,2026-04-30,188722134,341,Naasa Securities Co. Ltd.,Capital Max Securities Ltd,2026-04-30 13:16:30.488944,Global IME Bank Limited
2026043001026650,GBIME,58,58,40,232.0,9280.0,2026-04-30,188722137,341,Naasa Securities Co. Ltd.,Naasa Securities Co. Ltd.,2026-04-30 13:16:30.489013,Global IME Bank Limited
2026043001026651,GBIME,58,53,60,232.0,13920.0,2026-04-30,188722139,341,Naasa Securities Co. Ltd.,Investment Management Nepal Pvt. Ltd.,2026-04-30 13:16:30.489089,Global IME Bank Limited
2026043001026652,GBIME,58,14,50,232.0,11600.0,2026-04-30,188722141,341,Naasa Securities Co. Ltd.,Nepal Stock House (PVT) Ltd.,2026-04-30 13:16:30.489151,Global IME Bank Limited
2026043001026653,GBIME,58,95,206,232.2,47833.2,2026-04-30,188722144,341,Naasa Securities Co. Ltd.,Magnet Securities and Investment Company Private Limited,2026-04-30 13:16:30.489220,Global IME Bank Limited
2026043001026938,GBIME,32,13,100,232.0,23200.0,2026-04-30,188723253,341,Premier Securities Company Ltd.,Thrive Brokerage House Pvt. Ltd,2026-04-30 13:18:08.657398,Global IME Bank Limited
2026043001027039,GBIME,32,57,100,232.0,23200.0,2026-04-30,188723665,341,Premier Securities Company Ltd.,Aryatara Investment & Securities,2026-04-30 13:18:44.279397,Global IME Bank Limited
2026043001027310,GBIME,32,49,20,232.0,4640.0,2026-04-30,188724775,341,Premier Securities Company Ltd.,Online Securities Pvt. Ltd.,2026-04-30 13:19:49.625963,Global IME Bank Limited
2026043001027393,GBIME,32,10,12,232.0,2784.0,2026-04-30,188725122,341,Premier Securities Company Ltd.,Pragyan Securities (PVT) Ltd.,2026-04-30 13:20:04.010835,Global IME Bank Limited
2026043001027406,GBIME,46,10,200,232.0,46400.0,2026-04-30,188725184,341,Kalika Securities Pvt. Ltd.,Pragyan Securities (PVT) Ltd.,2026-04-30 13:20:06.977189,Global IME Bank Limited
2026043001027778,GBIME,54,45,130,230.7,29991.0,2026-04-30,188726790,341,Sewa Securities Pvt. Ltd.,Imperial Securities Company Pvt. Ltd.,2026-04-30 13:21:32.912855,Global IME Bank Limited
2026043001027799,GBIME,49,45,20,230.7,4614.0,2026-04-30,188726885,341,Online Securities Pvt. Ltd.,Imperial Securities Company Pvt. Ltd.,2026-04-30 13:21:41.523464,Global IME Bank Limited
2026043001027800,GBIME,49,10,30,232.0,6960.0,2026-04-30,188726888,341,Online Securities Pvt. Ltd.,Pragyan Securities (PVT) Ltd.,2026-04-30 13:21:41.523800,Global IME Bank Limited
2026043001028125,GBIME,49,49,10,231.5,2315.0,2026-04-30,188728132,341,Online Securities Pvt. Ltd.,Online Securities Pvt. Ltd.,2026-04-30 13:23:19.800884,Global IME Bank Limited
2026043001028241,GBIME,41,48,52,230.6,11991.2,2026-04-30,188728592,341,Linch Stock Market Ltd.,Trishakti Securities Public Limited,2026-04-30 13:24:05.591376,Global IME Bank Limited
2026043001028242,GBIME,47,48,10,230.5,2305.0,2026-04-30,188728594,341,Neev Securities Pvt. Ltd.,Trishakti Securities Public Limited,2026-04-30 13:24:05.591722,Global IME Bank Limited
2026043001028243,GBIME,49,48,106,230.0,24380.0,2026-04-30,188728596,341,Online Securities Pvt. Ltd.,Trishakti Securities Public Limited,2026-04-30 13:24:05.591908,Global IME Bank Limited
2026043001028244,GBIME,49,48,10,230.0,2300.0,2026-04-30,188728598,341,Online Securities Pvt. Ltd.,Trishakti Securities Public Limited,2026-04-30 13:24:05.592111,Global IME Bank Limited
2026043001028245,GBIME,58,48,145,230.0,33350.0,2026-04-30,188728600,341,Naasa Securities Co. Ltd.,Trishakti Securities Public Limited,2026-04-30 13:24:05.592307,Global IME Bank Limited
2026043001028246,GBIME,44,48,20,230.0,4600.0,2026-04-30,188728602,341,Dynamic Money Managers Securities Pvt. Ltd.,Trishakti Securities Public Limited,2026-04-30 13:24:05.592489,Global IME Bank Limited
2026043001028247,GBIME,3,48,57,230.0,13110.0,2026-04-30,188728603,341,Arun Securities (PVT) Ltd.,Trishakti Securities Public Limited,2026-04-30 13:24:05.592681,Global IME Bank Limited
2026043001028444,GBIME,3,48,43,230.0,9890.0,2026-04-30,188729506,341,Arun Securities (PVT) Ltd.,Trishakti Securities Public Limited,2026-04-30 13:26:05.317314,Global IME Bank Limited
2026043001028606,GBIME,89,48,10,230.0,2300.0,2026-04-30,188730086,341,Global IME Securities Limited,Trishakti Securities Public Limited,2026-04-30 13:27:39.392610,Global IME Bank Limited
2026043001028632,GBIME,11,48,12,230.0,2760.0,2026-04-30,188730212,341,Malla & Malla Stock Broking Company Pvt. Limited,Trishakti Securities Public Limited,2026-04-30 13:27:53.264627,Global IME Bank Limited
2026043001028785,GBIME,7,48,12,230.0,2760.0,2026-04-30,188730766,341,J.F. Securites (PVT) Ltd.,Trishakti Securities Public Limited,2026-04-30 13:29:23.926923,Global IME Bank Limited
2026043001029033,GBIME,44,48,10,230.0,2300.0,2026-04-30,188731732,341,Dynamic Money Managers Securities Pvt. Ltd.,Trishakti Securities Public Limited,2026-04-30 13:32:13.452460,Global IME Bank Limited
2026043001029041,GBIME,85,48,513,230.0,117990.0,2026-04-30,188731771,341,Capital Hub P. Ltd,Trishakti Securities Public Limited,2026-04-30 13:32:20.225646,Global IME Bank Limited
2026043001029493,GBIME,4,42,51,230.0,11730.0,2026-04-30,188733778,341,Opal Securities Investment (PVT) Ltd.,Sani Securities Company Ltd.,2026-04-30 13:37:28.074160,Global IME Bank Limited
2026043001029749,GBIME,62,75,10,230.2,2302.0,2026-04-30,188734629,341,Capital Max Securities Ltd,N.I.M.B. Stock Markets Limited,2026-04-30 13:39:54.505278,Global IME Bank Limited
2026043001029962,GBIME,49,47,20,230.9,4618.0,2026-04-30,188735390,341,Online Securities Pvt. Ltd.,Neev Securities Pvt. Ltd.,2026-04-30 13:41:42.472375,Global IME Bank Limited
2026043001030128,GBIME,62,47,90,230.9,20781.0,2026-04-30,188736038,341,Capital Max Securities Ltd,Neev Securities Pvt. Ltd.,2026-04-30 13:43:35.849728,Global IME Bank Limited
2026043001030190,GBIME,60,42,410,230.5,94505.0,2026-04-30,188736203,341,Nagarik Stock Dealer ,Sani Securities Company Ltd.,2026-04-30 13:43:59.159435,Global IME Bank Limited
2026043001030208,GBIME,60,42,10,230.5,2305.0,2026-04-30,188736261,341,Nagarik Stock Dealer ,Sani Securities Company Ltd.,2026-04-30 13:44:16.944844,Global IME Bank Limited
2026043001030220,GBIME,60,36,217,230.5,50018.5,2026-04-30,188736299,341,Nagarik Stock Dealer ,Secured Securities Ltd.,2026-04-30 13:44:26.571074,Global IME Bank Limited
2026043001030325,GBIME,46,47,39,230.9,9005.1,2026-04-30,188736614,341,Kalika Securities Pvt. Ltd.,Neev Securities Pvt. Ltd.,2026-04-30 13:45:06.739828,Global IME Bank Limited
2026043001030490,GBIME,42,47,10,230.9,2309.0,2026-04-30,188737332,341,Sani Securities Company Ltd.,Neev Securities Pvt. Ltd.,2026-04-30 13:46:38.986312,Global IME Bank Limited
2026043001030557,GBIME,42,47,30,230.9,6927.0,2026-04-30,188737630,341,Sani Securities Company Ltd.,Neev Securities Pvt. Ltd.,2026-04-30 13:47:23.275814,Global IME Bank Limited
2026043001030617,GBIME,19,47,11,230.9,2539.9,2026-04-30,188737875,341,Nepal Investment And Securities Trading Private Limited,Neev Securities Pvt. Ltd.,2026-04-30 13:48:01.750861,Global IME Bank Limited
2026043001030618,GBIME,19,49,89,231.0,20559.0,2026-04-30,188737878,341,Nepal Investment And Securities Trading Private Limited,Online Securities Pvt. Ltd.,2026-04-30 13:48:01.751617,Global IME Bank Limited
2026043001030645,GBIME,60,45,124,230.5,28582.0,2026-04-30,188737961,341,Nagarik Stock Dealer ,Imperial Securities Company Pvt. Ltd.,2026-04-30 13:48:18.576133,Global IME Bank Limited
2026043001030663,GBIME,60,32,20,230.5,4610.0,2026-04-30,188738005,341,Nagarik Stock Dealer ,Premier Securities Company Ltd.,2026-04-30 13:48:22.255832,Global IME Bank Limited
2026043001030724,GBIME,54,49,901,231.0,208131.0,2026-04-30,188738227,341,Sewa Securities Pvt. Ltd.,Online Securities Pvt. Ltd.,2026-04-30 13:49:09.837855,Global IME Bank Limited
2026043001030725,GBIME,54,58,314,231.0,72534.0,2026-04-30,188738230,341,Sewa Securities Pvt. Ltd.,Naasa Securities Co. Ltd.,2026-04-30 13:49:09.838566,Global IME Bank Limited
2026043001031248,GBIME,49,58,20,231.0,4620.0,2026-04-30,188739850,341,Online Securities Pvt. Ltd.,Naasa Securities Co. Ltd.,2026-04-30 13:52:22.519647,Global IME Bank Limited
2026043001031316,GBIME,58,49,51,230.6,11760.6,2026-04-30,188740068,341,Naasa Securities Co. Ltd.,Online Securities Pvt. Ltd.,2026-04-30 13:52:53.989842,Global IME Bank Limited
2026043001031317,GBIME,60,49,1296,230.5,298728.0,2026-04-30,188740069,341,Nagarik Stock Dealer ,Online Securities Pvt. Ltd.,2026-04-30 13:52:53.989946,Global IME Bank Limited
2026043001031368,GBIME,58,58,105,231.0,24255.0,2026-04-30,188740254,341,Naasa Securities Co. Ltd.,Naasa Securities Co. Ltd.,2026-04-30 13:53:18.708088,Global IME Bank Limited
2026043001031614,GBIME,60,42,423,230.5,97501.5,2026-04-30,188741212,341,Nagarik Stock Dealer ,Sani Securities Company Ltd.,2026-04-30 13:55:31.348418,Global IME Bank Limited
2026043001031768,GBIME,42,49,95,230.1,21859.5,2026-04-30,188741774,341,Sani Securities Company Ltd.,Online Securities Pvt. Ltd.,2026-04-30 13:57:14.105429,Global IME Bank Limited
2026043001031769,GBIME,58,49,130,230.0,29900.0,2026-04-30,188741776,341,Naasa Securities Co. Ltd.,Online Securities Pvt. Ltd.,2026-04-30 13:57:14.106338,Global IME Bank Limited
2026043001031770,GBIME,16,49,50,230.0,11500.0,2026-04-30,188741778,341,Primo Securities (PVT) Ltd.,Online Securities Pvt. Ltd.,2026-04-30 13:57:14.106905,Global IME Bank Limited
2026043001031771,GBIME,34,49,100,230.0,23000.0,2026-04-30,188741780,341,Vision Securities Pvt. Ltd,Online Securities Pvt. Ltd.,2026-04-30 13:57:14.107465,Global IME Bank Limited
2026043001031772,GBIME,89,49,10,230.0,2300.0,2026-04-30,188741782,341,Global IME Securities Limited,Online Securities Pvt. Ltd.,2026-04-30 13:57:14.108169,Global IME Bank Limited
2026043001031773,GBIME,19,49,50,230.0,11500.0,2026-04-30,188741784,341,Nepal Investment And Securities Trading Private Limited,Online Securities Pvt. Ltd.,2026-04-30 13:57:14.108808,Global IME Bank Limited
2026043001031774,GBIME,58,49,30,230.0,6900.0,2026-04-30,188741786,341,Naasa Securities Co. Ltd.,Online Securities Pvt. Ltd.,2026-04-30 13:57:14.109575,Global IME Bank Limited
2026043001031775,GBIME,35,49,125,230.0,28750.0,2026-04-30,188741788,341,Kohinoor Investment & Securities Pvt. Ltd.,Online Securities Pvt. Ltd.,2026-04-30 13:57:14.110302,Global IME Bank Limited
2026043001031776,GBIME,100,49,30,230.0,6900.0,2026-04-30,188741790,341,Sunrise Securities Limited,Online Securities Pvt. Ltd.,2026-04-30 13:57:14.111056,Global IME Bank Limited
2026043001031904,GBIME,21,49,100,230.0,23000.0,2026-04-30,188742238,341,Midas Stock Broking Company Private Limited,Online Securities Pvt. Ltd.,2026-04-30 13:58:41.217443,Global IME Bank Limited
2026043001031941,GBIME,34,33,1,228.0,228.0,2026-04-30,188742369,341,Vision Securities Pvt. Ltd,Dakshinkali Investment & Securities Pvt. Ltd.,2026-04-30 13:58:56.896031,Global IME Bank Limited
2026043001032234,GBIME,42,49,50,230.0,11500.0,2026-04-30,188743512,341,Sani Securities Company Ltd.,Online Securities Pvt. Ltd.,2026-04-30 14:01:21.372729,Global IME Bank Limited
2026043001032509,GBIME,100,49,59,230.0,13570.0,2026-04-30,188744695,341,Sunrise Securities Limited,Online Securities Pvt. Ltd.,2026-04-30 14:03:38.129294,Global IME Bank Limited
2026043001032510,GBIME,100,49,66,230.0,15180.0,2026-04-30,188744698,341,Sunrise Securities Limited,Online Securities Pvt. Ltd.,2026-04-30 14:03:38.130017,Global IME Bank Limited
2026043001032526,GBIME,57,48,14,229.9,3218.6,2026-04-30,188744798,341,Aryatara Investment & Securities,Trishakti Securities Public Limited,2026-04-30 14:03:50.952119,Global IME Bank Limited
2026043001032527,GBIME,63,48,100,229.9,22990.0,2026-04-30,188744800,341,Himalayan Brokerage Company Limited,Trishakti Securities Public Limited,2026-04-30 14:03:50.952837,Global IME Bank Limited
2026043001032528,GBIME,51,48,10,229.9,2299.0,2026-04-30,188744802,341,Oxford Securities Pvt. Ltd.,Trishakti Securities Public Limited,2026-04-30 14:03:50.953365,Global IME Bank Limited
2026043001032529,GBIME,33,48,10,229.9,2299.0,2026-04-30,188744804,341,Dakshinkali Investment & Securities Pvt. Ltd.,Trishakti Securities Public Limited,2026-04-30 14:03:50.953870,Global IME Bank Limited
2026043001032530,GBIME,42,48,100,229.8,22980.0,2026-04-30,188744806,341,Sani Securities Company Ltd.,Trishakti Securities Public Limited,2026-04-30 14:03:50.954429,Global IME Bank Limited
2026043001032531,GBIME,25,48,200,229.7,45940.0,2026-04-30,188744808,341,Sweta Securities Private Limited,Trishakti Securities Public Limited,2026-04-30 14:03:50.955070,Global IME Bank Limited
2026043001032532,GBIME,49,48,28,229.3,6420.4,2026-04-30,188744810,341,Online Securities Pvt. Ltd.,Trishakti Securities Public Limited,2026-04-30 14:03:50.955741,Global IME Bank Limited
2026043001032533,GBIME,85,48,538,229.3,123363.4,2026-04-30,188744811,341,Capital Hub P. Ltd,Trishakti Securities Public Limited,2026-04-30 14:03:50.956341,Global IME Bank Limited
2026043001032821,GBIME,42,49,50,230.0,11500.0,2026-04-30,188746144,341,Sani Securities Company Ltd.,Online Securities Pvt. Ltd.,2026-04-30 14:06:38.385792,Global IME Bank Limited
2026043001033026,GBIME,58,49,10,230.0,2300.0,2026-04-30,188746984,341,Naasa Securities Co. Ltd.,Online Securities Pvt. Ltd.,2026-04-30 14:09:21.110151,Global IME Bank Limited
2026043001033032,GBIME,21,49,44,230.0,10120.0,2026-04-30,188746997,341,Midas Stock Broking Company Private Limited,Online Securities Pvt. Ltd.,2026-04-30 14:09:23.904018,Global IME Bank Limited
2026043001033198,GBIME,21,49,46,230.0,10580.0,2026-04-30,188747866,341,Midas Stock Broking Company Private Limited,Online Securities Pvt. Ltd.,2026-04-30 14:11:27.960759,Global IME Bank Limited
2026043001033199,GBIME,58,49,20,230.0,4600.0,2026-04-30,188747868,341,Naasa Securities Co. Ltd.,Online Securities Pvt. Ltd.,2026-04-30 14:11:27.961183,Global IME Bank Limited
2026043001033200,GBIME,91,49,35,230.0,8050.0,2026-04-30,188747869,341,Citizens Share Broker Limited,Online Securities Pvt. Ltd.,2026-04-30 14:11:27.961367,Global IME Bank Limited
2026043001033632,GBIME,36,42,12,230.5,2766.0,2026-04-30,188749524,341,Secured Securities Ltd.,Sani Securities Company Ltd.,2026-04-30 14:15:03.311628,Global IME Bank Limited
2026043001033702,GBIME,91,8,15,230.0,3450.0,2026-04-30,188749762,341,Citizens Share Broker Limited,Brilliant Securities Pvt. Ltd.,2026-04-30 14:15:46.586595,Global IME Bank Limited
2026043001033703,GBIME,42,8,45,230.0,10350.0,2026-04-30,188749764,341,Sani Securities Company Ltd.,Brilliant Securities Pvt. Ltd.,2026-04-30 14:15:46.586998,Global IME Bank Limited
2026043001033704,GBIME,81,8,250,230.0,57500.0,2026-04-30,188749766,341,Aakashbhairab Securities Ltd.,Brilliant Securities Pvt. Ltd.,2026-04-30 14:15:46.587193,Global IME Bank Limited
2026043001033705,GBIME,34,8,329,230.0,75670.0,2026-04-30,188749767,341,Vision Securities Pvt. Ltd,Brilliant Securities Pvt. Ltd.,2026-04-30 14:15:46.587368,Global IME Bank Limited
2026043001034960,GBIME,60,42,85,230.5,19592.5,2026-04-30,188754134,341,Nagarik Stock Dealer ,Sani Securities Company Ltd.,2026-04-30 14:23:52.758247,Global IME Bank Limited
2026043001035047,GBIME,86,54,1,229.9,229.9,2026-04-30,188754465,341,Stoxkarts Securities Limited,Sewa Securities Pvt. Ltd.,2026-04-30 14:24:30.994908,Global IME Bank Limited
2026043001035141,GBIME,34,48,7,224.0,1568.0,2026-04-30,188754811,341,Vision Securities Pvt. Ltd,Trishakti Securities Public Limited,2026-04-30 14:24:57.661370,Global IME Bank Limited
2026043001035155,GBIME,45,42,83,230.5,19131.5,2026-04-30,188754859,341,Imperial Securities Company Pvt. Ltd.,Sani Securities Company Ltd.,2026-04-30 14:25:04.596724,Global IME Bank Limited
2026043001035156,GBIME,45,36,30,230.5,6915.0,2026-04-30,188754861,341,Imperial Securities Company Pvt. Ltd.,Secured Securities Ltd.,2026-04-30 14:25:04.597095,Global IME Bank Limited
2026043001035159,GBIME,45,13,50,230.5,11525.0,2026-04-30,188754871,341,Imperial Securities Company Pvt. Ltd.,Thrive Brokerage House Pvt. Ltd,2026-04-30 14:25:06.587567,Global IME Bank Limited
2026043001035276,GBIME,45,49,272,230.5,62696.0,2026-04-30,188755498,341,Imperial Securities Company Pvt. Ltd.,Online Securities Pvt. Ltd.,2026-04-30 14:26:17.521762,Global IME Bank Limited
2026043001035277,GBIME,42,49,44,230.3,10133.2,2026-04-30,188755500,341,Sani Securities Company Ltd.,Online Securities Pvt. Ltd.,2026-04-30 14:26:17.522215,Global IME Bank Limited
2026043001035278,GBIME,58,49,130,230.0,29900.0,2026-04-30,188755502,341,Naasa Securities Co. Ltd.,Online Securities Pvt. Ltd.,2026-04-30 14:26:17.522409,Global IME Bank Limited
2026043001035279,GBIME,58,49,99,230.0,22770.0,2026-04-30,188755504,341,Naasa Securities Co. Ltd.,Online Securities Pvt. Ltd.,2026-04-30 14:26:17.522595,Global IME Bank Limited
2026043001035280,GBIME,40,49,10,230.0,2300.0,2026-04-30,188755506,341,Creative Securities Pvt Ltd,Online Securities Pvt. Ltd.,2026-04-30 14:26:17.522779,Global IME Bank Limited
2026043001035281,GBIME,49,49,300,230.0,69000.0,2026-04-30,188755508,341,Online Securities Pvt. Ltd.,Online Securities Pvt. Ltd.,2026-04-30 14:26:17.522963,Global IME Bank Limited
2026043001035282,GBIME,41,49,15,230.0,3450.0,2026-04-30,188755510,341,Linch Stock Market Ltd.,Online Securities Pvt. Ltd.,2026-04-30 14:26:17.523149,Global IME Bank Limited
2026043001035283,GBIME,42,49,50,230.0,11500.0,2026-04-30,188755512,341,Sani Securities Company Ltd.,Online Securities Pvt. Ltd.,2026-04-30 14:26:17.523338,Global IME Bank Limited
2026043001035348,GBIME,47,42,43,229.5,9868.5,2026-04-30,188755727,341,Neev Securities Pvt. Ltd.,Sani Securities Company Ltd.,2026-04-30 14:26:44.384058,Global IME Bank Limited
2026043001035711,GBIME,56,42,5,230.0,1150.0,2026-04-30,188757073,341,Sri Hari Securities Pvt. Ltd.,Sani Securities Company Ltd.,2026-04-30 14:28:50.704938,Global IME Bank Limited
2026043001035938,GBIME,58,49,1080,230.0,248400.0,2026-04-30,188758011,341,Naasa Securities Co. Ltd.,Online Securities Pvt. Ltd.,2026-04-30 14:30:06.658601,Global IME Bank Limited
2026043001035939,GBIME,58,77,10,230.0,2300.0,2026-04-30,188758013,341,Naasa Securities Co. Ltd.,Nabil Stock Dealer Ltd.,2026-04-30 14:30:06.659044,Global IME Bank Limited
2026043001035940,GBIME,58,42,30,230.0,6900.0,2026-04-30,188758015,341,Naasa Securities Co. Ltd.,Sani Securities Company Ltd.,2026-04-30 14:30:06.659258,Global IME Bank Limited
2026043001035941,GBIME,58,1,90,230.0,20700.0,2026-04-30,188758017,341,Naasa Securities Co. Ltd.,Kumari Securities Private Limited,2026-04-30 14:30:06.659539,Global IME Bank Limited
2026043001036517,GBIME,58,35,10,230.0,2300.0,2026-04-30,188760489,341,Naasa Securities Co. Ltd.,Kohinoor Investment & Securities Pvt. Ltd.,2026-04-30 14:33:45.996749,Global IME Bank Limited
2026043001036528,GBIME,14,1,10,230.5,2305.0,2026-04-30,188760553,341,Nepal Stock House (PVT) Ltd.,Kumari Securities Private Limited,2026-04-30 14:33:52.424988,Global IME Bank Limited
2026043001036529,GBIME,14,13,50,230.9,11545.0,2026-04-30,188760556,341,Nepal Stock House (PVT) Ltd.,Thrive Brokerage House Pvt. Ltd,2026-04-30 14:33:52.425359,Global IME Bank Limited
2026043001036823,GBIME,58,25,120,230.0,27600.0,2026-04-30,188761767,341,Naasa Securities Co. Ltd.,Sweta Securities Private Limited,2026-04-30 14:35:50.029565,Global IME Bank Limited
2026043001036834,GBIME,42,58,305,231.0,70455.0,2026-04-30,188761809,341,Sani Securities Company Ltd.,Naasa Securities Co. Ltd.,2026-04-30 14:35:53.478053,Global IME Bank Limited
2026043001036835,GBIME,42,41,1000,231.0,231000.0,2026-04-30,188761811,341,Sani Securities Company Ltd.,Linch Stock Market Ltd.,2026-04-30 14:35:53.478808,Global IME Bank Limited
2026043001036966,GBIME,42,44,195,231.0,45045.0,2026-04-30,188762283,341,Sani Securities Company Ltd.,Dynamic Money Managers Securities Pvt. Ltd.,2026-04-30 14:36:34.343947,Global IME Bank Limited
2026043001037040,GBIME,58,59,370,230.5,85285.0,2026-04-30,188762666,341,Naasa Securities Co. Ltd.,Deevyaa Securities & Stock House Pvt. Ltd,2026-04-30 14:37:04.951557,Global IME Bank Limited
2026043001037041,GBIME,58,59,630,230.0,144900.0,2026-04-30,188762667,341,Naasa Securities Co. Ltd.,Deevyaa Securities & Stock House Pvt. Ltd,2026-04-30 14:37:04.951678,Global IME Bank Limited
2026043001037122,GBIME,35,36,15,231.0,3465.0,2026-04-30,188763032,341,Kohinoor Investment & Securities Pvt. Ltd.,Secured Securities Ltd.,2026-04-30 14:37:43.621557,Global IME Bank Limited
2026043001037328,GBIME,86,36,15,231.0,3465.0,2026-04-30,188763915,341,Stoxkarts Securities Limited,Secured Securities Ltd.,2026-04-30 14:39:00.316333,Global IME Bank Limited
2026043001037329,GBIME,86,6,53,231.0,12243.0,2026-04-30,188763917,341,Stoxkarts Securities Limited,Agrawal Securities (PVT) Ltd.,2026-04-30 14:39:00.316738,Global IME Bank Limited
2026043001037330,GBIME,86,38,148,231.0,34188.0,2026-04-30,188763919,341,Stoxkarts Securities Limited,Dipshikha Dhitopatra Karobar Co. Pvt Ltd.,2026-04-30 14:39:00.316931,Global IME Bank Limited
2026043001037476,GBIME,47,44,400,231.3,92520.0,2026-04-30,188764559,341,Neev Securities Pvt. Ltd.,Dynamic Money Managers Securities Pvt. Ltd.,2026-04-30 14:39:48.122752,Global IME Bank Limited
2026043001037477,GBIME,47,28,1000,231.4,231400.0,2026-04-30,188764562,341,Neev Securities Pvt. Ltd.,Shree Krishna Securities Ltd.,2026-04-30 14:39:48.123140,Global IME Bank Limited
2026043001037566,GBIME,16,46,40,231.1,9244.0,2026-04-30,188764916,341,Primo Securities (PVT) Ltd.,Kalika Securities Pvt. Ltd.,2026-04-30 14:40:10.572853,Global IME Bank Limited
2026043001037567,GBIME,86,46,960,231.0,221760.0,2026-04-30,188764917,341,Stoxkarts Securities Limited,Kalika Securities Pvt. Ltd.,2026-04-30 14:40:10.573224,Global IME Bank Limited
2026043001037647,GBIME,86,41,824,231.0,190344.0,2026-04-30,188765248,341,Stoxkarts Securities Limited,Linch Stock Market Ltd.,2026-04-30 14:40:37.440460,Global IME Bank Limited
2026043001037648,GBIME,34,41,20,231.0,4620.0,2026-04-30,188765250,341,Vision Securities Pvt. Ltd,Linch Stock Market Ltd.,2026-04-30 14:40:37.440840,Global IME Bank Limited
2026043001037898,GBIME,47,41,156,231.0,36036.0,2026-04-30,188766530,341,Neev Securities Pvt. Ltd.,Linch Stock Market Ltd.,2026-04-30 14:42:17.570732,Global IME Bank Limited
2026043001038122,GBIME,35,45,32,231.0,7392.0,2026-04-30,188767719,341,Kohinoor Investment & Securities Pvt. Ltd.,Imperial Securities Company Pvt. Ltd.,2026-04-30 14:43:53.859780,Global IME Bank Limited
2026043001038304,GBIME,25,18,100,231.0,23100.0,2026-04-30,188768466,341,Sweta Securities Private Limited,Sagarmatha Securities Private Limited,2026-04-30 14:45:22.375655,Global IME Bank Limited
2026043001038377,GBIME,58,7,50,230.1,11505.0,2026-04-30,188768894,341,Naasa Securities Co. Ltd.,J.F. Securites (PVT) Ltd.,2026-04-30 14:46:04.656864,Global IME Bank Limited
2026043001038378,GBIME,58,7,30,230.0,6900.0,2026-04-30,188768896,341,Naasa Securities Co. Ltd.,J.F. Securites (PVT) Ltd.,2026-04-30 14:46:04.657730,Global IME Bank Limited
2026043001038379,GBIME,58,7,275,230.0,63250.0,2026-04-30,188768898,341,Naasa Securities Co. Ltd.,J.F. Securites (PVT) Ltd.,2026-04-30 14:46:04.658375,Global IME Bank Limited
2026043001038380,GBIME,57,7,50,230.0,11500.0,2026-04-30,188768900,341,Aryatara Investment & Securities,J.F. Securites (PVT) Ltd.,2026-04-30 14:46:04.659010,Global IME Bank Limited
2026043001038381,GBIME,21,7,30,230.0,6900.0,2026-04-30,188768902,341,Midas Stock Broking Company Private Limited,J.F. Securites (PVT) Ltd.,2026-04-30 14:46:04.659624,Global IME Bank Limited
2026043001038382,GBIME,52,7,65,230.0,14950.0,2026-04-30,188768903,341,Sundhara Securities Limited,J.F. Securites (PVT) Ltd.,2026-04-30 14:46:04.660229,Global IME Bank Limited
2026043001038445,GBIME,52,52,35,230.0,8050.0,2026-04-30,188769220,341,Sundhara Securities Limited,Sundhara Securities Limited,2026-04-30 14:46:35.760976,Global IME Bank Limited
2026043001038446,GBIME,49,52,85,230.0,19550.0,2026-04-30,188769221,341,Online Securities Pvt. Ltd.,Sundhara Securities Limited,2026-04-30 14:46:35.761394,Global IME Bank Limited
2026043001038449,GBIME,49,45,115,230.0,26450.0,2026-04-30,188769240,341,Online Securities Pvt. Ltd.,Imperial Securities Company Pvt. Ltd.,2026-04-30 14:46:37.914728,Global IME Bank Limited
2026043001038450,GBIME,42,45,100,230.0,23000.0,2026-04-30,188769242,341,Sani Securities Company Ltd.,Imperial Securities Company Pvt. Ltd.,2026-04-30 14:46:37.915577,Global IME Bank Limited
2026043001038451,GBIME,25,45,100,230.0,23000.0,2026-04-30,188769244,341,Sweta Securities Private Limited,Imperial Securities Company Pvt. Ltd.,2026-04-30 14:46:37.916195,Global IME Bank Limited
2026043001038452,GBIME,49,45,85,230.0,19550.0,2026-04-30,188769246,341,Online Securities Pvt. Ltd.,Imperial Securities Company Pvt. Ltd.,2026-04-30 14:46:37.916772,Global IME Bank Limited
2026043001038528,GBIME,42,45,179,230.0,41170.0,2026-04-30,188769553,341,Sani Securities Company Ltd.,Imperial Securities Company Pvt. Ltd.,2026-04-30 14:47:01.486581,Global IME Bank Limited
2026043001038652,GBIME,42,6,21,230.0,4830.0,2026-04-30,188770038,341,Sani Securities Company Ltd.,Agrawal Securities (PVT) Ltd.,2026-04-30 14:47:36.380479,Global IME Bank Limited
2026043001038661,GBIME,25,6,100,230.0,23000.0,2026-04-30,188770080,341,Sweta Securities Private Limited,Agrawal Securities (PVT) Ltd.,2026-04-30 14:47:42.523082,Global IME Bank Limited
2026043001038694,GBIME,58,6,45,230.0,10350.0,2026-04-30,188770242,341,Naasa Securities Co. Ltd.,Agrawal Securities (PVT) Ltd.,2026-04-30 14:48:01.080494,Global IME Bank Limited
2026043001038813,GBIME,74,6,10,230.0,2300.0,2026-04-30,188770866,341,KALASH STOCK MARKET PVT. LTD.,Agrawal Securities (PVT) Ltd.,2026-04-30 14:48:54.066287,Global IME Bank Limited
2026043001038849,GBIME,38,6,10,230.0,2300.0,2026-04-30,188771076,341,Dipshikha Dhitopatra Karobar Co. Pvt Ltd.,Agrawal Securities (PVT) Ltd.,2026-04-30 14:49:12.210248,Global IME Bank Limited
2026043001038909,GBIME,85,53,50,229.7,11485.0,2026-04-30,188771357,341,Capital Hub P. Ltd,Investment Management Nepal Pvt. Ltd.,2026-04-30 14:49:27.273373,Global IME Bank Limited
2026043001039066,GBIME,36,6,14,230.0,3220.0,2026-04-30,188771939,341,Secured Securities Ltd.,Agrawal Securities (PVT) Ltd.,2026-04-30 14:50:11.846124,Global IME Bank Limited
2026043001039088,GBIME,29,92,10,230.9,2309.0,2026-04-30,188772018,341,Trisul Securities & Invt. Ltd.,Roadshow securities limited,2026-04-30 14:50:21.124080,Global IME Bank Limited
2026043001039263,GBIME,36,42,10,230.0,2300.0,2026-04-30,188772853,341,Secured Securities Ltd.,Sani Securities Company Ltd.,2026-04-30 14:51:24.882534,Global IME Bank Limited
2026043001039334,GBIME,29,92,10,230.9,2309.0,2026-04-30,188773114,341,Trisul Securities & Invt. Ltd.,Roadshow securities limited,2026-04-30 14:51:43.816716,Global IME Bank Limited
2026043001039585,GBIME,34,92,10,230.9,2309.0,2026-04-30,188774188,341,Vision Securities Pvt. Ltd,Roadshow securities limited,2026-04-30 14:53:00.378372,Global IME Bank Limited
2026043001039758,GBIME,42,92,20,230.9,4618.0,2026-04-30,188774971,341,Sani Securities Company Ltd.,Roadshow securities limited,2026-04-30 14:53:46.989788,Global IME Bank Limited
2026043001040132,GBIME,100,18,320,231.0,73920.0,2026-04-30,188776652,341,Sunrise Securities Limited,Sagarmatha Securities Private Limited,2026-04-30 14:55:18.854529,Global IME Bank Limited
2026043001040240,GBIME,42,8,115,230.9,26553.5,2026-04-30,188777176,341,Sani Securities Company Ltd.,Brilliant Securities Pvt. Ltd.,2026-04-30 14:55:50.338502,Global IME Bank Limited
2026043001040950,GBIME,34,8,30,230.9,6927.0,2026-04-30,188781180,341,Vision Securities Pvt. Ltd,Brilliant Securities Pvt. Ltd.,2026-04-30 14:58:23.870328,Global IME Bank Limited
2026043001040998,GBIME,49,8,12,230.9,2770.8,2026-04-30,188781362,341,Online Securities Pvt. Ltd.,Brilliant Securities Pvt. Ltd.,2026-04-30 14:58:29.681366,Global IME Bank Limited
2026043001041280,GBIME,58,8,10,230.9,2309.0,2026-04-30,188782578,341,Naasa Securities Co. Ltd.,Brilliant Securities Pvt. Ltd.,2026-04-30 14:59:06.913462,Global IME Bank Limited
2026043001041284,GBIME,60,8,200,230.9,46180.0,2026-04-30,188782592,341,Nagarik Stock Dealer ,Brilliant Securities Pvt. Ltd.,2026-04-30 14:59:07.075671,Global IME Bank Limited
2026043001041301,GBIME,52,5,10,230.1,2301.0,2026-04-30,188782689,341,Sundhara Securities Limited,Market Securities & Exchange (PVT) Ltd.,2026-04-30 14:59:09.620788,Global IME Bank Limited
2026043001041404,GBIME,38,8,200,230.9,46180.0,2026-04-30,188783308,341,Dipshikha Dhitopatra Karobar Co. Pvt Ltd.,Brilliant Securities Pvt. Ltd.,2026-04-30 14:59:21.099596,Global IME Bank Limited
2026043001041520,GBIME,4,8,333,230.9,76889.7,2026-04-30,188783731,341,Opal Securities Investment (PVT) Ltd.,Brilliant Securities Pvt. Ltd.,2026-04-30 14:59:25.268870,Global IME Bank Limited
2026043001041521,GBIME,4,22,119,230.9,27477.1,2026-04-30,188783733,341,Opal Securities Investment (PVT) Ltd.,Siprabi Securities Pvt. Ltd.,2026-04-30 14:59:25.269236,Global IME Bank Limited
2026043001041550,GBIME,4,41,35,230.9,8081.5,2026-04-30,188783921,341,Opal Securities Investment (PVT) Ltd.,Linch Stock Market Ltd.,2026-04-30 14:59:27.776247,Global IME Bank Limited
2026043001041552,GBIME,74,18,63,231.0,14553.0,2026-04-30,188783950,341,KALASH STOCK MARKET PVT. LTD.,Sagarmatha Securities Private Limited,2026-04-30 14:59:28.064666,Global IME Bank Limited
2026043001041647,GBIME,4,58,108,230.9,24937.2,2026-04-30,188784495,341,Opal Securities Investment (PVT) Ltd.,Naasa Securities Co. Ltd.,2026-04-30 14:59:38.331166,Global IME Bank Limited
2026043001042128,GBIME,4,18,405,231.0,93555.0,2026-04-30,188786464,341,Opal Securities Investment (PVT) Ltd.,Sagarmatha Securities Private Limited,2026-04-30 14:59:58.062970,Global IME Bank Limited
