contract_id,symbol,buyer_member_id,seller_member_id,volume,price,amount,buyer_broker,seller_broker,transaction_time
2026043003000266,GUFL,49,38,10,513.0,5130.0,Online Securities Pvt. Ltd.,Dipshikha Dhitopatra Karobar Co. Pvt Ltd.,2026-04-30 11:11:33.697690
2026043003000282,GUFL,21,38,90,513.0,46170.0,Midas Stock Broking Company Private Limited,Dipshikha Dhitopatra Karobar Co. Pvt Ltd.,2026-04-30 11:11:59.202749
2026043003000352,GUFL,21,58,100,513.0,51300.0,Midas Stock Broking Company Private Limited,Naasa Securities Co. Ltd.,2026-04-30 11:13:58.646737
2026043003000362,GUFL,21,36,10,513.0,5130.0,Midas Stock Broking Company Private Limited,Secured Securities Ltd.,2026-04-30 11:14:13.061616
2026043003001636,GUFL,41,45,446,513.5,229021.0,Linch Stock Market Ltd.,Imperial Securities Company Pvt. Ltd.,2026-04-30 11:51:44.106606
2026043003001648,GUFL,41,36,40,513.5,20540.0,Linch Stock Market Ltd.,Secured Securities Ltd.,2026-04-30 11:52:11.865662
2026043003001856,GUFL,41,19,10,513.5,5135.0,Linch Stock Market Ltd.,Nepal Investment And Securities Trading Private Limited,2026-04-30 12:00:31.839540
2026043003002260,GUFL,57,58,49,516.9,25328.1,Aryatara Investment & Securities,Naasa Securities Co. Ltd.,2026-04-30 12:17:46.713806
2026043003002261,GUFL,57,3,52,517.0,26884.0,Aryatara Investment & Securities,Arun Securities (PVT) Ltd.,2026-04-30 12:17:46.713963
2026043003002262,GUFL,57,70,150,517.4,77610.0,Aryatara Investment & Securities,Infinity Securities Limited,2026-04-30 12:17:46.714087
2026043003002263,GUFL,57,7,149,517.5,77107.5,Aryatara Investment & Securities,J.F. Securites (PVT) Ltd.,2026-04-30 12:17:46.714185
2026043003002542,GUFL,44,36,18,515.0,9270.0,Dynamic Money Managers Securities Pvt. Ltd.,Secured Securities Ltd.,2026-04-30 12:27:53.018676
2026043003002634,GUFL,57,36,200,515.0,103000.0,Aryatara Investment & Securities,Secured Securities Ltd.,2026-04-30 12:30:44.867113
2026043003002728,GUFL,45,36,200,515.0,103000.0,Imperial Securities Company Pvt. Ltd.,Secured Securities Ltd.,2026-04-30 12:34:45.652236
2026043003002746,GUFL,7,36,50,515.0,25750.0,J.F. Securites (PVT) Ltd.,Secured Securities Ltd.,2026-04-30 12:35:24.637222
2026043003002781,GUFL,58,51,10,514.0,5140.0,Naasa Securities Co. Ltd.,Oxford Securities Pvt. Ltd.,2026-04-30 12:37:04.526139
2026043003002867,GUFL,45,36,100,515.0,51500.0,Imperial Securities Company Pvt. Ltd.,Secured Securities Ltd.,2026-04-30 12:41:06.459177
2026043003002901,GUFL,57,36,80,515.0,41200.0,Aryatara Investment & Securities,Secured Securities Ltd.,2026-04-30 12:42:43.461271
2026043003002969,GUFL,42,38,200,516.5,103300.0,Sani Securities Company Ltd.,Dipshikha Dhitopatra Karobar Co. Pvt Ltd.,2026-04-30 12:45:44.194872
2026043003003119,GUFL,62,38,290,516.5,149785.0,Capital Max Securities Ltd,Dipshikha Dhitopatra Karobar Co. Pvt Ltd.,2026-04-30 12:52:19.659404
2026043003003352,GUFL,21,70,190,516.0,98040.0,Midas Stock Broking Company Private Limited,Infinity Securities Limited,2026-04-30 13:02:27.711219
2026043003003439,GUFL,57,1,20,517.2,10344.0,Aryatara Investment & Securities,Kumari Securities Private Limited,2026-04-30 13:04:42.993536
2026043003003492,GUFL,101,1,80,517.2,41376.0,APPLE SECURITIES PRIVATE LIMITED,Kumari Securities Private Limited,2026-04-30 13:06:58.524705
2026043003003493,GUFL,101,70,200,517.2,103440.0,APPLE SECURITIES PRIVATE LIMITED,Infinity Securities Limited,2026-04-30 13:06:58.524875
2026043003003508,GUFL,101,7,71,517.3,36728.3,APPLE SECURITIES PRIVATE LIMITED,J.F. Securites (PVT) Ltd.,2026-04-30 13:07:29.325556
2026043003003509,GUFL,101,35,149,517.3,77077.7,APPLE SECURITIES PRIVATE LIMITED,Kohinoor Investment & Securities Pvt. Ltd.,2026-04-30 13:07:29.325720
2026043003003547,GUFL,58,35,490,517.3,253477.0,Naasa Securities Co. Ltd.,Kohinoor Investment & Securities Pvt. Ltd.,2026-04-30 13:09:07.646545
2026043003003654,GUFL,74,35,600,517.3,310380.0,KALASH STOCK MARKET PVT. LTD.,Kohinoor Investment & Securities Pvt. Ltd.,2026-04-30 13:12:19.369149
2026043003003706,GUFL,21,35,60,517.3,31038.0,Midas Stock Broking Company Private Limited,Kohinoor Investment & Securities Pvt. Ltd.,2026-04-30 13:13:41.371142
2026043003003879,GUFL,49,35,19,517.3,9828.7,Online Securities Pvt. Ltd.,Kohinoor Investment & Securities Pvt. Ltd.,2026-04-30 13:18:17.709941
2026043003004028,GUFL,21,35,52,517.3,26899.6,Midas Stock Broking Company Private Limited,Kohinoor Investment & Securities Pvt. Ltd.,2026-04-30 13:21:41.788957
2026043003004029,GUFL,21,58,198,517.5,102465.0,Midas Stock Broking Company Private Limited,Naasa Securities Co. Ltd.,2026-04-30 13:21:41.789050
2026043003004262,GUFL,1,70,46,516.5,23759.0,Kumari Securities Private Limited,Infinity Securities Limited,2026-04-30 13:29:39.062941
2026043003004263,GUFL,49,70,154,516.1,79479.4,Online Securities Pvt. Ltd.,Infinity Securities Limited,2026-04-30 13:29:39.063136
2026043003004287,GUFL,49,19,45,516.1,23224.5,Online Securities Pvt. Ltd.,Nepal Investment And Securities Trading Private Limited,2026-04-30 13:30:31.178189
2026043003004295,GUFL,4,19,100,515.0,51500.0,Opal Securities Investment (PVT) Ltd.,Nepal Investment And Securities Trading Private Limited,2026-04-30 13:30:57.946322
2026043003004320,GUFL,56,19,200,513.5,102700.0,Sri Hari Securities Pvt. Ltd.,Nepal Investment And Securities Trading Private Limited,2026-04-30 13:32:09.455088
2026043003004321,GUFL,56,19,10,513.5,5135.0,Sri Hari Securities Pvt. Ltd.,Nepal Investment And Securities Trading Private Limited,2026-04-30 13:32:09.455264
2026043003004577,GUFL,42,1,70,517.0,36190.0,Sani Securities Company Ltd.,Kumari Securities Private Limited,2026-04-30 13:45:28.187966
2026043003004578,GUFL,42,34,230,517.0,118910.0,Sani Securities Company Ltd.,Vision Securities Pvt. Ltd,2026-04-30 13:45:28.188059
2026043003004800,GUFL,1,34,10,517.0,5170.0,Kumari Securities Private Limited,Vision Securities Pvt. Ltd,2026-04-30 13:54:41.556874
2026043003005494,GUFL,57,34,250,516.8,129200.0,Aryatara Investment & Securities,Vision Securities Pvt. Ltd,2026-04-30 14:23:05.543831
2026043003005588,GUFL,49,34,60,516.8,31008.0,Online Securities Pvt. Ltd.,Vision Securities Pvt. Ltd,2026-04-30 14:26:07.126549
2026043003005759,GUFL,29,34,1500,517.2,775800.0,Trisul Securities & Invt. Ltd.,Vision Securities Pvt. Ltd,2026-04-30 14:31:34.181352
2026043003005873,GUFL,48,34,100,517.2,51720.0,Trishakti Securities Public Limited,Vision Securities Pvt. Ltd,2026-04-30 14:34:08.816429
2026043003005917,GUFL,58,34,66,516.0,34056.0,Naasa Securities Co. Ltd.,Vision Securities Pvt. Ltd,2026-04-30 14:35:23.357492
2026043003006054,GUFL,58,58,184,517.3,95183.2,Naasa Securities Co. Ltd.,Naasa Securities Co. Ltd.,2026-04-30 14:40:56.211976
2026043003006176,GUFL,42,58,10,517.3,5173.0,Sani Securities Company Ltd.,Naasa Securities Co. Ltd.,2026-04-30 14:43:57.157155
2026043003006319,GUFL,49,34,15,517.0,7755.0,Online Securities Pvt. Ltd.,Vision Securities Pvt. Ltd,2026-04-30 14:47:15.053158
2026043003006339,GUFL,62,58,302,517.5,156285.0,Capital Max Securities Ltd,Naasa Securities Co. Ltd.,2026-04-30 14:47:45.862581
2026043003006340,GUFL,62,51,198,517.5,102465.0,Capital Max Securities Ltd,Oxford Securities Pvt. Ltd.,2026-04-30 14:47:45.862757
2026043003006417,GUFL,49,32,200,517.5,103500.0,Online Securities Pvt. Ltd.,Premier Securities Company Ltd.,2026-04-30 14:49:11.951378
2026043003006563,GUFL,62,35,500,518.0,259000.0,Capital Max Securities Ltd,Kohinoor Investment & Securities Pvt. Ltd.,2026-04-30 14:51:41.651036
2026043003006638,GUFL,56,74,184,518.0,95312.0,Sri Hari Securities Pvt. Ltd.,KALASH STOCK MARKET PVT. LTD.,2026-04-30 14:53:32.640737
2026043003006752,GUFL,13,16,11,518.1,5699.1,Thrive Brokerage House Pvt. Ltd,Primo Securities (PVT) Ltd.,2026-04-30 14:55:11.242705
2026043003007024,GUFL,45,45,100,518.0,51800.0,Imperial Securities Company Pvt. Ltd.,Imperial Securities Company Pvt. Ltd.,2026-04-30 14:57:36.970408
2026043003007025,GUFL,49,45,185,517.0,95645.0,Online Securities Pvt. Ltd.,Imperial Securities Company Pvt. Ltd.,2026-04-30 14:57:36.970632
2026043003007026,GUFL,36,45,100,517.0,51700.0,Secured Securities Ltd.,Imperial Securities Company Pvt. Ltd.,2026-04-30 14:57:36.970756
2026043003007027,GUFL,32,45,50,517.0,25850.0,Premier Securities Company Ltd.,Imperial Securities Company Pvt. Ltd.,2026-04-30 14:57:36.970878
2026043003007098,GUFL,21,45,300,517.0,155100.0,Midas Stock Broking Company Private Limited,Imperial Securities Company Pvt. Ltd.,2026-04-30 14:58:12.885493
2026043003007258,GUFL,22,45,265,517.0,137005.0,Siprabi Securities Pvt. Ltd.,Imperial Securities Company Pvt. Ltd.,2026-04-30 14:59:15.932699
2026043003007259,GUFL,22,13,35,517.0,18095.0,Siprabi Securities Pvt. Ltd.,Thrive Brokerage House Pvt. Ltd,2026-04-30 14:59:15.932875
2026043003007273,GUFL,4,13,10,517.0,5170.0,Opal Securities Investment (PVT) Ltd.,Thrive Brokerage House Pvt. Ltd,2026-04-30 14:59:18.066556
2026043003007328,GUFL,6,13,55,517.0,28435.0,Agrawal Securities (PVT) Ltd.,Thrive Brokerage House Pvt. Ltd,2026-04-30 14:59:34.213462
2026043003007329,GUFL,6,13,20,517.0,10340.0,Agrawal Securities (PVT) Ltd.,Thrive Brokerage House Pvt. Ltd,2026-04-30 14:59:34.213546
2026043003007330,GUFL,6,16,42,518.1,21760.2,Agrawal Securities (PVT) Ltd.,Primo Securities (PVT) Ltd.,2026-04-30 14:59:34.213586
2026043003007331,GUFL,6,46,107,518.2,55447.4,Agrawal Securities (PVT) Ltd.,Kalika Securities Pvt. Ltd.,2026-04-30 14:59:34.213626
2026043003007332,GUFL,6,32,200,518.2,103640.0,Agrawal Securities (PVT) Ltd.,Premier Securities Company Ltd.,2026-04-30 14:59:34.213663
2026043003007373,GUFL,6,45,40,518.2,20728.0,Agrawal Securities (PVT) Ltd.,Imperial Securities Company Pvt. Ltd.,2026-04-30 14:59:45.711543
