contract_id,symbol,buyer_member_id,seller_member_id,volume,price,amount,buyer_broker,seller_broker,transaction_time
2026043001000001,HBL,33,17,10,202.9,2029.0,Dakshinkali Investment & Securities Pvt. Ltd.,ABC Securities Private Limited,2026-04-30 10:46:00.019264
2026043001000046,HBL,53,32,10,200.0,2000.0,Investment Management Nepal Pvt. Ltd.,Premier Securities Company Ltd.,2026-04-30 11:00:31.898715
2026043001000086,HBL,42,47,10,204.0,2040.0,Sani Securities Company Ltd.,Neev Securities Pvt. Ltd.,2026-04-30 11:00:51.256971
2026043001000135,HBL,42,32,10,200.0,2000.0,Sani Securities Company Ltd.,Premier Securities Company Ltd.,2026-04-30 11:01:12.812716
2026043001000175,HBL,42,19,10,200.0,2000.0,Sani Securities Company Ltd.,Nepal Investment And Securities Trading Private Limited,2026-04-30 11:01:26.623648
2026043001000226,HBL,42,28,10,200.0,2000.0,Sani Securities Company Ltd.,Shree Krishna Securities Ltd.,2026-04-30 11:01:43.163141
2026043001000261,HBL,42,58,10,200.0,2000.0,Sani Securities Company Ltd.,Naasa Securities Co. Ltd.,2026-04-30 11:01:55.779261
2026043001000288,HBL,42,21,10,200.0,2000.0,Sani Securities Company Ltd.,Midas Stock Broking Company Private Limited,2026-04-30 11:02:02.927557
2026043001000308,HBL,42,32,10,200.0,2000.0,Sani Securities Company Ltd.,Premier Securities Company Ltd.,2026-04-30 11:02:09.573658
2026043001000630,HBL,58,38,10,200.1,2001.0,Naasa Securities Co. Ltd.,Dipshikha Dhitopatra Karobar Co. Pvt Ltd.,2026-04-30 11:03:36.582457
2026043001000749,HBL,58,28,10,200.1,2001.0,Naasa Securities Co. Ltd.,Shree Krishna Securities Ltd.,2026-04-30 11:04:08.637795
2026043001000786,HBL,58,89,10,200.1,2001.0,Naasa Securities Co. Ltd.,Global IME Securities Limited,2026-04-30 11:04:20.270545
2026043001000956,HBL,58,1,10,200.1,2001.0,Naasa Securities Co. Ltd.,Kumari Securities Private Limited,2026-04-30 11:05:10.141424
2026043001000966,HBL,58,58,10,200.1,2001.0,Naasa Securities Co. Ltd.,Naasa Securities Co. Ltd.,2026-04-30 11:05:13.989271
2026043001001234,HBL,58,1,14,201.0,2814.0,Naasa Securities Co. Ltd.,Kumari Securities Private Limited,2026-04-30 11:06:36.693116
2026043001001252,HBL,58,45,10,201.0,2010.0,Naasa Securities Co. Ltd.,Imperial Securities Company Pvt. Ltd.,2026-04-30 11:06:46.288559
2026043001001298,HBL,58,58,10,201.0,2010.0,Naasa Securities Co. Ltd.,Naasa Securities Co. Ltd.,2026-04-30 11:07:04.570297
2026043001001335,HBL,58,32,41,201.0,8241.0,Naasa Securities Co. Ltd.,Premier Securities Company Ltd.,2026-04-30 11:07:11.958658
2026043001001336,HBL,56,32,60,201.0,12060.0,Sri Hari Securities Pvt. Ltd.,Premier Securities Company Ltd.,2026-04-30 11:07:11.958738
2026043001001359,HBL,57,38,10,200.2,2002.0,Aryatara Investment & Securities,Dipshikha Dhitopatra Karobar Co. Pvt Ltd.,2026-04-30 11:07:18.452233
2026043001001455,HBL,57,58,10,200.2,2002.0,Aryatara Investment & Securities,Naasa Securities Co. Ltd.,2026-04-30 11:07:45.983894
2026043001001472,HBL,32,32,100,201.0,20100.0,Premier Securities Company Ltd.,Premier Securities Company Ltd.,2026-04-30 11:07:54.049193
2026043001001502,HBL,57,42,10,200.2,2002.0,Aryatara Investment & Securities,Sani Securities Company Ltd.,2026-04-30 11:08:03.055469
2026043001001519,HBL,57,49,10,200.2,2002.0,Aryatara Investment & Securities,Online Securities Pvt. Ltd.,2026-04-30 11:08:09.728418
2026043001001752,HBL,58,32,50,201.0,10050.0,Naasa Securities Co. Ltd.,Premier Securities Company Ltd.,2026-04-30 11:09:11.953833
2026043001001760,HBL,57,49,10,200.2,2002.0,Aryatara Investment & Securities,Online Securities Pvt. Ltd.,2026-04-30 11:09:14.179926
2026043001001770,HBL,57,42,110,200.2,22022.0,Aryatara Investment & Securities,Sani Securities Company Ltd.,2026-04-30 11:09:16.033259
2026043001001790,HBL,57,49,10,200.2,2002.0,Aryatara Investment & Securities,Online Securities Pvt. Ltd.,2026-04-30 11:09:23.077746
2026043001001891,HBL,58,39,10,200.3,2003.0,Naasa Securities Co. Ltd.,Sumeru Securities Pvt. Ltd.,2026-04-30 11:09:46.679829
2026043001001962,HBL,58,58,10,200.5,2005.0,Naasa Securities Co. Ltd.,Naasa Securities Co. Ltd.,2026-04-30 11:10:09.159835
2026043001001998,HBL,58,58,10,200.4,2004.0,Naasa Securities Co. Ltd.,Naasa Securities Co. Ltd.,2026-04-30 11:10:23.721939
2026043001002030,HBL,58,51,20,200.4,4008.0,Naasa Securities Co. Ltd.,Oxford Securities Pvt. Ltd.,2026-04-30 11:10:37.411506
2026043001002049,HBL,58,38,10,200.3,2003.0,Naasa Securities Co. Ltd.,Dipshikha Dhitopatra Karobar Co. Pvt Ltd.,2026-04-30 11:10:42.435078
2026043001002087,HBL,58,47,10,200.3,2003.0,Naasa Securities Co. Ltd.,Neev Securities Pvt. Ltd.,2026-04-30 11:10:53.076135
2026043001002186,HBL,58,58,10,200.3,2003.0,Naasa Securities Co. Ltd.,Naasa Securities Co. Ltd.,2026-04-30 11:11:23.754539
2026043001002205,HBL,58,34,10,200.3,2003.0,Naasa Securities Co. Ltd.,Vision Securities Pvt. Ltd,2026-04-30 11:11:26.199707
2026043001002238,HBL,49,21,10,200.3,2003.0,Online Securities Pvt. Ltd.,Midas Stock Broking Company Private Limited,2026-04-30 11:11:33.941549
2026043001002364,HBL,49,57,10,200.3,2003.0,Online Securities Pvt. Ltd.,Aryatara Investment & Securities,2026-04-30 11:11:57.212219
2026043001002468,HBL,49,64,10,200.3,2003.0,Online Securities Pvt. Ltd.,SUN SECURITIES PVT LTD,2026-04-30 11:12:18.316335
2026043001002510,HBL,49,71,10,200.3,2003.0,Online Securities Pvt. Ltd.,SHUBHAKAMANA SECURITIES PVT. LTD,2026-04-30 11:12:34.083157
2026043001002548,HBL,49,51,10,200.3,2003.0,Online Securities Pvt. Ltd.,Oxford Securities Pvt. Ltd.,2026-04-30 11:12:44.069931
2026043001002560,HBL,49,42,295,200.3,59088.5,Online Securities Pvt. Ltd.,Sani Securities Company Ltd.,2026-04-30 11:12:45.571540
2026043001002571,HBL,38,14,10,200.4,2004.0,Dipshikha Dhitopatra Karobar Co. Pvt Ltd.,Nepal Stock House (PVT) Ltd.,2026-04-30 11:12:48.756240
2026043001002572,HBL,38,32,49,201.0,9849.0,Dipshikha Dhitopatra Karobar Co. Pvt Ltd.,Premier Securities Company Ltd.,2026-04-30 11:12:48.756462
2026043001002573,HBL,38,50,10,201.0,2010.0,Dipshikha Dhitopatra Karobar Co. Pvt Ltd.,Cristal Kanchanjanga Securites Pvt. Ltd.,2026-04-30 11:12:48.756604
2026043001002574,HBL,38,57,10,201.0,2010.0,Dipshikha Dhitopatra Karobar Co. Pvt Ltd.,Aryatara Investment & Securities,2026-04-30 11:12:48.756773
2026043001002575,HBL,38,5,10,201.0,2010.0,Dipshikha Dhitopatra Karobar Co. Pvt Ltd.,Market Securities & Exchange (PVT) Ltd.,2026-04-30 11:12:48.756967
2026043001002576,HBL,38,45,10,201.0,2010.0,Dipshikha Dhitopatra Karobar Co. Pvt Ltd.,Imperial Securities Company Pvt. Ltd.,2026-04-30 11:12:48.849825
2026043001002596,HBL,49,38,10,200.3,2003.0,Online Securities Pvt. Ltd.,Dipshikha Dhitopatra Karobar Co. Pvt Ltd.,2026-04-30 11:12:56.377136
2026043001002635,HBL,49,52,10,200.3,2003.0,Online Securities Pvt. Ltd.,Sundhara Securities Limited,2026-04-30 11:13:06.833921
2026043001002689,HBL,49,42,10,200.3,2003.0,Online Securities Pvt. Ltd.,Sani Securities Company Ltd.,2026-04-30 11:13:17.709129
2026043001002815,HBL,49,49,10,200.3,2003.0,Online Securities Pvt. Ltd.,Online Securities Pvt. Ltd.,2026-04-30 11:13:45.687811
2026043001002879,HBL,49,49,10,200.3,2003.0,Online Securities Pvt. Ltd.,Online Securities Pvt. Ltd.,2026-04-30 11:14:02.077446
2026043001002889,HBL,42,45,10,200.3,2003.0,Sani Securities Company Ltd.,Imperial Securities Company Pvt. Ltd.,2026-04-30 11:14:05.009079
2026043001002897,HBL,42,13,10,200.3,2003.0,Sani Securities Company Ltd.,Thrive Brokerage House Pvt. Ltd,2026-04-30 11:14:06.950513
2026043001002913,HBL,42,38,100,200.3,20030.0,Sani Securities Company Ltd.,Dipshikha Dhitopatra Karobar Co. Pvt Ltd.,2026-04-30 11:14:09.422837
2026043001002951,HBL,42,28,380,200.3,76114.0,Sani Securities Company Ltd.,Shree Krishna Securities Ltd.,2026-04-30 11:14:19.779942
2026043001002952,HBL,57,28,30,200.2,6006.0,Aryatara Investment & Securities,Shree Krishna Securities Ltd.,2026-04-30 11:14:19.780067
2026043001002953,HBL,58,28,22,200.1,4402.2,Naasa Securities Co. Ltd.,Shree Krishna Securities Ltd.,2026-04-30 11:14:19.780123
2026043001002954,HBL,21,28,200,200.1,40020.0,Midas Stock Broking Company Private Limited,Shree Krishna Securities Ltd.,2026-04-30 11:14:19.780169
2026043001002955,HBL,21,28,100,200.1,20010.0,Midas Stock Broking Company Private Limited,Shree Krishna Securities Ltd.,2026-04-30 11:14:19.780214
2026043001002956,HBL,21,28,68,200.1,13606.8,Midas Stock Broking Company Private Limited,Shree Krishna Securities Ltd.,2026-04-30 11:14:19.780257
2026043001002991,HBL,21,58,10,200.1,2001.0,Midas Stock Broking Company Private Limited,Naasa Securities Co. Ltd.,2026-04-30 11:14:28.393234
2026043001003097,HBL,21,6,10,200.1,2001.0,Midas Stock Broking Company Private Limited,Agrawal Securities (PVT) Ltd.,2026-04-30 11:14:58.842807
2026043001003108,HBL,21,35,10,200.1,2001.0,Midas Stock Broking Company Private Limited,Kohinoor Investment & Securities Pvt. Ltd.,2026-04-30 11:15:01.439212
2026043001003199,HBL,21,4,10,200.1,2001.0,Midas Stock Broking Company Private Limited,Opal Securities Investment (PVT) Ltd.,2026-04-30 11:15:21.693755
2026043001003238,HBL,21,58,10,200.1,2001.0,Midas Stock Broking Company Private Limited,Naasa Securities Co. Ltd.,2026-04-30 11:15:29.916170
2026043001003332,HBL,21,17,10,200.1,2001.0,Midas Stock Broking Company Private Limited,ABC Securities Private Limited,2026-04-30 11:15:55.114270
2026043001003428,HBL,21,21,10,200.1,2001.0,Midas Stock Broking Company Private Limited,Midas Stock Broking Company Private Limited,2026-04-30 11:16:13.939381
2026043001003462,HBL,21,58,10,200.1,2001.0,Midas Stock Broking Company Private Limited,Naasa Securities Co. Ltd.,2026-04-30 11:16:20.405633
2026043001003497,HBL,21,39,10,200.1,2001.0,Midas Stock Broking Company Private Limited,Sumeru Securities Pvt. Ltd.,2026-04-30 11:16:28.547909
2026043001003510,HBL,36,32,10,201.0,2010.0,Secured Securities Ltd.,Premier Securities Company Ltd.,2026-04-30 11:16:31.812357
2026043001003526,HBL,21,4,10,200.1,2001.0,Midas Stock Broking Company Private Limited,Opal Securities Investment (PVT) Ltd.,2026-04-30 11:16:37.435723
2026043001003573,HBL,21,58,10,200.1,2001.0,Midas Stock Broking Company Private Limited,Naasa Securities Co. Ltd.,2026-04-30 11:16:48.336007
2026043001003824,HBL,21,28,10,200.1,2001.0,Midas Stock Broking Company Private Limited,Shree Krishna Securities Ltd.,2026-04-30 11:17:35.807925
2026043001003878,HBL,21,49,10,200.1,2001.0,Midas Stock Broking Company Private Limited,Online Securities Pvt. Ltd.,2026-04-30 11:17:49.118287
2026043001004012,HBL,49,58,50,200.1,10005.0,Online Securities Pvt. Ltd.,Naasa Securities Co. Ltd.,2026-04-30 11:18:26.066360
2026043001004013,HBL,21,58,94,200.1,18809.4,Midas Stock Broking Company Private Limited,Naasa Securities Co. Ltd.,2026-04-30 11:18:26.066613
2026043001004029,HBL,58,58,70,200.1,14007.0,Naasa Securities Co. Ltd.,Naasa Securities Co. Ltd.,2026-04-30 11:18:33.499373
2026043001004030,HBL,42,58,484,200.1,96848.4,Sani Securities Company Ltd.,Naasa Securities Co. Ltd.,2026-04-30 11:18:33.499598
2026043001004085,HBL,42,58,10,200.1,2001.0,Sani Securities Company Ltd.,Naasa Securities Co. Ltd.,2026-04-30 11:18:44.469454
2026043001004145,HBL,42,34,10,200.1,2001.0,Sani Securities Company Ltd.,Vision Securities Pvt. Ltd,2026-04-30 11:19:05.879160
2026043001004195,HBL,42,22,70,200.1,14007.0,Sani Securities Company Ltd.,Siprabi Securities Pvt. Ltd.,2026-04-30 11:19:16.070799
2026043001004239,HBL,42,46,10,200.1,2001.0,Sani Securities Company Ltd.,Kalika Securities Pvt. Ltd.,2026-04-30 11:19:29.946359
2026043001004245,HBL,42,58,10,200.1,2001.0,Sani Securities Company Ltd.,Naasa Securities Co. Ltd.,2026-04-30 11:19:31.479969
2026043001004287,HBL,42,26,10,200.1,2001.0,Sani Securities Company Ltd.,Asian Securities Private Ltd.,2026-04-30 11:19:43.224313
2026043001004320,HBL,42,48,10,200.1,2001.0,Sani Securities Company Ltd.,Trishakti Securities Public Limited,2026-04-30 11:19:55.336034
2026043001004345,HBL,42,57,10,200.1,2001.0,Sani Securities Company Ltd.,Aryatara Investment & Securities,2026-04-30 11:19:59.972913
2026043001004382,HBL,42,56,10,200.1,2001.0,Sani Securities Company Ltd.,Sri Hari Securities Pvt. Ltd.,2026-04-30 11:20:07.969103
2026043001004438,HBL,42,58,10,200.1,2001.0,Sani Securities Company Ltd.,Naasa Securities Co. Ltd.,2026-04-30 11:20:22.699847
2026043001004449,HBL,42,58,10,200.1,2001.0,Sani Securities Company Ltd.,Naasa Securities Co. Ltd.,2026-04-30 11:20:25.575469
2026043001004512,HBL,42,8,10,200.1,2001.0,Sani Securities Company Ltd.,Brilliant Securities Pvt. Ltd.,2026-04-30 11:20:37.151304
2026043001004570,HBL,42,58,10,200.1,2001.0,Sani Securities Company Ltd.,Naasa Securities Co. Ltd.,2026-04-30 11:20:49.851873
2026043001004652,HBL,39,84,10,200.2,2002.0,Sumeru Securities Pvt. Ltd.,MILKY WAY SHARE BROKER COMPANY LTD ,2026-04-30 11:21:07.070324
2026043001004877,HBL,39,74,10,200.2,2002.0,Sumeru Securities Pvt. Ltd.,KALASH STOCK MARKET PVT. LTD.,2026-04-30 11:21:48.604718
2026043001004977,HBL,39,6,10,200.2,2002.0,Sumeru Securities Pvt. Ltd.,Agrawal Securities (PVT) Ltd.,2026-04-30 11:22:16.078609
2026043001005153,HBL,38,58,10,200.3,2003.0,Dipshikha Dhitopatra Karobar Co. Pvt Ltd.,Naasa Securities Co. Ltd.,2026-04-30 11:22:51.013019
2026043001005154,HBL,38,57,10,201.0,2010.0,Dipshikha Dhitopatra Karobar Co. Pvt Ltd.,Aryatara Investment & Securities,2026-04-30 11:22:51.013286
2026043001005157,HBL,38,41,10,201.0,2010.0,Dipshikha Dhitopatra Karobar Co. Pvt Ltd.,Linch Stock Market Ltd.,2026-04-30 11:22:52.317125
2026043001005178,HBL,38,58,10,201.0,2010.0,Dipshikha Dhitopatra Karobar Co. Pvt Ltd.,Naasa Securities Co. Ltd.,2026-04-30 11:22:58.039827
2026043001005197,HBL,38,4,60,201.0,12060.0,Dipshikha Dhitopatra Karobar Co. Pvt Ltd.,Opal Securities Investment (PVT) Ltd.,2026-04-30 11:23:05.619934
2026043001005582,HBL,39,38,10,200.2,2002.0,Sumeru Securities Pvt. Ltd.,Dipshikha Dhitopatra Karobar Co. Pvt Ltd.,2026-04-30 11:24:16.322205
2026043001005599,HBL,39,34,10,200.2,2002.0,Sumeru Securities Pvt. Ltd.,Vision Securities Pvt. Ltd,2026-04-30 11:24:23.158927
2026043001005674,HBL,39,49,10,200.2,2002.0,Sumeru Securities Pvt. Ltd.,Online Securities Pvt. Ltd.,2026-04-30 11:24:40.494356
2026043001005730,HBL,39,34,10,200.2,2002.0,Sumeru Securities Pvt. Ltd.,Vision Securities Pvt. Ltd,2026-04-30 11:24:49.850731
2026043001005802,HBL,39,6,10,200.2,2002.0,Sumeru Securities Pvt. Ltd.,Agrawal Securities (PVT) Ltd.,2026-04-30 11:25:07.682208
2026043001006003,HBL,39,35,10,200.2,2002.0,Sumeru Securities Pvt. Ltd.,Kohinoor Investment & Securities Pvt. Ltd.,2026-04-30 11:25:49.693576
2026043001006056,HBL,39,42,230,200.2,46046.0,Sumeru Securities Pvt. Ltd.,Sani Securities Company Ltd.,2026-04-30 11:25:59.064850
2026043001006070,HBL,39,42,10,200.2,2002.0,Sumeru Securities Pvt. Ltd.,Sani Securities Company Ltd.,2026-04-30 11:26:05.089847
2026043001006263,HBL,39,35,10,200.2,2002.0,Sumeru Securities Pvt. Ltd.,Kohinoor Investment & Securities Pvt. Ltd.,2026-04-30 11:26:48.217445
2026043001006313,HBL,62,58,10,200.3,2003.0,Capital Max Securities Ltd,Naasa Securities Co. Ltd.,2026-04-30 11:27:02.440334
2026043001006442,HBL,39,44,52,200.4,10420.8,Sumeru Securities Pvt. Ltd.,Dynamic Money Managers Securities Pvt. Ltd.,2026-04-30 11:27:19.738190
2026043001006500,HBL,39,45,10,200.4,2004.0,Sumeru Securities Pvt. Ltd.,Imperial Securities Company Pvt. Ltd.,2026-04-30 11:27:32.676595
2026043001006517,HBL,39,20,10,200.4,2004.0,Sumeru Securities Pvt. Ltd.,Sipla Securities Private Limited,2026-04-30 11:27:36.731713
2026043001006584,HBL,39,34,10,200.4,2004.0,Sumeru Securities Pvt. Ltd.,Vision Securities Pvt. Ltd,2026-04-30 11:27:56.484779
2026043001006786,HBL,10,4,50,201.0,10050.0,Pragyan Securities (PVT) Ltd.,Opal Securities Investment (PVT) Ltd.,2026-04-30 11:28:51.968246
2026043001006927,HBL,36,72,10,200.5,2005.0,Secured Securities Ltd.,Hatemalo Financial Services Private Limited,2026-04-30 11:29:16.663179
2026043001006981,HBL,36,33,90,200.5,18045.0,Secured Securities Ltd.,Dakshinkali Investment & Securities Pvt. Ltd.,2026-04-30 11:29:26.539197
2026043001006982,HBL,39,33,10,200.4,2004.0,Sumeru Securities Pvt. Ltd.,Dakshinkali Investment & Securities Pvt. Ltd.,2026-04-30 11:29:26.539560
2026043001006988,HBL,39,47,10,200.4,2004.0,Sumeru Securities Pvt. Ltd.,Neev Securities Pvt. Ltd.,2026-04-30 11:29:28.016367
2026043001007022,HBL,58,4,90,201.0,18090.0,Naasa Securities Co. Ltd.,Opal Securities Investment (PVT) Ltd.,2026-04-30 11:29:34.470462
2026043001007023,HBL,58,52,10,201.0,2010.0,Naasa Securities Co. Ltd.,Sundhara Securities Limited,2026-04-30 11:29:34.470611
2026043001007024,HBL,58,41,10,201.0,2010.0,Naasa Securities Co. Ltd.,Linch Stock Market Ltd.,2026-04-30 11:29:34.470691
2026043001007025,HBL,58,39,10,201.0,2010.0,Naasa Securities Co. Ltd.,Sumeru Securities Pvt. Ltd.,2026-04-30 11:29:34.470765
2026043001007026,HBL,58,14,10,201.0,2010.0,Naasa Securities Co. Ltd.,Nepal Stock House (PVT) Ltd.,2026-04-30 11:29:34.470841
2026043001007027,HBL,58,45,10,201.0,2010.0,Naasa Securities Co. Ltd.,Imperial Securities Company Pvt. Ltd.,2026-04-30 11:29:34.470948
2026043001007028,HBL,58,54,10,201.0,2010.0,Naasa Securities Co. Ltd.,Sewa Securities Pvt. Ltd.,2026-04-30 11:29:34.471050
2026043001007029,HBL,58,14,10,201.0,2010.0,Naasa Securities Co. Ltd.,Nepal Stock House (PVT) Ltd.,2026-04-30 11:29:34.471124
2026043001007077,HBL,58,13,10,201.0,2010.0,Naasa Securities Co. Ltd.,Thrive Brokerage House Pvt. Ltd,2026-04-30 11:29:46.014153
2026043001007211,HBL,62,35,10,200.6,2006.0,Capital Max Securities Ltd,Kohinoor Investment & Securities Pvt. Ltd.,2026-04-30 11:30:30.943174
2026043001007225,HBL,62,25,10,201.5,2015.0,Capital Max Securities Ltd,Sweta Securities Private Limited,2026-04-30 11:30:34.682491
2026043001007231,HBL,62,26,10,200.6,2006.0,Capital Max Securities Ltd,Asian Securities Private Ltd.,2026-04-30 11:30:38.051309
2026043001007281,HBL,80,38,10,201.0,2010.0,Indira securities pvt. ltd,Dipshikha Dhitopatra Karobar Co. Pvt Ltd.,2026-04-30 11:30:46.756979
2026043001007284,HBL,80,26,10,201.0,2010.0,Indira securities pvt. ltd,Asian Securities Private Ltd.,2026-04-30 11:30:47.182056
2026043001007287,HBL,80,11,10,201.0,2010.0,Indira securities pvt. ltd,Malla & Malla Stock Broking Company Pvt. Limited,2026-04-30 11:30:48.175682
2026043001007319,HBL,80,26,10,201.0,2010.0,Indira securities pvt. ltd,Asian Securities Private Ltd.,2026-04-30 11:30:57.377046
2026043001007348,HBL,80,62,10,201.0,2010.0,Indira securities pvt. ltd,Capital Max Securities Ltd,2026-04-30 11:31:05.551995
2026043001007364,HBL,80,26,10,201.0,2010.0,Indira securities pvt. ltd,Asian Securities Private Ltd.,2026-04-30 11:31:10.268265
2026043001007407,HBL,80,26,10,201.0,2010.0,Indira securities pvt. ltd,Asian Securities Private Ltd.,2026-04-30 11:31:20.355966
2026043001007422,HBL,80,26,10,201.0,2010.0,Indira securities pvt. ltd,Asian Securities Private Ltd.,2026-04-30 11:31:29.143089
2026043001007460,HBL,52,49,10,201.5,2015.0,Sundhara Securities Limited,Online Securities Pvt. Ltd.,2026-04-30 11:31:32.205955
2026043001007477,HBL,52,11,10,201.5,2015.0,Sundhara Securities Limited,Malla & Malla Stock Broking Company Pvt. Limited,2026-04-30 11:31:36.668014
2026043001007534,HBL,52,36,10,201.5,2015.0,Sundhara Securities Limited,Secured Securities Ltd.,2026-04-30 11:31:50.993707
2026043001007544,HBL,80,96,10,201.0,2010.0,Indira securities pvt. ltd,Himalayan Securities Limited,2026-04-30 11:31:51.831280
2026043001007584,HBL,80,41,10,201.0,2010.0,Indira securities pvt. ltd,Linch Stock Market Ltd.,2026-04-30 11:32:12.477348
2026043001007598,HBL,59,26,10,201.0,2010.0,Deevyaa Securities & Stock House Pvt. Ltd,Asian Securities Private Ltd.,2026-04-30 11:32:19.315157
2026043001007619,HBL,59,26,10,201.0,2010.0,Deevyaa Securities & Stock House Pvt. Ltd,Asian Securities Private Ltd.,2026-04-30 11:32:29.065453
2026043001007687,HBL,41,13,50,201.9,10095.0,Linch Stock Market Ltd.,Thrive Brokerage House Pvt. Ltd,2026-04-30 11:32:54.425275
2026043001007689,HBL,59,40,10,201.0,2010.0,Deevyaa Securities & Stock House Pvt. Ltd,Creative Securities Pvt Ltd,2026-04-30 11:32:55.004548
2026043001007907,HBL,59,38,10,201.0,2010.0,Deevyaa Securities & Stock House Pvt. Ltd,Dipshikha Dhitopatra Karobar Co. Pvt Ltd.,2026-04-30 11:34:01.600688
2026043001007960,HBL,59,58,10,201.0,2010.0,Deevyaa Securities & Stock House Pvt. Ltd,Naasa Securities Co. Ltd.,2026-04-30 11:34:20.558747
2026043001007967,HBL,59,40,10,201.0,2010.0,Deevyaa Securities & Stock House Pvt. Ltd,Creative Securities Pvt Ltd,2026-04-30 11:34:22.083945
2026043001008003,HBL,59,17,10,201.0,2010.0,Deevyaa Securities & Stock House Pvt. Ltd,ABC Securities Private Limited,2026-04-30 11:34:27.237672
2026043001008042,HBL,59,75,10,201.0,2010.0,Deevyaa Securities & Stock House Pvt. Ltd,N.I.M.B. Stock Markets Limited,2026-04-30 11:34:36.734734
2026043001008222,HBL,42,13,22,201.9,4441.8,Sani Securities Company Ltd.,Thrive Brokerage House Pvt. Ltd,2026-04-30 11:35:34.071473
2026043001008254,HBL,59,21,10,201.0,2010.0,Deevyaa Securities & Stock House Pvt. Ltd,Midas Stock Broking Company Private Limited,2026-04-30 11:35:44.014045
2026043001008270,HBL,59,53,10,201.0,2010.0,Deevyaa Securities & Stock House Pvt. Ltd,Investment Management Nepal Pvt. Ltd.,2026-04-30 11:35:54.158110
2026043001008271,HBL,58,17,10,201.0,2010.0,Naasa Securities Co. Ltd.,ABC Securities Private Limited,2026-04-30 11:35:54.664667
2026043001008272,HBL,58,34,10,201.0,2010.0,Naasa Securities Co. Ltd.,Vision Securities Pvt. Ltd,2026-04-30 11:35:54.774003
2026043001008340,HBL,58,58,110,201.0,22110.0,Naasa Securities Co. Ltd.,Naasa Securities Co. Ltd.,2026-04-30 11:36:12.308411
2026043001008341,HBL,41,58,500,201.0,100500.0,Linch Stock Market Ltd.,Naasa Securities Co. Ltd.,2026-04-30 11:36:12.308772
2026043001008401,HBL,37,58,50,201.0,10050.0,Swarna Laxmi Securities Pvt. Ltd.,Naasa Securities Co. Ltd.,2026-04-30 11:36:35.582710
2026043001008563,HBL,17,58,10,201.0,2010.0,ABC Securities Private Limited,Naasa Securities Co. Ltd.,2026-04-30 11:37:35.301690
2026043001008591,HBL,29,38,10,200.7,2007.0,Trisul Securities & Invt. Ltd.,Dipshikha Dhitopatra Karobar Co. Pvt Ltd.,2026-04-30 11:37:44.154938
2026043001008793,HBL,29,22,10,200.7,2007.0,Trisul Securities & Invt. Ltd.,Siprabi Securities Pvt. Ltd.,2026-04-30 11:39:06.381154
2026043001008928,HBL,29,58,10,200.7,2007.0,Trisul Securities & Invt. Ltd.,Naasa Securities Co. Ltd.,2026-04-30 11:39:41.908695
2026043001008960,HBL,29,11,10,200.7,2007.0,Trisul Securities & Invt. Ltd.,Malla & Malla Stock Broking Company Pvt. Limited,2026-04-30 11:40:00.374750
2026043001009002,HBL,29,49,10,200.7,2007.0,Trisul Securities & Invt. Ltd.,Online Securities Pvt. Ltd.,2026-04-30 11:40:14.874124
2026043001009051,HBL,29,44,10,200.7,2007.0,Trisul Securities & Invt. Ltd.,Dynamic Money Managers Securities Pvt. Ltd.,2026-04-30 11:40:27.273706
2026043001009060,HBL,29,4,10,200.7,2007.0,Trisul Securities & Invt. Ltd.,Opal Securities Investment (PVT) Ltd.,2026-04-30 11:40:31.251163
2026043001009072,HBL,41,58,550,201.0,110550.0,Linch Stock Market Ltd.,Naasa Securities Co. Ltd.,2026-04-30 11:40:36.952590
2026043001009073,HBL,41,58,10,201.0,2010.0,Linch Stock Market Ltd.,Naasa Securities Co. Ltd.,2026-04-30 11:40:36.952786
2026043001009074,HBL,41,21,10,201.0,2010.0,Linch Stock Market Ltd.,Midas Stock Broking Company Private Limited,2026-04-30 11:40:36.952877
2026043001009075,HBL,41,46,60,201.0,12060.0,Linch Stock Market Ltd.,Kalika Securities Pvt. Ltd.,2026-04-30 11:40:36.952964
2026043001009097,HBL,3,58,16,200.8,3212.8,Arun Securities (PVT) Ltd.,Naasa Securities Co. Ltd.,2026-04-30 11:40:47.773145
2026043001009098,HBL,29,58,81,200.7,16256.7,Trisul Securities & Invt. Ltd.,Naasa Securities Co. Ltd.,2026-04-30 11:40:47.773550
2026043001009104,HBL,29,58,10,200.7,2007.0,Trisul Securities & Invt. Ltd.,Naasa Securities Co. Ltd.,2026-04-30 11:40:49.882817
2026043001009156,HBL,41,25,100,201.0,20100.0,Linch Stock Market Ltd.,Sweta Securities Private Limited,2026-04-30 11:41:13.218389
2026043001009177,HBL,58,62,10,200.5,2005.0,Naasa Securities Co. Ltd.,Capital Max Securities Ltd,2026-04-30 11:41:21.387675
2026043001009383,HBL,58,58,10,200.5,2005.0,Naasa Securities Co. Ltd.,Naasa Securities Co. Ltd.,2026-04-30 11:42:32.496526
2026043001009436,HBL,58,47,80,200.5,16040.0,Naasa Securities Co. Ltd.,Neev Securities Pvt. Ltd.,2026-04-30 11:42:47.854054
2026043001009445,HBL,39,39,10,200.4,2004.0,Sumeru Securities Pvt. Ltd.,Sumeru Securities Pvt. Ltd.,2026-04-30 11:42:54.625355
2026043001009472,HBL,39,49,10,200.4,2004.0,Sumeru Securities Pvt. Ltd.,Online Securities Pvt. Ltd.,2026-04-30 11:43:02.074006
2026043001009477,HBL,39,36,10,200.4,2004.0,Sumeru Securities Pvt. Ltd.,Secured Securities Ltd.,2026-04-30 11:43:04.262558
2026043001009527,HBL,17,47,235,200.5,47117.5,ABC Securities Private Limited,Neev Securities Pvt. Ltd.,2026-04-30 11:43:25.824440
2026043001009528,HBL,17,50,10,200.5,2005.0,ABC Securities Private Limited,Cristal Kanchanjanga Securites Pvt. Ltd.,2026-04-30 11:43:25.824657
2026043001009591,HBL,17,35,10,200.5,2005.0,ABC Securities Private Limited,Kohinoor Investment & Securities Pvt. Ltd.,2026-04-30 11:43:51.229563
2026043001009601,HBL,17,53,10,200.5,2005.0,ABC Securities Private Limited,Investment Management Nepal Pvt. Ltd.,2026-04-30 11:43:56.301287
2026043001009649,HBL,17,48,10,200.5,2005.0,ABC Securities Private Limited,Trishakti Securities Public Limited,2026-04-30 11:44:09.986466
2026043001009726,HBL,17,57,10,200.5,2005.0,ABC Securities Private Limited,Aryatara Investment & Securities,2026-04-30 11:44:37.172927
2026043001009747,HBL,17,34,10,200.5,2005.0,ABC Securities Private Limited,Vision Securities Pvt. Ltd,2026-04-30 11:44:43.396368
2026043001009791,HBL,17,94,10,200.5,2005.0,ABC Securities Private Limited,K.B.L. Securities Limited ,2026-04-30 11:44:48.318117
2026043001009863,HBL,17,58,10,200.5,2005.0,ABC Securities Private Limited,Naasa Securities Co. Ltd.,2026-04-30 11:45:14.352326
2026043001009868,HBL,17,49,10,200.5,2005.0,ABC Securities Private Limited,Online Securities Pvt. Ltd.,2026-04-30 11:45:16.681632
2026043001010082,HBL,17,40,10,200.5,2005.0,ABC Securities Private Limited,Creative Securities Pvt Ltd,2026-04-30 11:45:55.386631
2026043001010093,HBL,17,45,100,200.5,20050.0,ABC Securities Private Limited,Imperial Securities Company Pvt. Ltd.,2026-04-30 11:45:59.296629
2026043001010189,HBL,17,36,10,200.5,2005.0,ABC Securities Private Limited,Secured Securities Ltd.,2026-04-30 11:46:37.964944
2026043001010302,HBL,17,25,10,200.5,2005.0,ABC Securities Private Limited,Sweta Securities Private Limited,2026-04-30 11:47:18.054776
2026043001010313,HBL,17,57,10,200.5,2005.0,ABC Securities Private Limited,Aryatara Investment & Securities,2026-04-30 11:47:21.685571
2026043001010379,HBL,17,58,10,200.5,2005.0,ABC Securities Private Limited,Naasa Securities Co. Ltd.,2026-04-30 11:47:39.267081
2026043001010387,HBL,17,43,10,200.5,2005.0,ABC Securities Private Limited,South Asian Bulls Pvt. Ltd.,2026-04-30 11:47:46.457072
2026043001010422,HBL,17,49,10,200.5,2005.0,ABC Securities Private Limited,Online Securities Pvt. Ltd.,2026-04-30 11:47:59.758666
2026043001010429,HBL,17,62,10,200.5,2005.0,ABC Securities Private Limited,Capital Max Securities Ltd,2026-04-30 11:48:00.376661
2026043001010449,HBL,17,49,10,200.5,2005.0,ABC Securities Private Limited,Online Securities Pvt. Ltd.,2026-04-30 11:48:09.156250
2026043001010528,HBL,17,42,10,200.5,2005.0,ABC Securities Private Limited,Sani Securities Company Ltd.,2026-04-30 11:48:35.363291
2026043001010552,HBL,58,4,10,201.0,2010.0,Naasa Securities Co. Ltd.,Opal Securities Investment (PVT) Ltd.,2026-04-30 11:48:43.191108
2026043001010553,HBL,58,16,10,201.0,2010.0,Naasa Securities Co. Ltd.,Primo Securities (PVT) Ltd.,2026-04-30 11:48:43.191513
2026043001010634,HBL,17,3,10,200.5,2005.0,ABC Securities Private Limited,Arun Securities (PVT) Ltd.,2026-04-30 11:49:13.413823
2026043001010714,HBL,17,35,10,200.5,2005.0,ABC Securities Private Limited,Kohinoor Investment & Securities Pvt. Ltd.,2026-04-30 11:49:34.811301
2026043001010822,HBL,17,38,10,200.5,2005.0,ABC Securities Private Limited,Dipshikha Dhitopatra Karobar Co. Pvt Ltd.,2026-04-30 11:50:04.329487
2026043001010843,HBL,17,33,10,200.5,2005.0,ABC Securities Private Limited,Dakshinkali Investment & Securities Pvt. Ltd.,2026-04-30 11:50:13.743563
2026043001010916,HBL,38,52,10,200.6,2006.0,Dipshikha Dhitopatra Karobar Co. Pvt Ltd.,Sundhara Securities Limited,2026-04-30 11:50:40.651327
2026043001010962,HBL,38,42,10,200.6,2006.0,Dipshikha Dhitopatra Karobar Co. Pvt Ltd.,Sani Securities Company Ltd.,2026-04-30 11:50:54.467279
2026043001011051,HBL,38,53,10,200.6,2006.0,Dipshikha Dhitopatra Karobar Co. Pvt Ltd.,Investment Management Nepal Pvt. Ltd.,2026-04-30 11:51:25.757894
2026043001011116,HBL,63,58,10,201.0,2010.0,Himalayan Brokerage Company Limited,Naasa Securities Co. Ltd.,2026-04-30 11:51:36.638355
2026043001011117,HBL,63,58,10,201.0,2010.0,Himalayan Brokerage Company Limited,Naasa Securities Co. Ltd.,2026-04-30 11:51:36.638778
2026043001011118,HBL,63,58,10,201.0,2010.0,Himalayan Brokerage Company Limited,Naasa Securities Co. Ltd.,2026-04-30 11:51:36.639087
2026043001011205,HBL,38,6,10,200.6,2006.0,Dipshikha Dhitopatra Karobar Co. Pvt Ltd.,Agrawal Securities (PVT) Ltd.,2026-04-30 11:52:13.257169
2026043001011225,HBL,38,49,10,200.6,2006.0,Dipshikha Dhitopatra Karobar Co. Pvt Ltd.,Online Securities Pvt. Ltd.,2026-04-30 11:52:21.218456
2026043001011319,HBL,38,41,10,200.6,2006.0,Dipshikha Dhitopatra Karobar Co. Pvt Ltd.,Linch Stock Market Ltd.,2026-04-30 11:52:50.387245
2026043001011323,HBL,38,36,10,200.6,2006.0,Dipshikha Dhitopatra Karobar Co. Pvt Ltd.,Secured Securities Ltd.,2026-04-30 11:52:51.088802
2026043001011382,HBL,38,58,10,200.6,2006.0,Dipshikha Dhitopatra Karobar Co. Pvt Ltd.,Naasa Securities Co. Ltd.,2026-04-30 11:53:16.185402
2026043001011583,HBL,58,26,10,201.0,2010.0,Naasa Securities Co. Ltd.,Asian Securities Private Ltd.,2026-04-30 11:54:15.408742
2026043001011603,HBL,42,4,10,200.7,2007.0,Sani Securities Company Ltd.,Opal Securities Investment (PVT) Ltd.,2026-04-30 11:54:21.908069
2026043001011898,HBL,58,58,10,200.8,2008.0,Naasa Securities Co. Ltd.,Naasa Securities Co. Ltd.,2026-04-30 11:56:05.454232
2026043001011929,HBL,58,56,10,200.8,2008.0,Naasa Securities Co. Ltd.,Sri Hari Securities Pvt. Ltd.,2026-04-30 11:56:14.222562
2026043001011988,HBL,58,34,10,200.8,2008.0,Naasa Securities Co. Ltd.,Vision Securities Pvt. Ltd,2026-04-30 11:56:38.578991
2026043001012038,HBL,58,16,10,200.8,2008.0,Naasa Securities Co. Ltd.,Primo Securities (PVT) Ltd.,2026-04-30 11:56:56.976984
2026043001012055,HBL,58,38,10,200.8,2008.0,Naasa Securities Co. Ltd.,Dipshikha Dhitopatra Karobar Co. Pvt Ltd.,2026-04-30 11:57:03.521782
2026043001012099,HBL,42,7,10,200.7,2007.0,Sani Securities Company Ltd.,J.F. Securites (PVT) Ltd.,2026-04-30 11:57:17.088082
2026043001012105,HBL,57,39,10,201.0,2010.0,Aryatara Investment & Securities,Sumeru Securities Pvt. Ltd.,2026-04-30 11:57:19.381958
2026043001012106,HBL,57,58,10,201.0,2010.0,Aryatara Investment & Securities,Naasa Securities Co. Ltd.,2026-04-30 11:57:19.382458
2026043001012134,HBL,42,25,10,200.7,2007.0,Sani Securities Company Ltd.,Sweta Securities Private Limited,2026-04-30 11:57:28.642496
2026043001012176,HBL,42,58,10,200.7,2007.0,Sani Securities Company Ltd.,Naasa Securities Co. Ltd.,2026-04-30 11:57:45.837105
2026043001012192,HBL,42,7,10,200.7,2007.0,Sani Securities Company Ltd.,J.F. Securites (PVT) Ltd.,2026-04-30 11:57:51.215920
2026043001012205,HBL,42,49,10,200.7,2007.0,Sani Securities Company Ltd.,Online Securities Pvt. Ltd.,2026-04-30 11:57:57.163077
2026043001012215,HBL,42,34,10,200.8,2008.0,Sani Securities Company Ltd.,Vision Securities Pvt. Ltd,2026-04-30 11:58:00.183856
2026043001012227,HBL,42,49,10,200.8,2008.0,Sani Securities Company Ltd.,Online Securities Pvt. Ltd.,2026-04-30 11:58:04.871160
2026043001012238,HBL,42,45,10,200.8,2008.0,Sani Securities Company Ltd.,Imperial Securities Company Pvt. Ltd.,2026-04-30 11:58:08.248134
2026043001012250,HBL,38,58,50,201.0,10050.0,Dipshikha Dhitopatra Karobar Co. Pvt Ltd.,Naasa Securities Co. Ltd.,2026-04-30 11:58:10.980295
2026043001012272,HBL,42,58,10,200.8,2008.0,Sani Securities Company Ltd.,Naasa Securities Co. Ltd.,2026-04-30 11:58:19.991283
2026043001012318,HBL,42,46,10,200.8,2008.0,Sani Securities Company Ltd.,Kalika Securities Pvt. Ltd.,2026-04-30 11:58:36.565337
2026043001012359,HBL,42,25,10,200.8,2008.0,Sani Securities Company Ltd.,Sweta Securities Private Limited,2026-04-30 11:58:50.783612
2026043001012408,HBL,42,38,10,200.8,2008.0,Sani Securities Company Ltd.,Dipshikha Dhitopatra Karobar Co. Pvt Ltd.,2026-04-30 11:59:12.277560
2026043001012424,HBL,77,58,430,201.0,86430.0,Nabil Stock Dealer Ltd.,Naasa Securities Co. Ltd.,2026-04-30 11:59:16.068519
2026043001012425,HBL,77,51,70,201.0,14070.0,Nabil Stock Dealer Ltd.,Oxford Securities Pvt. Ltd.,2026-04-30 11:59:16.068757
2026043001012626,HBL,42,58,10,200.8,2008.0,Sani Securities Company Ltd.,Naasa Securities Co. Ltd.,2026-04-30 12:00:05.835770
2026043001012641,HBL,38,51,15,201.0,3015.0,Dipshikha Dhitopatra Karobar Co. Pvt Ltd.,Oxford Securities Pvt. Ltd.,2026-04-30 12:00:11.252369
2026043001012713,HBL,42,42,10,200.8,2008.0,Sani Securities Company Ltd.,Sani Securities Company Ltd.,2026-04-30 12:00:31.015649
2026043001012715,HBL,42,90,10,200.8,2008.0,Sani Securities Company Ltd.,Sajilo Broker Limited,2026-04-30 12:00:33.034221
2026043001012829,HBL,42,45,10,200.7,2007.0,Sani Securities Company Ltd.,Imperial Securities Company Pvt. Ltd.,2026-04-30 12:01:17.416903
2026043001012849,HBL,42,74,10,200.7,2007.0,Sani Securities Company Ltd.,KALASH STOCK MARKET PVT. LTD.,2026-04-30 12:01:30.785677
2026043001012853,HBL,42,57,10,200.7,2007.0,Sani Securities Company Ltd.,Aryatara Investment & Securities,2026-04-30 12:01:32.966424
2026043001012902,HBL,22,25,10,200.8,2008.0,Siprabi Securities Pvt. Ltd.,Sweta Securities Private Limited,2026-04-30 12:01:54.715624
2026043001012996,HBL,42,29,10,200.7,2007.0,Sani Securities Company Ltd.,Trisul Securities & Invt. Ltd.,2026-04-30 12:02:28.913964
2026043001013041,HBL,38,57,10,200.6,2006.0,Dipshikha Dhitopatra Karobar Co. Pvt Ltd.,Aryatara Investment & Securities,2026-04-30 12:02:46.823128
2026043001013069,HBL,38,42,10,200.6,2006.0,Dipshikha Dhitopatra Karobar Co. Pvt Ltd.,Sani Securities Company Ltd.,2026-04-30 12:02:58.475705
2026043001013087,HBL,17,51,115,200.5,23057.5,ABC Securities Private Limited,Oxford Securities Pvt. Ltd.,2026-04-30 12:03:07.929504
2026043001013167,HBL,17,94,10,200.5,2005.0,ABC Securities Private Limited,K.B.L. Securities Limited ,2026-04-30 12:03:35.470627
2026043001013198,HBL,17,32,10,200.5,2005.0,ABC Securities Private Limited,Premier Securities Company Ltd.,2026-04-30 12:03:47.478092
2026043001013212,HBL,17,25,10,200.5,2005.0,ABC Securities Private Limited,Sweta Securities Private Limited,2026-04-30 12:03:50.452766
2026043001013214,HBL,17,58,10,200.5,2005.0,ABC Securities Private Limited,Naasa Securities Co. Ltd.,2026-04-30 12:03:50.879246
2026043001013287,HBL,17,39,10,200.5,2005.0,ABC Securities Private Limited,Sumeru Securities Pvt. Ltd.,2026-04-30 12:04:26.276555
2026043001013335,HBL,17,42,10,200.5,2005.0,ABC Securities Private Limited,Sani Securities Company Ltd.,2026-04-30 12:04:29.168834
2026043001013413,HBL,58,6,10,200.6,2006.0,Naasa Securities Co. Ltd.,Agrawal Securities (PVT) Ltd.,2026-04-30 12:04:47.711758
2026043001013428,HBL,58,14,10,200.6,2006.0,Naasa Securities Co. Ltd.,Nepal Stock House (PVT) Ltd.,2026-04-30 12:04:58.120659
2026043001013558,HBL,58,11,10,200.6,2006.0,Naasa Securities Co. Ltd.,Malla & Malla Stock Broking Company Pvt. Limited,2026-04-30 12:05:37.445307
2026043001013561,HBL,58,38,10,200.6,2006.0,Naasa Securities Co. Ltd.,Dipshikha Dhitopatra Karobar Co. Pvt Ltd.,2026-04-30 12:05:40.449785
2026043001013563,HBL,58,49,10,200.6,2006.0,Naasa Securities Co. Ltd.,Online Securities Pvt. Ltd.,2026-04-30 12:05:41.148291
2026043001013628,HBL,42,25,10,200.6,2006.0,Sani Securities Company Ltd.,Sweta Securities Private Limited,2026-04-30 12:06:14.724322
2026043001013652,HBL,17,19,10,200.5,2005.0,ABC Securities Private Limited,Nepal Investment And Securities Trading Private Limited,2026-04-30 12:06:27.976206
2026043001013669,HBL,17,96,10,200.5,2005.0,ABC Securities Private Limited,Himalayan Securities Limited,2026-04-30 12:06:32.867605
2026043001013698,HBL,17,58,10,200.5,2005.0,ABC Securities Private Limited,Naasa Securities Co. Ltd.,2026-04-30 12:06:43.816961
2026043001013725,HBL,17,58,10,200.5,2005.0,ABC Securities Private Limited,Naasa Securities Co. Ltd.,2026-04-30 12:06:51.176531
2026043001013752,HBL,17,58,10,200.5,2005.0,ABC Securities Private Limited,Naasa Securities Co. Ltd.,2026-04-30 12:07:02.067596
2026043001013789,HBL,58,34,10,200.6,2006.0,Naasa Securities Co. Ltd.,Vision Securities Pvt. Ltd,2026-04-30 12:07:21.483005
2026043001013876,HBL,17,36,10,200.5,2005.0,ABC Securities Private Limited,Secured Securities Ltd.,2026-04-30 12:08:02.574066
2026043001013922,HBL,17,45,10,200.5,2005.0,ABC Securities Private Limited,Imperial Securities Company Pvt. Ltd.,2026-04-30 12:08:23.170531
2026043001013956,HBL,17,49,10,200.5,2005.0,ABC Securities Private Limited,Online Securities Pvt. Ltd.,2026-04-30 12:08:27.325341
2026043001014089,HBL,17,49,10,200.5,2005.0,ABC Securities Private Limited,Online Securities Pvt. Ltd.,2026-04-30 12:09:05.733572
2026043001014118,HBL,17,35,10,200.7,2007.0,ABC Securities Private Limited,Kohinoor Investment & Securities Pvt. Ltd.,2026-04-30 12:09:14.001900
2026043001014119,HBL,17,58,10,200.7,2007.0,ABC Securities Private Limited,Naasa Securities Co. Ltd.,2026-04-30 12:09:14.002474
2026043001014156,HBL,17,11,10,200.5,2005.0,ABC Securities Private Limited,Malla & Malla Stock Broking Company Pvt. Limited,2026-04-30 12:09:26.349661
2026043001014215,HBL,17,36,10,200.5,2005.0,ABC Securities Private Limited,Secured Securities Ltd.,2026-04-30 12:09:36.730971
2026043001014221,HBL,17,58,10,200.5,2005.0,ABC Securities Private Limited,Naasa Securities Co. Ltd.,2026-04-30 12:09:41.205403
2026043001014226,HBL,17,49,10,200.5,2005.0,ABC Securities Private Limited,Online Securities Pvt. Ltd.,2026-04-30 12:09:44.840507
2026043001014265,HBL,17,39,10,200.5,2005.0,ABC Securities Private Limited,Sumeru Securities Pvt. Ltd.,2026-04-30 12:09:56.050625
2026043001014341,HBL,17,58,10,200.5,2005.0,ABC Securities Private Limited,Naasa Securities Co. Ltd.,2026-04-30 12:10:31.093058
2026043001014460,HBL,17,4,10,200.5,2005.0,ABC Securities Private Limited,Opal Securities Investment (PVT) Ltd.,2026-04-30 12:11:22.177339
2026043001014477,HBL,17,57,10,200.5,2005.0,ABC Securities Private Limited,Aryatara Investment & Securities,2026-04-30 12:11:26.825720
2026043001014481,HBL,17,1,10,200.5,2005.0,ABC Securities Private Limited,Kumari Securities Private Limited,2026-04-30 12:11:29.679301
2026043001014485,HBL,17,38,80,200.5,16040.0,ABC Securities Private Limited,Dipshikha Dhitopatra Karobar Co. Pvt Ltd.,2026-04-30 12:11:31.061220
2026043001014486,HBL,35,38,370,200.5,74185.0,Kohinoor Investment & Securities Pvt. Ltd.,Dipshikha Dhitopatra Karobar Co. Pvt Ltd.,2026-04-30 12:11:31.061747
2026043001014487,HBL,35,58,10,200.5,2005.0,Kohinoor Investment & Securities Pvt. Ltd.,Naasa Securities Co. Ltd.,2026-04-30 12:11:32.120567
2026043001014500,HBL,35,58,10,200.5,2005.0,Kohinoor Investment & Securities Pvt. Ltd.,Naasa Securities Co. Ltd.,2026-04-30 12:11:38.552416
2026043001014506,HBL,35,10,10,200.5,2005.0,Kohinoor Investment & Securities Pvt. Ltd.,Pragyan Securities (PVT) Ltd.,2026-04-30 12:11:40.004915
2026043001014509,HBL,38,83,10,200.5,2005.0,Dipshikha Dhitopatra Karobar Co. Pvt Ltd.,Sanima Securities Limited,2026-04-30 12:11:41.194255
2026043001014543,HBL,38,34,10,200.5,2005.0,Dipshikha Dhitopatra Karobar Co. Pvt Ltd.,Vision Securities Pvt. Ltd,2026-04-30 12:11:50.159647
2026043001014574,HBL,29,38,10,200.5,2005.0,Trisul Securities & Invt. Ltd.,Dipshikha Dhitopatra Karobar Co. Pvt Ltd.,2026-04-30 12:11:59.174213
2026043001014654,HBL,29,57,10,200.5,2005.0,Trisul Securities & Invt. Ltd.,Aryatara Investment & Securities,2026-04-30 12:12:28.194337
2026043001014708,HBL,29,58,23,200.5,4611.5,Trisul Securities & Invt. Ltd.,Naasa Securities Co. Ltd.,2026-04-30 12:12:45.658115
2026043001014782,HBL,29,39,10,200.5,2005.0,Trisul Securities & Invt. Ltd.,Sumeru Securities Pvt. Ltd.,2026-04-30 12:13:17.879410
2026043001014787,HBL,29,41,10,200.5,2005.0,Trisul Securities & Invt. Ltd.,Linch Stock Market Ltd.,2026-04-30 12:13:19.374589
2026043001014830,HBL,29,17,10,200.5,2005.0,Trisul Securities & Invt. Ltd.,ABC Securities Private Limited,2026-04-30 12:13:34.415222
2026043001014905,HBL,29,38,10,200.5,2005.0,Trisul Securities & Invt. Ltd.,Dipshikha Dhitopatra Karobar Co. Pvt Ltd.,2026-04-30 12:13:58.156841
2026043001014926,HBL,29,58,10,200.5,2005.0,Trisul Securities & Invt. Ltd.,Naasa Securities Co. Ltd.,2026-04-30 12:14:08.333438
2026043001014927,HBL,22,32,10,201.0,2010.0,Siprabi Securities Pvt. Ltd.,Premier Securities Company Ltd.,2026-04-30 12:14:08.407582
2026043001014928,HBL,22,58,10,201.0,2010.0,Siprabi Securities Pvt. Ltd.,Naasa Securities Co. Ltd.,2026-04-30 12:14:08.408147
2026043001014929,HBL,22,58,10,201.0,2010.0,Siprabi Securities Pvt. Ltd.,Naasa Securities Co. Ltd.,2026-04-30 12:14:08.408569
2026043001014930,HBL,22,52,10,201.0,2010.0,Siprabi Securities Pvt. Ltd.,Sundhara Securities Limited,2026-04-30 12:14:08.408977
2026043001014979,HBL,29,42,10,200.5,2005.0,Trisul Securities & Invt. Ltd.,Sani Securities Company Ltd.,2026-04-30 12:14:27.563511
2026043001015051,HBL,29,57,10,200.5,2005.0,Trisul Securities & Invt. Ltd.,Aryatara Investment & Securities,2026-04-30 12:14:56.151404
2026043001015089,HBL,41,58,10,201.0,2010.0,Linch Stock Market Ltd.,Naasa Securities Co. Ltd.,2026-04-30 12:15:07.269660
2026043001015090,HBL,41,14,90,201.0,18090.0,Linch Stock Market Ltd.,Nepal Stock House (PVT) Ltd.,2026-04-30 12:15:07.269937
2026043001015194,HBL,29,10,10,200.5,2005.0,Trisul Securities & Invt. Ltd.,Pragyan Securities (PVT) Ltd.,2026-04-30 12:15:43.383544
2026043001015231,HBL,74,14,83,201.0,16683.0,KALASH STOCK MARKET PVT. LTD.,Nepal Stock House (PVT) Ltd.,2026-04-30 12:15:58.027057
2026043001015242,HBL,29,91,10,200.5,2005.0,Trisul Securities & Invt. Ltd.,Citizens Share Broker Limited,2026-04-30 12:16:03.075296
2026043001015244,HBL,29,35,10,200.5,2005.0,Trisul Securities & Invt. Ltd.,Kohinoor Investment & Securities Pvt. Ltd.,2026-04-30 12:16:04.031787
2026043001015319,HBL,29,41,10,200.5,2005.0,Trisul Securities & Invt. Ltd.,Linch Stock Market Ltd.,2026-04-30 12:16:25.007993
2026043001015367,HBL,29,14,10,201.0,2010.0,Trisul Securities & Invt. Ltd.,Nepal Stock House (PVT) Ltd.,2026-04-30 12:16:42.752091
2026043001015665,HBL,29,58,10,200.5,2005.0,Trisul Securities & Invt. Ltd.,Naasa Securities Co. Ltd.,2026-04-30 12:18:23.035260
2026043001015671,HBL,29,49,10,200.5,2005.0,Trisul Securities & Invt. Ltd.,Online Securities Pvt. Ltd.,2026-04-30 12:18:28.948418
2026043001015815,HBL,29,38,10,200.5,2005.0,Trisul Securities & Invt. Ltd.,Dipshikha Dhitopatra Karobar Co. Pvt Ltd.,2026-04-30 12:19:20.530202
2026043001015829,HBL,29,25,10,200.5,2005.0,Trisul Securities & Invt. Ltd.,Sweta Securities Private Limited,2026-04-30 12:19:26.549304
2026043001015831,HBL,29,58,10,200.5,2005.0,Trisul Securities & Invt. Ltd.,Naasa Securities Co. Ltd.,2026-04-30 12:19:28.137220
2026043001015848,HBL,29,14,10,201.0,2010.0,Trisul Securities & Invt. Ltd.,Nepal Stock House (PVT) Ltd.,2026-04-30 12:19:31.869296
2026043001015872,HBL,58,45,10,200.8,2008.0,Naasa Securities Co. Ltd.,Imperial Securities Company Pvt. Ltd.,2026-04-30 12:19:44.852185
2026043001016034,HBL,29,25,10,200.5,2005.0,Trisul Securities & Invt. Ltd.,Sweta Securities Private Limited,2026-04-30 12:20:59.038464
2026043001016058,HBL,29,58,10,201.0,2010.0,Trisul Securities & Invt. Ltd.,Naasa Securities Co. Ltd.,2026-04-30 12:21:09.997781
2026043001016130,HBL,34,35,10,200.8,2008.0,Vision Securities Pvt. Ltd,Kohinoor Investment & Securities Pvt. Ltd.,2026-04-30 12:21:44.381064
2026043001016171,HBL,34,41,10,200.8,2008.0,Vision Securities Pvt. Ltd,Linch Stock Market Ltd.,2026-04-30 12:21:59.546546
2026043001016184,HBL,34,14,10,200.8,2008.0,Vision Securities Pvt. Ltd,Nepal Stock House (PVT) Ltd.,2026-04-30 12:22:06.610198
2026043001016203,HBL,34,58,10,200.8,2008.0,Vision Securities Pvt. Ltd,Naasa Securities Co. Ltd.,2026-04-30 12:22:15.504985
2026043001016294,HBL,34,38,10,200.8,2008.0,Vision Securities Pvt. Ltd,Dipshikha Dhitopatra Karobar Co. Pvt Ltd.,2026-04-30 12:23:00.339600
2026043001016507,HBL,34,42,10,200.8,2008.0,Vision Securities Pvt. Ltd,Sani Securities Company Ltd.,2026-04-30 12:24:20.120540
2026043001016535,HBL,34,50,10,200.8,2008.0,Vision Securities Pvt. Ltd,Cristal Kanchanjanga Securites Pvt. Ltd.,2026-04-30 12:24:31.275596
2026043001016567,HBL,57,58,10,201.0,2010.0,Aryatara Investment & Securities,Naasa Securities Co. Ltd.,2026-04-30 12:24:46.359790
2026043001016568,HBL,57,49,10,201.0,2010.0,Aryatara Investment & Securities,Online Securities Pvt. Ltd.,2026-04-30 12:24:46.360427
2026043001016600,HBL,34,58,10,200.8,2008.0,Vision Securities Pvt. Ltd,Naasa Securities Co. Ltd.,2026-04-30 12:24:56.448657
2026043001016610,HBL,34,7,10,200.8,2008.0,Vision Securities Pvt. Ltd,J.F. Securites (PVT) Ltd.,2026-04-30 12:25:06.482610
2026043001016795,HBL,34,26,10,200.8,2008.0,Vision Securities Pvt. Ltd,Asian Securities Private Ltd.,2026-04-30 12:25:43.928772
2026043001017012,HBL,45,22,10,201.0,2010.0,Imperial Securities Company Pvt. Ltd.,Siprabi Securities Pvt. Ltd.,2026-04-30 12:27:02.326866
2026043001017013,HBL,45,21,56,201.0,11256.0,Imperial Securities Company Pvt. Ltd.,Midas Stock Broking Company Private Limited,2026-04-30 12:27:02.327526
2026043001017014,HBL,45,57,10,201.0,2010.0,Imperial Securities Company Pvt. Ltd.,Aryatara Investment & Securities,2026-04-30 12:27:02.327972
2026043001017015,HBL,45,94,124,201.0,24924.0,Imperial Securities Company Pvt. Ltd.,K.B.L. Securities Limited ,2026-04-30 12:27:02.328414
2026043001017155,HBL,34,25,10,201.0,2010.0,Vision Securities Pvt. Ltd,Sweta Securities Private Limited,2026-04-30 12:28:07.378640
2026043001017156,HBL,34,75,10,201.0,2010.0,Vision Securities Pvt. Ltd,N.I.M.B. Stock Markets Limited,2026-04-30 12:28:07.612165
2026043001017192,HBL,34,49,10,201.0,2010.0,Vision Securities Pvt. Ltd,Online Securities Pvt. Ltd.,2026-04-30 12:28:28.410307
2026043001017238,HBL,58,6,10,201.5,2015.0,Naasa Securities Co. Ltd.,Agrawal Securities (PVT) Ltd.,2026-04-30 12:28:54.209700
2026043001017253,HBL,58,58,10,201.6,2016.0,Naasa Securities Co. Ltd.,Naasa Securities Co. Ltd.,2026-04-30 12:29:02.148990
2026043001017278,HBL,34,66,120,201.0,24120.0,Vision Securities Pvt. Ltd,Miyo Securities Pvt Ltd,2026-04-30 12:29:11.950411
2026043001017279,HBL,29,66,26,201.0,5226.0,Trisul Securities & Invt. Ltd.,Miyo Securities Pvt Ltd,2026-04-30 12:29:11.950757
2026043001017299,HBL,58,25,65,201.7,13110.5,Naasa Securities Co. Ltd.,Sweta Securities Private Limited,2026-04-30 12:29:23.600132
2026043001017385,HBL,45,25,35,201.7,7059.5,Imperial Securities Company Pvt. Ltd.,Sweta Securities Private Limited,2026-04-30 12:30:00.140252
2026043001017386,HBL,45,58,15,201.8,3027.0,Imperial Securities Company Pvt. Ltd.,Naasa Securities Co. Ltd.,2026-04-30 12:30:00.140861
2026043001017399,HBL,29,7,10,201.0,2010.0,Trisul Securities & Invt. Ltd.,J.F. Securites (PVT) Ltd.,2026-04-30 12:30:04.058097
2026043001017466,HBL,29,45,10,201.0,2010.0,Trisul Securities & Invt. Ltd.,Imperial Securities Company Pvt. Ltd.,2026-04-30 12:30:48.103987
2026043001017474,HBL,29,89,10,201.0,2010.0,Trisul Securities & Invt. Ltd.,Global IME Securities Limited,2026-04-30 12:30:51.564331
2026043001017524,HBL,29,21,10,201.0,2010.0,Trisul Securities & Invt. Ltd.,Midas Stock Broking Company Private Limited,2026-04-30 12:31:17.262886
2026043001017599,HBL,29,58,10,201.0,2010.0,Trisul Securities & Invt. Ltd.,Naasa Securities Co. Ltd.,2026-04-30 12:31:33.716083
2026043001017745,HBL,29,42,10,201.0,2010.0,Trisul Securities & Invt. Ltd.,Sani Securities Company Ltd.,2026-04-30 12:32:32.374297
2026043001017992,HBL,32,38,10,201.1,2011.0,Premier Securities Company Ltd.,Dipshikha Dhitopatra Karobar Co. Pvt Ltd.,2026-04-30 12:33:54.756522
2026043001018239,HBL,32,57,10,201.1,2011.0,Premier Securities Company Ltd.,Aryatara Investment & Securities,2026-04-30 12:35:36.169127
2026043001018309,HBL,43,58,65,201.8,13117.0,South Asian Bulls Pvt. Ltd.,Naasa Securities Co. Ltd.,2026-04-30 12:36:08.030682
2026043001018310,HBL,43,4,10,201.8,2018.0,South Asian Bulls Pvt. Ltd.,Opal Securities Investment (PVT) Ltd.,2026-04-30 12:36:08.030998
2026043001018327,HBL,32,38,10,201.1,2011.0,Premier Securities Company Ltd.,Dipshikha Dhitopatra Karobar Co. Pvt Ltd.,2026-04-30 12:36:20.768974
2026043001018372,HBL,32,62,44,201.1,8848.4,Premier Securities Company Ltd.,Capital Max Securities Ltd,2026-04-30 12:36:36.251815
2026043001018384,HBL,32,54,10,201.1,2011.0,Premier Securities Company Ltd.,Sewa Securities Pvt. Ltd.,2026-04-30 12:36:42.501596
2026043001018427,HBL,43,13,245,201.9,49465.5,South Asian Bulls Pvt. Ltd.,Thrive Brokerage House Pvt. Ltd,2026-04-30 12:37:14.997233
2026043001018452,HBL,32,39,10,201.1,2011.0,Premier Securities Company Ltd.,Sumeru Securities Pvt. Ltd.,2026-04-30 12:37:26.601848
2026043001018522,HBL,42,56,10,201.4,2014.0,Sani Securities Company Ltd.,Sri Hari Securities Pvt. Ltd.,2026-04-30 12:38:00.053388
2026043001018523,HBL,42,57,10,201.6,2016.0,Sani Securities Company Ltd.,Aryatara Investment & Securities,2026-04-30 12:38:00.053756
2026043001018524,HBL,42,13,30,201.9,6057.0,Sani Securities Company Ltd.,Thrive Brokerage House Pvt. Ltd,2026-04-30 12:38:00.053911
2026043001018530,HBL,32,40,10,201.1,2011.0,Premier Securities Company Ltd.,Creative Securities Pvt Ltd,2026-04-30 12:38:05.402523
2026043001018578,HBL,32,58,10,201.1,2011.0,Premier Securities Company Ltd.,Naasa Securities Co. Ltd.,2026-04-30 12:38:16.971390
2026043001018582,HBL,32,51,10,201.1,2011.0,Premier Securities Company Ltd.,Oxford Securities Pvt. Ltd.,2026-04-30 12:38:18.652294
2026043001018659,HBL,58,66,10,201.2,2012.0,Naasa Securities Co. Ltd.,Miyo Securities Pvt Ltd,2026-04-30 12:38:55.499114
2026043001018660,HBL,62,43,8,200.0,1600.0,Capital Max Securities Ltd,South Asian Bulls Pvt. Ltd.,2026-04-30 12:38:56.246899
2026043001018682,HBL,62,94,6,201.0,1206.0,Capital Max Securities Ltd,K.B.L. Securities Limited ,2026-04-30 12:39:12.329403
2026043001018767,HBL,58,35,10,201.2,2012.0,Naasa Securities Co. Ltd.,Kohinoor Investment & Securities Pvt. Ltd.,2026-04-30 12:39:38.016457
2026043001018806,HBL,42,13,100,201.9,20190.0,Sani Securities Company Ltd.,Thrive Brokerage House Pvt. Ltd,2026-04-30 12:39:56.847378
2026043001018825,HBL,42,13,25,201.9,5047.5,Sani Securities Company Ltd.,Thrive Brokerage House Pvt. Ltd,2026-04-30 12:40:12.269082
2026043001019004,HBL,58,58,10,201.2,2012.0,Naasa Securities Co. Ltd.,Naasa Securities Co. Ltd.,2026-04-30 12:41:44.279753
2026043001019041,HBL,17,58,10,201.3,2013.0,ABC Securities Private Limited,Naasa Securities Co. Ltd.,2026-04-30 12:42:02.550864
2026043001019074,HBL,17,7,10,201.3,2013.0,ABC Securities Private Limited,J.F. Securites (PVT) Ltd.,2026-04-30 12:42:18.760764
2026043001019618,HBL,17,7,10,201.3,2013.0,ABC Securities Private Limited,J.F. Securites (PVT) Ltd.,2026-04-30 12:44:33.668208
2026043001019672,HBL,17,22,10,201.3,2013.0,ABC Securities Private Limited,Siprabi Securities Pvt. Ltd.,2026-04-30 12:44:58.995180
2026043001019755,HBL,17,49,10,201.3,2013.0,ABC Securities Private Limited,Online Securities Pvt. Ltd.,2026-04-30 12:45:21.145883
2026043001019762,HBL,51,57,25,201.5,5037.5,Oxford Securities Pvt. Ltd.,Aryatara Investment & Securities,2026-04-30 12:45:22.566542
2026043001019826,HBL,17,42,10,201.3,2013.0,ABC Securities Private Limited,Sani Securities Company Ltd.,2026-04-30 12:45:50.779101
2026043001019851,HBL,17,6,10,201.3,2013.0,ABC Securities Private Limited,Agrawal Securities (PVT) Ltd.,2026-04-30 12:46:04.216899
2026043001019853,HBL,38,57,100,201.5,20150.0,Dipshikha Dhitopatra Karobar Co. Pvt Ltd.,Aryatara Investment & Securities,2026-04-30 12:46:05.276945
2026043001019873,HBL,17,58,10,201.3,2013.0,ABC Securities Private Limited,Naasa Securities Co. Ltd.,2026-04-30 12:46:07.149362
2026043001019973,HBL,17,49,10,201.3,2013.0,ABC Securities Private Limited,Online Securities Pvt. Ltd.,2026-04-30 12:46:27.756594
2026043001019982,HBL,17,4,10,201.3,2013.0,ABC Securities Private Limited,Opal Securities Investment (PVT) Ltd.,2026-04-30 12:46:35.556107
2026043001020007,HBL,22,57,139,201.5,28008.5,Siprabi Securities Pvt. Ltd.,Aryatara Investment & Securities,2026-04-30 12:46:51.611562
2026043001020128,HBL,22,57,10,201.5,2015.0,Siprabi Securities Pvt. Ltd.,Aryatara Investment & Securities,2026-04-30 12:47:52.761229
2026043001020156,HBL,22,42,10,201.5,2015.0,Siprabi Securities Pvt. Ltd.,Sani Securities Company Ltd.,2026-04-30 12:48:02.859306
2026043001020171,HBL,58,53,314,201.6,63302.4,Naasa Securities Co. Ltd.,Investment Management Nepal Pvt. Ltd.,2026-04-30 12:48:09.156697
2026043001020201,HBL,58,38,10,201.6,2016.0,Naasa Securities Co. Ltd.,Dipshikha Dhitopatra Karobar Co. Pvt Ltd.,2026-04-30 12:48:16.277585
2026043001020243,HBL,22,25,41,201.7,8269.7,Siprabi Securities Pvt. Ltd.,Sweta Securities Private Limited,2026-04-30 12:48:30.265406
2026043001020345,HBL,58,58,10,201.6,2016.0,Naasa Securities Co. Ltd.,Naasa Securities Co. Ltd.,2026-04-30 12:49:34.676291
2026043001020373,HBL,58,49,10,201.6,2016.0,Naasa Securities Co. Ltd.,Online Securities Pvt. Ltd.,2026-04-30 12:49:51.359293
2026043001020427,HBL,58,40,10,201.6,2016.0,Naasa Securities Co. Ltd.,Creative Securities Pvt Ltd,2026-04-30 12:50:17.755624
2026043001020580,HBL,58,50,10,201.6,2016.0,Naasa Securities Co. Ltd.,Cristal Kanchanjanga Securites Pvt. Ltd.,2026-04-30 12:51:07.608470
2026043001020602,HBL,32,25,59,201.7,11900.3,Premier Securities Company Ltd.,Sweta Securities Private Limited,2026-04-30 12:51:24.020077
2026043001020685,HBL,32,28,217,201.7,43768.9,Premier Securities Company Ltd.,Shree Krishna Securities Ltd.,2026-04-30 12:51:57.816210
2026043001020686,HBL,17,28,100,201.3,20130.0,ABC Securities Private Limited,Shree Krishna Securities Ltd.,2026-04-30 12:51:57.816933
2026043001020687,HBL,6,28,100,201.3,20130.0,Agrawal Securities (PVT) Ltd.,Shree Krishna Securities Ltd.,2026-04-30 12:51:57.817448
2026043001020688,HBL,58,28,10,201.2,2012.0,Naasa Securities Co. Ltd.,Shree Krishna Securities Ltd.,2026-04-30 12:51:57.817939
2026043001020689,HBL,38,28,500,201.2,100600.0,Dipshikha Dhitopatra Karobar Co. Pvt Ltd.,Shree Krishna Securities Ltd.,2026-04-30 12:51:57.818419
2026043001020690,HBL,29,28,69,201.0,13869.0,Trisul Securities & Invt. Ltd.,Shree Krishna Securities Ltd.,2026-04-30 12:51:57.818950
2026043001020744,HBL,29,13,10,201.9,2019.0,Trisul Securities & Invt. Ltd.,Thrive Brokerage House Pvt. Ltd,2026-04-30 12:52:18.208399
2026043001020798,HBL,29,13,10,201.0,2010.0,Trisul Securities & Invt. Ltd.,Thrive Brokerage House Pvt. Ltd,2026-04-30 12:52:36.049949
2026043001020851,HBL,29,42,100,201.0,20100.0,Trisul Securities & Invt. Ltd.,Sani Securities Company Ltd.,2026-04-30 12:53:01.934433
2026043001020863,HBL,29,45,10,201.0,2010.0,Trisul Securities & Invt. Ltd.,Imperial Securities Company Pvt. Ltd.,2026-04-30 12:53:03.584799
2026043001020912,HBL,29,39,10,201.0,2010.0,Trisul Securities & Invt. Ltd.,Sumeru Securities Pvt. Ltd.,2026-04-30 12:53:25.589341
2026043001020971,HBL,29,47,10,201.0,2010.0,Trisul Securities & Invt. Ltd.,Neev Securities Pvt. Ltd.,2026-04-30 12:53:51.310951
2026043001020997,HBL,29,3,10,201.0,2010.0,Trisul Securities & Invt. Ltd.,Arun Securities (PVT) Ltd.,2026-04-30 12:54:03.982000
2026043001021014,HBL,29,34,10,201.0,2010.0,Trisul Securities & Invt. Ltd.,Vision Securities Pvt. Ltd,2026-04-30 12:54:14.866533
2026043001021021,HBL,29,7,10,201.0,2010.0,Trisul Securities & Invt. Ltd.,J.F. Securites (PVT) Ltd.,2026-04-30 12:54:21.925199
2026043001021062,HBL,29,49,10,201.0,2010.0,Trisul Securities & Invt. Ltd.,Online Securities Pvt. Ltd.,2026-04-30 12:54:38.661101
2026043001021078,HBL,29,54,10,201.0,2010.0,Trisul Securities & Invt. Ltd.,Sewa Securities Pvt. Ltd.,2026-04-30 12:54:45.023317
2026043001021185,HBL,29,42,10,201.9,2019.0,Trisul Securities & Invt. Ltd.,Sani Securities Company Ltd.,2026-04-30 12:55:42.230152
2026043001021399,HBL,29,49,10,201.0,2010.0,Trisul Securities & Invt. Ltd.,Online Securities Pvt. Ltd.,2026-04-30 12:56:13.436818
2026043001021456,HBL,29,34,10,201.0,2010.0,Trisul Securities & Invt. Ltd.,Vision Securities Pvt. Ltd,2026-04-30 12:56:23.699161
2026043001021527,HBL,29,62,10,201.0,2010.0,Trisul Securities & Invt. Ltd.,Capital Max Securities Ltd,2026-04-30 12:56:37.684178
2026043001021576,HBL,62,13,3,201.9,605.7,Capital Max Securities Ltd,Thrive Brokerage House Pvt. Ltd,2026-04-30 12:57:02.011462
2026043001021662,HBL,29,66,10,201.0,2010.0,Trisul Securities & Invt. Ltd.,Miyo Securities Pvt Ltd,2026-04-30 12:57:15.910499
2026043001021722,HBL,29,58,200,201.0,40200.0,Trisul Securities & Invt. Ltd.,Naasa Securities Co. Ltd.,2026-04-30 12:57:35.885534
2026043001021806,HBL,45,49,10,201.5,2015.0,Imperial Securities Company Pvt. Ltd.,Online Securities Pvt. Ltd.,2026-04-30 12:58:01.869981
2026043001021807,HBL,45,58,60,201.8,12108.0,Imperial Securities Company Pvt. Ltd.,Naasa Securities Co. Ltd.,2026-04-30 12:58:01.870691
2026043001021808,HBL,45,88,10,201.9,2019.0,Imperial Securities Company Pvt. Ltd.,Blue Chip Securities Ltd,2026-04-30 12:58:01.871209
2026043001021809,HBL,45,45,10,202.0,2020.0,Imperial Securities Company Pvt. Ltd.,Imperial Securities Company Pvt. Ltd.,2026-04-30 12:58:01.871727
2026043001021810,HBL,45,45,10,202.0,2020.0,Imperial Securities Company Pvt. Ltd.,Imperial Securities Company Pvt. Ltd.,2026-04-30 12:58:01.872445
2026043001021811,HBL,45,52,10,202.0,2020.0,Imperial Securities Company Pvt. Ltd.,Sundhara Securities Limited,2026-04-30 12:58:01.873204
2026043001021812,HBL,45,46,10,202.0,2020.0,Imperial Securities Company Pvt. Ltd.,Kalika Securities Pvt. Ltd.,2026-04-30 12:58:01.873782
2026043001021813,HBL,45,56,10,202.0,2020.0,Imperial Securities Company Pvt. Ltd.,Sri Hari Securities Pvt. Ltd.,2026-04-30 12:58:01.874309
2026043001021814,HBL,45,28,10,202.0,2020.0,Imperial Securities Company Pvt. Ltd.,Shree Krishna Securities Ltd.,2026-04-30 12:58:01.874840
2026043001021815,HBL,45,52,10,202.0,2020.0,Imperial Securities Company Pvt. Ltd.,Sundhara Securities Limited,2026-04-30 12:58:01.875347
2026043001021816,HBL,45,41,10,202.0,2020.0,Imperial Securities Company Pvt. Ltd.,Linch Stock Market Ltd.,2026-04-30 12:58:01.875826
2026043001021817,HBL,45,41,10,202.0,2020.0,Imperial Securities Company Pvt. Ltd.,Linch Stock Market Ltd.,2026-04-30 12:58:01.876328
2026043001021818,HBL,45,38,10,202.0,2020.0,Imperial Securities Company Pvt. Ltd.,Dipshikha Dhitopatra Karobar Co. Pvt Ltd.,2026-04-30 12:58:01.876812
2026043001021819,HBL,45,11,10,202.0,2020.0,Imperial Securities Company Pvt. Ltd.,Malla & Malla Stock Broking Company Pvt. Limited,2026-04-30 12:58:01.877388
2026043001021820,HBL,45,58,10,202.0,2020.0,Imperial Securities Company Pvt. Ltd.,Naasa Securities Co. Ltd.,2026-04-30 12:58:01.877892
2026043001021842,HBL,29,56,10,201.0,2010.0,Trisul Securities & Invt. Ltd.,Sri Hari Securities Pvt. Ltd.,2026-04-30 12:58:09.183379
2026043001022258,HBL,58,58,10,201.1,2011.0,Naasa Securities Co. Ltd.,Naasa Securities Co. Ltd.,2026-04-30 12:58:42.108351
2026043001022484,HBL,58,42,10,201.1,2011.0,Naasa Securities Co. Ltd.,Sani Securities Company Ltd.,2026-04-30 12:59:46.311477
2026043001023000,HBL,58,7,10,201.1,2011.0,Naasa Securities Co. Ltd.,J.F. Securites (PVT) Ltd.,2026-04-30 13:02:24.435287
2026043001023041,HBL,58,49,10,201.1,2011.0,Naasa Securities Co. Ltd.,Online Securities Pvt. Ltd.,2026-04-30 13:02:44.213373
2026043001023060,HBL,58,57,10,201.1,2011.0,Naasa Securities Co. Ltd.,Aryatara Investment & Securities,2026-04-30 13:02:53.965436
2026043001023068,HBL,29,45,10,202.0,2020.0,Trisul Securities & Invt. Ltd.,Imperial Securities Company Pvt. Ltd.,2026-04-30 13:02:57.290657
2026043001023277,HBL,17,85,10,202.0,2020.0,ABC Securities Private Limited,Capital Hub P. Ltd,2026-04-30 13:03:27.879574
2026043001023278,HBL,17,22,10,202.0,2020.0,ABC Securities Private Limited,Siprabi Securities Pvt. Ltd.,2026-04-30 13:03:27.879926
2026043001023279,HBL,17,22,10,202.0,2020.0,ABC Securities Private Limited,Siprabi Securities Pvt. Ltd.,2026-04-30 13:03:27.880113
2026043001023280,HBL,17,58,20,202.0,4040.0,ABC Securities Private Limited,Naasa Securities Co. Ltd.,2026-04-30 13:03:27.880286
2026043001023443,HBL,13,35,15,201.2,3018.0,Thrive Brokerage House Pvt. Ltd,Kohinoor Investment & Securities Pvt. Ltd.,2026-04-30 13:04:09.898128
2026043001023463,HBL,36,58,150,202.0,30300.0,Secured Securities Ltd.,Naasa Securities Co. Ltd.,2026-04-30 13:04:18.809619
2026043001023855,HBL,29,49,10,201.5,2015.0,Trisul Securities & Invt. Ltd.,Online Securities Pvt. Ltd.,2026-04-30 13:05:24.930728
2026043001023964,HBL,58,58,40,202.0,8080.0,Naasa Securities Co. Ltd.,Naasa Securities Co. Ltd.,2026-04-30 13:05:48.076316
2026043001023965,HBL,58,49,10,202.0,2020.0,Naasa Securities Co. Ltd.,Online Securities Pvt. Ltd.,2026-04-30 13:05:48.077020
2026043001023966,HBL,58,5,10,202.0,2020.0,Naasa Securities Co. Ltd.,Market Securities & Exchange (PVT) Ltd.,2026-04-30 13:05:48.077548
2026043001023967,HBL,58,58,20,202.0,4040.0,Naasa Securities Co. Ltd.,Naasa Securities Co. Ltd.,2026-04-30 13:05:48.078068
2026043001023968,HBL,58,42,10,202.0,2020.0,Naasa Securities Co. Ltd.,Sani Securities Company Ltd.,2026-04-30 13:05:48.078592
2026043001023969,HBL,58,38,10,202.0,2020.0,Naasa Securities Co. Ltd.,Dipshikha Dhitopatra Karobar Co. Pvt Ltd.,2026-04-30 13:05:48.079095
2026043001023970,HBL,58,34,10,202.0,2020.0,Naasa Securities Co. Ltd.,Vision Securities Pvt. Ltd,2026-04-30 13:05:48.079594
2026043001023971,HBL,58,22,20,202.0,4040.0,Naasa Securities Co. Ltd.,Siprabi Securities Pvt. Ltd.,2026-04-30 13:05:48.080100
2026043001023972,HBL,58,34,10,202.0,2020.0,Naasa Securities Co. Ltd.,Vision Securities Pvt. Ltd,2026-04-30 13:05:48.080597
2026043001023973,HBL,58,45,10,202.0,2020.0,Naasa Securities Co. Ltd.,Imperial Securities Company Pvt. Ltd.,2026-04-30 13:05:48.081102
2026043001024165,HBL,16,58,10,202.0,2020.0,Primo Securities (PVT) Ltd.,Naasa Securities Co. Ltd.,2026-04-30 13:06:14.186678
2026043001024563,HBL,29,48,10,201.5,2015.0,Trisul Securities & Invt. Ltd.,Trishakti Securities Public Limited,2026-04-30 13:07:13.374074
2026043001024791,HBL,29,58,10,201.5,2015.0,Trisul Securities & Invt. Ltd.,Naasa Securities Co. Ltd.,2026-04-30 13:07:57.026491
2026043001024839,HBL,29,58,45,201.5,9067.5,Trisul Securities & Invt. Ltd.,Naasa Securities Co. Ltd.,2026-04-30 13:08:09.859327
2026043001024987,HBL,29,35,10,201.5,2015.0,Trisul Securities & Invt. Ltd.,Kohinoor Investment & Securities Pvt. Ltd.,2026-04-30 13:08:57.405696
2026043001025088,HBL,10,47,10,202.0,2020.0,Pragyan Securities (PVT) Ltd.,Neev Securities Pvt. Ltd.,2026-04-30 13:09:22.613561
2026043001025089,HBL,10,28,61,202.0,12322.0,Pragyan Securities (PVT) Ltd.,Shree Krishna Securities Ltd.,2026-04-30 13:09:22.614308
2026043001025223,HBL,34,28,10,202.0,2020.0,Vision Securities Pvt. Ltd,Shree Krishna Securities Ltd.,2026-04-30 13:09:42.280473
2026043001025272,HBL,58,28,43,202.0,8686.0,Naasa Securities Co. Ltd.,Shree Krishna Securities Ltd.,2026-04-30 13:09:52.295132
2026043001025273,HBL,58,8,10,202.0,2020.0,Naasa Securities Co. Ltd.,Brilliant Securities Pvt. Ltd.,2026-04-30 13:09:52.295463
2026043001025274,HBL,58,13,10,202.0,2020.0,Naasa Securities Co. Ltd.,Thrive Brokerage House Pvt. Ltd,2026-04-30 13:09:52.295634
2026043001025275,HBL,58,45,10,202.0,2020.0,Naasa Securities Co. Ltd.,Imperial Securities Company Pvt. Ltd.,2026-04-30 13:09:52.295798
2026043001025276,HBL,58,34,10,202.0,2020.0,Naasa Securities Co. Ltd.,Vision Securities Pvt. Ltd,2026-04-30 13:09:52.295962
2026043001025277,HBL,58,49,10,202.0,2020.0,Naasa Securities Co. Ltd.,Online Securities Pvt. Ltd.,2026-04-30 13:09:52.296136
2026043001025278,HBL,58,39,10,202.0,2020.0,Naasa Securities Co. Ltd.,Sumeru Securities Pvt. Ltd.,2026-04-30 13:09:52.296302
2026043001025429,HBL,29,41,10,202.1,2021.0,Trisul Securities & Invt. Ltd.,Linch Stock Market Ltd.,2026-04-30 13:10:36.603471
2026043001025430,HBL,29,41,10,202.3,2023.0,Trisul Securities & Invt. Ltd.,Linch Stock Market Ltd.,2026-04-30 13:10:36.603504
2026043001025431,HBL,29,35,10,202.6,2026.0,Trisul Securities & Invt. Ltd.,Kohinoor Investment & Securities Pvt. Ltd.,2026-04-30 13:10:36.603527
2026043001025552,HBL,58,41,10,202.6,2026.0,Naasa Securities Co. Ltd.,Linch Stock Market Ltd.,2026-04-30 13:11:12.921683
2026043001025672,HBL,50,42,10,202.9,2029.0,Cristal Kanchanjanga Securites Pvt. Ltd.,Sani Securities Company Ltd.,2026-04-30 13:11:43.595538
2026043001025673,HBL,50,42,10,202.9,2029.0,Cristal Kanchanjanga Securites Pvt. Ltd.,Sani Securities Company Ltd.,2026-04-30 13:11:43.596262
2026043001025674,HBL,50,58,10,202.9,2029.0,Cristal Kanchanjanga Securites Pvt. Ltd.,Naasa Securities Co. Ltd.,2026-04-30 13:11:43.596767
2026043001025675,HBL,50,58,10,203.0,2030.0,Cristal Kanchanjanga Securites Pvt. Ltd.,Naasa Securities Co. Ltd.,2026-04-30 13:11:43.597263
2026043001025676,HBL,50,58,10,203.0,2030.0,Cristal Kanchanjanga Securites Pvt. Ltd.,Naasa Securities Co. Ltd.,2026-04-30 13:11:43.597756
2026043001025677,HBL,50,29,220,203.0,44660.0,Cristal Kanchanjanga Securites Pvt. Ltd.,Trisul Securities & Invt. Ltd.,2026-04-30 13:11:43.598256
2026043001025690,HBL,21,29,80,203.0,16240.0,Midas Stock Broking Company Private Limited,Trisul Securities & Invt. Ltd.,2026-04-30 13:11:47.327135
2026043001025691,HBL,21,41,10,203.0,2030.0,Midas Stock Broking Company Private Limited,Linch Stock Market Ltd.,2026-04-30 13:11:47.327455
2026043001025692,HBL,21,45,10,203.0,2030.0,Midas Stock Broking Company Private Limited,Imperial Securities Company Pvt. Ltd.,2026-04-30 13:11:47.327623
2026043001025693,HBL,21,22,900,203.0,182700.0,Midas Stock Broking Company Private Limited,Siprabi Securities Pvt. Ltd.,2026-04-30 13:11:47.327797
2026043001025758,HBL,58,32,10,202.6,2026.0,Naasa Securities Co. Ltd.,Premier Securities Company Ltd.,2026-04-30 13:12:02.100122
2026043001025912,HBL,42,22,500,203.0,101500.0,Sani Securities Company Ltd.,Siprabi Securities Pvt. Ltd.,2026-04-30 13:12:41.076885
2026043001026042,HBL,58,22,147,203.0,29841.0,Naasa Securities Co. Ltd.,Siprabi Securities Pvt. Ltd.,2026-04-30 13:13:08.736704
2026043001026155,HBL,25,58,10,202.8,2028.0,Sweta Securities Private Limited,Naasa Securities Co. Ltd.,2026-04-30 13:13:47.723404
2026043001026257,HBL,25,49,10,202.8,2028.0,Sweta Securities Private Limited,Online Securities Pvt. Ltd.,2026-04-30 13:14:22.063899
2026043001026286,HBL,42,77,10,202.7,2027.0,Sani Securities Company Ltd.,Nabil Stock Dealer Ltd.,2026-04-30 13:14:37.517148
2026043001026326,HBL,42,35,290,202.7,58783.0,Sani Securities Company Ltd.,Kohinoor Investment & Securities Pvt. Ltd.,2026-04-30 13:14:51.282344
2026043001026339,HBL,46,7,10,202.1,2021.0,Kalika Securities Pvt. Ltd.,J.F. Securites (PVT) Ltd.,2026-04-30 13:14:54.948353
2026043001026343,HBL,7,35,137,202.7,27769.9,J.F. Securites (PVT) Ltd.,Kohinoor Investment & Securities Pvt. Ltd.,2026-04-30 13:14:55.426680
2026043001026353,HBL,58,35,73,202.7,14797.1,Naasa Securities Co. Ltd.,Kohinoor Investment & Securities Pvt. Ltd.,2026-04-30 13:14:59.121269
2026043001026356,HBL,58,49,10,202.7,2027.0,Naasa Securities Co. Ltd.,Online Securities Pvt. Ltd.,2026-04-30 13:14:59.797559
2026043001026357,HBL,58,38,10,202.7,2027.0,Naasa Securities Co. Ltd.,Dipshikha Dhitopatra Karobar Co. Pvt Ltd.,2026-04-30 13:15:00.156332
2026043001026632,HBL,58,22,32,203.0,6496.0,Naasa Securities Co. Ltd.,Siprabi Securities Pvt. Ltd.,2026-04-30 13:16:25.474055
2026043001026726,HBL,6,22,17,202.7,3445.9,Agrawal Securities (PVT) Ltd.,Siprabi Securities Pvt. Ltd.,2026-04-30 13:16:58.893784
2026043001026751,HBL,6,34,10,202.7,2027.0,Agrawal Securities (PVT) Ltd.,Vision Securities Pvt. Ltd,2026-04-30 13:17:08.966272
2026043001026756,HBL,48,22,421,203.0,85463.0,Trishakti Securities Public Limited,Siprabi Securities Pvt. Ltd.,2026-04-30 13:17:12.037059
2026043001026757,HBL,48,57,10,203.0,2030.0,Trishakti Securities Public Limited,Aryatara Investment & Securities,2026-04-30 13:17:12.037717
2026043001026758,HBL,48,42,10,203.0,2030.0,Trishakti Securities Public Limited,Sani Securities Company Ltd.,2026-04-30 13:17:12.038211
2026043001026759,HBL,48,66,10,203.0,2030.0,Trishakti Securities Public Limited,Miyo Securities Pvt Ltd,2026-04-30 13:17:12.038690
2026043001026760,HBL,48,49,10,203.0,2030.0,Trishakti Securities Public Limited,Online Securities Pvt. Ltd.,2026-04-30 13:17:12.039169
2026043001026761,HBL,48,39,10,203.0,2030.0,Trishakti Securities Public Limited,Sumeru Securities Pvt. Ltd.,2026-04-30 13:17:12.039638
2026043001026772,HBL,48,49,10,203.0,2030.0,Trishakti Securities Public Limited,Online Securities Pvt. Ltd.,2026-04-30 13:17:15.958956
2026043001026895,HBL,29,58,10,203.1,2031.0,Trisul Securities & Invt. Ltd.,Naasa Securities Co. Ltd.,2026-04-30 13:17:53.130919
2026043001026900,HBL,6,6,10,203.5,2035.0,Agrawal Securities (PVT) Ltd.,Agrawal Securities (PVT) Ltd.,2026-04-30 13:17:54.748989
2026043001026923,HBL,6,50,63,203.5,12820.5,Agrawal Securities (PVT) Ltd.,Cristal Kanchanjanga Securites Pvt. Ltd.,2026-04-30 13:18:05.167274
2026043001026924,HBL,29,50,190,203.1,38589.0,Trisul Securities & Invt. Ltd.,Cristal Kanchanjanga Securites Pvt. Ltd.,2026-04-30 13:18:05.167613
2026043001026925,HBL,48,50,1247,203.0,253141.0,Trishakti Securities Public Limited,Cristal Kanchanjanga Securites Pvt. Ltd.,2026-04-30 13:18:05.167784
2026043001026936,HBL,48,7,10,203.0,2030.0,Trishakti Securities Public Limited,J.F. Securites (PVT) Ltd.,2026-04-30 13:18:07.751412
2026043001026984,HBL,48,14,10,203.0,2030.0,Trishakti Securities Public Limited,Nepal Stock House (PVT) Ltd.,2026-04-30 13:18:27.469709
2026043001027122,HBL,58,57,10,203.1,2031.0,Naasa Securities Co. Ltd.,Aryatara Investment & Securities,2026-04-30 13:19:12.581717
2026043001027268,HBL,49,22,10,203.5,2035.0,Online Securities Pvt. Ltd.,Siprabi Securities Pvt. Ltd.,2026-04-30 13:19:39.795960
2026043001027297,HBL,58,26,300,203.1,60930.0,Naasa Securities Co. Ltd.,Asian Securities Private Ltd.,2026-04-30 13:19:45.958322
2026043001027315,HBL,58,38,10,203.1,2031.0,Naasa Securities Co. Ltd.,Dipshikha Dhitopatra Karobar Co. Pvt Ltd.,2026-04-30 13:19:50.667457
2026043001027517,HBL,58,39,10,203.1,2031.0,Naasa Securities Co. Ltd.,Sumeru Securities Pvt. Ltd.,2026-04-30 13:20:28.234713
2026043001027666,HBL,58,19,10,203.1,2031.0,Naasa Securities Co. Ltd.,Nepal Investment And Securities Trading Private Limited,2026-04-30 13:21:06.284749
2026043001027687,HBL,58,35,10,203.1,2031.0,Naasa Securities Co. Ltd.,Kohinoor Investment & Securities Pvt. Ltd.,2026-04-30 13:21:08.291760
2026043001027814,HBL,45,38,20,203.2,4064.0,Imperial Securities Company Pvt. Ltd.,Dipshikha Dhitopatra Karobar Co. Pvt Ltd.,2026-04-30 13:21:45.081840
2026043001027906,HBL,58,45,244,203.1,49556.4,Naasa Securities Co. Ltd.,Imperial Securities Company Pvt. Ltd.,2026-04-30 13:22:17.934683
2026043001027907,HBL,48,45,252,203.0,51156.0,Trishakti Securities Public Limited,Imperial Securities Company Pvt. Ltd.,2026-04-30 13:22:17.935039
2026043001027908,HBL,42,45,200,203.0,40600.0,Sani Securities Company Ltd.,Imperial Securities Company Pvt. Ltd.,2026-04-30 13:22:17.935230
2026043001027909,HBL,43,45,100,202.2,20220.0,South Asian Bulls Pvt. Ltd.,Imperial Securities Company Pvt. Ltd.,2026-04-30 13:22:17.935388
2026043001027910,HBL,46,45,90,202.1,18189.0,Kalika Securities Pvt. Ltd.,Imperial Securities Company Pvt. Ltd.,2026-04-30 13:22:17.935547
2026043001027911,HBL,43,45,100,202.1,20210.0,South Asian Bulls Pvt. Ltd.,Imperial Securities Company Pvt. Ltd.,2026-04-30 13:22:17.935703
2026043001027912,HBL,1,45,600,202.1,121260.0,Kumari Securities Private Limited,Imperial Securities Company Pvt. Ltd.,2026-04-30 13:22:17.935860
2026043001027913,HBL,29,45,1000,202.0,202000.0,Trisul Securities & Invt. Ltd.,Imperial Securities Company Pvt. Ltd.,2026-04-30 13:22:17.936012
2026043001027914,HBL,91,45,200,202.0,40400.0,Citizens Share Broker Limited,Imperial Securities Company Pvt. Ltd.,2026-04-30 13:22:17.936170
2026043001027915,HBL,42,45,100,202.0,20200.0,Sani Securities Company Ltd.,Imperial Securities Company Pvt. Ltd.,2026-04-30 13:22:17.936324
2026043001027916,HBL,58,45,198,202.0,39996.0,Naasa Securities Co. Ltd.,Imperial Securities Company Pvt. Ltd.,2026-04-30 13:22:17.936481
2026043001028041,HBL,58,45,10,202.0,2020.0,Naasa Securities Co. Ltd.,Imperial Securities Company Pvt. Ltd.,2026-04-30 13:22:49.635438
2026043001028148,HBL,45,45,30,202.0,6060.0,Imperial Securities Company Pvt. Ltd.,Imperial Securities Company Pvt. Ltd.,2026-04-30 13:23:29.822386
2026043001028229,HBL,29,26,200,201.5,40300.0,Trisul Securities & Invt. Ltd.,Asian Securities Private Ltd.,2026-04-30 13:24:00.169192
2026043001028233,HBL,29,46,10,201.5,2015.0,Trisul Securities & Invt. Ltd.,Kalika Securities Pvt. Ltd.,2026-04-30 13:24:01.139378
2026043001028239,HBL,44,50,10,201.1,2011.0,Dynamic Money Managers Securities Pvt. Ltd.,Cristal Kanchanjanga Securites Pvt. Ltd.,2026-04-30 13:24:04.740579
2026043001028407,HBL,44,62,10,201.1,2011.0,Dynamic Money Managers Securities Pvt. Ltd.,Capital Max Securities Ltd,2026-04-30 13:25:38.904586
2026043001028410,HBL,44,14,10,201.1,2011.0,Dynamic Money Managers Securities Pvt. Ltd.,Nepal Stock House (PVT) Ltd.,2026-04-30 13:25:41.715621
2026043001028417,HBL,44,7,10,201.1,2011.0,Dynamic Money Managers Securities Pvt. Ltd.,J.F. Securites (PVT) Ltd.,2026-04-30 13:25:44.718453
2026043001028430,HBL,58,58,10,201.1,2011.0,Naasa Securities Co. Ltd.,Naasa Securities Co. Ltd.,2026-04-30 13:25:52.908801
2026043001028464,HBL,58,48,30,201.1,6033.0,Naasa Securities Co. Ltd.,Trishakti Securities Public Limited,2026-04-30 13:26:13.769368
2026043001028465,HBL,29,48,405,201.0,81405.0,Trisul Securities & Invt. Ltd.,Trishakti Securities Public Limited,2026-04-30 13:26:13.769710
2026043001028466,HBL,26,48,100,201.0,20100.0,Asian Securities Private Ltd.,Trishakti Securities Public Limited,2026-04-30 13:26:13.769876
2026043001028467,HBL,38,48,30,201.0,6030.0,Dipshikha Dhitopatra Karobar Co. Pvt Ltd.,Trishakti Securities Public Limited,2026-04-30 13:26:13.770044
2026043001028468,HBL,57,48,20,201.0,4020.0,Aryatara Investment & Securities,Trishakti Securities Public Limited,2026-04-30 13:26:13.770201
2026043001028469,HBL,22,48,250,201.0,50250.0,Siprabi Securities Pvt. Ltd.,Trishakti Securities Public Limited,2026-04-30 13:26:13.770378
2026043001028470,HBL,6,48,50,201.0,10050.0,Agrawal Securities (PVT) Ltd.,Trishakti Securities Public Limited,2026-04-30 13:26:13.770536
2026043001028471,HBL,35,48,100,201.0,20100.0,Kohinoor Investment & Securities Pvt. Ltd.,Trishakti Securities Public Limited,2026-04-30 13:26:13.770688
2026043001028472,HBL,57,48,15,201.0,3015.0,Aryatara Investment & Securities,Trishakti Securities Public Limited,2026-04-30 13:26:13.770849
2026043001028490,HBL,57,26,65,201.0,13065.0,Aryatara Investment & Securities,Asian Securities Private Ltd.,2026-04-30 13:26:24.495619
2026043001028491,HBL,58,26,235,201.0,47235.0,Naasa Securities Co. Ltd.,Asian Securities Private Ltd.,2026-04-30 13:26:24.496279
2026043001028589,HBL,58,34,10,201.0,2010.0,Naasa Securities Co. Ltd.,Vision Securities Pvt. Ltd,2026-04-30 13:27:24.572634
2026043001028620,HBL,58,58,10,201.0,2010.0,Naasa Securities Co. Ltd.,Naasa Securities Co. Ltd.,2026-04-30 13:27:46.775020
2026043001028648,HBL,57,57,10,201.2,2012.0,Aryatara Investment & Securities,Aryatara Investment & Securities,2026-04-30 13:27:57.266820
2026043001028699,HBL,58,6,10,201.0,2010.0,Naasa Securities Co. Ltd.,Agrawal Securities (PVT) Ltd.,2026-04-30 13:28:30.165316
2026043001028710,HBL,58,47,10,201.0,2010.0,Naasa Securities Co. Ltd.,Neev Securities Pvt. Ltd.,2026-04-30 13:28:33.377859
2026043001028711,HBL,58,7,10,201.0,2010.0,Naasa Securities Co. Ltd.,J.F. Securites (PVT) Ltd.,2026-04-30 13:28:34.009796
2026043001028718,HBL,58,34,10,201.0,2010.0,Naasa Securities Co. Ltd.,Vision Securities Pvt. Ltd,2026-04-30 13:28:41.045558
2026043001028793,HBL,58,6,10,201.0,2010.0,Naasa Securities Co. Ltd.,Agrawal Securities (PVT) Ltd.,2026-04-30 13:29:27.487340
2026043001028817,HBL,58,42,10,201.0,2010.0,Naasa Securities Co. Ltd.,Sani Securities Company Ltd.,2026-04-30 13:29:49.282773
2026043001028819,HBL,58,51,10,201.0,2010.0,Naasa Securities Co. Ltd.,Oxford Securities Pvt. Ltd.,2026-04-30 13:29:50.634154
2026043001028970,HBL,58,58,10,201.0,2010.0,Naasa Securities Co. Ltd.,Naasa Securities Co. Ltd.,2026-04-30 13:31:17.764450
2026043001029015,HBL,58,51,165,201.0,33165.0,Naasa Securities Co. Ltd.,Oxford Securities Pvt. Ltd.,2026-04-30 13:32:04.671615
2026043001029016,HBL,42,51,10,201.0,2010.0,Sani Securities Company Ltd.,Oxford Securities Pvt. Ltd.,2026-04-30 13:32:04.671725
2026043001029017,HBL,29,51,287,201.0,57687.0,Trisul Securities & Invt. Ltd.,Oxford Securities Pvt. Ltd.,2026-04-30 13:32:04.671790
2026043001029018,HBL,57,51,71,201.0,14271.0,Aryatara Investment & Securities,Oxford Securities Pvt. Ltd.,2026-04-30 13:32:04.671854
2026043001029019,HBL,58,51,12,201.0,2412.0,Naasa Securities Co. Ltd.,Oxford Securities Pvt. Ltd.,2026-04-30 13:32:04.671914
2026043001029020,HBL,35,51,100,201.0,20100.0,Kohinoor Investment & Securities Pvt. Ltd.,Oxford Securities Pvt. Ltd.,2026-04-30 13:32:04.671974
2026043001029021,HBL,28,51,1055,200.9,211949.5,Shree Krishna Securities Ltd.,Oxford Securities Pvt. Ltd.,2026-04-30 13:32:04.672080
2026043001029056,HBL,28,62,10,200.9,2009.0,Shree Krishna Securities Ltd.,Capital Max Securities Ltd,2026-04-30 13:32:35.579398
2026043001029090,HBL,43,76,10,201.0,2010.0,South Asian Bulls Pvt. Ltd.,Machhapuchchhre Securities Limited,2026-04-30 13:33:13.941340
2026043001029106,HBL,42,36,10,201.0,2010.0,Sani Securities Company Ltd.,Secured Securities Ltd.,2026-04-30 13:33:29.379569
2026043001029113,HBL,42,58,10,201.0,2010.0,Sani Securities Company Ltd.,Naasa Securities Co. Ltd.,2026-04-30 13:33:33.891956
2026043001029129,HBL,42,42,10,201.0,2010.0,Sani Securities Company Ltd.,Sani Securities Company Ltd.,2026-04-30 13:33:53.965694
2026043001029139,HBL,42,35,10,201.0,2010.0,Sani Securities Company Ltd.,Kohinoor Investment & Securities Pvt. Ltd.,2026-04-30 13:33:59.472567
2026043001029167,HBL,42,45,10,201.0,2010.0,Sani Securities Company Ltd.,Imperial Securities Company Pvt. Ltd.,2026-04-30 13:34:15.153547
2026043001029212,HBL,58,77,10,201.0,2010.0,Naasa Securities Co. Ltd.,Nabil Stock Dealer Ltd.,2026-04-30 13:34:48.352494
2026043001029278,HBL,42,58,10,201.0,2010.0,Sani Securities Company Ltd.,Naasa Securities Co. Ltd.,2026-04-30 13:35:30.305498
2026043001029312,HBL,42,58,10,201.0,2010.0,Sani Securities Company Ltd.,Naasa Securities Co. Ltd.,2026-04-30 13:35:50.539425
2026043001029320,HBL,58,58,10,201.0,2010.0,Naasa Securities Co. Ltd.,Naasa Securities Co. Ltd.,2026-04-30 13:35:57.169519
2026043001029346,HBL,58,7,10,201.0,2010.0,Naasa Securities Co. Ltd.,J.F. Securites (PVT) Ltd.,2026-04-30 13:36:04.704033
2026043001029350,HBL,58,58,10,201.0,2010.0,Naasa Securities Co. Ltd.,Naasa Securities Co. Ltd.,2026-04-30 13:36:06.237501
2026043001029378,HBL,58,64,10,201.0,2010.0,Naasa Securities Co. Ltd.,SUN SECURITIES PVT LTD,2026-04-30 13:36:25.733347
2026043001029392,HBL,58,49,10,201.0,2010.0,Naasa Securities Co. Ltd.,Online Securities Pvt. Ltd.,2026-04-30 13:36:41.530383
2026043001029638,HBL,58,7,10,201.0,2010.0,Naasa Securities Co. Ltd.,J.F. Securites (PVT) Ltd.,2026-04-30 13:39:03.218900
2026043001029639,HBL,58,45,190,202.0,38380.0,Naasa Securities Co. Ltd.,Imperial Securities Company Pvt. Ltd.,2026-04-30 13:39:03.219285
2026043001029645,HBL,28,38,10,200.9,2009.0,Shree Krishna Securities Ltd.,Dipshikha Dhitopatra Karobar Co. Pvt Ltd.,2026-04-30 13:39:05.790937
2026043001029659,HBL,28,45,10,200.9,2009.0,Shree Krishna Securities Ltd.,Imperial Securities Company Pvt. Ltd.,2026-04-30 13:39:15.074182
2026043001029715,HBL,28,57,10,200.9,2009.0,Shree Krishna Securities Ltd.,Aryatara Investment & Securities,2026-04-30 13:39:34.140803
2026043001029730,HBL,28,48,10,200.9,2009.0,Shree Krishna Securities Ltd.,Trishakti Securities Public Limited,2026-04-30 13:39:41.359622
2026043001029838,HBL,91,58,10,201.2,2012.0,Citizens Share Broker Limited,Naasa Securities Co. Ltd.,2026-04-30 13:40:48.207669
2026043001029839,HBL,91,45,10,202.0,2020.0,Citizens Share Broker Limited,Imperial Securities Company Pvt. Ltd.,2026-04-30 13:40:48.208046
2026043001029918,HBL,58,45,10,201.0,2010.0,Naasa Securities Co. Ltd.,Imperial Securities Company Pvt. Ltd.,2026-04-30 13:41:25.224747
2026043001030011,HBL,28,14,10,200.9,2009.0,Shree Krishna Securities Ltd.,Nepal Stock House (PVT) Ltd.,2026-04-30 13:42:04.036914
2026043001030212,HBL,28,42,10,200.9,2009.0,Shree Krishna Securities Ltd.,Sani Securities Company Ltd.,2026-04-30 13:44:21.504728
2026043001030273,HBL,34,8,10,201.0,2010.0,Vision Securities Pvt. Ltd,Brilliant Securities Pvt. Ltd.,2026-04-30 13:44:41.227638
2026043001030274,HBL,34,58,33,201.0,6633.0,Vision Securities Pvt. Ltd,Naasa Securities Co. Ltd.,2026-04-30 13:44:41.228069
2026043001030355,HBL,34,7,10,201.0,2010.0,Vision Securities Pvt. Ltd,J.F. Securites (PVT) Ltd.,2026-04-30 13:45:20.845722
2026043001030370,HBL,34,58,10,201.0,2010.0,Vision Securities Pvt. Ltd,Naasa Securities Co. Ltd.,2026-04-30 13:45:32.707739
2026043001030453,HBL,34,58,10,201.0,2010.0,Vision Securities Pvt. Ltd,Naasa Securities Co. Ltd.,2026-04-30 13:46:19.927483
2026043001030563,HBL,34,7,10,201.0,2010.0,Vision Securities Pvt. Ltd,J.F. Securites (PVT) Ltd.,2026-04-30 13:47:26.584007
2026043001030588,HBL,34,69,10,201.0,2010.0,Vision Securities Pvt. Ltd,INDEX SECURITIES LIMITED,2026-04-30 13:47:44.163708
2026043001030623,HBL,34,3,10,201.0,2010.0,Vision Securities Pvt. Ltd,Arun Securities (PVT) Ltd.,2026-04-30 13:48:04.195208
2026043001030631,HBL,34,58,10,201.0,2010.0,Vision Securities Pvt. Ltd,Naasa Securities Co. Ltd.,2026-04-30 13:48:09.956166
2026043001030691,HBL,58,52,10,201.0,2010.0,Naasa Securities Co. Ltd.,Sundhara Securities Limited,2026-04-30 13:48:41.204445
2026043001030723,HBL,62,80,10,201.0,2010.0,Capital Max Securities Ltd,Indira securities pvt. ltd,2026-04-30 13:49:09.642413
2026043001030735,HBL,62,45,10,201.0,2010.0,Capital Max Securities Ltd,Imperial Securities Company Pvt. Ltd.,2026-04-30 13:49:15.979413
2026043001030800,HBL,62,45,80,201.0,16080.0,Capital Max Securities Ltd,Imperial Securities Company Pvt. Ltd.,2026-04-30 13:49:49.877618
2026043001030801,HBL,34,45,59,201.0,11859.0,Vision Securities Pvt. Ltd,Imperial Securities Company Pvt. Ltd.,2026-04-30 13:49:49.877722
2026043001030964,HBL,34,58,10,201.0,2010.0,Vision Securities Pvt. Ltd,Naasa Securities Co. Ltd.,2026-04-30 13:50:41.688178
2026043001030966,HBL,36,48,60,202.0,12120.0,Secured Securities Ltd.,Trishakti Securities Public Limited,2026-04-30 13:50:43.507845
2026043001031032,HBL,58,48,10,202.0,2020.0,Naasa Securities Co. Ltd.,Trishakti Securities Public Limited,2026-04-30 13:50:55.775171
2026043001031038,HBL,45,48,430,202.0,86860.0,Imperial Securities Company Pvt. Ltd.,Trishakti Securities Public Limited,2026-04-30 13:51:00.712233
2026043001031039,HBL,45,58,70,202.0,14140.0,Imperial Securities Company Pvt. Ltd.,Naasa Securities Co. Ltd.,2026-04-30 13:51:00.712979
2026043001031084,HBL,48,58,30,202.0,6060.0,Trishakti Securities Public Limited,Naasa Securities Co. Ltd.,2026-04-30 13:51:15.046161
2026043001031085,HBL,48,22,20,202.0,4040.0,Trishakti Securities Public Limited,Siprabi Securities Pvt. Ltd.,2026-04-30 13:51:15.046629
2026043001031086,HBL,48,18,168,202.0,33936.0,Trishakti Securities Public Limited,Sagarmatha Securities Private Limited,2026-04-30 13:51:15.046820
2026043001031283,HBL,85,58,10,201.3,2013.0,Capital Hub P. Ltd,Naasa Securities Co. Ltd.,2026-04-30 13:52:39.122627
2026043001031327,HBL,85,49,10,201.3,2013.0,Capital Hub P. Ltd,Online Securities Pvt. Ltd.,2026-04-30 13:53:01.258460
2026043001031344,HBL,52,7,10,202.0,2020.0,Sundhara Securities Limited,J.F. Securites (PVT) Ltd.,2026-04-30 13:53:10.979099
2026043001031345,HBL,52,4,10,202.0,2020.0,Sundhara Securities Limited,Opal Securities Investment (PVT) Ltd.,2026-04-30 13:53:10.979464
2026043001031379,HBL,51,38,10,201.5,2015.0,Oxford Securities Pvt. Ltd.,Dipshikha Dhitopatra Karobar Co. Pvt Ltd.,2026-04-30 13:53:27.060065
2026043001031454,HBL,85,49,10,201.3,2013.0,Capital Hub P. Ltd,Online Securities Pvt. Ltd.,2026-04-30 13:54:00.996310
2026043001031549,HBL,46,62,10,203.0,2030.0,Kalika Securities Pvt. Ltd.,Capital Max Securities Ltd,2026-04-30 13:54:51.770131
2026043001031550,HBL,46,6,10,203.0,2030.0,Kalika Securities Pvt. Ltd.,Agrawal Securities (PVT) Ltd.,2026-04-30 13:54:51.770964
2026043001031611,HBL,49,58,10,202.0,2020.0,Online Securities Pvt. Ltd.,Naasa Securities Co. Ltd.,2026-04-30 13:55:30.370542
2026043001031668,HBL,49,7,10,202.0,2020.0,Online Securities Pvt. Ltd.,J.F. Securites (PVT) Ltd.,2026-04-30 13:56:07.350898
2026043001031733,HBL,34,16,10,202.0,2020.0,Vision Securities Pvt. Ltd,Primo Securities (PVT) Ltd.,2026-04-30 13:56:53.387982
2026043001031743,HBL,85,34,10,201.3,2013.0,Capital Hub P. Ltd,Vision Securities Pvt. Ltd,2026-04-30 13:57:02.959481
2026043001031821,HBL,85,49,10,201.3,2013.0,Capital Hub P. Ltd,Online Securities Pvt. Ltd.,2026-04-30 13:57:39.828668
2026043001031838,HBL,85,7,10,201.3,2013.0,Capital Hub P. Ltd,J.F. Securites (PVT) Ltd.,2026-04-30 13:57:54.000634
2026043001031888,HBL,85,58,10,201.3,2013.0,Capital Hub P. Ltd,Naasa Securities Co. Ltd.,2026-04-30 13:58:29.809929
2026043001031973,HBL,85,4,44,201.3,8857.2,Capital Hub P. Ltd,Opal Securities Investment (PVT) Ltd.,2026-04-30 13:59:10.792761
2026043001032012,HBL,48,46,10,201.2,2012.0,Trishakti Securities Public Limited,Kalika Securities Pvt. Ltd.,2026-04-30 13:59:31.329499
2026043001032153,HBL,48,22,10,201.2,2012.0,Trishakti Securities Public Limited,Siprabi Securities Pvt. Ltd.,2026-04-30 14:00:34.324685
2026043001032179,HBL,48,14,7,202.0,1414.0,Trishakti Securities Public Limited,Nepal Stock House (PVT) Ltd.,2026-04-30 14:00:52.487803
2026043001032229,HBL,51,4,20,201.3,4026.0,Oxford Securities Pvt. Ltd.,Opal Securities Investment (PVT) Ltd.,2026-04-30 14:01:17.708037
2026043001032248,HBL,48,42,10,201.2,2012.0,Trishakti Securities Public Limited,Sani Securities Company Ltd.,2026-04-30 14:01:28.869875
2026043001032250,HBL,48,42,10,201.2,2012.0,Trishakti Securities Public Limited,Sani Securities Company Ltd.,2026-04-30 14:01:29.380458
2026043001032315,HBL,48,34,10,201.2,2012.0,Trishakti Securities Public Limited,Vision Securities Pvt. Ltd,2026-04-30 14:02:13.295301
2026043001032382,HBL,48,42,10,201.2,2012.0,Trishakti Securities Public Limited,Sani Securities Company Ltd.,2026-04-30 14:02:45.479958
2026043001032392,HBL,48,58,10,201.2,2012.0,Trishakti Securities Public Limited,Naasa Securities Co. Ltd.,2026-04-30 14:02:50.569371
2026043001032397,HBL,48,8,19,201.2,3822.8,Trishakti Securities Public Limited,Brilliant Securities Pvt. Ltd.,2026-04-30 14:02:54.837770
2026043001032503,HBL,48,14,1693,201.2,340631.6,Trishakti Securities Public Limited,Nepal Stock House (PVT) Ltd.,2026-04-30 14:03:37.754974
2026043001032504,HBL,14,14,10,201.2,2012.0,Nepal Stock House (PVT) Ltd.,Nepal Stock House (PVT) Ltd.,2026-04-30 14:03:37.755707
2026043001032505,HBL,58,14,10,201.2,2012.0,Naasa Securities Co. Ltd.,Nepal Stock House (PVT) Ltd.,2026-04-30 14:03:37.755936
2026043001032577,HBL,19,7,10,201.0,2010.0,Nepal Investment And Securities Trading Private Limited,J.F. Securites (PVT) Ltd.,2026-04-30 14:04:19.250476
2026043001032712,HBL,19,4,10,201.0,2010.0,Nepal Investment And Securities Trading Private Limited,Opal Securities Investment (PVT) Ltd.,2026-04-30 14:05:32.420863
2026043001032820,HBL,19,36,10,201.0,2010.0,Nepal Investment And Securities Trading Private Limited,Secured Securities Ltd.,2026-04-30 14:06:35.894138
2026043001032841,HBL,19,41,10,201.0,2010.0,Nepal Investment And Securities Trading Private Limited,Linch Stock Market Ltd.,2026-04-30 14:06:59.126007
2026043001032857,HBL,19,7,10,201.0,2010.0,Nepal Investment And Securities Trading Private Limited,J.F. Securites (PVT) Ltd.,2026-04-30 14:07:07.645497
2026043001032994,HBL,19,58,10,201.0,2010.0,Nepal Investment And Securities Trading Private Limited,Naasa Securities Co. Ltd.,2026-04-30 14:08:46.503628
2026043001033000,HBL,19,38,10,201.0,2010.0,Nepal Investment And Securities Trading Private Limited,Dipshikha Dhitopatra Karobar Co. Pvt Ltd.,2026-04-30 14:08:53.342113
2026043001033003,HBL,19,88,10,201.0,2010.0,Nepal Investment And Securities Trading Private Limited,Blue Chip Securities Ltd,2026-04-30 14:08:54.599811
2026043001033015,HBL,19,50,10,201.0,2010.0,Nepal Investment And Securities Trading Private Limited,Cristal Kanchanjanga Securites Pvt. Ltd.,2026-04-30 14:09:09.297582
2026043001033138,HBL,19,52,10,201.0,2010.0,Nepal Investment And Securities Trading Private Limited,Sundhara Securities Limited,2026-04-30 14:10:40.427397
2026043001033247,HBL,19,7,10,201.0,2010.0,Nepal Investment And Securities Trading Private Limited,J.F. Securites (PVT) Ltd.,2026-04-30 14:11:54.824765
2026043001033252,HBL,19,14,10,201.0,2010.0,Nepal Investment And Securities Trading Private Limited,Nepal Stock House (PVT) Ltd.,2026-04-30 14:11:55.454584
2026043001033259,HBL,19,58,10,201.0,2010.0,Nepal Investment And Securities Trading Private Limited,Naasa Securities Co. Ltd.,2026-04-30 14:11:57.797071
2026043001033377,HBL,11,14,200,201.2,40240.0,Malla & Malla Stock Broking Company Pvt. Limited,Nepal Stock House (PVT) Ltd.,2026-04-30 14:12:10.750351
2026043001033378,HBL,19,51,10,201.0,2010.0,Nepal Investment And Securities Trading Private Limited,Oxford Securities Pvt. Ltd.,2026-04-30 14:12:12.195351
2026043001033392,HBL,19,58,10,201.0,2010.0,Nepal Investment And Securities Trading Private Limited,Naasa Securities Co. Ltd.,2026-04-30 14:12:21.837021
2026043001033481,HBL,19,92,10,201.0,2010.0,Nepal Investment And Securities Trading Private Limited,Roadshow securities limited,2026-04-30 14:13:17.631532
2026043001033515,HBL,19,58,10,201.0,2010.0,Nepal Investment And Securities Trading Private Limited,Naasa Securities Co. Ltd.,2026-04-30 14:13:45.413421
2026043001033567,HBL,19,58,10,201.0,2010.0,Nepal Investment And Securities Trading Private Limited,Naasa Securities Co. Ltd.,2026-04-30 14:14:31.875896
2026043001033594,HBL,58,58,10,201.1,2011.0,Naasa Securities Co. Ltd.,Naasa Securities Co. Ltd.,2026-04-30 14:14:52.963498
2026043001033627,HBL,58,7,10,201.1,2011.0,Naasa Securities Co. Ltd.,J.F. Securites (PVT) Ltd.,2026-04-30 14:15:01.326015
2026043001033698,HBL,58,3,10,201.1,2011.0,Naasa Securities Co. Ltd.,Arun Securities (PVT) Ltd.,2026-04-30 14:15:43.467419
2026043001033721,HBL,19,19,10,201.0,2010.0,Nepal Investment And Securities Trading Private Limited,Nepal Investment And Securities Trading Private Limited,2026-04-30 14:15:54.364530
2026043001033728,HBL,19,42,10,201.0,2010.0,Nepal Investment And Securities Trading Private Limited,Sani Securities Company Ltd.,2026-04-30 14:15:58.081768
2026043001033807,HBL,7,14,87,201.2,17504.4,J.F. Securites (PVT) Ltd.,Nepal Stock House (PVT) Ltd.,2026-04-30 14:16:46.341878
2026043001033812,HBL,19,42,10,201.0,2010.0,Nepal Investment And Securities Trading Private Limited,Sani Securities Company Ltd.,2026-04-30 14:16:49.586583
2026043001033840,HBL,19,6,10,201.0,2010.0,Nepal Investment And Securities Trading Private Limited,Agrawal Securities (PVT) Ltd.,2026-04-30 14:17:13.761604
2026043001033849,HBL,57,36,10,201.2,2012.0,Aryatara Investment & Securities,Secured Securities Ltd.,2026-04-30 14:17:23.030519
2026043001033932,HBL,57,49,10,201.2,2012.0,Aryatara Investment & Securities,Online Securities Pvt. Ltd.,2026-04-30 14:18:17.818792
2026043001034133,HBL,7,49,10,201.2,2012.0,J.F. Securites (PVT) Ltd.,Online Securities Pvt. Ltd.,2026-04-30 14:19:58.757947
2026043001034137,HBL,8,4,36,201.3,7246.8,Brilliant Securities Pvt. Ltd.,Opal Securities Investment (PVT) Ltd.,2026-04-30 14:20:00.067310
2026043001034229,HBL,8,4,10,201.3,2013.0,Brilliant Securities Pvt. Ltd.,Opal Securities Investment (PVT) Ltd.,2026-04-30 14:20:19.083345
2026043001034261,HBL,77,58,10,201.5,2015.0,Nabil Stock Dealer Ltd.,Naasa Securities Co. Ltd.,2026-04-30 14:20:39.407703
2026043001034271,HBL,77,57,10,201.5,2015.0,Nabil Stock Dealer Ltd.,Aryatara Investment & Securities,2026-04-30 14:20:47.364255
2026043001034272,HBL,8,57,890,201.3,179157.0,Brilliant Securities Pvt. Ltd.,Aryatara Investment & Securities,2026-04-30 14:20:47.365126
2026043001034453,HBL,8,14,10,201.3,2013.0,Brilliant Securities Pvt. Ltd.,Nepal Stock House (PVT) Ltd.,2026-04-30 14:22:01.976008
2026043001034465,HBL,42,49,10,202.0,2020.0,Sani Securities Company Ltd.,Online Securities Pvt. Ltd.,2026-04-30 14:22:11.078003
2026043001034466,HBL,42,58,10,202.0,2020.0,Sani Securities Company Ltd.,Naasa Securities Co. Ltd.,2026-04-30 14:22:11.078904
2026043001034467,HBL,42,49,10,202.0,2020.0,Sani Securities Company Ltd.,Online Securities Pvt. Ltd.,2026-04-30 14:22:11.079543
2026043001034468,HBL,42,19,10,202.0,2020.0,Sani Securities Company Ltd.,Nepal Investment And Securities Trading Private Limited,2026-04-30 14:22:11.080183
2026043001034469,HBL,42,4,10,202.0,2020.0,Sani Securities Company Ltd.,Opal Securities Investment (PVT) Ltd.,2026-04-30 14:22:11.080779
2026043001034470,HBL,42,19,10,202.0,2020.0,Sani Securities Company Ltd.,Nepal Investment And Securities Trading Private Limited,2026-04-30 14:22:11.081404
2026043001034471,HBL,42,22,40,202.0,8080.0,Sani Securities Company Ltd.,Siprabi Securities Pvt. Ltd.,2026-04-30 14:22:11.082015
2026043001034781,HBL,8,49,10,201.3,2013.0,Brilliant Securities Pvt. Ltd.,Online Securities Pvt. Ltd.,2026-04-30 14:22:20.605441
2026043001034798,HBL,8,14,10,201.3,2013.0,Brilliant Securities Pvt. Ltd.,Nepal Stock House (PVT) Ltd.,2026-04-30 14:22:31.304415
2026043001035016,HBL,49,22,160,202.0,32320.0,Online Securities Pvt. Ltd.,Siprabi Securities Pvt. Ltd.,2026-04-30 14:24:18.141801
2026043001035017,HBL,49,41,10,202.0,2020.0,Online Securities Pvt. Ltd.,Linch Stock Market Ltd.,2026-04-30 14:24:18.142243
2026043001035018,HBL,49,54,10,202.0,2020.0,Online Securities Pvt. Ltd.,Sewa Securities Pvt. Ltd.,2026-04-30 14:24:18.142460
2026043001035019,HBL,49,4,10,202.0,2020.0,Online Securities Pvt. Ltd.,Opal Securities Investment (PVT) Ltd.,2026-04-30 14:24:18.142671
2026043001035020,HBL,49,22,10,202.0,2020.0,Online Securities Pvt. Ltd.,Siprabi Securities Pvt. Ltd.,2026-04-30 14:24:18.142877
2026043001035051,HBL,8,42,10,201.3,2013.0,Brilliant Securities Pvt. Ltd.,Sani Securities Company Ltd.,2026-04-30 14:24:34.286616
2026043001035211,HBL,45,10,10,201.4,2014.0,Imperial Securities Company Pvt. Ltd.,Pragyan Securities (PVT) Ltd.,2026-04-30 14:25:43.738201
2026043001035342,HBL,58,35,10,201.9,2019.0,Naasa Securities Co. Ltd.,Kohinoor Investment & Securities Pvt. Ltd.,2026-04-30 14:26:42.414406
2026043001035343,HBL,58,22,10,202.0,2020.0,Naasa Securities Co. Ltd.,Siprabi Securities Pvt. Ltd.,2026-04-30 14:26:42.415295
2026043001035344,HBL,58,6,80,202.0,16160.0,Naasa Securities Co. Ltd.,Agrawal Securities (PVT) Ltd.,2026-04-30 14:26:42.415955
2026043001035347,HBL,32,33,10,201.5,2015.0,Premier Securities Company Ltd.,Dakshinkali Investment & Securities Pvt. Ltd.,2026-04-30 14:26:43.801486
2026043001035480,HBL,58,6,120,202.0,24240.0,Naasa Securities Co. Ltd.,Agrawal Securities (PVT) Ltd.,2026-04-30 14:27:35.982076
2026043001035481,HBL,58,58,10,202.4,2024.0,Naasa Securities Co. Ltd.,Naasa Securities Co. Ltd.,2026-04-30 14:27:35.983066
2026043001035482,HBL,58,22,88,203.0,17864.0,Naasa Securities Co. Ltd.,Siprabi Securities Pvt. Ltd.,2026-04-30 14:27:35.984007
2026043001035483,HBL,58,38,10,203.0,2030.0,Naasa Securities Co. Ltd.,Dipshikha Dhitopatra Karobar Co. Pvt Ltd.,2026-04-30 14:27:35.984834
2026043001035484,HBL,58,44,10,203.0,2030.0,Naasa Securities Co. Ltd.,Dynamic Money Managers Securities Pvt. Ltd.,2026-04-30 14:27:35.985640
2026043001035485,HBL,58,29,62,203.0,12586.0,Naasa Securities Co. Ltd.,Trisul Securities & Invt. Ltd.,2026-04-30 14:27:35.986498
2026043001035763,HBL,42,43,10,202.0,2020.0,Sani Securities Company Ltd.,South Asian Bulls Pvt. Ltd.,2026-04-30 14:29:08.455460
2026043001035764,HBL,42,29,15,203.0,3045.0,Sani Securities Company Ltd.,Trisul Securities & Invt. Ltd.,2026-04-30 14:29:08.455932
2026043001035981,HBL,48,39,10,201.6,2016.0,Trishakti Securities Public Limited,Sumeru Securities Pvt. Ltd.,2026-04-30 14:30:23.529545
2026043001035991,HBL,48,58,10,201.6,2016.0,Trishakti Securities Public Limited,Naasa Securities Co. Ltd.,2026-04-30 14:30:29.117126
2026043001035993,HBL,48,1,10,201.6,2016.0,Trishakti Securities Public Limited,Kumari Securities Private Limited,2026-04-30 14:30:29.333336
2026043001036105,HBL,48,49,10,201.6,2016.0,Trishakti Securities Public Limited,Online Securities Pvt. Ltd.,2026-04-30 14:31:16.424992
2026043001036194,HBL,48,38,10,201.6,2016.0,Trishakti Securities Public Limited,Dipshikha Dhitopatra Karobar Co. Pvt Ltd.,2026-04-30 14:31:52.795284
2026043001036200,HBL,48,6,10,201.6,2016.0,Trishakti Securities Public Limited,Agrawal Securities (PVT) Ltd.,2026-04-30 14:31:54.310269
2026043001036210,HBL,48,38,10,201.6,2016.0,Trishakti Securities Public Limited,Dipshikha Dhitopatra Karobar Co. Pvt Ltd.,2026-04-30 14:31:57.776873
2026043001036217,HBL,48,47,10,201.6,2016.0,Trishakti Securities Public Limited,Neev Securities Pvt. Ltd.,2026-04-30 14:31:59.380841
2026043001036371,HBL,48,34,10,201.8,2018.0,Trishakti Securities Public Limited,Vision Securities Pvt. Ltd,2026-04-30 14:33:01.522661
2026043001036372,HBL,48,74,10,202.0,2020.0,Trishakti Securities Public Limited,KALASH STOCK MARKET PVT. LTD.,2026-04-30 14:33:01.523560
2026043001036373,HBL,48,7,10,202.0,2020.0,Trishakti Securities Public Limited,J.F. Securites (PVT) Ltd.,2026-04-30 14:33:01.640772
2026043001036392,HBL,48,58,10,202.0,2020.0,Trishakti Securities Public Limited,Naasa Securities Co. Ltd.,2026-04-30 14:33:07.523608
2026043001036586,HBL,48,7,10,202.0,2020.0,Trishakti Securities Public Limited,J.F. Securites (PVT) Ltd.,2026-04-30 14:34:10.078506
2026043001036590,HBL,38,29,18,203.0,3654.0,Dipshikha Dhitopatra Karobar Co. Pvt Ltd.,Trisul Securities & Invt. Ltd.,2026-04-30 14:34:14.937569
2026043001036650,HBL,49,29,105,203.0,21315.0,Online Securities Pvt. Ltd.,Trisul Securities & Invt. Ltd.,2026-04-30 14:34:32.312114
2026043001036651,HBL,49,64,10,203.0,2030.0,Online Securities Pvt. Ltd.,SUN SECURITIES PVT LTD,2026-04-30 14:34:32.312951
2026043001036652,HBL,49,58,10,203.0,2030.0,Online Securities Pvt. Ltd.,Naasa Securities Co. Ltd.,2026-04-30 14:34:32.313599
2026043001036653,HBL,49,32,10,203.0,2030.0,Online Securities Pvt. Ltd.,Premier Securities Company Ltd.,2026-04-30 14:34:32.314244
2026043001036654,HBL,49,22,10,203.0,2030.0,Online Securities Pvt. Ltd.,Siprabi Securities Pvt. Ltd.,2026-04-30 14:34:32.314907
2026043001036655,HBL,49,58,10,203.0,2030.0,Online Securities Pvt. Ltd.,Naasa Securities Co. Ltd.,2026-04-30 14:34:32.315548
2026043001036656,HBL,49,22,25,203.0,5075.0,Online Securities Pvt. Ltd.,Siprabi Securities Pvt. Ltd.,2026-04-30 14:34:32.316184
2026043001036657,HBL,49,57,20,203.0,4060.0,Online Securities Pvt. Ltd.,Aryatara Investment & Securities,2026-04-30 14:34:32.316817
2026043001036723,HBL,48,58,10,202.0,2020.0,Trishakti Securities Public Limited,Naasa Securities Co. Ltd.,2026-04-30 14:35:08.311381
2026043001036872,HBL,29,57,10,203.0,2030.0,Trisul Securities & Invt. Ltd.,Aryatara Investment & Securities,2026-04-30 14:36:13.459728
2026043001036929,HBL,58,57,70,203.0,14210.0,Naasa Securities Co. Ltd.,Aryatara Investment & Securities,2026-04-30 14:36:29.590089
2026043001036930,HBL,58,35,10,203.0,2030.0,Naasa Securities Co. Ltd.,Kohinoor Investment & Securities Pvt. Ltd.,2026-04-30 14:36:29.590958
2026043001036931,HBL,58,21,10,203.0,2030.0,Naasa Securities Co. Ltd.,Midas Stock Broking Company Private Limited,2026-04-30 14:36:29.591641
