contractId,stockSymbol,buyerMemberId,sellerMemberId,quantity,rate,amount,businessDate,tradeBookId,stockId,buyerBrokerName,sellerBrokerName,transaction_time,securityName
2026043004000006,MHNL,89,17,10,251.1,2511.0,2026-04-30,188626029,2811,Global IME Securities Limited,ABC Securities Private Limited,2026-04-30 10:46:00.085809,Mountain Hydro Nepal Limited
2026043004000356,MHNL,39,58,10,258.6,2586.0,2026-04-30,188629563,2811,Sumeru Securities Pvt. Ltd.,Naasa Securities Co. Ltd.,2026-04-30 11:05:28.110327,Mountain Hydro Nepal Limited
2026043004000501,MHNL,45,58,100,259.0,25900.0,2026-04-30,188630896,2811,Imperial Securities Company Pvt. Ltd.,Naasa Securities Co. Ltd.,2026-04-30 11:07:25.169022,Mountain Hydro Nepal Limited
2026043004000502,MHNL,34,58,100,259.0,25900.0,2026-04-30,188630898,2811,Vision Securities Pvt. Ltd,Naasa Securities Co. Ltd.,2026-04-30 11:07:25.169087,Mountain Hydro Nepal Limited
2026043004000503,MHNL,39,58,190,258.6,49134.0,2026-04-30,188630900,2811,Sumeru Securities Pvt. Ltd.,Naasa Securities Co. Ltd.,2026-04-30 11:07:25.169134,Mountain Hydro Nepal Limited
2026043004000504,MHNL,34,58,110,258.6,28446.0,2026-04-30,188630901,2811,Vision Securities Pvt. Ltd,Naasa Securities Co. Ltd.,2026-04-30 11:07:25.169162,Mountain Hydro Nepal Limited
2026043004000587,MHNL,45,58,16,259.0,4144.0,2026-04-30,188631731,2811,Imperial Securities Company Pvt. Ltd.,Naasa Securities Co. Ltd.,2026-04-30 11:08:43.087127,Mountain Hydro Nepal Limited
2026043004000873,MHNL,45,59,34,259.0,8806.0,2026-04-30,188634668,2811,Imperial Securities Company Pvt. Ltd.,Deevyaa Securities & Stock House Pvt. Ltd,2026-04-30 11:12:29.828572,Mountain Hydro Nepal Limited
2026043004000874,MHNL,77,59,106,258.8,27432.8,2026-04-30,188634669,2811,Nabil Stock Dealer Ltd.,Deevyaa Securities & Stock House Pvt. Ltd,2026-04-30 11:12:29.828719,Mountain Hydro Nepal Limited
2026043004002360,MHNL,54,25,2000,259.2,518400.0,2026-04-30,188650371,2811,Sewa Securities Pvt. Ltd.,Sweta Securities Private Limited,2026-04-30 11:29:04.923447,Mountain Hydro Nepal Limited
2026043004002420,MHNL,53,39,150,263.0,39450.0,2026-04-30,188651125,2811,Investment Management Nepal Pvt. Ltd.,Sumeru Securities Pvt. Ltd.,2026-04-30 11:29:55.359800,Mountain Hydro Nepal Limited
2026043004002421,MHNL,53,25,10,263.0,2630.0,2026-04-30,188651128,2811,Investment Management Nepal Pvt. Ltd.,Sweta Securities Private Limited,2026-04-30 11:29:55.359961,Mountain Hydro Nepal Limited
2026043004002912,MHNL,36,39,200,263.5,52700.0,2026-04-30,188655978,2811,Secured Securities Ltd.,Sumeru Securities Pvt. Ltd.,2026-04-30 11:36:36.061156,Mountain Hydro Nepal Limited
2026043004002986,MHNL,6,64,160,261.0,41760.0,2026-04-30,188656610,2811,Agrawal Securities (PVT) Ltd.,SUN SECURITIES PVT LTD,2026-04-30 11:37:23.771969,Mountain Hydro Nepal Limited
2026043004002987,MHNL,36,64,100,261.0,26100.0,2026-04-30,188656612,2811,Secured Securities Ltd.,SUN SECURITIES PVT LTD,2026-04-30 11:37:23.772147,Mountain Hydro Nepal Limited
2026043004002993,MHNL,57,64,100,261.0,26100.0,2026-04-30,188656686,2811,Aryatara Investment & Securities,SUN SECURITIES PVT LTD,2026-04-30 11:37:30.756179,Mountain Hydro Nepal Limited
2026043004003033,MHNL,1,39,500,260.0,130000.0,2026-04-30,188656905,2811,Kumari Securities Private Limited,Sumeru Securities Pvt. Ltd.,2026-04-30 11:37:51.157707,Mountain Hydro Nepal Limited
2026043004003082,MHNL,35,64,11,261.0,2871.0,2026-04-30,188657286,2811,Kohinoor Investment & Securities Pvt. Ltd.,SUN SECURITIES PVT LTD,2026-04-30 11:38:20.661204,Mountain Hydro Nepal Limited
2026043004003119,MHNL,35,64,500,261.0,130500.0,2026-04-30,188657476,2811,Kohinoor Investment & Securities Pvt. Ltd.,SUN SECURITIES PVT LTD,2026-04-30 11:38:30.385380,Mountain Hydro Nepal Limited
2026043004003133,MHNL,1,39,150,260.0,39000.0,2026-04-30,188657543,2811,Kumari Securities Private Limited,Sumeru Securities Pvt. Ltd.,2026-04-30 11:38:38.051987,Mountain Hydro Nepal Limited
2026043004003152,MHNL,35,64,141,261.0,36801.0,2026-04-30,188657702,2811,Kohinoor Investment & Securities Pvt. Ltd.,SUN SECURITIES PVT LTD,2026-04-30 11:39:03.943653,Mountain Hydro Nepal Limited
2026043004003258,MHNL,53,39,140,261.0,36540.0,2026-04-30,188658771,2811,Investment Management Nepal Pvt. Ltd.,Sumeru Securities Pvt. Ltd.,2026-04-30 11:40:33.095979,Mountain Hydro Nepal Limited
2026043004003298,MHNL,35,39,60,261.0,15660.0,2026-04-30,188659229,2811,Kohinoor Investment & Securities Pvt. Ltd.,Sumeru Securities Pvt. Ltd.,2026-04-30 11:41:21.818461,Mountain Hydro Nepal Limited
2026043004003404,MHNL,53,22,100,263.9,26390.0,2026-04-30,188660466,2811,Investment Management Nepal Pvt. Ltd.,Siprabi Securities Pvt. Ltd.,2026-04-30 11:43:10.717382,Mountain Hydro Nepal Limited
2026043004003464,MHNL,35,36,11,264.0,2904.0,2026-04-30,188660928,2811,Kohinoor Investment & Securities Pvt. Ltd.,Secured Securities Ltd.,2026-04-30 11:43:54.219789,Mountain Hydro Nepal Limited
2026043004003577,MHNL,45,77,65,261.1,16971.5,2026-04-30,188662374,2811,Imperial Securities Company Pvt. Ltd.,Nabil Stock Dealer Ltd.,2026-04-30 11:45:36.905854,Mountain Hydro Nepal Limited
2026043004003578,MHNL,35,77,50,261.0,13050.0,2026-04-30,188662376,2811,Kohinoor Investment & Securities Pvt. Ltd.,Nabil Stock Dealer Ltd.,2026-04-30 11:45:36.905955,Mountain Hydro Nepal Limited
2026043004003579,MHNL,39,77,200,260.1,52020.0,2026-04-30,188662378,2811,Sumeru Securities Pvt. Ltd.,Nabil Stock Dealer Ltd.,2026-04-30 11:45:36.905994,Mountain Hydro Nepal Limited
2026043004003580,MHNL,1,77,350,260.0,91000.0,2026-04-30,188662380,2811,Kumari Securities Private Limited,Nabil Stock Dealer Ltd.,2026-04-30 11:45:36.906051,Mountain Hydro Nepal Limited
2026043004003581,MHNL,58,77,100,260.0,26000.0,2026-04-30,188662382,2811,Naasa Securities Co. Ltd.,Nabil Stock Dealer Ltd.,2026-04-30 11:45:36.906117,Mountain Hydro Nepal Limited
2026043004003622,MHNL,35,77,13,260.0,3380.0,2026-04-30,188662654,2811,Kohinoor Investment & Securities Pvt. Ltd.,Nabil Stock Dealer Ltd.,2026-04-30 11:45:52.157213,Mountain Hydro Nepal Limited
2026043004004090,MHNL,35,77,10,263.9,2639.0,2026-04-30,188667466,2811,Kohinoor Investment & Securities Pvt. Ltd.,Nabil Stock Dealer Ltd.,2026-04-30 11:52:31.085443,Mountain Hydro Nepal Limited
2026043004004173,MHNL,35,77,16,263.9,4222.4,2026-04-30,188668334,2811,Kohinoor Investment & Securities Pvt. Ltd.,Nabil Stock Dealer Ltd.,2026-04-30 11:53:39.854520,Mountain Hydro Nepal Limited
2026043004004972,MHNL,58,17,100,260.0,26000.0,2026-04-30,188675060,2811,Naasa Securities Co. Ltd.,ABC Securities Private Limited,2026-04-30 12:03:50.299298,Mountain Hydro Nepal Limited
2026043004004973,MHNL,51,17,500,259.2,129600.0,2026-04-30,188675062,2811,Oxford Securities Pvt. Ltd.,ABC Securities Private Limited,2026-04-30 12:03:50.299523,Mountain Hydro Nepal Limited
2026043004004974,MHNL,1,17,300,259.1,77730.0,2026-04-30,188675064,2811,Kumari Securities Private Limited,ABC Securities Private Limited,2026-04-30 12:03:50.299650,Mountain Hydro Nepal Limited
2026043004004975,MHNL,38,17,200,259.1,51820.0,2026-04-30,188675066,2811,Dipshikha Dhitopatra Karobar Co. Pvt Ltd.,ABC Securities Private Limited,2026-04-30 12:03:50.299775,Mountain Hydro Nepal Limited
2026043004004976,MHNL,89,17,500,259.0,129500.0,2026-04-30,188675068,2811,Global IME Securities Limited,ABC Securities Private Limited,2026-04-30 12:03:50.299924,Mountain Hydro Nepal Limited
2026043004004977,MHNL,5,17,500,259.0,129500.0,2026-04-30,188675069,2811,Market Securities & Exchange (PVT) Ltd.,ABC Securities Private Limited,2026-04-30 12:03:50.300041,Mountain Hydro Nepal Limited
2026043004005843,MHNL,35,41,11,263.0,2893.0,2026-04-30,188684376,2811,Kohinoor Investment & Securities Pvt. Ltd.,Linch Stock Market Ltd.,2026-04-30 12:18:01.763235,Mountain Hydro Nepal Limited
2026043004006083,MHNL,47,17,20,260.0,5200.0,2026-04-30,188685800,2811,Neev Securities Pvt. Ltd.,ABC Securities Private Limited,2026-04-30 12:20:09.284173,Mountain Hydro Nepal Limited
2026043004006084,MHNL,21,17,52,259.0,13468.0,2026-04-30,188685802,2811,Midas Stock Broking Company Private Limited,ABC Securities Private Limited,2026-04-30 12:20:09.284394,Mountain Hydro Nepal Limited
2026043004006085,MHNL,16,17,1928,259.0,499352.0,2026-04-30,188685803,2811,Primo Securities (PVT) Ltd.,ABC Securities Private Limited,2026-04-30 12:20:09.284516,Mountain Hydro Nepal Limited
2026043004006458,MHNL,58,45,40,260.0,10400.0,2026-04-30,188689662,2811,Naasa Securities Co. Ltd.,Imperial Securities Company Pvt. Ltd.,2026-04-30 12:26:37.374749,Mountain Hydro Nepal Limited
2026043004006565,MHNL,16,45,72,259.0,18648.0,2026-04-30,188690918,2811,Primo Securities (PVT) Ltd.,Imperial Securities Company Pvt. Ltd.,2026-04-30 12:29:21.359055,Mountain Hydro Nepal Limited
2026043004006566,MHNL,58,45,100,259.0,25900.0,2026-04-30,188690920,2811,Naasa Securities Co. Ltd.,Imperial Securities Company Pvt. Ltd.,2026-04-30 12:29:21.359167,Mountain Hydro Nepal Limited
2026043004006753,MHNL,35,45,10,261.9,2619.0,2026-04-30,188692682,2811,Kohinoor Investment & Securities Pvt. Ltd.,Imperial Securities Company Pvt. Ltd.,2026-04-30 12:32:35.318247,Mountain Hydro Nepal Limited
2026043004006901,MHNL,42,45,10,261.9,2619.0,2026-04-30,188694178,2811,Sani Securities Company Ltd.,Imperial Securities Company Pvt. Ltd.,2026-04-30 12:35:13.259549,Mountain Hydro Nepal Limited
2026043004007131,MHNL,53,41,278,261.0,72558.0,2026-04-30,188696574,2811,Investment Management Nepal Pvt. Ltd.,Linch Stock Market Ltd.,2026-04-30 12:40:23.448209,Mountain Hydro Nepal Limited
2026043004007192,MHNL,53,58,1,261.0,261.0,2026-04-30,188697259,2811,Investment Management Nepal Pvt. Ltd.,Naasa Securities Co. Ltd.,2026-04-30 12:41:53.533825,Mountain Hydro Nepal Limited
2026043004007239,MHNL,53,41,511,261.0,133371.0,2026-04-30,188697576,2811,Investment Management Nepal Pvt. Ltd.,Linch Stock Market Ltd.,2026-04-30 12:42:40.372859,Mountain Hydro Nepal Limited
2026043004007491,MHNL,35,45,268,261.7,70135.6,2026-04-30,188702041,2811,Kohinoor Investment & Securities Pvt. Ltd.,Imperial Securities Company Pvt. Ltd.,2026-04-30 12:50:40.445440,Mountain Hydro Nepal Limited
2026043004007492,MHNL,35,41,232,261.8,60737.6,2026-04-30,188702044,2811,Kohinoor Investment & Securities Pvt. Ltd.,Linch Stock Market Ltd.,2026-04-30 12:50:40.445584,Mountain Hydro Nepal Limited
2026043004007761,MHNL,10,41,10,261.8,2618.0,2026-04-30,188706320,2811,Pragyan Securities (PVT) Ltd.,Linch Stock Market Ltd.,2026-04-30 12:58:06.575391,Mountain Hydro Nepal Limited
2026043004008207,MHNL,35,41,178,261.8,46600.4,2026-04-30,188712845,2811,Kohinoor Investment & Securities Pvt. Ltd.,Linch Stock Market Ltd.,2026-04-30 13:05:46.585561,Mountain Hydro Nepal Limited
2026043004008208,MHNL,35,17,822,262.9,216103.8,2026-04-30,188712848,2811,Kohinoor Investment & Securities Pvt. Ltd.,ABC Securities Private Limited,2026-04-30 13:05:46.585667,Mountain Hydro Nepal Limited
2026043004008230,MHNL,58,17,10,262.9,2629.0,2026-04-30,188713284,2811,Naasa Securities Co. Ltd.,ABC Securities Private Limited,2026-04-30 13:06:00.496379,Mountain Hydro Nepal Limited
2026043004008680,MHNL,35,17,168,262.9,44167.2,2026-04-30,188718928,2811,Kohinoor Investment & Securities Pvt. Ltd.,ABC Securities Private Limited,2026-04-30 13:12:15.638650,Mountain Hydro Nepal Limited
2026043004008681,MHNL,35,58,532,263.2,140022.4,2026-04-30,188718931,2811,Kohinoor Investment & Securities Pvt. Ltd.,Naasa Securities Co. Ltd.,2026-04-30 13:12:15.638843,Mountain Hydro Nepal Limited
2026043004008754,MHNL,35,58,22,263.2,5790.4,2026-04-30,188719456,2811,Kohinoor Investment & Securities Pvt. Ltd.,Naasa Securities Co. Ltd.,2026-04-30 13:13:00.907808,Mountain Hydro Nepal Limited
2026043004008852,MHNL,62,77,183,263.3,48183.9,2026-04-30,188720579,2811,Capital Max Securities Ltd,Nabil Stock Dealer Ltd.,2026-04-30 13:14:26.981321,Mountain Hydro Nepal Limited
2026043004008853,MHNL,62,39,200,263.5,52700.0,2026-04-30,188720581,2811,Capital Max Securities Ltd,Sumeru Securities Pvt. Ltd.,2026-04-30 13:14:26.981368,Mountain Hydro Nepal Limited
2026043004008854,MHNL,62,87,617,263.6,162641.2,2026-04-30,188720584,2811,Capital Max Securities Ltd,S.P.S.A. Securities Limited,2026-04-30 13:14:26.981415,Mountain Hydro Nepal Limited
2026043004008892,MHNL,43,87,1048,263.6,276252.8,2026-04-30,188720937,2811,South Asian Bulls Pvt. Ltd.,S.P.S.A. Securities Limited,2026-04-30 13:15:02.655234,Mountain Hydro Nepal Limited
2026043004008971,MHNL,43,41,952,263.6,250947.2,2026-04-30,188721710,2811,South Asian Bulls Pvt. Ltd.,Linch Stock Market Ltd.,2026-04-30 13:16:01.034921,Mountain Hydro Nepal Limited
2026043004010520,MHNL,58,41,28,260.5,7294.0,2026-04-30,188737625,2811,Naasa Securities Co. Ltd.,Linch Stock Market Ltd.,2026-04-30 13:47:22.392518,Mountain Hydro Nepal Limited
2026043004011294,MHNL,58,17,10,260.6,2606.0,2026-04-30,188747128,2811,Naasa Securities Co. Ltd.,ABC Securities Private Limited,2026-04-30 14:09:43.827851,Mountain Hydro Nepal Limited
2026043004011295,MHNL,58,17,14,260.5,3647.0,2026-04-30,188747130,2811,Naasa Securities Co. Ltd.,ABC Securities Private Limited,2026-04-30 14:09:43.827956,Mountain Hydro Nepal Limited
2026043004011296,MHNL,19,17,55,260.5,14327.5,2026-04-30,188747132,2811,Nepal Investment And Securities Trading Private Limited,ABC Securities Private Limited,2026-04-30 14:09:43.828064,Mountain Hydro Nepal Limited
2026043004011297,MHNL,50,17,100,260.5,26050.0,2026-04-30,188747134,2811,Cristal Kanchanjanga Securites Pvt. Ltd.,ABC Securities Private Limited,2026-04-30 14:09:43.828133,Mountain Hydro Nepal Limited
2026043004011298,MHNL,39,17,100,260.2,26020.0,2026-04-30,188747136,2811,Sumeru Securities Pvt. Ltd.,ABC Securities Private Limited,2026-04-30 14:09:43.828187,Mountain Hydro Nepal Limited
2026043004011299,MHNL,58,17,74,260.0,19240.0,2026-04-30,188747137,2811,Naasa Securities Co. Ltd.,ABC Securities Private Limited,2026-04-30 14:09:43.828260,Mountain Hydro Nepal Limited
2026043004011731,MHNL,58,45,16,260.0,4160.0,2026-04-30,188752194,2811,Naasa Securities Co. Ltd.,Imperial Securities Company Pvt. Ltd.,2026-04-30 14:21:18.979619,Mountain Hydro Nepal Limited
2026043004011732,MHNL,34,45,200,260.0,52000.0,2026-04-30,188752196,2811,Vision Securities Pvt. Ltd,Imperial Securities Company Pvt. Ltd.,2026-04-30 14:21:18.979845,Mountain Hydro Nepal Limited
2026043004011733,MHNL,58,45,150,260.0,39000.0,2026-04-30,188752198,2811,Naasa Securities Co. Ltd.,Imperial Securities Company Pvt. Ltd.,2026-04-30 14:21:18.979998,Mountain Hydro Nepal Limited
2026043004011734,MHNL,6,45,10,260.0,2600.0,2026-04-30,188752200,2811,Agrawal Securities (PVT) Ltd.,Imperial Securities Company Pvt. Ltd.,2026-04-30 14:21:18.980191,Mountain Hydro Nepal Limited
2026043004011735,MHNL,89,45,524,260.0,136240.0,2026-04-30,188752201,2811,Global IME Securities Limited,Imperial Securities Company Pvt. Ltd.,2026-04-30 14:21:18.980420,Mountain Hydro Nepal Limited
2026043004011865,MHNL,45,45,15,261.5,3922.5,2026-04-30,188754100,2811,Imperial Securities Company Pvt. Ltd.,Imperial Securities Company Pvt. Ltd.,2026-04-30 14:23:49.389445,Mountain Hydro Nepal Limited
2026043004012002,MHNL,98,17,200,262.0,52400.0,2026-04-30,188755338,2811,Trademow Securities Private Limited,ABC Securities Private Limited,2026-04-30 14:26:02.676896,Mountain Hydro Nepal Limited
2026043004012160,MHNL,58,29,100,261.0,26100.0,2026-04-30,188757360,2811,Naasa Securities Co. Ltd.,Trisul Securities & Invt. Ltd.,2026-04-30 14:29:16.268345,Mountain Hydro Nepal Limited
2026043004012161,MHNL,89,29,376,260.0,97760.0,2026-04-30,188757362,2811,Global IME Securities Limited,Trisul Securities & Invt. Ltd.,2026-04-30 14:29:16.268456,Mountain Hydro Nepal Limited
2026043004012162,MHNL,28,29,24,260.0,6240.0,2026-04-30,188757363,2811,Shree Krishna Securities Ltd.,Trisul Securities & Invt. Ltd.,2026-04-30 14:29:16.268504,Mountain Hydro Nepal Limited
2026043004012420,MHNL,45,36,989,263.0,260107.0,2026-04-30,188759711,2811,Imperial Securities Company Pvt. Ltd.,Secured Securities Ltd.,2026-04-30 14:32:45.164066,Mountain Hydro Nepal Limited
2026043004013152,MHNL,98,44,50,260.5,13025.0,2026-04-30,188765811,2811,Trademow Securities Private Limited,Dynamic Money Managers Securities Pvt. Ltd.,2026-04-30 14:41:24.509660,Mountain Hydro Nepal Limited
2026043004013211,MHNL,98,57,36,260.5,9378.0,2026-04-30,188766331,2811,Trademow Securities Private Limited,Aryatara Investment & Securities,2026-04-30 14:42:00.139890,Mountain Hydro Nepal Limited
2026043004013213,MHNL,98,18,40,260.5,10420.0,2026-04-30,188766359,2811,Trademow Securities Private Limited,Sagarmatha Securities Private Limited,2026-04-30 14:42:02.195163,Mountain Hydro Nepal Limited
2026043004013660,MHNL,58,35,45,260.6,11727.0,2026-04-30,188770272,2811,Naasa Securities Co. Ltd.,Kohinoor Investment & Securities Pvt. Ltd.,2026-04-30 14:48:01.499957,Mountain Hydro Nepal Limited
2026043004013661,MHNL,43,35,50,260.5,13025.0,2026-04-30,188770274,2811,South Asian Bulls Pvt. Ltd.,Kohinoor Investment & Securities Pvt. Ltd.,2026-04-30 14:48:01.500117,Mountain Hydro Nepal Limited
2026043004013662,MHNL,52,35,212,260.3,55183.6,2026-04-30,188770275,2811,Sundhara Securities Limited,Kohinoor Investment & Securities Pvt. Ltd.,2026-04-30 14:48:01.500188,Mountain Hydro Nepal Limited
2026043004013936,MHNL,52,56,607,260.3,158002.1,2026-04-30,188772979,2811,Sundhara Securities Limited,Sri Hari Securities Pvt. Ltd.,2026-04-30 14:51:35.763639,Mountain Hydro Nepal Limited
2026043004014159,MHNL,89,34,58,260.4,15103.2,2026-04-30,188775033,2811,Global IME Securities Limited,Vision Securities Pvt. Ltd,2026-04-30 14:53:54.539983,Mountain Hydro Nepal Limited
2026043004014567,MHNL,52,32,181,261.1,47259.1,2026-04-30,188778986,2811,Sundhara Securities Limited,Premier Securities Company Ltd.,2026-04-30 14:57:04.762635,Mountain Hydro Nepal Limited
2026043004014568,MHNL,89,32,400,261.0,104400.0,2026-04-30,188778988,2811,Global IME Securities Limited,Premier Securities Company Ltd.,2026-04-30 14:57:04.762741,Mountain Hydro Nepal Limited
2026043004014569,MHNL,98,32,174,261.0,45414.0,2026-04-30,188778990,2811,Trademow Securities Private Limited,Premier Securities Company Ltd.,2026-04-30 14:57:04.762790,Mountain Hydro Nepal Limited
2026043004014570,MHNL,89,32,242,260.4,63016.8,2026-04-30,188778992,2811,Global IME Securities Limited,Premier Securities Company Ltd.,2026-04-30 14:57:04.762835,Mountain Hydro Nepal Limited
2026043004014571,MHNL,28,32,13,260.4,3385.2,2026-04-30,188778994,2811,Shree Krishna Securities Ltd.,Premier Securities Company Ltd.,2026-04-30 14:57:04.762878,Mountain Hydro Nepal Limited
2026043004014572,MHNL,89,32,25,260.4,6510.0,2026-04-30,188778996,2811,Global IME Securities Limited,Premier Securities Company Ltd.,2026-04-30 14:57:04.762922,Mountain Hydro Nepal Limited
2026043004014573,MHNL,96,32,11,260.2,2862.2,2026-04-30,188778998,2811,Himalayan Securities Limited,Premier Securities Company Ltd.,2026-04-30 14:57:04.762963,Mountain Hydro Nepal Limited
2026043004014574,MHNL,59,32,100,260.2,26020.0,2026-04-30,188779000,2811,Deevyaa Securities & Stock House Pvt. Ltd,Premier Securities Company Ltd.,2026-04-30 14:57:04.763005,Mountain Hydro Nepal Limited
2026043004014575,MHNL,6,32,200,260.1,52020.0,2026-04-30,188779002,2811,Agrawal Securities (PVT) Ltd.,Premier Securities Company Ltd.,2026-04-30 14:57:04.763058,Mountain Hydro Nepal Limited
2026043004014576,MHNL,62,32,1000,260.0,260000.0,2026-04-30,188779004,2811,Capital Max Securities Ltd,Premier Securities Company Ltd.,2026-04-30 14:57:04.763103,Mountain Hydro Nepal Limited
2026043004014577,MHNL,38,32,50,260.0,13000.0,2026-04-30,188779006,2811,Dipshikha Dhitopatra Karobar Co. Pvt Ltd.,Premier Securities Company Ltd.,2026-04-30 14:57:04.763151,Mountain Hydro Nepal Limited
2026043004014578,MHNL,45,32,50,260.0,13000.0,2026-04-30,188779008,2811,Imperial Securities Company Pvt. Ltd.,Premier Securities Company Ltd.,2026-04-30 14:57:04.763203,Mountain Hydro Nepal Limited
2026043004015293,MHNL,58,53,40,261.0,10440.0,2026-04-30,188785039,2811,Naasa Securities Co. Ltd.,Investment Management Nepal Pvt. Ltd.,2026-04-30 14:59:45.699669,Mountain Hydro Nepal Limited
2026043004015353,MHNL,35,53,100,261.0,26100.0,2026-04-30,188786012,2811,Kohinoor Investment & Securities Pvt. Ltd.,Investment Management Nepal Pvt. Ltd.,2026-04-30 14:59:55.917260,Mountain Hydro Nepal Limited
