contract_id,symbol,buyer_member_id,seller_member_id,volume,price,amount,buyer_broker,seller_broker,transaction_time
2026043003000193,NABBC,71,74,50,1155.0,57750.0,SHUBHAKAMANA SECURITIES PVT. LTD,KALASH STOCK MARKET PVT. LTD.,2026-04-30 11:09:24.687371
2026043003000194,NABBC,58,74,40,1140.0,45600.0,Naasa Securities Co. Ltd.,KALASH STOCK MARKET PVT. LTD.,2026-04-30 11:09:24.687454
2026043003000195,NABBC,26,74,30,1136.0,34080.0,Asian Securities Private Ltd.,KALASH STOCK MARKET PVT. LTD.,2026-04-30 11:09:24.687527
2026043003000472,NABBC,58,42,29,1137.0,32973.0,Naasa Securities Co. Ltd.,Sani Securities Company Ltd.,2026-04-30 11:17:13.976684
2026043003000473,NABBC,26,42,20,1136.0,22720.0,Asian Securities Private Ltd.,Sani Securities Company Ltd.,2026-04-30 11:17:13.976734
2026043003000474,NABBC,58,42,17,1135.5,19303.5,Naasa Securities Co. Ltd.,Sani Securities Company Ltd.,2026-04-30 11:17:13.976763
2026043003000498,NABBC,25,42,34,1105.0,37570.0,Sweta Securities Private Limited,Sani Securities Company Ltd.,2026-04-30 11:18:01.908134
2026043003000525,NABBC,71,57,100,1106.0,110600.0,SHUBHAKAMANA SECURITIES PVT. LTD,Aryatara Investment & Securities,2026-04-30 11:18:40.766956
2026043003000561,NABBC,57,57,10,1135.0,11350.0,Aryatara Investment & Securities,Aryatara Investment & Securities,2026-04-30 11:19:24.852202
2026043003000578,NABBC,71,71,10,1106.0,11060.0,SHUBHAKAMANA SECURITIES PVT. LTD,SHUBHAKAMANA SECURITIES PVT. LTD,2026-04-30 11:20:09.745047
2026043003000642,NABBC,71,57,90,1135.0,102150.0,SHUBHAKAMANA SECURITIES PVT. LTD,Aryatara Investment & Securities,2026-04-30 11:21:47.465096
2026043003000643,NABBC,71,33,10,1168.0,11680.0,SHUBHAKAMANA SECURITIES PVT. LTD,Dakshinkali Investment & Securities Pvt. Ltd.,2026-04-30 11:21:47.465205
2026043003000868,NABBC,17,41,10,1133.0,11330.0,ABC Securities Private Limited,Linch Stock Market Ltd.,2026-04-30 11:28:29.891969
2026043003000869,NABBC,17,41,20,1133.0,22660.0,ABC Securities Private Limited,Linch Stock Market Ltd.,2026-04-30 11:28:29.892115
2026043003000870,NABBC,49,41,20,1133.0,22660.0,Online Securities Pvt. Ltd.,Linch Stock Market Ltd.,2026-04-30 11:28:29.892207
2026043003001226,NABBC,42,56,10,1166.0,11660.0,Sani Securities Company Ltd.,Sri Hari Securities Pvt. Ltd.,2026-04-30 11:39:40.010558
2026043003001400,NABBC,65,56,50,1134.1,56705.0,Sharepro Securities Private Limited,Sri Hari Securities Pvt. Ltd.,2026-04-30 11:44:47.682805
2026043003001401,NABBC,45,56,10,1134.0,11340.0,Imperial Securities Company Pvt. Ltd.,Sri Hari Securities Pvt. Ltd.,2026-04-30 11:44:47.682867
2026043003001692,NABBC,35,74,250,1135.0,283750.0,Kohinoor Investment & Securities Pvt. Ltd.,KALASH STOCK MARKET PVT. LTD.,2026-04-30 11:53:21.386439
2026043003001693,NABBC,45,74,40,1134.0,45360.0,Imperial Securities Company Pvt. Ltd.,KALASH STOCK MARKET PVT. LTD.,2026-04-30 11:53:21.386532
2026043003001694,NABBC,1,74,10,1133.2,11332.0,Kumari Securities Private Limited,KALASH STOCK MARKET PVT. LTD.,2026-04-30 11:53:21.386593
2026043003001695,NABBC,49,74,330,1133.0,373890.0,Online Securities Pvt. Ltd.,KALASH STOCK MARKET PVT. LTD.,2026-04-30 11:53:21.386654
2026043003001733,NABBC,49,51,150,1133.0,169950.0,Online Securities Pvt. Ltd.,Oxford Securities Pvt. Ltd.,2026-04-30 11:54:19.299202
2026043003001744,NABBC,42,51,10,1131.1,11311.0,Sani Securities Company Ltd.,Oxford Securities Pvt. Ltd.,2026-04-30 11:54:48.924276
2026043003001763,NABBC,56,51,10,1111.0,11110.0,Sri Hari Securities Pvt. Ltd.,Oxford Securities Pvt. Ltd.,2026-04-30 11:55:35.807005
2026043003002181,NABBC,58,46,35,1115.0,39025.0,Naasa Securities Co. Ltd.,Kalika Securities Pvt. Ltd.,2026-04-30 12:15:26.014376
2026043003002188,NABBC,16,46,24,1113.0,26712.0,Primo Securities (PVT) Ltd.,Kalika Securities Pvt. Ltd.,2026-04-30 12:15:41.455596
2026043003002189,NABBC,63,46,100,1113.0,111300.0,Himalayan Brokerage Company Limited,Kalika Securities Pvt. Ltd.,2026-04-30 12:15:41.455767
2026043003002190,NABBC,11,46,41,1112.7,45620.7,Malla & Malla Stock Broking Company Pvt. Limited,Kalika Securities Pvt. Ltd.,2026-04-30 12:15:41.455920
2026043003002221,NABBC,11,57,50,1112.7,55635.0,Malla & Malla Stock Broking Company Pvt. Limited,Aryatara Investment & Securities,2026-04-30 12:16:32.289365
2026043003002343,NABBC,81,32,100,1113.0,111300.0,Aakashbhairab Securities Ltd.,Premier Securities Company Ltd.,2026-04-30 12:21:16.169501
2026043003002344,NABBC,22,32,20,1112.6,22252.0,Siprabi Securities Pvt. Ltd.,Premier Securities Company Ltd.,2026-04-30 12:21:16.169598
2026043003002345,NABBC,45,32,50,1112.6,55630.0,Imperial Securities Company Pvt. Ltd.,Premier Securities Company Ltd.,2026-04-30 12:21:16.169645
2026043003002346,NABBC,11,32,100,1112.5,111250.0,Malla & Malla Stock Broking Company Pvt. Limited,Premier Securities Company Ltd.,2026-04-30 12:21:16.169682
2026043003002347,NABBC,6,32,100,1112.1,111210.0,Agrawal Securities (PVT) Ltd.,Premier Securities Company Ltd.,2026-04-30 12:21:16.169722
2026043003002348,NABBC,50,32,30,1112.0,33360.0,Cristal Kanchanjanga Securites Pvt. Ltd.,Premier Securities Company Ltd.,2026-04-30 12:21:16.169759
2026043003002370,NABBC,6,32,100,1111.1,111110.0,Agrawal Securities (PVT) Ltd.,Premier Securities Company Ltd.,2026-04-30 12:21:53.840309
2026043003002371,NABBC,56,32,40,1111.0,44440.0,Sri Hari Securities Pvt. Ltd.,Premier Securities Company Ltd.,2026-04-30 12:21:53.840391
2026043003002372,NABBC,74,32,20,1111.0,22220.0,KALASH STOCK MARKET PVT. LTD.,Premier Securities Company Ltd.,2026-04-30 12:21:53.840437
2026043003002373,NABBC,36,32,300,1111.0,333300.0,Secured Securities Ltd.,Premier Securities Company Ltd.,2026-04-30 12:21:53.840469
2026043003002434,NABBC,58,32,200,1111.1,222220.0,Naasa Securities Co. Ltd.,Premier Securities Company Ltd.,2026-04-30 12:24:18.087182
2026043003002623,NABBC,58,51,15,1127.0,16905.0,Naasa Securities Co. Ltd.,Oxford Securities Pvt. Ltd.,2026-04-30 12:30:35.748284
2026043003002921,NABBC,65,33,13,1117.0,14521.0,Sharepro Securities Private Limited,Dakshinkali Investment & Securities Pvt. Ltd.,2026-04-30 12:44:08.642231
2026043003002933,NABBC,16,58,30,1109.0,33270.0,Primo Securities (PVT) Ltd.,Naasa Securities Co. Ltd.,2026-04-30 12:44:29.084249
2026043003002934,NABBC,56,58,100,1108.0,110800.0,Sri Hari Securities Pvt. Ltd.,Naasa Securities Co. Ltd.,2026-04-30 12:44:29.084305
2026043003002935,NABBC,45,58,10,1108.0,11080.0,Imperial Securities Company Pvt. Ltd.,Naasa Securities Co. Ltd.,2026-04-30 12:44:29.084329
2026043003002936,NABBC,51,58,10,1107.2,11072.0,Oxford Securities Pvt. Ltd.,Naasa Securities Co. Ltd.,2026-04-30 12:44:29.084396
2026043003002953,NABBC,58,62,10,1107.1,11071.0,Naasa Securities Co. Ltd.,Capital Max Securities Ltd,2026-04-30 12:45:07.878660
2026043003002956,NABBC,57,62,10,1107.0,11070.0,Aryatara Investment & Securities,Capital Max Securities Ltd,2026-04-30 12:45:19.629132
2026043003003164,NABBC,69,33,10,1127.3,11273.0,INDEX SECURITIES LIMITED,Dakshinkali Investment & Securities Pvt. Ltd.,2026-04-30 12:54:52.230758
2026043003003259,NABBC,69,33,20,1127.3,22546.0,INDEX SECURITIES LIMITED,Dakshinkali Investment & Securities Pvt. Ltd.,2026-04-30 12:59:04.017146
2026043003003260,NABBC,69,32,10,1128.0,11280.0,INDEX SECURITIES LIMITED,Premier Securities Company Ltd.,2026-04-30 12:59:04.017391
2026043003003290,NABBC,35,32,20,1128.0,22560.0,Kohinoor Investment & Securities Pvt. Ltd.,Premier Securities Company Ltd.,2026-04-30 12:59:37.661830
2026043003003304,NABBC,69,32,20,1128.0,22560.0,INDEX SECURITIES LIMITED,Premier Securities Company Ltd.,2026-04-30 13:00:20.979872
2026043003003305,NABBC,69,81,20,1129.0,22580.0,INDEX SECURITIES LIMITED,Aakashbhairab Securities Ltd.,2026-04-30 13:00:20.980001
2026043003003306,NABBC,69,57,50,1130.0,56500.0,INDEX SECURITIES LIMITED,Aryatara Investment & Securities,2026-04-30 13:00:20.980125
2026043003003307,NABBC,69,37,10,1137.0,11370.0,INDEX SECURITIES LIMITED,Swarna Laxmi Securities Pvt. Ltd.,2026-04-30 13:00:20.980198
2026043003003355,NABBC,58,32,360,1121.0,403560.0,Naasa Securities Co. Ltd.,Premier Securities Company Ltd.,2026-04-30 13:02:35.892865
2026043003003356,NABBC,34,32,40,1120.0,44800.0,Vision Securities Pvt. Ltd,Premier Securities Company Ltd.,2026-04-30 13:02:35.893050
2026043003003408,NABBC,69,32,10,1136.0,11360.0,INDEX SECURITIES LIMITED,Premier Securities Company Ltd.,2026-04-30 13:03:59.209403
2026043003003797,NABBC,69,32,40,1136.0,45440.0,INDEX SECURITIES LIMITED,Premier Securities Company Ltd.,2026-04-30 13:16:19.316933
2026043003003798,NABBC,69,37,10,1137.0,11370.0,INDEX SECURITIES LIMITED,Swarna Laxmi Securities Pvt. Ltd.,2026-04-30 13:16:19.317014
2026043003003866,NABBC,58,37,10,1137.0,11370.0,Naasa Securities Co. Ltd.,Swarna Laxmi Securities Pvt. Ltd.,2026-04-30 13:18:06.588248
2026043003003910,NABBC,74,37,120,1137.0,136440.0,KALASH STOCK MARKET PVT. LTD.,Swarna Laxmi Securities Pvt. Ltd.,2026-04-30 13:19:06.090711
2026043003003911,NABBC,34,69,10,1120.0,11200.0,Vision Securities Pvt. Ltd,INDEX SECURITIES LIMITED,2026-04-30 13:19:09.188967
2026043003003912,NABBC,51,69,100,1120.0,112000.0,Oxford Securities Pvt. Ltd.,INDEX SECURITIES LIMITED,2026-04-30 13:19:09.189056
2026043003003913,NABBC,56,69,90,1120.0,100800.0,Sri Hari Securities Pvt. Ltd.,INDEX SECURITIES LIMITED,2026-04-30 13:19:09.189078
2026043003003933,NABBC,69,37,10,1144.0,11440.0,INDEX SECURITIES LIMITED,Swarna Laxmi Securities Pvt. Ltd.,2026-04-30 13:19:28.400705
2026043003004652,NABBC,74,32,120,1130.0,135600.0,KALASH STOCK MARKET PVT. LTD.,Premier Securities Company Ltd.,2026-04-30 13:49:09.859644
2026043003004721,NABBC,16,32,10,1141.0,11410.0,Primo Securities (PVT) Ltd.,Premier Securities Company Ltd.,2026-04-30 13:52:11.471971
2026043003004944,NABBC,45,81,10,1140.0,11400.0,Imperial Securities Company Pvt. Ltd.,Aakashbhairab Securities Ltd.,2026-04-30 14:01:09.739774
2026043003005726,NABBC,5,32,10,1130.0,11300.0,Market Securities & Exchange (PVT) Ltd.,Premier Securities Company Ltd.,2026-04-30 14:30:45.045574
2026043003005734,NABBC,20,32,20,1138.0,22760.0,Sipla Securities Private Limited,Premier Securities Company Ltd.,2026-04-30 14:30:58.828816
2026043003005735,NABBC,20,77,110,1139.0,125290.0,Sipla Securities Private Limited,Nabil Stock Dealer Ltd.,2026-04-30 14:30:58.828980
2026043003005736,NABBC,20,6,50,1139.0,56950.0,Sipla Securities Private Limited,Agrawal Securities (PVT) Ltd.,2026-04-30 14:30:58.829036
2026043003005737,NABBC,20,81,10,1140.0,11400.0,Sipla Securities Private Limited,Aakashbhairab Securities Ltd.,2026-04-30 14:30:58.829092
2026043003005738,NABBC,20,22,10,1140.0,11400.0,Sipla Securities Private Limited,Siprabi Securities Pvt. Ltd.,2026-04-30 14:30:58.829137
2026043003006093,NABBC,49,69,30,1126.0,33780.0,Online Securities Pvt. Ltd.,INDEX SECURITIES LIMITED,2026-04-30 14:41:41.073204
2026043003006102,NABBC,69,22,10,1140.0,11400.0,INDEX SECURITIES LIMITED,Siprabi Securities Pvt. Ltd.,2026-04-30 14:41:46.152777
2026043003006251,NABBC,5,44,100,1130.0,113000.0,Market Securities & Exchange (PVT) Ltd.,Dynamic Money Managers Securities Pvt. Ltd.,2026-04-30 14:45:55.485957
2026043003006335,NABBC,6,32,10,1125.2,11252.0,Agrawal Securities (PVT) Ltd.,Premier Securities Company Ltd.,2026-04-30 14:47:45.489913
2026043003006336,NABBC,49,32,28,1125.1,31502.8,Online Securities Pvt. Ltd.,Premier Securities Company Ltd.,2026-04-30 14:47:45.490133
2026043003006337,NABBC,58,32,10,1125.0,11250.0,Naasa Securities Co. Ltd.,Premier Securities Company Ltd.,2026-04-30 14:47:45.490304
2026043003006338,NABBC,74,32,200,1125.0,225000.0,KALASH STOCK MARKET PVT. LTD.,Premier Securities Company Ltd.,2026-04-30 14:47:45.490431
2026043003006346,NABBC,5,95,76,1129.0,85804.0,Market Securities & Exchange (PVT) Ltd.,Magnet Securities and Investment Company Private Limited,2026-04-30 14:47:59.160773
2026043003006347,NABBC,5,32,24,1129.8,27115.2,Market Securities & Exchange (PVT) Ltd.,Premier Securities Company Ltd.,2026-04-30 14:47:59.160997
2026043003006376,NABBC,28,44,50,1121.0,56050.0,Shree Krishna Securities Ltd.,Dynamic Money Managers Securities Pvt. Ltd.,2026-04-30 14:48:34.473718
2026043003006377,NABBC,57,44,100,1120.0,112000.0,Aryatara Investment & Securities,Dynamic Money Managers Securities Pvt. Ltd.,2026-04-30 14:48:34.473950
2026043003006393,NABBC,36,69,20,1120.0,22400.0,Secured Securities Ltd.,INDEX SECURITIES LIMITED,2026-04-30 14:48:53.955118
2026043003006394,NABBC,4,69,15,1115.0,16725.0,Opal Securities Investment (PVT) Ltd.,INDEX SECURITIES LIMITED,2026-04-30 14:48:53.955180
2026043003006395,NABBC,58,69,10,1112.0,11120.0,Naasa Securities Co. Ltd.,INDEX SECURITIES LIMITED,2026-04-30 14:48:53.955217
2026043003006396,NABBC,70,69,50,1112.0,55600.0,Infinity Securities Limited,INDEX SECURITIES LIMITED,2026-04-30 14:48:53.955246
2026043003006397,NABBC,41,69,40,1112.0,44480.0,Linch Stock Market Ltd.,INDEX SECURITIES LIMITED,2026-04-30 14:48:53.955272
2026043003006398,NABBC,95,69,200,1111.3,222260.0,Magnet Securities and Investment Company Private Limited,INDEX SECURITIES LIMITED,2026-04-30 14:48:53.955327
2026043003006399,NABBC,57,69,20,1111.0,22220.0,Aryatara Investment & Securities,INDEX SECURITIES LIMITED,2026-04-30 14:48:53.955354
2026043003006400,NABBC,58,69,10,1111.0,11110.0,Naasa Securities Co. Ltd.,INDEX SECURITIES LIMITED,2026-04-30 14:48:53.955380
2026043003006401,NABBC,58,69,10,1111.0,11110.0,Naasa Securities Co. Ltd.,INDEX SECURITIES LIMITED,2026-04-30 14:48:53.955402
2026043003006402,NABBC,1,69,125,1111.0,138875.0,Kumari Securities Private Limited,INDEX SECURITIES LIMITED,2026-04-30 14:48:53.955426
2026043003006421,NABBC,69,32,21,1129.8,23725.8,INDEX SECURITIES LIMITED,Premier Securities Company Ltd.,2026-04-30 14:49:19.175718
2026043003006422,NABBC,69,57,30,1130.0,33900.0,INDEX SECURITIES LIMITED,Aryatara Investment & Securities,2026-04-30 14:49:19.175763
2026043003006423,NABBC,69,58,95,1140.0,108300.0,INDEX SECURITIES LIMITED,Naasa Securities Co. Ltd.,2026-04-30 14:49:19.175786
2026043003006424,NABBC,69,22,10,1140.0,11400.0,INDEX SECURITIES LIMITED,Siprabi Securities Pvt. Ltd.,2026-04-30 14:49:19.175815
2026043003006425,NABBC,69,32,45,1141.0,51345.0,INDEX SECURITIES LIMITED,Premier Securities Company Ltd.,2026-04-30 14:49:19.175837
2026043003006426,NABBC,69,89,20,1142.0,22840.0,INDEX SECURITIES LIMITED,Global IME Securities Limited,2026-04-30 14:49:19.175860
2026043003006427,NABBC,69,22,10,1142.0,11420.0,INDEX SECURITIES LIMITED,Siprabi Securities Pvt. Ltd.,2026-04-30 14:49:19.175907
2026043003006428,NABBC,69,39,50,1144.0,57200.0,INDEX SECURITIES LIMITED,Sumeru Securities Pvt. Ltd.,2026-04-30 14:49:19.175953
2026043003006429,NABBC,69,22,10,1145.0,11450.0,INDEX SECURITIES LIMITED,Siprabi Securities Pvt. Ltd.,2026-04-30 14:49:19.175976
2026043003006430,NABBC,69,22,20,1149.0,22980.0,INDEX SECURITIES LIMITED,Siprabi Securities Pvt. Ltd.,2026-04-30 14:49:19.175995
2026043003006431,NABBC,69,22,20,1155.0,23100.0,INDEX SECURITIES LIMITED,Siprabi Securities Pvt. Ltd.,2026-04-30 14:49:19.176017
2026043003006432,NABBC,69,50,30,1160.0,34800.0,INDEX SECURITIES LIMITED,Cristal Kanchanjanga Securites Pvt. Ltd.,2026-04-30 14:49:19.176045
2026043003006433,NABBC,69,36,39,1165.0,45435.0,INDEX SECURITIES LIMITED,Secured Securities Ltd.,2026-04-30 14:49:19.176068
2026043003006485,NABBC,1,69,75,1111.0,83325.0,Kumari Securities Private Limited,INDEX SECURITIES LIMITED,2026-04-30 14:50:32.856513
2026043003006486,NABBC,58,69,10,1110.0,11100.0,Naasa Securities Co. Ltd.,INDEX SECURITIES LIMITED,2026-04-30 14:50:32.856620
2026043003006487,NABBC,5,69,10,1110.0,11100.0,Market Securities & Exchange (PVT) Ltd.,INDEX SECURITIES LIMITED,2026-04-30 14:50:32.856680
2026043003006488,NABBC,47,69,100,1110.0,111000.0,Neev Securities Pvt. Ltd.,INDEX SECURITIES LIMITED,2026-04-30 14:50:32.856741
2026043003006489,NABBC,11,69,100,1109.0,110900.0,Malla & Malla Stock Broking Company Pvt. Limited,INDEX SECURITIES LIMITED,2026-04-30 14:50:32.856806
2026043003006490,NABBC,57,69,205,1109.0,227345.0,Aryatara Investment & Securities,INDEX SECURITIES LIMITED,2026-04-30 14:50:32.856864
2026043003006502,NABBC,69,57,20,1140.0,22800.0,INDEX SECURITIES LIMITED,Aryatara Investment & Securities,2026-04-30 14:50:51.782987
2026043003006503,NABBC,69,71,100,1163.0,116300.0,INDEX SECURITIES LIMITED,SHUBHAKAMANA SECURITIES PVT. LTD,2026-04-30 14:50:51.783093
2026043003006504,NABBC,69,32,55,1164.9,64069.5,INDEX SECURITIES LIMITED,Premier Securities Company Ltd.,2026-04-30 14:50:51.783158
2026043003006505,NABBC,69,36,261,1165.0,304065.0,INDEX SECURITIES LIMITED,Secured Securities Ltd.,2026-04-30 14:50:51.783235
2026043003006506,NABBC,69,92,40,1166.0,46640.0,INDEX SECURITIES LIMITED,Roadshow securities limited,2026-04-30 14:50:51.783309
2026043003006507,NABBC,69,32,24,1168.6,28046.4,INDEX SECURITIES LIMITED,Premier Securities Company Ltd.,2026-04-30 14:50:51.783387
2026043003006530,NABBC,57,69,200,1109.0,221800.0,Aryatara Investment & Securities,INDEX SECURITIES LIMITED,2026-04-30 14:51:06.990592
2026043003006548,NABBC,69,32,36,1168.6,42069.6,INDEX SECURITIES LIMITED,Premier Securities Company Ltd.,2026-04-30 14:51:19.012221
2026043003006549,NABBC,69,22,50,1169.0,58450.0,INDEX SECURITIES LIMITED,Siprabi Securities Pvt. Ltd.,2026-04-30 14:51:19.012347
2026043003006550,NABBC,69,32,34,1177.0,40018.0,INDEX SECURITIES LIMITED,Premier Securities Company Ltd.,2026-04-30 14:51:19.012424
2026043003006633,NABBC,57,69,10,1109.0,11090.0,Aryatara Investment & Securities,INDEX SECURITIES LIMITED,2026-04-30 14:53:22.516739
2026043003006674,NABBC,71,69,200,1112.0,222400.0,SHUBHAKAMANA SECURITIES PVT. LTD,INDEX SECURITIES LIMITED,2026-04-30 14:54:19.374188
2026043003006675,NABBC,42,69,31,1112.0,34472.0,Sani Securities Company Ltd.,INDEX SECURITIES LIMITED,2026-04-30 14:54:19.374253
2026043003006676,NABBC,57,69,20,1111.0,22220.0,Aryatara Investment & Securities,INDEX SECURITIES LIMITED,2026-04-30 14:54:19.374292
2026043003006677,NABBC,57,69,49,1111.0,54439.0,Aryatara Investment & Securities,INDEX SECURITIES LIMITED,2026-04-30 14:54:19.374318
2026043003006696,NABBC,69,22,10,1175.0,11750.0,INDEX SECURITIES LIMITED,Siprabi Securities Pvt. Ltd.,2026-04-30 14:54:33.763838
2026043003006753,NABBC,69,43,100,1174.8,117480.0,INDEX SECURITIES LIMITED,South Asian Bulls Pvt. Ltd.,2026-04-30 14:55:11.339542
2026043003006754,NABBC,69,32,95,1174.9,111615.5,INDEX SECURITIES LIMITED,Premier Securities Company Ltd.,2026-04-30 14:55:11.339657
2026043003006755,NABBC,69,22,30,1175.0,35250.0,INDEX SECURITIES LIMITED,Siprabi Securities Pvt. Ltd.,2026-04-30 14:55:11.339731
2026043003006756,NABBC,69,32,16,1177.0,18832.0,INDEX SECURITIES LIMITED,Premier Securities Company Ltd.,2026-04-30 14:55:11.339802
2026043003006757,NABBC,69,57,50,1178.0,58900.0,INDEX SECURITIES LIMITED,Aryatara Investment & Securities,2026-04-30 14:55:11.339869
2026043003006758,NABBC,69,71,59,1195.0,70505.0,INDEX SECURITIES LIMITED,SHUBHAKAMANA SECURITIES PVT. LTD,2026-04-30 14:55:11.339952
2026043003006822,NABBC,69,57,20,1190.0,23800.0,INDEX SECURITIES LIMITED,Aryatara Investment & Securities,2026-04-30 14:55:56.847290
2026043003006823,NABBC,69,71,41,1193.0,48913.0,INDEX SECURITIES LIMITED,SHUBHAKAMANA SECURITIES PVT. LTD,2026-04-30 14:55:56.847391
2026043003006824,NABBC,69,81,14,1194.0,16716.0,INDEX SECURITIES LIMITED,Aakashbhairab Securities Ltd.,2026-04-30 14:55:56.847454
2026043003006862,NABBC,69,71,100,1193.0,119300.0,INDEX SECURITIES LIMITED,SHUBHAKAMANA SECURITIES PVT. LTD,2026-04-30 14:56:32.099934
2026043003006863,NABBC,69,81,86,1194.0,102684.0,INDEX SECURITIES LIMITED,Aakashbhairab Securities Ltd.,2026-04-30 14:56:32.099975
2026043003006864,NABBC,69,74,14,1194.0,16716.0,INDEX SECURITIES LIMITED,KALASH STOCK MARKET PVT. LTD.,2026-04-30 14:56:32.099998
2026043003006927,NABBC,35,69,10,1159.0,11590.0,Kohinoor Investment & Securities Pvt. Ltd.,INDEX SECURITIES LIMITED,2026-04-30 14:57:06.671751
2026043003006928,NABBC,57,69,290,1111.0,322190.0,Aryatara Investment & Securities,INDEX SECURITIES LIMITED,2026-04-30 14:57:06.671857
2026043003006995,NABBC,69,74,10,1194.0,11940.0,INDEX SECURITIES LIMITED,KALASH STOCK MARKET PVT. LTD.,2026-04-30 14:57:18.803334
2026043003007351,NABBC,69,71,250,1173.0,293250.0,INDEX SECURITIES LIMITED,SHUBHAKAMANA SECURITIES PVT. LTD,2026-04-30 14:59:37.940701
2026043003007466,NABBC,69,51,40,1174.0,46960.0,INDEX SECURITIES LIMITED,Oxford Securities Pvt. Ltd.,2026-04-30 14:59:57.565294
2026043003007467,NABBC,69,99,44,1192.0,52448.0,INDEX SECURITIES LIMITED,Prabhu Stock Market Limited,2026-04-30 14:59:57.565327
2026043003007468,NABBC,69,33,16,1192.0,19072.0,INDEX SECURITIES LIMITED,Dakshinkali Investment & Securities Pvt. Ltd.,2026-04-30 14:59:57.565353
2026043003007484,NABBC,71,33,20,1192.0,23840.0,SHUBHAKAMANA SECURITIES PVT. LTD,Dakshinkali Investment & Securities Pvt. Ltd.,2026-04-30 14:59:59.013008
