contractId,stockSymbol,buyerMemberId,sellerMemberId,quantity,rate,amount,businessDate,tradeBookId,stockId,buyerBrokerName,sellerBrokerName,transaction_time,securityName
2026043001000891,NBL,42,58,10,268.0,2680.0,2026-04-30,188629076,517,Sani Securities Company Ltd.,Naasa Securities Co. Ltd.,2026-04-30 11:04:49.121287,Nepal Bank Limited
2026043001002184,NBL,26,74,11,268.0,2948.0,2026-04-30,188633614,517,Asian Securities Private Ltd.,KALASH STOCK MARKET PVT. LTD.,2026-04-30 11:11:23.483684,Nepal Bank Limited
2026043001002185,NBL,43,74,39,267.0,10413.0,2026-04-30,188633615,517,South Asian Bulls Pvt. Ltd.,KALASH STOCK MARKET PVT. LTD.,2026-04-30 11:11:23.483808,Nepal Bank Limited
2026043001002589,NBL,10,52,50,268.0,13400.0,2026-04-30,188634985,517,Pragyan Securities (PVT) Ltd.,Sundhara Securities Limited,2026-04-30 11:12:54.382717,Nepal Bank Limited
2026043001002668,NBL,10,29,2950,268.0,790600.0,2026-04-30,188635295,517,Pragyan Securities (PVT) Ltd.,Trisul Securities & Invt. Ltd.,2026-04-30 11:13:17.287615,Nepal Bank Limited
2026043001003120,NBL,43,14,11,267.0,2937.0,2026-04-30,188637078,517,South Asian Bulls Pvt. Ltd.,Nepal Stock House (PVT) Ltd.,2026-04-30 11:15:03.605228,Nepal Bank Limited
2026043001003121,NBL,49,14,40,267.0,10680.0,2026-04-30,188637080,517,Online Securities Pvt. Ltd.,Nepal Stock House (PVT) Ltd.,2026-04-30 11:15:03.605399,Nepal Bank Limited
2026043001003122,NBL,47,14,10,266.0,2660.0,2026-04-30,188637082,517,Neev Securities Pvt. Ltd.,Nepal Stock House (PVT) Ltd.,2026-04-30 11:15:03.605509,Nepal Bank Limited
2026043001003123,NBL,16,14,80,266.0,21280.0,2026-04-30,188637084,517,Primo Securities (PVT) Ltd.,Nepal Stock House (PVT) Ltd.,2026-04-30 11:15:03.605610,Nepal Bank Limited
2026043001003124,NBL,28,14,30,265.2,7956.0,2026-04-30,188637086,517,Shree Krishna Securities Ltd.,Nepal Stock House (PVT) Ltd.,2026-04-30 11:15:03.605709,Nepal Bank Limited
2026043001003125,NBL,58,14,103,265.0,27295.0,2026-04-30,188637088,517,Naasa Securities Co. Ltd.,Nepal Stock House (PVT) Ltd.,2026-04-30 11:15:03.605812,Nepal Bank Limited
2026043001003126,NBL,40,14,1274,265.0,337610.0,2026-04-30,188637089,517,Creative Securities Pvt Ltd,Nepal Stock House (PVT) Ltd.,2026-04-30 11:15:03.605914,Nepal Bank Limited
2026043001004258,NBL,42,10,1000,265.1,265100.0,2026-04-30,188641244,517,Sani Securities Company Ltd.,Pragyan Securities (PVT) Ltd.,2026-04-30 11:19:37.584163,Nepal Bank Limited
2026043001004259,NBL,40,10,600,265.0,159000.0,2026-04-30,188641245,517,Creative Securities Pvt Ltd,Pragyan Securities (PVT) Ltd.,2026-04-30 11:19:37.584303,Nepal Bank Limited
2026043001005457,NBL,58,36,10,265.1,2651.0,2026-04-30,188645608,517,Naasa Securities Co. Ltd.,Secured Securities Ltd.,2026-04-30 11:23:52.601252,Nepal Bank Limited
2026043001006658,NBL,58,42,13,266.0,3458.0,2026-04-30,188649663,517,Naasa Securities Co. Ltd.,Sani Securities Company Ltd.,2026-04-30 11:28:17.294171,Nepal Bank Limited
2026043001006711,NBL,58,99,50,267.9,13395.0,2026-04-30,188649900,517,Naasa Securities Co. Ltd.,Prabhu Stock Market Limited,2026-04-30 11:28:36.653425,Nepal Bank Limited
2026043001006912,NBL,58,74,92,266.0,24472.0,2026-04-30,188650512,517,Naasa Securities Co. Ltd.,KALASH STOCK MARKET PVT. LTD.,2026-04-30 11:29:13.183048,Nepal Bank Limited
2026043001007078,NBL,58,74,13,266.0,3458.0,2026-04-30,188651008,517,Naasa Securities Co. Ltd.,KALASH STOCK MARKET PVT. LTD.,2026-04-30 11:29:46.684418,Nepal Bank Limited
2026043001007220,NBL,17,19,69,266.0,18354.0,2026-04-30,188651547,517,ABC Securities Private Limited,Nepal Investment And Securities Trading Private Limited,2026-04-30 11:30:33.782125,Nepal Bank Limited
2026043001007276,NBL,28,6,13,267.0,3471.0,2026-04-30,188651732,517,Shree Krishna Securities Ltd.,Agrawal Securities (PVT) Ltd.,2026-04-30 11:30:44.240169,Nepal Bank Limited
2026043001007610,NBL,58,74,10,266.5,2665.0,2026-04-30,188653082,517,Naasa Securities Co. Ltd.,KALASH STOCK MARKET PVT. LTD.,2026-04-30 11:32:25.189640,Nepal Bank Limited
2026043001007678,NBL,45,74,25,266.5,6662.5,2026-04-30,188653406,517,Imperial Securities Company Pvt. Ltd.,KALASH STOCK MARKET PVT. LTD.,2026-04-30 11:32:51.356045,Nepal Bank Limited
2026043001008213,NBL,16,99,22,265.7,5845.4,2026-04-30,188655291,517,Primo Securities (PVT) Ltd.,Prabhu Stock Market Limited,2026-04-30 11:35:33.522285,Nepal Bank Limited
2026043001008281,NBL,16,87,270,265.7,71739.0,2026-04-30,188655579,517,Primo Securities (PVT) Ltd.,S.P.S.A. Securities Limited,2026-04-30 11:35:57.566914,Nepal Bank Limited
2026043001008435,NBL,17,74,65,265.6,17264.0,2026-04-30,188656117,517,ABC Securities Private Limited,KALASH STOCK MARKET PVT. LTD.,2026-04-30 11:36:44.821398,Nepal Bank Limited
2026043001008436,NBL,4,22,30,266.0,7980.0,2026-04-30,188656120,517,Opal Securities Investment (PVT) Ltd.,Siprabi Securities Pvt. Ltd.,2026-04-30 11:36:45.014573,Nepal Bank Limited
2026043001008476,NBL,17,74,15,265.6,3984.0,2026-04-30,188656305,517,ABC Securities Private Limited,KALASH STOCK MARKET PVT. LTD.,2026-04-30 11:36:57.567065,Nepal Bank Limited
2026043001008897,NBL,52,22,100,266.0,26600.0,2026-04-30,188658048,517,Sundhara Securities Limited,Siprabi Securities Pvt. Ltd.,2026-04-30 11:39:34.065227,Nepal Bank Limited
2026043001009118,NBL,36,22,200,266.0,53200.0,2026-04-30,188658974,517,Secured Securities Ltd.,Siprabi Securities Pvt. Ltd.,2026-04-30 11:40:57.250931,Nepal Bank Limited
2026043001010468,NBL,16,54,100,265.7,26570.0,2026-04-30,188664385,517,Primo Securities (PVT) Ltd.,Sewa Securities Pvt. Ltd.,2026-04-30 11:48:15.916226,Nepal Bank Limited
2026043001010963,NBL,4,74,90,265.8,23922.0,2026-04-30,188666294,517,Opal Securities Investment (PVT) Ltd.,KALASH STOCK MARKET PVT. LTD.,2026-04-30 11:50:54.546079,Nepal Bank Limited
2026043001010994,NBL,16,74,16,265.7,4251.2,2026-04-30,188666413,517,Primo Securities (PVT) Ltd.,KALASH STOCK MARKET PVT. LTD.,2026-04-30 11:51:05.714764,Nepal Bank Limited
2026043001011025,NBL,86,22,40,266.0,10640.0,2026-04-30,188666598,517,Stoxkarts Securities Limited,Siprabi Securities Pvt. Ltd.,2026-04-30 11:51:19.943563,Nepal Bank Limited
2026043001011451,NBL,16,58,92,265.7,24444.4,2026-04-30,188668258,517,Primo Securities (PVT) Ltd.,Naasa Securities Co. Ltd.,2026-04-30 11:53:34.642699,Nepal Bank Limited
2026043001011452,NBL,38,58,15,265.7,3985.5,2026-04-30,188668260,517,Dipshikha Dhitopatra Karobar Co. Pvt Ltd.,Naasa Securities Co. Ltd.,2026-04-30 11:53:34.642941,Nepal Bank Limited
2026043001011579,NBL,17,49,240,265.6,63744.0,2026-04-30,188669045,517,ABC Securities Private Limited,Online Securities Pvt. Ltd.,2026-04-30 11:54:14.490786,Nepal Bank Limited
2026043001011634,NBL,17,22,130,265.6,34528.0,2026-04-30,188669251,517,ABC Securities Private Limited,Siprabi Securities Pvt. Ltd.,2026-04-30 11:54:28.261982,Nepal Bank Limited
2026043001011994,NBL,35,58,40,265.7,10628.0,2026-04-30,188670666,517,Kohinoor Investment & Securities Pvt. Ltd.,Naasa Securities Co. Ltd.,2026-04-30 11:56:42.254175,Nepal Bank Limited
2026043001012207,NBL,17,48,481,265.6,127753.6,2026-04-30,188671482,517,ABC Securities Private Limited,Trishakti Securities Public Limited,2026-04-30 11:57:58.858681,Nepal Bank Limited
2026043001012208,NBL,46,48,100,265.6,26560.0,2026-04-30,188671484,517,Kalika Securities Pvt. Ltd.,Trishakti Securities Public Limited,2026-04-30 11:57:58.858949,Nepal Bank Limited
2026043001012209,NBL,11,48,30,265.2,7956.0,2026-04-30,188671486,517,Malla & Malla Stock Broking Company Pvt. Limited,Trishakti Securities Public Limited,2026-04-30 11:57:58.859145,Nepal Bank Limited
2026043001012210,NBL,11,48,30,265.2,7956.0,2026-04-30,188671488,517,Malla & Malla Stock Broking Company Pvt. Limited,Trishakti Securities Public Limited,2026-04-30 11:57:58.859310,Nepal Bank Limited
2026043001012211,NBL,17,48,359,265.2,95206.8,2026-04-30,188671489,517,ABC Securities Private Limited,Trishakti Securities Public Limited,2026-04-30 11:57:58.859476,Nepal Bank Limited
2026043001012321,NBL,25,48,20,265.3,5306.0,2026-04-30,188671948,517,Sweta Securities Private Limited,Trishakti Securities Public Limited,2026-04-30 11:58:38.018469,Nepal Bank Limited
2026043001012322,NBL,17,48,141,265.2,37393.2,2026-04-30,188671950,517,ABC Securities Private Limited,Trishakti Securities Public Limited,2026-04-30 11:58:38.018751,Nepal Bank Limited
2026043001012323,NBL,42,48,200,265.1,53020.0,2026-04-30,188671952,517,Sani Securities Company Ltd.,Trishakti Securities Public Limited,2026-04-30 11:58:38.018930,Nepal Bank Limited
2026043001012324,NBL,25,48,139,265.1,36848.9,2026-04-30,188671953,517,Sweta Securities Private Limited,Trishakti Securities Public Limited,2026-04-30 11:58:38.019131,Nepal Bank Limited
2026043001012389,NBL,13,58,38,265.7,10096.6,2026-04-30,188672251,517,Thrive Brokerage House Pvt. Ltd,Naasa Securities Co. Ltd.,2026-04-30 11:59:06.719793,Nepal Bank Limited
2026043001012390,NBL,13,58,25,266.0,6650.0,2026-04-30,188672253,517,Thrive Brokerage House Pvt. Ltd,Naasa Securities Co. Ltd.,2026-04-30 11:59:06.720119,Nepal Bank Limited
2026043001012391,NBL,13,3,37,266.0,9842.0,2026-04-30,188672256,517,Thrive Brokerage House Pvt. Ltd,Arun Securities (PVT) Ltd.,2026-04-30 11:59:06.720297,Nepal Bank Limited
2026043001014378,NBL,25,14,72,265.1,19087.2,2026-04-30,188679499,517,Sweta Securities Private Limited,Nepal Stock House (PVT) Ltd.,2026-04-30 12:10:43.392017,Nepal Bank Limited
2026043001015261,NBL,59,3,170,266.0,45220.0,2026-04-30,188683059,517,Deevyaa Securities & Stock House Pvt. Ltd,Arun Securities (PVT) Ltd.,2026-04-30 12:16:09.683047,Nepal Bank Limited
2026043001015262,NBL,59,16,70,266.0,18620.0,2026-04-30,188683062,517,Deevyaa Securities & Stock House Pvt. Ltd,Primo Securities (PVT) Ltd.,2026-04-30 12:16:09.683204,Nepal Bank Limited
2026043001015375,NBL,4,16,40,266.0,10640.0,2026-04-30,188683492,517,Opal Securities Investment (PVT) Ltd.,Primo Securities (PVT) Ltd.,2026-04-30 12:16:43.493292,Nepal Bank Limited
2026043001015972,NBL,42,58,100,265.3,26530.0,2026-04-30,188686173,517,Sani Securities Company Ltd.,Naasa Securities Co. Ltd.,2026-04-30 12:20:29.784858,Nepal Bank Limited
2026043001016140,NBL,42,6,15,265.3,3979.5,2026-04-30,188686864,517,Sani Securities Company Ltd.,Agrawal Securities (PVT) Ltd.,2026-04-30 12:21:50.059781,Nepal Bank Limited
2026043001016141,NBL,17,6,198,265.3,52529.4,2026-04-30,188686866,517,ABC Securities Private Limited,Agrawal Securities (PVT) Ltd.,2026-04-30 12:21:50.060117,Nepal Bank Limited
2026043001016142,NBL,34,6,30,265.2,7956.0,2026-04-30,188686868,517,Vision Securities Pvt. Ltd,Agrawal Securities (PVT) Ltd.,2026-04-30 12:21:50.060339,Nepal Bank Limited
2026043001016143,NBL,47,6,34,265.2,9016.8,2026-04-30,188686869,517,Neev Securities Pvt. Ltd.,Agrawal Securities (PVT) Ltd.,2026-04-30 12:21:50.060533,Nepal Bank Limited
2026043001016499,NBL,45,1,150,265.3,39795.0,2026-04-30,188688260,517,Imperial Securities Company Pvt. Ltd.,Kumari Securities Private Limited,2026-04-30 12:24:17.311199,Nepal Bank Limited
2026043001016500,NBL,47,1,41,265.2,10873.2,2026-04-30,188688262,517,Neev Securities Pvt. Ltd.,Kumari Securities Private Limited,2026-04-30 12:24:17.311555,Nepal Bank Limited
2026043001016501,NBL,87,1,209,265.2,55426.8,2026-04-30,188688263,517,S.P.S.A. Securities Limited,Kumari Securities Private Limited,2026-04-30 12:24:17.311796,Nepal Bank Limited
2026043001016565,NBL,87,57,500,265.2,132600.0,2026-04-30,188688483,517,S.P.S.A. Securities Limited,Aryatara Investment & Securities,2026-04-30 12:24:44.847779,Nepal Bank Limited
2026043001016622,NBL,83,16,25,266.0,6650.0,2026-04-30,188688688,517,Sanima Securities Limited,Primo Securities (PVT) Ltd.,2026-04-30 12:25:11.140255,Nepal Bank Limited
2026043001017212,NBL,58,45,43,265.5,11416.5,2026-04-30,188690584,517,Naasa Securities Co. Ltd.,Imperial Securities Company Pvt. Ltd.,2026-04-30 12:28:37.576387,Nepal Bank Limited
2026043001017213,NBL,87,45,291,265.2,77173.2,2026-04-30,188690586,517,S.P.S.A. Securities Limited,Imperial Securities Company Pvt. Ltd.,2026-04-30 12:28:37.576447,Nepal Bank Limited
2026043001017214,NBL,25,45,289,265.1,76613.9,2026-04-30,188690588,517,Sweta Securities Private Limited,Imperial Securities Company Pvt. Ltd.,2026-04-30 12:28:37.576471,Nepal Bank Limited
2026043001017215,NBL,87,45,300,265.1,79530.0,2026-04-30,188690590,517,S.P.S.A. Securities Limited,Imperial Securities Company Pvt. Ltd.,2026-04-30 12:28:37.576494,Nepal Bank Limited
2026043001017216,NBL,45,45,28,265.1,7422.8,2026-04-30,188690592,517,Imperial Securities Company Pvt. Ltd.,Imperial Securities Company Pvt. Ltd.,2026-04-30 12:28:37.576516,Nepal Bank Limited
2026043001017217,NBL,42,45,49,265.1,12989.9,2026-04-30,188690593,517,Sani Securities Company Ltd.,Imperial Securities Company Pvt. Ltd.,2026-04-30 12:28:37.576537,Nepal Bank Limited
2026043001017405,NBL,29,16,10,266.0,2660.0,2026-04-30,188691242,517,Trisul Securities & Invt. Ltd.,Primo Securities (PVT) Ltd.,2026-04-30 12:30:08.564769,Nepal Bank Limited
2026043001017891,NBL,42,4,100,265.1,26510.0,2026-04-30,188693045,517,Sani Securities Company Ltd.,Opal Securities Investment (PVT) Ltd.,2026-04-30 12:32:59.508634,Nepal Bank Limited
2026043001018587,NBL,65,16,12,266.0,3192.0,2026-04-30,188695654,517,Sharepro Securities Private Limited,Primo Securities (PVT) Ltd.,2026-04-30 12:38:21.627999,Nepal Bank Limited
2026043001019647,NBL,58,16,43,266.0,11438.0,2026-04-30,188699138,517,Naasa Securities Co. Ltd.,Primo Securities (PVT) Ltd.,2026-04-30 12:44:42.870763,Nepal Bank Limited
2026043001020199,NBL,57,34,10,267.0,2670.0,2026-04-30,188700888,517,Aryatara Investment & Securities,Vision Securities Pvt. Ltd,2026-04-30 12:48:14.813993,Nepal Bank Limited
2026043001020250,NBL,21,34,375,267.0,100125.0,2026-04-30,188701072,517,Midas Stock Broking Company Private Limited,Vision Securities Pvt. Ltd,2026-04-30 12:48:37.870099,Nepal Bank Limited
2026043001020278,NBL,49,34,125,267.0,33375.0,2026-04-30,188701292,517,Online Securities Pvt. Ltd.,Vision Securities Pvt. Ltd,2026-04-30 12:49:01.291225,Nepal Bank Limited
2026043001020837,NBL,29,16,10,267.8,2678.0,2026-04-30,188703106,517,Trisul Securities & Invt. Ltd.,Primo Securities (PVT) Ltd.,2026-04-30 12:52:49.495901,Nepal Bank Limited
2026043001021108,NBL,42,49,40,267.0,10680.0,2026-04-30,188704063,517,Sani Securities Company Ltd.,Online Securities Pvt. Ltd.,2026-04-30 12:54:57.948042,Nepal Bank Limited
2026043001021367,NBL,42,58,800,267.0,213600.0,2026-04-30,188704855,517,Sani Securities Company Ltd.,Naasa Securities Co. Ltd.,2026-04-30 12:56:04.187459,Nepal Bank Limited
2026043001021372,NBL,29,16,10,267.8,2678.0,2026-04-30,188704866,517,Trisul Securities & Invt. Ltd.,Primo Securities (PVT) Ltd.,2026-04-30 12:56:05.071549,Nepal Bank Limited
2026043001021636,NBL,28,16,50,267.8,13390.0,2026-04-30,188705642,517,Shree Krishna Securities Ltd.,Primo Securities (PVT) Ltd.,2026-04-30 12:57:07.678512,Nepal Bank Limited
2026043001023122,NBL,4,16,130,267.8,34814.0,2026-04-30,188710271,517,Opal Securities Investment (PVT) Ltd.,Primo Securities (PVT) Ltd.,2026-04-30 13:03:08.715913,Nepal Bank Limited
2026043001023123,NBL,4,16,200,267.8,53560.0,2026-04-30,188710273,517,Opal Securities Investment (PVT) Ltd.,Primo Securities (PVT) Ltd.,2026-04-30 13:03:08.716141,Nepal Bank Limited
2026043001023124,NBL,4,38,170,267.8,45526.0,2026-04-30,188710276,517,Opal Securities Investment (PVT) Ltd.,Dipshikha Dhitopatra Karobar Co. Pvt Ltd.,2026-04-30 13:03:08.716263,Nepal Bank Limited
2026043001023396,NBL,42,38,160,267.8,42848.0,2026-04-30,188711184,517,Sani Securities Company Ltd.,Dipshikha Dhitopatra Karobar Co. Pvt Ltd.,2026-04-30 13:03:57.852449,Nepal Bank Limited
2026043001024420,NBL,38,38,1170,267.8,313326.0,2026-04-30,188714142,517,Dipshikha Dhitopatra Karobar Co. Pvt Ltd.,Dipshikha Dhitopatra Karobar Co. Pvt Ltd.,2026-04-30 13:06:54.660179,Nepal Bank Limited
2026043001024679,NBL,38,48,972,267.8,260301.6,2026-04-30,188714864,517,Dipshikha Dhitopatra Karobar Co. Pvt Ltd.,Trishakti Securities Public Limited,2026-04-30 13:07:37.098133,Nepal Bank Limited
2026043001025550,NBL,43,45,35,267.8,9373.0,2026-04-30,188717914,517,South Asian Bulls Pvt. Ltd.,Imperial Securities Company Pvt. Ltd.,2026-04-30 13:11:12.012241,Nepal Bank Limited
2026043001025653,NBL,62,45,65,267.8,17407.0,2026-04-30,188718269,517,Capital Max Securities Ltd,Imperial Securities Company Pvt. Ltd.,2026-04-30 13:11:35.674429,Nepal Bank Limited
2026043001026052,NBL,82,22,100,267.9,26790.0,2026-04-30,188719708,517,N.M.B. SECURITIES LIMITED,Siprabi Securities Pvt. Ltd.,2026-04-30 13:13:10.457470,Nepal Bank Limited
2026043001026313,NBL,62,58,35,267.8,9373.0,2026-04-30,188720752,517,Capital Max Securities Ltd,Naasa Securities Co. Ltd.,2026-04-30 13:14:46.710671,Nepal Bank Limited
2026043001026314,NBL,29,58,70,267.0,18690.0,2026-04-30,188720753,517,Trisul Securities & Invt. Ltd.,Naasa Securities Co. Ltd.,2026-04-30 13:14:46.711056,Nepal Bank Limited
2026043001026482,NBL,58,22,10,267.9,2679.0,2026-04-30,188721452,517,Naasa Securities Co. Ltd.,Siprabi Securities Pvt. Ltd.,2026-04-30 13:15:40.806541,Nepal Bank Limited
2026043001026564,NBL,35,22,60,267.9,16074.0,2026-04-30,188721766,517,Kohinoor Investment & Securities Pvt. Ltd.,Siprabi Securities Pvt. Ltd.,2026-04-30 13:16:03.071403,Nepal Bank Limited
2026043001026727,NBL,36,22,10,267.9,2679.0,2026-04-30,188722432,517,Secured Securities Ltd.,Siprabi Securities Pvt. Ltd.,2026-04-30 13:16:59.472097,Nepal Bank Limited
2026043001027070,NBL,17,22,203,267.9,54383.7,2026-04-30,188723801,517,ABC Securities Private Limited,Siprabi Securities Pvt. Ltd.,2026-04-30 13:18:57.126699,Nepal Bank Limited
2026043001027071,NBL,17,1,20,267.9,5358.0,2026-04-30,188723803,517,ABC Securities Private Limited,Kumari Securities Private Limited,2026-04-30 13:18:57.127099,Nepal Bank Limited
2026043001027072,NBL,17,16,100,267.9,26790.0,2026-04-30,188723805,517,ABC Securities Private Limited,Primo Securities (PVT) Ltd.,2026-04-30 13:18:57.127362,Nepal Bank Limited
2026043001027073,NBL,17,68,1026,268.0,274968.0,2026-04-30,188723807,517,ABC Securities Private Limited,Elite Stock House Limited,2026-04-30 13:18:57.127624,Nepal Bank Limited
2026043001027074,NBL,17,1,30,268.0,8040.0,2026-04-30,188723809,517,ABC Securities Private Limited,Kumari Securities Private Limited,2026-04-30 13:18:57.127879,Nepal Bank Limited
2026043001027075,NBL,17,57,204,268.0,54672.0,2026-04-30,188723811,517,ABC Securities Private Limited,Aryatara Investment & Securities,2026-04-30 13:18:57.128126,Nepal Bank Limited
2026043001027076,NBL,17,6,400,268.0,107200.0,2026-04-30,188723813,517,ABC Securities Private Limited,Agrawal Securities (PVT) Ltd.,2026-04-30 13:18:57.128383,Nepal Bank Limited
2026043001027077,NBL,17,22,2617,268.0,701356.0,2026-04-30,188723816,517,ABC Securities Private Limited,Siprabi Securities Pvt. Ltd.,2026-04-30 13:18:57.128625,Nepal Bank Limited
2026043001027396,NBL,45,65,200,267.5,53500.0,2026-04-30,188725135,517,Imperial Securities Company Pvt. Ltd.,Sharepro Securities Private Limited,2026-04-30 13:20:05.492621,Nepal Bank Limited
2026043001027438,NBL,63,22,45,268.0,12060.0,2026-04-30,188725367,517,Himalayan Brokerage Company Limited,Siprabi Securities Pvt. Ltd.,2026-04-30 13:20:14.594749,Nepal Bank Limited
2026043001027459,NBL,63,16,95,268.0,25460.0,2026-04-30,188725444,517,Himalayan Brokerage Company Limited,Primo Securities (PVT) Ltd.,2026-04-30 13:20:18.499468,Nepal Bank Limited
2026043001027460,NBL,29,16,130,267.0,34710.0,2026-04-30,188725446,517,Trisul Securities & Invt. Ltd.,Primo Securities (PVT) Ltd.,2026-04-30 13:20:18.499658,Nepal Bank Limited
2026043001027461,NBL,11,16,70,267.0,18690.0,2026-04-30,188725448,517,Malla & Malla Stock Broking Company Pvt. Limited,Primo Securities (PVT) Ltd.,2026-04-30 13:20:18.499750,Nepal Bank Limited
2026043001027462,NBL,35,16,220,267.0,58740.0,2026-04-30,188725450,517,Kohinoor Investment & Securities Pvt. Ltd.,Primo Securities (PVT) Ltd.,2026-04-30 13:20:18.499830,Nepal Bank Limited
2026043001027645,NBL,45,33,100,267.6,26760.0,2026-04-30,188726272,517,Imperial Securities Company Pvt. Ltd.,Dakshinkali Investment & Securities Pvt. Ltd.,2026-04-30 13:21:00.518366,Nepal Bank Limited
2026043001027801,NBL,58,33,10,267.0,2670.0,2026-04-30,188726900,517,Naasa Securities Co. Ltd.,Dakshinkali Investment & Securities Pvt. Ltd.,2026-04-30 13:21:41.733513,Nepal Bank Limited
2026043001028063,NBL,35,57,4,260.0,1040.0,2026-04-30,188727871,517,Kohinoor Investment & Securities Pvt. Ltd.,Aryatara Investment & Securities,2026-04-30 13:22:56.948790,Nepal Bank Limited
2026043001028967,NBL,10,33,100,267.0,26700.0,2026-04-30,188731458,517,Pragyan Securities (PVT) Ltd.,Dakshinkali Investment & Securities Pvt. Ltd.,2026-04-30 13:31:16.134252,Nepal Bank Limited
2026043001028973,NBL,59,33,100,267.0,26700.0,2026-04-30,188731476,517,Deevyaa Securities & Stock House Pvt. Ltd,Dakshinkali Investment & Securities Pvt. Ltd.,2026-04-30 13:31:22.976306,Nepal Bank Limited
2026043001029163,NBL,58,33,30,267.0,8010.0,2026-04-30,188732448,517,Naasa Securities Co. Ltd.,Dakshinkali Investment & Securities Pvt. Ltd.,2026-04-30 13:34:14.557860,Nepal Bank Limited
2026043001029618,NBL,21,33,59,267.0,15753.0,2026-04-30,188734206,517,Midas Stock Broking Company Private Limited,Dakshinkali Investment & Securities Pvt. Ltd.,2026-04-30 13:38:54.788165,Nepal Bank Limited
2026043001029891,NBL,35,77,50,266.7,13335.0,2026-04-30,188735131,517,Kohinoor Investment & Securities Pvt. Ltd.,Nabil Stock Dealer Ltd.,2026-04-30 13:41:08.075602,Nepal Bank Limited
2026043001030125,NBL,58,33,101,267.0,26967.0,2026-04-30,188736031,517,Naasa Securities Co. Ltd.,Dakshinkali Investment & Securities Pvt. Ltd.,2026-04-30 13:43:35.228130,Nepal Bank Limited
2026043001030126,NBL,58,46,10,267.0,2670.0,2026-04-30,188736033,517,Naasa Securities Co. Ltd.,Kalika Securities Pvt. Ltd.,2026-04-30 13:43:35.228522,Nepal Bank Limited
2026043001030127,NBL,58,34,20,267.0,5340.0,2026-04-30,188736035,517,Naasa Securities Co. Ltd.,Vision Securities Pvt. Ltd,2026-04-30 13:43:35.228767,Nepal Bank Limited
2026043001030486,NBL,58,51,200,267.0,53400.0,2026-04-30,188737323,517,Naasa Securities Co. Ltd.,Oxford Securities Pvt. Ltd.,2026-04-30 13:46:36.858113,Nepal Bank Limited
2026043001030879,NBL,58,58,50,267.0,13350.0,2026-04-30,188738743,517,Naasa Securities Co. Ltd.,Naasa Securities Co. Ltd.,2026-04-30 13:50:15.102446,Nepal Bank Limited
2026043001031245,NBL,17,82,290,268.0,77720.0,2026-04-30,188739844,517,ABC Securities Private Limited,N.M.B. SECURITIES LIMITED,2026-04-30 13:52:21.167416,Nepal Bank Limited
2026043001031445,NBL,58,35,59,267.0,15753.0,2026-04-30,188740500,517,Naasa Securities Co. Ltd.,Kohinoor Investment & Securities Pvt. Ltd.,2026-04-30 13:53:57.111055,Nepal Bank Limited
2026043001031512,NBL,38,82,10,268.0,2680.0,2026-04-30,188740778,517,Dipshikha Dhitopatra Karobar Co. Pvt Ltd.,N.M.B. SECURITIES LIMITED,2026-04-30 13:54:35.548318,Nepal Bank Limited
2026043001032103,NBL,36,14,50,267.0,13350.0,2026-04-30,188742991,517,Secured Securities Ltd.,Nepal Stock House (PVT) Ltd.,2026-04-30 14:00:21.412687,Nepal Bank Limited
2026043001032149,NBL,36,16,1010,267.0,269670.0,2026-04-30,188743138,517,Secured Securities Ltd.,Primo Securities (PVT) Ltd.,2026-04-30 14:00:32.615709,Nepal Bank Limited
2026043001032150,NBL,58,16,90,267.0,24030.0,2026-04-30,188743139,517,Naasa Securities Co. Ltd.,Primo Securities (PVT) Ltd.,2026-04-30 14:00:32.616074,Nepal Bank Limited
2026043001032646,NBL,58,40,10,267.0,2670.0,2026-04-30,188745352,517,Naasa Securities Co. Ltd.,Creative Securities Pvt Ltd,2026-04-30 14:05:03.154062,Nepal Bank Limited
2026043001032647,NBL,21,40,50,267.0,13350.0,2026-04-30,188745354,517,Midas Stock Broking Company Private Limited,Creative Securities Pvt Ltd,2026-04-30 14:05:03.154473,Nepal Bank Limited
2026043001032648,NBL,57,40,35,266.8,9338.0,2026-04-30,188745356,517,Aryatara Investment & Securities,Creative Securities Pvt Ltd,2026-04-30 14:05:03.154740,Nepal Bank Limited
2026043001032984,NBL,38,16,30,268.9,8067.0,2026-04-30,188746782,517,Dipshikha Dhitopatra Karobar Co. Pvt Ltd.,Primo Securities (PVT) Ltd.,2026-04-30 14:08:36.531525,Nepal Bank Limited
2026043001033389,NBL,56,32,400,267.0,106800.0,2026-04-30,188748358,517,Sri Hari Securities Pvt. Ltd.,Premier Securities Company Ltd.,2026-04-30 14:12:15.989852,Nepal Bank Limited
2026043001033569,NBL,35,32,600,267.0,160200.0,2026-04-30,188749299,517,Kohinoor Investment & Securities Pvt. Ltd.,Premier Securities Company Ltd.,2026-04-30 14:14:34.427915,Nepal Bank Limited
2026043001033581,NBL,35,42,300,267.0,80100.0,2026-04-30,188749336,517,Kohinoor Investment & Securities Pvt. Ltd.,Sani Securities Company Ltd.,2026-04-30 14:14:40.866233,Nepal Bank Limited
2026043001033604,NBL,67,45,54,266.8,14407.2,2026-04-30,188749442,517,Property Wiard Limited,Imperial Securities Company Pvt. Ltd.,2026-04-30 14:14:54.116400,Nepal Bank Limited
2026043001033605,NBL,35,45,50,266.7,13335.0,2026-04-30,188749444,517,Kohinoor Investment & Securities Pvt. Ltd.,Imperial Securities Company Pvt. Ltd.,2026-04-30 14:14:54.116825,Nepal Bank Limited
2026043001033606,NBL,38,45,35,266.7,9334.5,2026-04-30,188749446,517,Dipshikha Dhitopatra Karobar Co. Pvt Ltd.,Imperial Securities Company Pvt. Ltd.,2026-04-30 14:14:54.117109,Nepal Bank Limited
2026043001033607,NBL,44,45,30,266.7,8001.0,2026-04-30,188749448,517,Dynamic Money Managers Securities Pvt. Ltd.,Imperial Securities Company Pvt. Ltd.,2026-04-30 14:14:54.117371,Nepal Bank Limited
2026043001033608,NBL,34,45,50,266.6,13330.0,2026-04-30,188749450,517,Vision Securities Pvt. Ltd,Imperial Securities Company Pvt. Ltd.,2026-04-30 14:14:54.117635,Nepal Bank Limited
2026043001033609,NBL,57,45,50,266.6,13330.0,2026-04-30,188749452,517,Aryatara Investment & Securities,Imperial Securities Company Pvt. Ltd.,2026-04-30 14:14:54.117889,Nepal Bank Limited
2026043001033610,NBL,46,45,100,266.5,26650.0,2026-04-30,188749454,517,Kalika Securities Pvt. Ltd.,Imperial Securities Company Pvt. Ltd.,2026-04-30 14:14:54.118165,Nepal Bank Limited
2026043001033611,NBL,17,45,1000,266.5,266500.0,2026-04-30,188749456,517,ABC Securities Private Limited,Imperial Securities Company Pvt. Ltd.,2026-04-30 14:14:54.118422,Nepal Bank Limited
2026043001033612,NBL,45,45,200,266.5,53300.0,2026-04-30,188749458,517,Imperial Securities Company Pvt. Ltd.,Imperial Securities Company Pvt. Ltd.,2026-04-30 14:14:54.118673,Nepal Bank Limited
2026043001033613,NBL,29,45,140,266.2,37268.0,2026-04-30,188749460,517,Trisul Securities & Invt. Ltd.,Imperial Securities Company Pvt. Ltd.,2026-04-30 14:14:54.118925,Nepal Bank Limited
2026043001033614,NBL,17,45,500,266.2,133100.0,2026-04-30,188749462,517,ABC Securities Private Limited,Imperial Securities Company Pvt. Ltd.,2026-04-30 14:14:54.119184,Nepal Bank Limited
2026043001033615,NBL,48,45,40,266.1,10644.0,2026-04-30,188749464,517,Trishakti Securities Public Limited,Imperial Securities Company Pvt. Ltd.,2026-04-30 14:14:54.119426,Nepal Bank Limited
2026043001033616,NBL,17,45,251,266.1,66791.1,2026-04-30,188749465,517,ABC Securities Private Limited,Imperial Securities Company Pvt. Ltd.,2026-04-30 14:14:54.119676,Nepal Bank Limited
2026043001034577,NBL,58,77,13,266.6,3465.8,2026-04-30,188752920,517,Naasa Securities Co. Ltd.,Nabil Stock Dealer Ltd.,2026-04-30 14:22:19.158974,Nepal Bank Limited
2026043001035133,NBL,58,49,10,266.6,2666.0,2026-04-30,188754772,517,Naasa Securities Co. Ltd.,Online Securities Pvt. Ltd.,2026-04-30 14:24:50.735122,Nepal Bank Limited
2026043001035326,NBL,58,42,14,267.0,3738.0,2026-04-30,188755650,517,Naasa Securities Co. Ltd.,Sani Securities Company Ltd.,2026-04-30 14:26:34.613875,Nepal Bank Limited
2026043001035672,NBL,67,58,10,266.2,2662.0,2026-04-30,188756974,517,Property Wiard Limited,Naasa Securities Co. Ltd.,2026-04-30 14:28:43.402122,Nepal Bank Limited
2026043001035673,NBL,17,58,749,266.1,199308.9,2026-04-30,188756976,517,ABC Securities Private Limited,Naasa Securities Co. Ltd.,2026-04-30 14:28:43.402327,Nepal Bank Limited
2026043001035674,NBL,19,58,100,266.0,26600.0,2026-04-30,188756978,517,Nepal Investment And Securities Trading Private Limited,Naasa Securities Co. Ltd.,2026-04-30 14:28:43.402427,Nepal Bank Limited
2026043001035675,NBL,5,58,141,266.0,37506.0,2026-04-30,188756979,517,Market Securities & Exchange (PVT) Ltd.,Naasa Securities Co. Ltd.,2026-04-30 14:28:43.402529,Nepal Bank Limited
2026043001036396,NBL,42,42,100,267.0,26700.0,2026-04-30,188760064,517,Sani Securities Company Ltd.,Sani Securities Company Ltd.,2026-04-30 14:33:09.046621,Nepal Bank Limited
2026043001036530,NBL,57,22,100,266.6,26660.0,2026-04-30,188760564,517,Aryatara Investment & Securities,Siprabi Securities Pvt. Ltd.,2026-04-30 14:33:52.905014,Nepal Bank Limited
2026043001036531,NBL,48,22,100,266.6,26660.0,2026-04-30,188760566,517,Trishakti Securities Public Limited,Siprabi Securities Pvt. Ltd.,2026-04-30 14:33:52.905243,Nepal Bank Limited
2026043001036532,NBL,48,22,100,266.5,26650.0,2026-04-30,188760568,517,Trishakti Securities Public Limited,Siprabi Securities Pvt. Ltd.,2026-04-30 14:33:52.905338,Nepal Bank Limited
2026043001036533,NBL,39,22,720,266.3,191736.0,2026-04-30,188760569,517,Sumeru Securities Pvt. Ltd.,Siprabi Securities Pvt. Ltd.,2026-04-30 14:33:52.905429,Nepal Bank Limited
2026043001036643,NBL,17,42,86,267.0,22962.0,2026-04-30,188761017,517,ABC Securities Private Limited,Sani Securities Company Ltd.,2026-04-30 14:34:28.823614,Nepal Bank Limited
2026043001036644,NBL,17,32,100,267.0,26700.0,2026-04-30,188761020,517,ABC Securities Private Limited,Premier Securities Company Ltd.,2026-04-30 14:34:28.824058,Nepal Bank Limited
2026043001036764,NBL,39,25,192,266.3,51129.6,2026-04-30,188761537,517,Sumeru Securities Pvt. Ltd.,Sweta Securities Private Limited,2026-04-30 14:35:22.032079,Nepal Bank Limited
2026043001037437,NBL,42,28,10,266.6,2666.0,2026-04-30,188764418,517,Sani Securities Company Ltd.,Shree Krishna Securities Ltd.,2026-04-30 14:39:38.004640,Nepal Bank Limited
2026043001037438,NBL,41,28,106,266.5,28249.0,2026-04-30,188764419,517,Linch Stock Market Ltd.,Shree Krishna Securities Ltd.,2026-04-30 14:39:38.004731,Nepal Bank Limited
2026043001038167,NBL,42,49,27,266.6,7198.2,2026-04-30,188767887,517,Sani Securities Company Ltd.,Online Securities Pvt. Ltd.,2026-04-30 14:44:14.273583,Nepal Bank Limited
2026043001038295,NBL,16,52,100,267.1,26710.0,2026-04-30,188768416,517,Primo Securities (PVT) Ltd.,Sundhara Securities Limited,2026-04-30 14:45:18.621345,Nepal Bank Limited
2026043001038296,NBL,16,52,100,266.9,26690.0,2026-04-30,188768418,517,Primo Securities (PVT) Ltd.,Sundhara Securities Limited,2026-04-30 14:45:18.621802,Nepal Bank Limited
2026043001038297,NBL,16,52,100,266.7,26670.0,2026-04-30,188768420,517,Primo Securities (PVT) Ltd.,Sundhara Securities Limited,2026-04-30 14:45:18.622099,Nepal Bank Limited
2026043001038423,NBL,49,52,50,266.7,13335.0,2026-04-30,188769107,517,Online Securities Pvt. Ltd.,Sundhara Securities Limited,2026-04-30 14:46:25.275984,Nepal Bank Limited
2026043001038729,NBL,17,58,1000,266.8,266800.0,2026-04-30,188770394,517,ABC Securities Private Limited,Naasa Securities Co. Ltd.,2026-04-30 14:48:13.594756,Nepal Bank Limited
2026043001038730,NBL,49,58,400,266.7,106680.0,2026-04-30,188770395,517,Online Securities Pvt. Ltd.,Naasa Securities Co. Ltd.,2026-04-30 14:48:13.595182,Nepal Bank Limited
2026043001038749,NBL,49,38,50,266.7,13335.0,2026-04-30,188770486,517,Online Securities Pvt. Ltd.,Dipshikha Dhitopatra Karobar Co. Pvt Ltd.,2026-04-30 14:48:23.984580,Nepal Bank Limited
2026043001038750,NBL,42,38,73,266.6,19461.8,2026-04-30,188770488,517,Sani Securities Company Ltd.,Dipshikha Dhitopatra Karobar Co. Pvt Ltd.,2026-04-30 14:48:23.985093,Nepal Bank Limited
2026043001038751,NBL,16,38,100,266.6,26660.0,2026-04-30,188770490,517,Primo Securities (PVT) Ltd.,Dipshikha Dhitopatra Karobar Co. Pvt Ltd.,2026-04-30 14:48:23.985382,Nepal Bank Limited
2026043001038752,NBL,41,38,94,266.5,25051.0,2026-04-30,188770492,517,Linch Stock Market Ltd.,Dipshikha Dhitopatra Karobar Co. Pvt Ltd.,2026-04-30 14:48:23.985652,Nepal Bank Limited
2026043001038753,NBL,29,38,183,266.5,48769.5,2026-04-30,188770493,517,Trisul Securities & Invt. Ltd.,Dipshikha Dhitopatra Karobar Co. Pvt Ltd.,2026-04-30 14:48:23.985919,Nepal Bank Limited
2026043001039016,NBL,29,52,10,267.1,2671.0,2026-04-30,188771782,517,Trisul Securities & Invt. Ltd.,Sundhara Securities Limited,2026-04-30 14:50:02.100650,Nepal Bank Limited
2026043001039145,NBL,29,58,17,266.5,4530.5,2026-04-30,188772228,517,Trisul Securities & Invt. Ltd.,Naasa Securities Co. Ltd.,2026-04-30 14:50:36.433148,Nepal Bank Limited
2026043001039146,NBL,62,58,20,266.5,5330.0,2026-04-30,188772230,517,Capital Max Securities Ltd,Naasa Securities Co. Ltd.,2026-04-30 14:50:36.433568,Nepal Bank Limited
2026043001039194,NBL,38,53,30,266.6,7998.0,2026-04-30,188772566,517,Dipshikha Dhitopatra Karobar Co. Pvt Ltd.,Investment Management Nepal Pvt. Ltd.,2026-04-30 14:51:04.593282,Nepal Bank Limited
2026043001039195,NBL,48,53,21,266.5,5596.5,2026-04-30,188772567,517,Trishakti Securities Public Limited,Investment Management Nepal Pvt. Ltd.,2026-04-30 14:51:04.593321,Nepal Bank Limited
2026043001039415,NBL,7,6,10,267.0,2670.0,2026-04-30,188773540,517,J.F. Securites (PVT) Ltd.,Agrawal Securities (PVT) Ltd.,2026-04-30 14:52:23.052451,Nepal Bank Limited
2026043001039476,NBL,35,6,490,267.0,130830.0,2026-04-30,188773787,517,Kohinoor Investment & Securities Pvt. Ltd.,Agrawal Securities (PVT) Ltd.,2026-04-30 14:52:39.608990,Nepal Bank Limited
2026043001039477,NBL,35,36,200,267.0,53400.0,2026-04-30,188773789,517,Kohinoor Investment & Securities Pvt. Ltd.,Secured Securities Ltd.,2026-04-30 14:52:39.609222,Nepal Bank Limited
2026043001039491,NBL,35,52,20,267.0,5340.0,2026-04-30,188773842,517,Kohinoor Investment & Securities Pvt. Ltd.,Sundhara Securities Limited,2026-04-30 14:52:41.686427,Nepal Bank Limited
2026043001039492,NBL,16,52,100,266.6,26660.0,2026-04-30,188773844,517,Primo Securities (PVT) Ltd.,Sundhara Securities Limited,2026-04-30 14:52:41.686850,Nepal Bank Limited
2026043001039554,NBL,39,52,280,266.6,74648.0,2026-04-30,188774077,517,Sumeru Securities Pvt. Ltd.,Sundhara Securities Limited,2026-04-30 14:52:54.612569,Nepal Bank Limited
2026043001039719,NBL,48,45,479,266.5,127653.5,2026-04-30,188774856,517,Trishakti Securities Public Limited,Imperial Securities Company Pvt. Ltd.,2026-04-30 14:53:41.086918,Nepal Bank Limited
2026043001039720,NBL,35,45,566,266.5,150839.0,2026-04-30,188774858,517,Kohinoor Investment & Securities Pvt. Ltd.,Imperial Securities Company Pvt. Ltd.,2026-04-30 14:53:41.087173,Nepal Bank Limited
2026043001039721,NBL,33,45,1000,266.2,266200.0,2026-04-30,188774860,517,Dakshinkali Investment & Securities Pvt. Ltd.,Imperial Securities Company Pvt. Ltd.,2026-04-30 14:53:41.087301,Nepal Bank Limited
2026043001039722,NBL,5,45,259,266.0,68894.0,2026-04-30,188774862,517,Market Securities & Exchange (PVT) Ltd.,Imperial Securities Company Pvt. Ltd.,2026-04-30 14:53:41.087406,Nepal Bank Limited
2026043001039723,NBL,59,45,10,266.0,2660.0,2026-04-30,188774864,517,Deevyaa Securities & Stock House Pvt. Ltd,Imperial Securities Company Pvt. Ltd.,2026-04-30 14:53:41.087507,Nepal Bank Limited
2026043001039724,NBL,59,45,10,266.0,2660.0,2026-04-30,188774866,517,Deevyaa Securities & Stock House Pvt. Ltd,Imperial Securities Company Pvt. Ltd.,2026-04-30 14:53:41.087606,Nepal Bank Limited
2026043001039725,NBL,35,45,380,266.0,101080.0,2026-04-30,188774868,517,Kohinoor Investment & Securities Pvt. Ltd.,Imperial Securities Company Pvt. Ltd.,2026-04-30 14:53:41.087723,Nepal Bank Limited
2026043001039726,NBL,45,45,100,266.0,26600.0,2026-04-30,188774870,517,Imperial Securities Company Pvt. Ltd.,Imperial Securities Company Pvt. Ltd.,2026-04-30 14:53:41.087825,Nepal Bank Limited
2026043001039727,NBL,89,45,100,266.0,26600.0,2026-04-30,188774872,517,Global IME Securities Limited,Imperial Securities Company Pvt. Ltd.,2026-04-30 14:53:41.087962,Nepal Bank Limited
2026043001039728,NBL,50,45,1324,266.0,352184.0,2026-04-30,188774873,517,Cristal Kanchanjanga Securites Pvt. Ltd.,Imperial Securities Company Pvt. Ltd.,2026-04-30 14:53:41.088089,Nepal Bank Limited
2026043001040266,NBL,50,46,676,266.0,179816.0,2026-04-30,188777320,517,Cristal Kanchanjanga Securites Pvt. Ltd.,Kalika Securities Pvt. Ltd.,2026-04-30 14:55:55.962154,Nepal Bank Limited
2026043001040267,NBL,58,46,174,266.0,46284.0,2026-04-30,188777321,517,Naasa Securities Co. Ltd.,Kalika Securities Pvt. Ltd.,2026-04-30 14:55:55.962563,Nepal Bank Limited
2026043001040268,NBL,58,43,26,266.0,6916.0,2026-04-30,188777338,517,Naasa Securities Co. Ltd.,South Asian Bulls Pvt. Ltd.,2026-04-30 14:55:57.834120,Nepal Bank Limited
2026043001040269,NBL,58,43,120,266.0,31920.0,2026-04-30,188777340,517,Naasa Securities Co. Ltd.,South Asian Bulls Pvt. Ltd.,2026-04-30 14:55:57.834538,Nepal Bank Limited
2026043001040270,NBL,58,43,100,266.0,26600.0,2026-04-30,188777342,517,Naasa Securities Co. Ltd.,South Asian Bulls Pvt. Ltd.,2026-04-30 14:55:57.834817,Nepal Bank Limited
2026043001040271,NBL,28,43,44,266.0,11704.0,2026-04-30,188777343,517,Shree Krishna Securities Ltd.,South Asian Bulls Pvt. Ltd.,2026-04-30 14:55:57.835102,Nepal Bank Limited
2026043001041355,NBL,54,67,50,266.1,13305.0,2026-04-30,188783076,517,Sewa Securities Pvt. Ltd.,Property Wiard Limited,2026-04-30 14:59:17.377720,Nepal Bank Limited
2026043001041356,NBL,25,67,100,266.1,26610.0,2026-04-30,188783078,517,Sweta Securities Private Limited,Property Wiard Limited,2026-04-30 14:59:17.378128,Nepal Bank Limited
2026043001041357,NBL,45,67,50,266.1,13305.0,2026-04-30,188783079,517,Imperial Securities Company Pvt. Ltd.,Property Wiard Limited,2026-04-30 14:59:17.378411,Nepal Bank Limited
2026043001041443,NBL,17,16,965,266.9,257558.5,2026-04-30,188783512,517,ABC Securities Private Limited,Primo Securities (PVT) Ltd.,2026-04-30 14:59:23.618411,Nepal Bank Limited
2026043001041444,NBL,17,17,400,267.0,106800.0,2026-04-30,188783514,517,ABC Securities Private Limited,ABC Securities Private Limited,2026-04-30 14:59:23.618617,Nepal Bank Limited
2026043001041445,NBL,17,45,300,267.0,80100.0,2026-04-30,188783516,517,ABC Securities Private Limited,Imperial Securities Company Pvt. Ltd.,2026-04-30 14:59:23.618708,Nepal Bank Limited
2026043001041446,NBL,17,57,324,267.0,86508.0,2026-04-30,188783518,517,ABC Securities Private Limited,Aryatara Investment & Securities,2026-04-30 14:59:23.618803,Nepal Bank Limited
2026043001041447,NBL,17,17,11,267.0,2937.0,2026-04-30,188783521,517,ABC Securities Private Limited,ABC Securities Private Limited,2026-04-30 14:59:23.618901,Nepal Bank Limited
2026043001042131,NBL,65,17,489,267.0,130563.0,2026-04-30,188786489,517,Sharepro Securities Private Limited,ABC Securities Private Limited,2026-04-30 14:59:58.281240,Nepal Bank Limited
2026043001042132,NBL,65,46,10,267.0,2670.0,2026-04-30,188786492,517,Sharepro Securities Private Limited,Kalika Securities Pvt. Ltd.,2026-04-30 14:59:58.281278,Nepal Bank Limited
2026043001042133,NBL,65,38,500,267.0,133500.0,2026-04-30,188786496,517,Sharepro Securities Private Limited,Dipshikha Dhitopatra Karobar Co. Pvt Ltd.,2026-04-30 14:59:58.281305,Nepal Bank Limited
2026043001042134,NBL,65,52,40,267.1,10684.0,2026-04-30,188786499,517,Sharepro Securities Private Limited,Sundhara Securities Limited,2026-04-30 14:59:58.281332,Nepal Bank Limited
2026043001042135,NBL,65,34,40,267.9,10716.0,2026-04-30,188786501,517,Sharepro Securities Private Limited,Vision Securities Pvt. Ltd,2026-04-30 14:59:58.281360,Nepal Bank Limited
2026043001042136,NBL,65,25,100,267.9,26790.0,2026-04-30,188786503,517,Sharepro Securities Private Limited,Sweta Securities Private Limited,2026-04-30 14:59:58.281388,Nepal Bank Limited
2026043001042137,NBL,65,54,774,268.0,207432.0,2026-04-30,188786505,517,Sharepro Securities Private Limited,Sewa Securities Pvt. Ltd.,2026-04-30 14:59:58.281417,Nepal Bank Limited
2026043001042138,NBL,65,14,47,268.0,12596.0,2026-04-30,188786508,517,Sharepro Securities Private Limited,Nepal Stock House (PVT) Ltd.,2026-04-30 14:59:58.281443,Nepal Bank Limited
