contractId,stockSymbol,buyerMemberId,sellerMemberId,quantity,rate,amount,businessDate,tradeBookId,stockId,buyerBrokerName,sellerBrokerName,transaction_time,securityName
2026043004000019,NHPC,35,62,10,293.0,2930.0,2026-04-30,188626240,152,Kohinoor Investment & Securities Pvt. Ltd.,Capital Max Securities Ltd,2026-04-30 11:00:40.728235,National Hydro Power Company Limited
2026043004000038,NHPC,77,32,45,290.0,13050.0,2026-04-30,188626436,152,Nabil Stock Dealer Ltd.,Premier Securities Company Ltd.,2026-04-30 11:01:04.308693,National Hydro Power Company Limited
2026043004000043,NHPC,58,32,50,290.0,14500.0,2026-04-30,188626572,152,Naasa Securities Co. Ltd.,Premier Securities Company Ltd.,2026-04-30 11:01:16.667348,National Hydro Power Company Limited
2026043004000070,NHPC,40,49,100,289.0,28900.0,2026-04-30,188626732,152,Creative Securities Pvt Ltd,Online Securities Pvt. Ltd.,2026-04-30 11:01:31.758561,National Hydro Power Company Limited
2026043004000071,NHPC,44,49,150,289.0,43350.0,2026-04-30,188626734,152,Dynamic Money Managers Securities Pvt. Ltd.,Online Securities Pvt. Ltd.,2026-04-30 11:01:31.758675,National Hydro Power Company Limited
2026043004000072,NHPC,60,49,500,288.0,144000.0,2026-04-30,188626736,152,Nagarik Stock Dealer ,Online Securities Pvt. Ltd.,2026-04-30 11:01:31.758777,National Hydro Power Company Limited
2026043004000073,NHPC,42,49,500,287.0,143500.0,2026-04-30,188626738,152,Sani Securities Company Ltd.,Online Securities Pvt. Ltd.,2026-04-30 11:01:31.758855,National Hydro Power Company Limited
2026043004000074,NHPC,58,49,100,286.5,28650.0,2026-04-30,188626740,152,Naasa Securities Co. Ltd.,Online Securities Pvt. Ltd.,2026-04-30 11:01:31.758927,National Hydro Power Company Limited
2026043004000075,NHPC,58,49,690,286.0,197340.0,2026-04-30,188626742,152,Naasa Securities Co. Ltd.,Online Securities Pvt. Ltd.,2026-04-30 11:01:31.759002,National Hydro Power Company Limited
2026043004000076,NHPC,3,49,80,285.0,22800.0,2026-04-30,188626744,152,Arun Securities (PVT) Ltd.,Online Securities Pvt. Ltd.,2026-04-30 11:01:31.759073,National Hydro Power Company Limited
2026043004000077,NHPC,42,49,200,285.0,57000.0,2026-04-30,188626746,152,Sani Securities Company Ltd.,Online Securities Pvt. Ltd.,2026-04-30 11:01:31.759138,National Hydro Power Company Limited
2026043004000078,NHPC,45,49,500,285.0,142500.0,2026-04-30,188626748,152,Imperial Securities Company Pvt. Ltd.,Online Securities Pvt. Ltd.,2026-04-30 11:01:31.759203,National Hydro Power Company Limited
2026043004000079,NHPC,34,49,100,285.0,28500.0,2026-04-30,188626750,152,Vision Securities Pvt. Ltd,Online Securities Pvt. Ltd.,2026-04-30 11:01:31.759268,National Hydro Power Company Limited
2026043004000109,NHPC,45,49,80,285.0,22800.0,2026-04-30,188627040,152,Imperial Securities Company Pvt. Ltd.,Online Securities Pvt. Ltd.,2026-04-30 11:02:01.772359,National Hydro Power Company Limited
2026043004000158,NHPC,22,74,200,285.2,57040.0,2026-04-30,188627648,152,Siprabi Securities Pvt. Ltd.,KALASH STOCK MARKET PVT. LTD.,2026-04-30 11:02:54.126299,National Hydro Power Company Limited
2026043004000159,NHPC,42,74,500,285.1,142550.0,2026-04-30,188627650,152,Sani Securities Company Ltd.,KALASH STOCK MARKET PVT. LTD.,2026-04-30 11:02:54.126379,National Hydro Power Company Limited
2026043004000160,NHPC,38,74,80,285.0,22800.0,2026-04-30,188627652,152,Dipshikha Dhitopatra Karobar Co. Pvt Ltd.,KALASH STOCK MARKET PVT. LTD.,2026-04-30 11:02:54.126418,National Hydro Power Company Limited
2026043004000161,NHPC,35,74,14,285.0,3990.0,2026-04-30,188627653,152,Kohinoor Investment & Securities Pvt. Ltd.,KALASH STOCK MARKET PVT. LTD.,2026-04-30 11:02:54.126451,National Hydro Power Company Limited
2026043004000178,NHPC,35,75,186,285.0,53010.0,2026-04-30,188627952,152,Kohinoor Investment & Securities Pvt. Ltd.,N.I.M.B. Stock Markets Limited,2026-04-30 11:03:19.409517,National Hydro Power Company Limited
2026043004000179,NHPC,35,75,100,285.0,28500.0,2026-04-30,188627954,152,Kohinoor Investment & Securities Pvt. Ltd.,N.I.M.B. Stock Markets Limited,2026-04-30 11:03:19.409585,National Hydro Power Company Limited
2026043004000180,NHPC,47,75,100,285.0,28500.0,2026-04-30,188627956,152,Neev Securities Pvt. Ltd.,N.I.M.B. Stock Markets Limited,2026-04-30 11:03:19.409624,National Hydro Power Company Limited
2026043004000209,NHPC,58,75,64,285.0,18240.0,2026-04-30,188628083,152,Naasa Securities Co. Ltd.,N.I.M.B. Stock Markets Limited,2026-04-30 11:03:27.169177,National Hydro Power Company Limited
2026043004000242,NHPC,21,41,100,288.0,28800.0,2026-04-30,188628431,152,Midas Stock Broking Company Private Limited,Linch Stock Market Ltd.,2026-04-30 11:03:55.070080,National Hydro Power Company Limited
2026043004000243,NHPC,21,65,100,288.0,28800.0,2026-04-30,188628434,152,Midas Stock Broking Company Private Limited,Sharepro Securities Private Limited,2026-04-30 11:03:55.070161,National Hydro Power Company Limited
2026043004000267,NHPC,64,92,2000,287.0,574000.0,2026-04-30,188628836,152,SUN SECURITIES PVT LTD,Roadshow securities limited,2026-04-30 11:04:30.449015,National Hydro Power Company Limited
2026043004000293,NHPC,52,92,500,287.0,143500.0,2026-04-30,188629016,152,Sundhara Securities Limited,Roadshow securities limited,2026-04-30 11:04:44.417268,National Hydro Power Company Limited
2026043004000294,NHPC,45,92,100,287.0,28700.0,2026-04-30,188629034,152,Imperial Securities Company Pvt. Ltd.,Roadshow securities limited,2026-04-30 11:04:46.467746,National Hydro Power Company Limited
2026043004000298,NHPC,91,58,435,286.2,124497.0,2026-04-30,188629121,152,Citizens Share Broker Limited,Naasa Securities Co. Ltd.,2026-04-30 11:04:52.093258,National Hydro Power Company Limited
2026043004000300,NHPC,41,92,50,287.0,14350.0,2026-04-30,188629148,152,Linch Stock Market Ltd.,Roadshow securities limited,2026-04-30 11:04:54.413934,National Hydro Power Company Limited
2026043004000301,NHPC,91,58,165,286.2,47223.0,2026-04-30,188629153,152,Citizens Share Broker Limited,Naasa Securities Co. Ltd.,2026-04-30 11:04:54.684143,National Hydro Power Company Limited
2026043004000302,NHPC,48,58,400,286.0,114400.0,2026-04-30,188629155,152,Trishakti Securities Public Limited,Naasa Securities Co. Ltd.,2026-04-30 11:04:54.684181,National Hydro Power Company Limited
2026043004000303,NHPC,32,58,20,286.0,5720.0,2026-04-30,188629157,152,Premier Securities Company Ltd.,Naasa Securities Co. Ltd.,2026-04-30 11:04:54.684211,National Hydro Power Company Limited
2026043004000304,NHPC,48,58,100,286.0,28600.0,2026-04-30,188629159,152,Trishakti Securities Public Limited,Naasa Securities Co. Ltd.,2026-04-30 11:04:54.684238,National Hydro Power Company Limited
2026043004000305,NHPC,58,58,136,285.1,38773.6,2026-04-30,188629161,152,Naasa Securities Co. Ltd.,Naasa Securities Co. Ltd.,2026-04-30 11:04:54.684268,National Hydro Power Company Limited
2026043004000306,NHPC,41,58,50,285.0,14250.0,2026-04-30,188629163,152,Linch Stock Market Ltd.,Naasa Securities Co. Ltd.,2026-04-30 11:04:54.684293,National Hydro Power Company Limited
2026043004000307,NHPC,48,58,500,285.0,142500.0,2026-04-30,188629165,152,Trishakti Securities Public Limited,Naasa Securities Co. Ltd.,2026-04-30 11:04:54.684323,National Hydro Power Company Limited
2026043004000308,NHPC,58,58,100,285.0,28500.0,2026-04-30,188629167,152,Naasa Securities Co. Ltd.,Naasa Securities Co. Ltd.,2026-04-30 11:04:54.684345,National Hydro Power Company Limited
2026043004000309,NHPC,91,58,300,285.0,85500.0,2026-04-30,188629169,152,Citizens Share Broker Limited,Naasa Securities Co. Ltd.,2026-04-30 11:04:54.684368,National Hydro Power Company Limited
2026043004000310,NHPC,45,58,10,285.0,2850.0,2026-04-30,188629171,152,Imperial Securities Company Pvt. Ltd.,Naasa Securities Co. Ltd.,2026-04-30 11:04:54.684389,National Hydro Power Company Limited
2026043004000311,NHPC,40,58,100,285.0,28500.0,2026-04-30,188629173,152,Creative Securities Pvt Ltd,Naasa Securities Co. Ltd.,2026-04-30 11:04:54.684412,National Hydro Power Company Limited
2026043004000312,NHPC,47,58,50,285.0,14250.0,2026-04-30,188629175,152,Neev Securities Pvt. Ltd.,Naasa Securities Co. Ltd.,2026-04-30 11:04:54.684432,National Hydro Power Company Limited
2026043004000313,NHPC,54,58,250,284.1,71025.0,2026-04-30,188629177,152,Sewa Securities Pvt. Ltd.,Naasa Securities Co. Ltd.,2026-04-30 11:04:54.684455,National Hydro Power Company Limited
2026043004000314,NHPC,65,58,500,284.1,142050.0,2026-04-30,188629179,152,Sharepro Securities Private Limited,Naasa Securities Co. Ltd.,2026-04-30 11:04:54.684479,National Hydro Power Company Limited
2026043004000315,NHPC,65,58,500,284.1,142050.0,2026-04-30,188629181,152,Sharepro Securities Private Limited,Naasa Securities Co. Ltd.,2026-04-30 11:04:54.684504,National Hydro Power Company Limited
2026043004000316,NHPC,21,58,100,284.0,28400.0,2026-04-30,188629183,152,Midas Stock Broking Company Private Limited,Naasa Securities Co. Ltd.,2026-04-30 11:04:54.684525,National Hydro Power Company Limited
2026043004000317,NHPC,47,58,300,284.0,85200.0,2026-04-30,188629185,152,Neev Securities Pvt. Ltd.,Naasa Securities Co. Ltd.,2026-04-30 11:04:54.684546,National Hydro Power Company Limited
2026043004000318,NHPC,58,58,200,283.0,56600.0,2026-04-30,188629187,152,Naasa Securities Co. Ltd.,Naasa Securities Co. Ltd.,2026-04-30 11:04:54.684567,National Hydro Power Company Limited
2026043004000319,NHPC,40,58,100,283.0,28300.0,2026-04-30,188629189,152,Creative Securities Pvt Ltd,Naasa Securities Co. Ltd.,2026-04-30 11:04:54.684613,National Hydro Power Company Limited
2026043004000320,NHPC,29,58,130,283.0,36790.0,2026-04-30,188629191,152,Trisul Securities & Invt. Ltd.,Naasa Securities Co. Ltd.,2026-04-30 11:04:54.684650,National Hydro Power Company Limited
2026043004000321,NHPC,53,58,4121,283.0,1166243.0,2026-04-30,188629192,152,Investment Management Nepal Pvt. Ltd.,Naasa Securities Co. Ltd.,2026-04-30 11:04:54.684673,National Hydro Power Company Limited
2026043004000325,NHPC,53,85,879,283.0,248757.0,2026-04-30,188629252,152,Investment Management Nepal Pvt. Ltd.,Capital Hub P. Ltd,2026-04-30 11:05:00.357472,National Hydro Power Company Limited
2026043004000326,NHPC,74,85,50,282.7,14135.0,2026-04-30,188629254,152,KALASH STOCK MARKET PVT. LTD.,Capital Hub P. Ltd,2026-04-30 11:05:00.357565,National Hydro Power Company Limited
2026043004000327,NHPC,56,85,371,282.6,104844.6,2026-04-30,188629255,152,Sri Hari Securities Pvt. Ltd.,Capital Hub P. Ltd,2026-04-30 11:05:00.357634,National Hydro Power Company Limited
2026043004000432,NHPC,67,92,500,287.0,143500.0,2026-04-30,188630276,152,Property Wiard Limited,Roadshow securities limited,2026-04-30 11:06:29.575465,National Hydro Power Company Limited
2026043004000450,NHPC,56,46,50,286.2,14310.0,2026-04-30,188630406,152,Sri Hari Securities Pvt. Ltd.,Kalika Securities Pvt. Ltd.,2026-04-30 11:06:43.151959,National Hydro Power Company Limited
2026043004000470,NHPC,6,19,100,286.0,28600.0,2026-04-30,188630601,152,Agrawal Securities (PVT) Ltd.,Nepal Investment And Securities Trading Private Limited,2026-04-30 11:07:03.723955,National Hydro Power Company Limited
2026043004000478,NHPC,57,7,150,285.0,42750.0,2026-04-30,188630672,152,Aryatara Investment & Securities,J.F. Securites (PVT) Ltd.,2026-04-30 11:07:08.474152,National Hydro Power Company Limited
2026043004000479,NHPC,50,7,100,285.0,28500.0,2026-04-30,188630674,152,Cristal Kanchanjanga Securites Pvt. Ltd.,J.F. Securites (PVT) Ltd.,2026-04-30 11:07:08.474256,National Hydro Power Company Limited
2026043004000480,NHPC,22,7,200,283.2,56640.0,2026-04-30,188630676,152,Siprabi Securities Pvt. Ltd.,J.F. Securites (PVT) Ltd.,2026-04-30 11:07:08.474360,National Hydro Power Company Limited
2026043004000481,NHPC,74,7,20,283.2,5664.0,2026-04-30,188630678,152,KALASH STOCK MARKET PVT. LTD.,J.F. Securites (PVT) Ltd.,2026-04-30 11:07:08.474424,National Hydro Power Company Limited
2026043004000482,NHPC,38,7,20,283.2,5664.0,2026-04-30,188630680,152,Dipshikha Dhitopatra Karobar Co. Pvt Ltd.,J.F. Securites (PVT) Ltd.,2026-04-30 11:07:08.474482,National Hydro Power Company Limited
2026043004000483,NHPC,6,7,510,283.2,144432.0,2026-04-30,188630681,152,Agrawal Securities (PVT) Ltd.,J.F. Securites (PVT) Ltd.,2026-04-30 11:07:08.474540,National Hydro Power Company Limited
2026043004000521,NHPC,44,71,4200,285.0,1197000.0,2026-04-30,188631030,152,Dynamic Money Managers Securities Pvt. Ltd.,SHUBHAKAMANA SECURITIES PVT. LTD,2026-04-30 11:07:36.282467,National Hydro Power Company Limited
2026043004000525,NHPC,36,14,500,285.0,142500.0,2026-04-30,188631121,152,Secured Securities Ltd.,Nepal Stock House (PVT) Ltd.,2026-04-30 11:07:47.398877,National Hydro Power Company Limited
2026043004000537,NHPC,48,42,100,285.1,28510.0,2026-04-30,188631272,152,Trishakti Securities Public Limited,Sani Securities Company Ltd.,2026-04-30 11:08:04.379296,National Hydro Power Company Limited
2026043004000538,NHPC,36,42,205,285.0,58425.0,2026-04-30,188631273,152,Secured Securities Ltd.,Sani Securities Company Ltd.,2026-04-30 11:08:04.379341,National Hydro Power Company Limited
2026043004000556,NHPC,58,92,25,286.0,7150.0,2026-04-30,188631436,152,Naasa Securities Co. Ltd.,Roadshow securities limited,2026-04-30 11:08:21.337024,National Hydro Power Company Limited
2026043004000558,NHPC,36,38,795,285.0,226575.0,2026-04-30,188631482,152,Secured Securities Ltd.,Dipshikha Dhitopatra Karobar Co. Pvt Ltd.,2026-04-30 11:08:25.121505,National Hydro Power Company Limited
2026043004000559,NHPC,45,38,50,285.0,14250.0,2026-04-30,188631484,152,Imperial Securities Company Pvt. Ltd.,Dipshikha Dhitopatra Karobar Co. Pvt Ltd.,2026-04-30 11:08:25.121667,National Hydro Power Company Limited
2026043004000560,NHPC,57,38,30,285.0,8550.0,2026-04-30,188631486,152,Aryatara Investment & Securities,Dipshikha Dhitopatra Karobar Co. Pvt Ltd.,2026-04-30 11:08:25.121746,National Hydro Power Company Limited
2026043004000561,NHPC,1,38,125,285.0,35625.0,2026-04-30,188631487,152,Kumari Securities Private Limited,Dipshikha Dhitopatra Karobar Co. Pvt Ltd.,2026-04-30 11:08:25.121828,National Hydro Power Company Limited
2026043004000564,NHPC,1,42,875,285.0,249375.0,2026-04-30,188631498,152,Kumari Securities Private Limited,Sani Securities Company Ltd.,2026-04-30 11:08:25.658867,National Hydro Power Company Limited
2026043004000565,NHPC,42,42,150,285.0,42750.0,2026-04-30,188631500,152,Sani Securities Company Ltd.,Sani Securities Company Ltd.,2026-04-30 11:08:25.659223,National Hydro Power Company Limited
2026043004000572,NHPC,39,42,1000,285.0,285000.0,2026-04-30,188631592,152,Sumeru Securities Pvt. Ltd.,Sani Securities Company Ltd.,2026-04-30 11:08:33.932016,National Hydro Power Company Limited
2026043004000573,NHPC,35,42,7000,285.0,1995000.0,2026-04-30,188631596,152,Kohinoor Investment & Securities Pvt. Ltd.,Sani Securities Company Ltd.,2026-04-30 11:08:34.608276,National Hydro Power Company Limited
2026043004000590,NHPC,74,36,51,284.1,14489.1,2026-04-30,188631752,152,KALASH STOCK MARKET PVT. LTD.,Secured Securities Ltd.,2026-04-30 11:08:46.531205,National Hydro Power Company Limited
2026043004000591,NHPC,19,36,49,284.0,13916.0,2026-04-30,188631753,152,Nepal Investment And Securities Trading Private Limited,Secured Securities Ltd.,2026-04-30 11:08:46.531381,National Hydro Power Company Limited
2026043004000594,NHPC,56,42,59,285.0,16815.0,2026-04-30,188631782,152,Sri Hari Securities Pvt. Ltd.,Sani Securities Company Ltd.,2026-04-30 11:08:49.999937,National Hydro Power Company Limited
2026043004000595,NHPC,19,14,300,284.0,85200.0,2026-04-30,188631785,152,Nepal Investment And Securities Trading Private Limited,Nepal Stock House (PVT) Ltd.,2026-04-30 11:08:51.012547,National Hydro Power Company Limited
2026043004000596,NHPC,58,42,25,285.0,7125.0,2026-04-30,188631842,152,Naasa Securities Co. Ltd.,Sani Securities Company Ltd.,2026-04-30 11:08:53.651147,National Hydro Power Company Limited
2026043004000601,NHPC,58,38,1000,284.3,284300.0,2026-04-30,188631857,152,Naasa Securities Co. Ltd.,Dipshikha Dhitopatra Karobar Co. Pvt Ltd.,2026-04-30 11:08:54.584251,National Hydro Power Company Limited
2026043004000603,NHPC,58,42,100,285.0,28500.0,2026-04-30,188631916,152,Naasa Securities Co. Ltd.,Sani Securities Company Ltd.,2026-04-30 11:08:59.970295,National Hydro Power Company Limited
2026043004000622,NHPC,42,42,24,285.0,6840.0,2026-04-30,188632246,152,Sani Securities Company Ltd.,Sani Securities Company Ltd.,2026-04-30 11:09:33.724674,National Hydro Power Company Limited
2026043004000623,NHPC,52,42,150,285.0,42750.0,2026-04-30,188632312,152,Sundhara Securities Limited,Sani Securities Company Ltd.,2026-04-30 11:09:35.785877,National Hydro Power Company Limited
2026043004000624,NHPC,25,42,500,285.0,142500.0,2026-04-30,188632364,152,Sweta Securities Private Limited,Sani Securities Company Ltd.,2026-04-30 11:09:38.449564,National Hydro Power Company Limited
2026043004000631,NHPC,3,42,19,285.0,5415.0,2026-04-30,188632438,152,Arun Securities (PVT) Ltd.,Sani Securities Company Ltd.,2026-04-30 11:09:42.831687,National Hydro Power Company Limited
2026043004000632,NHPC,19,38,1000,284.0,284000.0,2026-04-30,188632441,152,Nepal Investment And Securities Trading Private Limited,Dipshikha Dhitopatra Karobar Co. Pvt Ltd.,2026-04-30 11:09:42.872200,National Hydro Power Company Limited
2026043004000635,NHPC,19,42,651,284.0,184884.0,2026-04-30,188632500,152,Nepal Investment And Securities Trading Private Limited,Sani Securities Company Ltd.,2026-04-30 11:09:49.890132,National Hydro Power Company Limited
2026043004000636,NHPC,52,42,200,284.0,56800.0,2026-04-30,188632502,152,Sundhara Securities Limited,Sani Securities Company Ltd.,2026-04-30 11:09:49.890340,National Hydro Power Company Limited
2026043004000637,NHPC,50,42,100,283.5,28350.0,2026-04-30,188632504,152,Cristal Kanchanjanga Securites Pvt. Ltd.,Sani Securities Company Ltd.,2026-04-30 11:09:49.890437,National Hydro Power Company Limited
2026043004000638,NHPC,74,42,100,283.4,28340.0,2026-04-30,188632506,152,KALASH STOCK MARKET PVT. LTD.,Sani Securities Company Ltd.,2026-04-30 11:09:49.890526,National Hydro Power Company Limited
2026043004000639,NHPC,22,42,200,283.4,56680.0,2026-04-30,188632508,152,Siprabi Securities Pvt. Ltd.,Sani Securities Company Ltd.,2026-04-30 11:09:49.890615,National Hydro Power Company Limited
2026043004000640,NHPC,44,42,1000,283.4,283400.0,2026-04-30,188632510,152,Dynamic Money Managers Securities Pvt. Ltd.,Sani Securities Company Ltd.,2026-04-30 11:09:49.890707,National Hydro Power Company Limited
2026043004000641,NHPC,13,42,1000,283.3,283300.0,2026-04-30,188632512,152,Thrive Brokerage House Pvt. Ltd,Sani Securities Company Ltd.,2026-04-30 11:09:49.890797,National Hydro Power Company Limited
2026043004000642,NHPC,38,42,200,283.3,56660.0,2026-04-30,188632514,152,Dipshikha Dhitopatra Karobar Co. Pvt Ltd.,Sani Securities Company Ltd.,2026-04-30 11:09:49.890885,National Hydro Power Company Limited
2026043004000643,NHPC,62,42,2000,283.3,566600.0,2026-04-30,188632516,152,Capital Max Securities Ltd,Sani Securities Company Ltd.,2026-04-30 11:09:49.890973,National Hydro Power Company Limited
2026043004000644,NHPC,6,42,490,283.2,138768.0,2026-04-30,188632518,152,Agrawal Securities (PVT) Ltd.,Sani Securities Company Ltd.,2026-04-30 11:09:49.891062,National Hydro Power Company Limited
2026043004000645,NHPC,77,42,59,283.2,16708.8,2026-04-30,188632519,152,Nabil Stock Dealer Ltd.,Sani Securities Company Ltd.,2026-04-30 11:09:49.891148,National Hydro Power Company Limited
2026043004000650,NHPC,98,42,98,285.0,27930.0,2026-04-30,188632569,152,Trademow Securities Private Limited,Sani Securities Company Ltd.,2026-04-30 11:09:53.522154,National Hydro Power Company Limited
2026043004000651,NHPC,98,33,402,285.0,114570.0,2026-04-30,188632572,152,Trademow Securities Private Limited,Dakshinkali Investment & Securities Pvt. Ltd.,2026-04-30 11:09:53.522333,National Hydro Power Company Limited
2026043004000653,NHPC,44,33,598,285.0,170430.0,2026-04-30,188632587,152,Dynamic Money Managers Securities Pvt. Ltd.,Dakshinkali Investment & Securities Pvt. Ltd.,2026-04-30 11:09:55.396219,National Hydro Power Company Limited
2026043004000654,NHPC,44,67,50,285.0,14250.0,2026-04-30,188632589,152,Dynamic Money Managers Securities Pvt. Ltd.,Property Wiard Limited,2026-04-30 11:09:55.396399,National Hydro Power Company Limited
2026043004000672,NHPC,44,3,500,285.0,142500.0,2026-04-30,188632745,152,Dynamic Money Managers Securities Pvt. Ltd.,Arun Securities (PVT) Ltd.,2026-04-30 11:10:10.425163,National Hydro Power Company Limited
2026043004000674,NHPC,1,42,100,285.0,28500.0,2026-04-30,188632772,152,Kumari Securities Private Limited,Sani Securities Company Ltd.,2026-04-30 11:10:13.730073,National Hydro Power Company Limited
2026043004000675,NHPC,44,42,100,285.0,28500.0,2026-04-30,188632774,152,Dynamic Money Managers Securities Pvt. Ltd.,Sani Securities Company Ltd.,2026-04-30 11:10:13.730452,National Hydro Power Company Limited
2026043004000681,NHPC,34,42,300,285.0,85500.0,2026-04-30,188632820,152,Vision Securities Pvt. Ltd,Sani Securities Company Ltd.,2026-04-30 11:10:18.865678,National Hydro Power Company Limited
2026043004000696,NHPC,64,45,1000,283.6,283600.0,2026-04-30,188632971,152,SUN SECURITIES PVT LTD,Imperial Securities Company Pvt. Ltd.,2026-04-30 11:10:33.293144,National Hydro Power Company Limited
2026043004000697,NHPC,44,42,4500,285.0,1282500.0,2026-04-30,188632996,152,Dynamic Money Managers Securities Pvt. Ltd.,Sani Securities Company Ltd.,2026-04-30 11:10:36.260620,National Hydro Power Company Limited
2026043004000723,NHPC,35,32,64,284.0,18176.0,2026-04-30,188633387,152,Kohinoor Investment & Securities Pvt. Ltd.,Premier Securities Company Ltd.,2026-04-30 11:11:06.400892,National Hydro Power Company Limited
2026043004000783,NHPC,34,58,10,284.1,2841.0,2026-04-30,188633955,152,Vision Securities Pvt. Ltd,Naasa Securities Co. Ltd.,2026-04-30 11:11:43.691197,National Hydro Power Company Limited
2026043004000794,NHPC,1,42,200,285.0,57000.0,2026-04-30,188634074,152,Kumari Securities Private Limited,Sani Securities Company Ltd.,2026-04-30 11:11:49.940164,National Hydro Power Company Limited
2026043004000796,NHPC,34,38,90,284.1,25569.0,2026-04-30,188634094,152,Vision Securities Pvt. Ltd,Dipshikha Dhitopatra Karobar Co. Pvt Ltd.,2026-04-30 11:11:51.281246,National Hydro Power Company Limited
2026043004000797,NHPC,35,38,918,284.0,260712.0,2026-04-30,188634095,152,Kohinoor Investment & Securities Pvt. Ltd.,Dipshikha Dhitopatra Karobar Co. Pvt Ltd.,2026-04-30 11:11:51.281456,National Hydro Power Company Limited
2026043004000799,NHPC,94,42,200,285.0,57000.0,2026-04-30,188634112,152,K.B.L. Securities Limited ,Sani Securities Company Ltd.,2026-04-30 11:11:52.671520,National Hydro Power Company Limited
2026043004000814,NHPC,35,58,18,284.0,5112.0,2026-04-30,188634186,152,Kohinoor Investment & Securities Pvt. Ltd.,Naasa Securities Co. Ltd.,2026-04-30 11:11:57.212189,National Hydro Power Company Limited
2026043004000835,NHPC,1,14,503,284.0,142852.0,2026-04-30,188634365,152,Kumari Securities Private Limited,Nepal Stock House (PVT) Ltd.,2026-04-30 11:12:08.734008,National Hydro Power Company Limited
2026043004000836,NHPC,44,34,500,284.9,142450.0,2026-04-30,188634373,152,Dynamic Money Managers Securities Pvt. Ltd.,Vision Securities Pvt. Ltd,2026-04-30 11:12:09.085398,National Hydro Power Company Limited
2026043004000837,NHPC,44,42,652,285.0,185820.0,2026-04-30,188634376,152,Dynamic Money Managers Securities Pvt. Ltd.,Sani Securities Company Ltd.,2026-04-30 11:12:09.085599,National Hydro Power Company Limited
2026043004000881,NHPC,1,42,497,284.0,141148.0,2026-04-30,188634730,152,Kumari Securities Private Limited,Sani Securities Company Ltd.,2026-04-30 11:12:35.045808,National Hydro Power Company Limited
2026043004000882,NHPC,42,42,300,284.0,85200.0,2026-04-30,188634732,152,Sani Securities Company Ltd.,Sani Securities Company Ltd.,2026-04-30 11:12:35.046032,National Hydro Power Company Limited
2026043004000883,NHPC,42,42,10,284.0,2840.0,2026-04-30,188634734,152,Sani Securities Company Ltd.,Sani Securities Company Ltd.,2026-04-30 11:12:35.046138,National Hydro Power Company Limited
2026043004000884,NHPC,13,42,500,284.0,142000.0,2026-04-30,188634736,152,Thrive Brokerage House Pvt. Ltd,Sani Securities Company Ltd.,2026-04-30 11:12:35.046245,National Hydro Power Company Limited
2026043004000885,NHPC,4,42,135,284.0,38340.0,2026-04-30,188634738,152,Opal Securities Investment (PVT) Ltd.,Sani Securities Company Ltd.,2026-04-30 11:12:35.046354,National Hydro Power Company Limited
2026043004000886,NHPC,58,42,58,283.6,16448.8,2026-04-30,188634739,152,Naasa Securities Co. Ltd.,Sani Securities Company Ltd.,2026-04-30 11:12:35.046462,National Hydro Power Company Limited
2026043004000908,NHPC,17,58,1000,283.7,283700.0,2026-04-30,188634951,152,ABC Securities Private Limited,Naasa Securities Co. Ltd.,2026-04-30 11:12:50.899622,National Hydro Power Company Limited
2026043004000910,NHPC,5,33,10,284.9,2849.0,2026-04-30,188634970,152,Market Securities & Exchange (PVT) Ltd.,Dakshinkali Investment & Securities Pvt. Ltd.,2026-04-30 11:12:53.153350,National Hydro Power Company Limited
2026043004000911,NHPC,58,42,1500,283.6,425400.0,2026-04-30,188634973,152,Naasa Securities Co. Ltd.,Sani Securities Company Ltd.,2026-04-30 11:12:53.365328,National Hydro Power Company Limited
2026043004000932,NHPC,88,33,490,284.9,139601.0,2026-04-30,188635265,152,Blue Chip Securities Ltd,Dakshinkali Investment & Securities Pvt. Ltd.,2026-04-30 11:13:14.696779,National Hydro Power Company Limited
2026043004000933,NHPC,88,42,1510,285.0,430350.0,2026-04-30,188635268,152,Blue Chip Securities Ltd,Sani Securities Company Ltd.,2026-04-30 11:13:14.696825,National Hydro Power Company Limited
2026043004000935,NHPC,34,42,2438,285.0,694830.0,2026-04-30,188635281,152,Vision Securities Pvt. Ltd,Sani Securities Company Ltd.,2026-04-30 11:13:15.998298,National Hydro Power Company Limited
2026043004000936,NHPC,34,94,300,285.0,85500.0,2026-04-30,188635283,152,Vision Securities Pvt. Ltd,K.B.L. Securities Limited ,2026-04-30 11:13:15.998805,National Hydro Power Company Limited
2026043004000937,NHPC,34,38,1000,285.0,285000.0,2026-04-30,188635285,152,Vision Securities Pvt. Ltd,Dipshikha Dhitopatra Karobar Co. Pvt Ltd.,2026-04-30 11:13:15.999140,National Hydro Power Company Limited
2026043004000942,NHPC,34,3,1000,285.0,285000.0,2026-04-30,188635363,152,Vision Securities Pvt. Ltd,Arun Securities (PVT) Ltd.,2026-04-30 11:13:20.091035,National Hydro Power Company Limited
2026043004001025,NHPC,60,58,35,285.5,9992.5,2026-04-30,188636296,152,Nagarik Stock Dealer ,Naasa Securities Co. Ltd.,2026-04-30 11:14:16.062438,National Hydro Power Company Limited
2026043004001026,NHPC,58,58,115,285.1,32786.5,2026-04-30,188636298,152,Naasa Securities Co. Ltd.,Naasa Securities Co. Ltd.,2026-04-30 11:14:16.062928,National Hydro Power Company Limited
2026043004001027,NHPC,34,58,262,285.0,74670.0,2026-04-30,188636300,152,Vision Securities Pvt. Ltd,Naasa Securities Co. Ltd.,2026-04-30 11:14:16.063283,National Hydro Power Company Limited
2026043004001028,NHPC,22,58,1000,285.0,285000.0,2026-04-30,188636302,152,Siprabi Securities Pvt. Ltd.,Naasa Securities Co. Ltd.,2026-04-30 11:14:16.063670,National Hydro Power Company Limited
2026043004001029,NHPC,64,58,2000,285.0,570000.0,2026-04-30,188636304,152,SUN SECURITIES PVT LTD,Naasa Securities Co. Ltd.,2026-04-30 11:14:16.064033,National Hydro Power Company Limited
2026043004001030,NHPC,32,58,20,285.0,5700.0,2026-04-30,188636306,152,Premier Securities Company Ltd.,Naasa Securities Co. Ltd.,2026-04-30 11:14:16.064405,National Hydro Power Company Limited
2026043004001031,NHPC,29,58,200,285.0,57000.0,2026-04-30,188636308,152,Trisul Securities & Invt. Ltd.,Naasa Securities Co. Ltd.,2026-04-30 11:14:16.064765,National Hydro Power Company Limited
2026043004001032,NHPC,63,58,200,285.0,57000.0,2026-04-30,188636310,152,Himalayan Brokerage Company Limited,Naasa Securities Co. Ltd.,2026-04-30 11:14:16.065138,National Hydro Power Company Limited
2026043004001033,NHPC,58,58,15,285.0,4275.0,2026-04-30,188636312,152,Naasa Securities Co. Ltd.,Naasa Securities Co. Ltd.,2026-04-30 11:14:16.065511,National Hydro Power Company Limited
2026043004001051,NHPC,74,58,50,285.0,14250.0,2026-04-30,188636478,152,KALASH STOCK MARKET PVT. LTD.,Naasa Securities Co. Ltd.,2026-04-30 11:14:25.404990,National Hydro Power Company Limited
2026043004001070,NHPC,57,58,500,285.0,142500.0,2026-04-30,188636644,152,Aryatara Investment & Securities,Naasa Securities Co. Ltd.,2026-04-30 11:14:34.573880,National Hydro Power Company Limited
2026043004001074,NHPC,40,58,100,285.0,28500.0,2026-04-30,188636672,152,Creative Securities Pvt Ltd,Naasa Securities Co. Ltd.,2026-04-30 11:14:37.096630,National Hydro Power Company Limited
2026043004001075,NHPC,34,60,100,284.5,28450.0,2026-04-30,188636694,152,Vision Securities Pvt. Ltd,Nagarik Stock Dealer ,2026-04-30 11:14:38.523363,National Hydro Power Company Limited
2026043004001079,NHPC,16,60,200,284.5,56900.0,2026-04-30,188636708,152,Primo Securities (PVT) Ltd.,Nagarik Stock Dealer ,2026-04-30 11:14:38.925972,National Hydro Power Company Limited
2026043004001092,NHPC,58,58,13,285.0,3705.0,2026-04-30,188636754,152,Naasa Securities Co. Ltd.,Naasa Securities Co. Ltd.,2026-04-30 11:14:41.639526,National Hydro Power Company Limited
2026043004001093,NHPC,17,58,490,285.0,139650.0,2026-04-30,188636763,152,ABC Securities Private Limited,Naasa Securities Co. Ltd.,2026-04-30 11:14:41.880484,National Hydro Power Company Limited
2026043004001127,NHPC,58,34,32,285.1,9123.2,2026-04-30,188637174,152,Naasa Securities Co. Ltd.,Vision Securities Pvt. Ltd,2026-04-30 11:15:08.996055,National Hydro Power Company Limited
2026043004001130,NHPC,51,34,350,285.1,99785.0,2026-04-30,188637242,152,Oxford Securities Pvt. Ltd.,Vision Securities Pvt. Ltd,2026-04-30 11:15:11.743671,National Hydro Power Company Limited
2026043004001131,NHPC,42,34,253,285.1,72130.3,2026-04-30,188637255,152,Sani Securities Company Ltd.,Vision Securities Pvt. Ltd,2026-04-30 11:15:14.334854,National Hydro Power Company Limited
2026043004001161,NHPC,45,34,100,286.1,28610.0,2026-04-30,188637673,152,Imperial Securities Company Pvt. Ltd.,Vision Securities Pvt. Ltd,2026-04-30 11:15:40.598130,National Hydro Power Company Limited
2026043004001162,NHPC,45,46,900,286.2,257580.0,2026-04-30,188637676,152,Imperial Securities Company Pvt. Ltd.,Kalika Securities Pvt. Ltd.,2026-04-30 11:15:40.598725,National Hydro Power Company Limited
2026043004001169,NHPC,42,38,10,285.1,2851.0,2026-04-30,188637795,152,Sani Securities Company Ltd.,Dipshikha Dhitopatra Karobar Co. Pvt Ltd.,2026-04-30 11:15:52.356985,National Hydro Power Company Limited
2026043004001198,NHPC,58,32,40,286.0,11440.0,2026-04-30,188638108,152,Naasa Securities Co. Ltd.,Premier Securities Company Ltd.,2026-04-30 11:16:12.775003,National Hydro Power Company Limited
2026043004001236,NHPC,38,32,60,286.0,17160.0,2026-04-30,188638643,152,Dipshikha Dhitopatra Karobar Co. Pvt Ltd.,Premier Securities Company Ltd.,2026-04-30 11:16:53.559156,National Hydro Power Company Limited
2026043004001241,NHPC,58,46,100,286.2,28620.0,2026-04-30,188638928,152,Naasa Securities Co. Ltd.,Kalika Securities Pvt. Ltd.,2026-04-30 11:17:05.729764,National Hydro Power Company Limited
2026043004001242,NHPC,38,34,300,286.0,85800.0,2026-04-30,188638931,152,Dipshikha Dhitopatra Karobar Co. Pvt Ltd.,Vision Securities Pvt. Ltd,2026-04-30 11:17:05.992862,National Hydro Power Company Limited
2026043004001289,NHPC,8,42,100,286.2,28620.0,2026-04-30,188639354,152,Brilliant Securities Pvt. Ltd.,Sani Securities Company Ltd.,2026-04-30 11:17:24.684624,National Hydro Power Company Limited
2026043004001290,NHPC,38,42,140,286.0,40040.0,2026-04-30,188639356,152,Dipshikha Dhitopatra Karobar Co. Pvt Ltd.,Sani Securities Company Ltd.,2026-04-30 11:17:24.684902,National Hydro Power Company Limited
2026043004001291,NHPC,25,42,60,286.0,17160.0,2026-04-30,188639358,152,Sweta Securities Private Limited,Sani Securities Company Ltd.,2026-04-30 11:17:24.685047,National Hydro Power Company Limited
2026043004001292,NHPC,32,42,600,286.0,171600.0,2026-04-30,188639360,152,Premier Securities Company Ltd.,Sani Securities Company Ltd.,2026-04-30 11:17:24.685193,National Hydro Power Company Limited
2026043004001293,NHPC,49,42,50,286.0,14300.0,2026-04-30,188639362,152,Online Securities Pvt. Ltd.,Sani Securities Company Ltd.,2026-04-30 11:17:24.685347,National Hydro Power Company Limited
2026043004001294,NHPC,42,42,500,285.5,142750.0,2026-04-30,188639364,152,Sani Securities Company Ltd.,Sani Securities Company Ltd.,2026-04-30 11:17:24.685490,National Hydro Power Company Limited
2026043004001295,NHPC,42,42,37,285.1,10548.7,2026-04-30,188639366,152,Sani Securities Company Ltd.,Sani Securities Company Ltd.,2026-04-30 11:17:24.685636,National Hydro Power Company Limited
2026043004001296,NHPC,56,42,690,285.1,196719.0,2026-04-30,188639368,152,Sri Hari Securities Pvt. Ltd.,Sani Securities Company Ltd.,2026-04-30 11:17:24.685789,National Hydro Power Company Limited
2026043004001297,NHPC,57,42,10,285.1,2851.0,2026-04-30,188639370,152,Aryatara Investment & Securities,Sani Securities Company Ltd.,2026-04-30 11:17:24.685931,National Hydro Power Company Limited
2026043004001298,NHPC,17,42,510,285.0,145350.0,2026-04-30,188639372,152,ABC Securities Private Limited,Sani Securities Company Ltd.,2026-04-30 11:17:24.686067,National Hydro Power Company Limited
2026043004001299,NHPC,42,42,300,285.0,85500.0,2026-04-30,188639374,152,Sani Securities Company Ltd.,Sani Securities Company Ltd.,2026-04-30 11:17:24.686211,National Hydro Power Company Limited
2026043004001300,NHPC,18,42,200,285.0,57000.0,2026-04-30,188639376,152,Sagarmatha Securities Private Limited,Sani Securities Company Ltd.,2026-04-30 11:17:24.686357,National Hydro Power Company Limited
2026043004001301,NHPC,19,42,10,285.0,2850.0,2026-04-30,188639378,152,Nepal Investment And Securities Trading Private Limited,Sani Securities Company Ltd.,2026-04-30 11:17:24.686499,National Hydro Power Company Limited
2026043004001302,NHPC,48,42,793,285.0,226005.0,2026-04-30,188639379,152,Trishakti Securities Public Limited,Sani Securities Company Ltd.,2026-04-30 11:17:24.686637,National Hydro Power Company Limited
2026043004001310,NHPC,48,42,207,285.0,58995.0,2026-04-30,188639490,152,Trishakti Securities Public Limited,Sani Securities Company Ltd.,2026-04-30 11:17:36.622581,National Hydro Power Company Limited
2026043004001311,NHPC,50,42,500,285.0,142500.0,2026-04-30,188639492,152,Cristal Kanchanjanga Securites Pvt. Ltd.,Sani Securities Company Ltd.,2026-04-30 11:17:36.622855,National Hydro Power Company Limited
2026043004001312,NHPC,36,42,500,285.0,142500.0,2026-04-30,188639494,152,Secured Securities Ltd.,Sani Securities Company Ltd.,2026-04-30 11:17:36.623004,National Hydro Power Company Limited
2026043004001313,NHPC,58,42,100,285.0,28500.0,2026-04-30,188639496,152,Naasa Securities Co. Ltd.,Sani Securities Company Ltd.,2026-04-30 11:17:36.623144,National Hydro Power Company Limited
2026043004001354,NHPC,44,42,150,285.0,42750.0,2026-04-30,188639930,152,Dynamic Money Managers Securities Pvt. Ltd.,Sani Securities Company Ltd.,2026-04-30 11:18:05.151410,National Hydro Power Company Limited
2026043004001365,NHPC,32,42,90,285.0,25650.0,2026-04-30,188640024,152,Premier Securities Company Ltd.,Sani Securities Company Ltd.,2026-04-30 11:18:10.895974,National Hydro Power Company Limited
2026043004001387,NHPC,57,42,600,285.0,171000.0,2026-04-30,188640288,152,Aryatara Investment & Securities,Sani Securities Company Ltd.,2026-04-30 11:18:31.673598,National Hydro Power Company Limited
2026043004001424,NHPC,45,52,500,284.2,142100.0,2026-04-30,188640696,152,Imperial Securities Company Pvt. Ltd.,Sundhara Securities Limited,2026-04-30 11:18:56.371819,National Hydro Power Company Limited
2026043004001425,NHPC,56,52,20,284.1,5682.0,2026-04-30,188640698,152,Sri Hari Securities Pvt. Ltd.,Sundhara Securities Limited,2026-04-30 11:18:56.372480,National Hydro Power Company Limited
2026043004001426,NHPC,34,52,20,284.1,5682.0,2026-04-30,188640700,152,Vision Securities Pvt. Ltd,Sundhara Securities Limited,2026-04-30 11:18:56.372959,National Hydro Power Company Limited
2026043004001427,NHPC,29,52,250,284.1,71025.0,2026-04-30,188640702,152,Trisul Securities & Invt. Ltd.,Sundhara Securities Limited,2026-04-30 11:18:56.373416,National Hydro Power Company Limited
2026043004001428,NHPC,58,52,100,284.1,28410.0,2026-04-30,188640703,152,Naasa Securities Co. Ltd.,Sundhara Securities Limited,2026-04-30 11:18:56.373853,National Hydro Power Company Limited
2026043004001433,NHPC,44,42,2853,285.0,813105.0,2026-04-30,188640789,152,Dynamic Money Managers Securities Pvt. Ltd.,Sani Securities Company Ltd.,2026-04-30 11:19:05.046893,National Hydro Power Company Limited
2026043004001434,NHPC,44,38,147,285.0,41895.0,2026-04-30,188640792,152,Dynamic Money Managers Securities Pvt. Ltd.,Dipshikha Dhitopatra Karobar Co. Pvt Ltd.,2026-04-30 11:19:05.047529,National Hydro Power Company Limited
2026043004001457,NHPC,25,38,200,285.0,57000.0,2026-04-30,188641104,152,Sweta Securities Private Limited,Dipshikha Dhitopatra Karobar Co. Pvt Ltd.,2026-04-30 11:19:25.974341,National Hydro Power Company Limited
2026043004001469,NHPC,14,59,300,284.5,85350.0,2026-04-30,188641235,152,Nepal Stock House (PVT) Ltd.,Deevyaa Securities & Stock House Pvt. Ltd,2026-04-30 11:19:36.441810,National Hydro Power Company Limited
2026043004001470,NHPC,14,38,653,285.0,186105.0,2026-04-30,188641237,152,Nepal Stock House (PVT) Ltd.,Dipshikha Dhitopatra Karobar Co. Pvt Ltd.,2026-04-30 11:19:36.442116,National Hydro Power Company Limited
2026043004001508,NHPC,14,58,147,285.0,41895.0,2026-04-30,188641420,152,Nepal Stock House (PVT) Ltd.,Naasa Securities Co. Ltd.,2026-04-30 11:19:46.863679,National Hydro Power Company Limited
2026043004001509,NHPC,22,58,1100,284.3,312730.0,2026-04-30,188641422,152,Siprabi Securities Pvt. Ltd.,Naasa Securities Co. Ltd.,2026-04-30 11:19:46.864013,National Hydro Power Company Limited
2026043004001510,NHPC,44,58,1000,284.3,284300.0,2026-04-30,188641424,152,Dynamic Money Managers Securities Pvt. Ltd.,Naasa Securities Co. Ltd.,2026-04-30 11:19:46.864167,National Hydro Power Company Limited
2026043004001511,NHPC,49,58,500,284.2,142100.0,2026-04-30,188641426,152,Online Securities Pvt. Ltd.,Naasa Securities Co. Ltd.,2026-04-30 11:19:46.864361,National Hydro Power Company Limited
2026043004001512,NHPC,58,58,400,284.1,113640.0,2026-04-30,188641428,152,Naasa Securities Co. Ltd.,Naasa Securities Co. Ltd.,2026-04-30 11:19:46.864506,National Hydro Power Company Limited
2026043004001513,NHPC,45,58,200,284.1,56820.0,2026-04-30,188641430,152,Imperial Securities Company Pvt. Ltd.,Naasa Securities Co. Ltd.,2026-04-30 11:19:46.864656,National Hydro Power Company Limited
2026043004001514,NHPC,36,58,300,284.1,85230.0,2026-04-30,188641432,152,Secured Securities Ltd.,Naasa Securities Co. Ltd.,2026-04-30 11:19:46.864833,National Hydro Power Company Limited
2026043004001526,NHPC,49,58,150,284.1,42615.0,2026-04-30,188641498,152,Online Securities Pvt. Ltd.,Naasa Securities Co. Ltd.,2026-04-30 11:19:53.074663,National Hydro Power Company Limited
2026043004001531,NHPC,42,42,1500,284.0,426000.0,2026-04-30,188641580,152,Sani Securities Company Ltd.,Sani Securities Company Ltd.,2026-04-30 11:20:00.022198,National Hydro Power Company Limited
2026043004001532,NHPC,19,42,10,284.0,2840.0,2026-04-30,188641582,152,Nepal Investment And Securities Trading Private Limited,Sani Securities Company Ltd.,2026-04-30 11:20:00.022866,National Hydro Power Company Limited
2026043004001533,NHPC,56,42,355,284.0,100820.0,2026-04-30,188641584,152,Sri Hari Securities Pvt. Ltd.,Sani Securities Company Ltd.,2026-04-30 11:20:00.023340,National Hydro Power Company Limited
2026043004001534,NHPC,58,42,57,284.0,16188.0,2026-04-30,188641586,152,Naasa Securities Co. Ltd.,Sani Securities Company Ltd.,2026-04-30 11:20:00.023790,National Hydro Power Company Limited
2026043004001535,NHPC,34,42,20,284.0,5680.0,2026-04-30,188641588,152,Vision Securities Pvt. Ltd,Sani Securities Company Ltd.,2026-04-30 11:20:00.024239,National Hydro Power Company Limited
2026043004001536,NHPC,58,42,1000,284.0,284000.0,2026-04-30,188641590,152,Naasa Securities Co. Ltd.,Sani Securities Company Ltd.,2026-04-30 11:20:00.024698,National Hydro Power Company Limited
2026043004001537,NHPC,22,42,1000,284.0,284000.0,2026-04-30,188641592,152,Siprabi Securities Pvt. Ltd.,Sani Securities Company Ltd.,2026-04-30 11:20:00.025140,National Hydro Power Company Limited
2026043004001538,NHPC,58,42,500,284.0,142000.0,2026-04-30,188641594,152,Naasa Securities Co. Ltd.,Sani Securities Company Ltd.,2026-04-30 11:20:00.025585,National Hydro Power Company Limited
2026043004001539,NHPC,39,42,40,284.0,11360.0,2026-04-30,188641596,152,Sumeru Securities Pvt. Ltd.,Sani Securities Company Ltd.,2026-04-30 11:20:00.026009,National Hydro Power Company Limited
2026043004001547,NHPC,36,42,500,284.0,142000.0,2026-04-30,188641692,152,Secured Securities Ltd.,Sani Securities Company Ltd.,2026-04-30 11:20:07.556837,National Hydro Power Company Limited
2026043004001552,NHPC,44,42,18,284.0,5112.0,2026-04-30,188641791,152,Dynamic Money Managers Securities Pvt. Ltd.,Sani Securities Company Ltd.,2026-04-30 11:20:14.021126,National Hydro Power Company Limited
2026043004001553,NHPC,44,58,152,284.1,43183.2,2026-04-30,188641794,152,Dynamic Money Managers Securities Pvt. Ltd.,Naasa Securities Co. Ltd.,2026-04-30 11:20:14.021458,National Hydro Power Company Limited
2026043004001564,NHPC,47,32,10,284.0,2840.0,2026-04-30,188641944,152,Neev Securities Pvt. Ltd.,Premier Securities Company Ltd.,2026-04-30 11:20:25.620085,National Hydro Power Company Limited
2026043004001565,NHPC,57,32,15,283.7,4255.5,2026-04-30,188641945,152,Aryatara Investment & Securities,Premier Securities Company Ltd.,2026-04-30 11:20:25.620404,National Hydro Power Company Limited
2026043004001575,NHPC,44,58,190,284.1,53979.0,2026-04-30,188642154,152,Dynamic Money Managers Securities Pvt. Ltd.,Naasa Securities Co. Ltd.,2026-04-30 11:20:38.076461,National Hydro Power Company Limited
2026043004001606,NHPC,57,58,26,283.7,7376.2,2026-04-30,188642437,152,Aryatara Investment & Securities,Naasa Securities Co. Ltd.,2026-04-30 11:20:54.542893,National Hydro Power Company Limited
2026043004001612,NHPC,57,36,109,283.7,30923.3,2026-04-30,188642550,152,Aryatara Investment & Securities,Secured Securities Ltd.,2026-04-30 11:21:00.680030,National Hydro Power Company Limited
2026043004001613,NHPC,5,36,200,283.7,56740.0,2026-04-30,188642552,152,Market Securities & Exchange (PVT) Ltd.,Secured Securities Ltd.,2026-04-30 11:21:00.680368,National Hydro Power Company Limited
2026043004001614,NHPC,58,36,191,283.6,54167.6,2026-04-30,188642553,152,Naasa Securities Co. Ltd.,Secured Securities Ltd.,2026-04-30 11:21:00.680529,National Hydro Power Company Limited
2026043004001652,NHPC,58,57,10,283.6,2836.0,2026-04-30,188643079,152,Naasa Securities Co. Ltd.,Aryatara Investment & Securities,2026-04-30 11:21:29.367055,National Hydro Power Company Limited
2026043004001660,NHPC,25,14,65,283.7,18440.5,2026-04-30,188643170,152,Sweta Securities Private Limited,Nepal Stock House (PVT) Ltd.,2026-04-30 11:21:35.594303,National Hydro Power Company Limited
2026043004001705,NHPC,1,1,65,283.7,18440.5,2026-04-30,188643648,152,Kumari Securities Private Limited,Kumari Securities Private Limited,2026-04-30 11:22:04.603109,National Hydro Power Company Limited
2026043004001706,NHPC,58,1,241,283.6,68347.6,2026-04-30,188643650,152,Naasa Securities Co. Ltd.,Kumari Securities Private Limited,2026-04-30 11:22:04.603164,National Hydro Power Company Limited
2026043004001707,NHPC,41,1,100,283.6,28360.0,2026-04-30,188643652,152,Linch Stock Market Ltd.,Kumari Securities Private Limited,2026-04-30 11:22:04.603215,National Hydro Power Company Limited
2026043004001708,NHPC,35,1,94,283.6,26658.4,2026-04-30,188643653,152,Kohinoor Investment & Securities Pvt. Ltd.,Kumari Securities Private Limited,2026-04-30 11:22:04.603250,National Hydro Power Company Limited
2026043004001786,NHPC,42,74,10,283.5,2835.0,2026-04-30,188644312,152,Sani Securities Company Ltd.,KALASH STOCK MARKET PVT. LTD.,2026-04-30 11:22:42.086205,National Hydro Power Company Limited
2026043004001787,NHPC,17,74,200,283.5,56700.0,2026-04-30,188644314,152,ABC Securities Private Limited,KALASH STOCK MARKET PVT. LTD.,2026-04-30 11:22:42.086920,National Hydro Power Company Limited
2026043004001788,NHPC,58,74,50,283.5,14175.0,2026-04-30,188644315,152,Naasa Securities Co. Ltd.,KALASH STOCK MARKET PVT. LTD.,2026-04-30 11:22:42.087552,National Hydro Power Company Limited
2026043004001835,NHPC,36,42,450,283.5,127575.0,2026-04-30,188644530,152,Secured Securities Ltd.,Sani Securities Company Ltd.,2026-04-30 11:22:56.384154,National Hydro Power Company Limited
2026043004001839,NHPC,42,42,150,283.5,42525.0,2026-04-30,188644559,152,Sani Securities Company Ltd.,Sani Securities Company Ltd.,2026-04-30 11:22:58.579136,National Hydro Power Company Limited
2026043004001840,NHPC,42,57,150,283.5,42525.0,2026-04-30,188644568,152,Sani Securities Company Ltd.,Aryatara Investment & Securities,2026-04-30 11:23:00.480958,National Hydro Power Company Limited
2026043004001841,NHPC,74,57,15,283.3,4249.5,2026-04-30,188644570,152,KALASH STOCK MARKET PVT. LTD.,Aryatara Investment & Securities,2026-04-30 11:23:00.481327,National Hydro Power Company Limited
2026043004001842,NHPC,49,57,50,283.3,14165.0,2026-04-30,188644572,152,Online Securities Pvt. Ltd.,Aryatara Investment & Securities,2026-04-30 11:23:00.481505,National Hydro Power Company Limited
2026043004001843,NHPC,77,57,941,283.2,266491.2,2026-04-30,188644574,152,Nabil Stock Dealer Ltd.,Aryatara Investment & Securities,2026-04-30 11:23:00.481673,National Hydro Power Company Limited
2026043004001844,NHPC,74,57,50,283.1,14155.0,2026-04-30,188644576,152,KALASH STOCK MARKET PVT. LTD.,Aryatara Investment & Securities,2026-04-30 11:23:00.481843,National Hydro Power Company Limited
2026043004001845,NHPC,65,57,500,283.1,141550.0,2026-04-30,188644578,152,Sharepro Securities Private Limited,Aryatara Investment & Securities,2026-04-30 11:23:00.482005,National Hydro Power Company Limited
2026043004001846,NHPC,19,57,130,283.1,36803.0,2026-04-30,188644580,152,Nepal Investment And Securities Trading Private Limited,Aryatara Investment & Securities,2026-04-30 11:23:00.482166,National Hydro Power Company Limited
2026043004001847,NHPC,65,57,164,283.1,46428.4,2026-04-30,188644581,152,Sharepro Securities Private Limited,Aryatara Investment & Securities,2026-04-30 11:23:00.482334,National Hydro Power Company Limited
2026043004001865,NHPC,65,42,36,283.1,10191.6,2026-04-30,188644698,152,Sharepro Securities Private Limited,Sani Securities Company Ltd.,2026-04-30 11:23:08.458530,National Hydro Power Company Limited
2026043004001866,NHPC,58,42,2000,283.0,566000.0,2026-04-30,188644700,152,Naasa Securities Co. Ltd.,Sani Securities Company Ltd.,2026-04-30 11:23:08.459251,National Hydro Power Company Limited
2026043004001867,NHPC,47,42,25,283.0,7075.0,2026-04-30,188644702,152,Neev Securities Pvt. Ltd.,Sani Securities Company Ltd.,2026-04-30 11:23:08.459938,National Hydro Power Company Limited
2026043004001868,NHPC,19,42,10,283.0,2830.0,2026-04-30,188644704,152,Nepal Investment And Securities Trading Private Limited,Sani Securities Company Ltd.,2026-04-30 11:23:08.460642,National Hydro Power Company Limited
2026043004001869,NHPC,56,42,50,283.0,14150.0,2026-04-30,188644706,152,Sri Hari Securities Pvt. Ltd.,Sani Securities Company Ltd.,2026-04-30 11:23:08.461242,National Hydro Power Company Limited
2026043004001870,NHPC,52,42,100,283.0,28300.0,2026-04-30,188644708,152,Sundhara Securities Limited,Sani Securities Company Ltd.,2026-04-30 11:23:08.461841,National Hydro Power Company Limited
2026043004001871,NHPC,45,42,100,283.0,28300.0,2026-04-30,188644710,152,Imperial Securities Company Pvt. Ltd.,Sani Securities Company Ltd.,2026-04-30 11:23:08.462521,National Hydro Power Company Limited
2026043004001872,NHPC,52,42,200,283.0,56600.0,2026-04-30,188644712,152,Sundhara Securities Limited,Sani Securities Company Ltd.,2026-04-30 11:23:08.463208,National Hydro Power Company Limited
2026043004001873,NHPC,58,42,1750,283.0,495250.0,2026-04-30,188644714,152,Naasa Securities Co. Ltd.,Sani Securities Company Ltd.,2026-04-30 11:23:08.463936,National Hydro Power Company Limited
2026043004001874,NHPC,34,42,140,283.0,39620.0,2026-04-30,188644716,152,Vision Securities Pvt. Ltd,Sani Securities Company Ltd.,2026-04-30 11:23:08.464633,National Hydro Power Company Limited
2026043004001875,NHPC,56,42,20,283.0,5660.0,2026-04-30,188644718,152,Sri Hari Securities Pvt. Ltd.,Sani Securities Company Ltd.,2026-04-30 11:23:08.465228,National Hydro Power Company Limited
2026043004001876,NHPC,57,42,50,283.0,14150.0,2026-04-30,188644720,152,Aryatara Investment & Securities,Sani Securities Company Ltd.,2026-04-30 11:23:08.465913,National Hydro Power Company Limited
2026043004001877,NHPC,28,42,1000,283.0,283000.0,2026-04-30,188644722,152,Shree Krishna Securities Ltd.,Sani Securities Company Ltd.,2026-04-30 11:23:08.466600,National Hydro Power Company Limited
2026043004001878,NHPC,17,42,200,283.0,56600.0,2026-04-30,188644724,152,ABC Securities Private Limited,Sani Securities Company Ltd.,2026-04-30 11:23:08.467237,National Hydro Power Company Limited
2026043004001879,NHPC,49,42,1000,283.0,283000.0,2026-04-30,188644726,152,Online Securities Pvt. Ltd.,Sani Securities Company Ltd.,2026-04-30 11:23:08.467918,National Hydro Power Company Limited
2026043004001880,NHPC,48,42,1500,283.0,424500.0,2026-04-30,188644728,152,Trishakti Securities Public Limited,Sani Securities Company Ltd.,2026-04-30 11:23:08.468598,National Hydro Power Company Limited
2026043004001881,NHPC,26,42,1000,283.0,283000.0,2026-04-30,188644736,152,Asian Securities Private Ltd.,Sani Securities Company Ltd.,2026-04-30 11:23:09.078027,National Hydro Power Company Limited
2026043004001882,NHPC,16,42,330,283.0,93390.0,2026-04-30,188644778,152,Primo Securities (PVT) Ltd.,Sani Securities Company Ltd.,2026-04-30 11:23:09.826436,National Hydro Power Company Limited
2026043004001883,NHPC,45,42,100,283.0,28300.0,2026-04-30,188644790,152,Imperial Securities Company Pvt. Ltd.,Sani Securities Company Ltd.,2026-04-30 11:23:10.892659,National Hydro Power Company Limited
2026043004001886,NHPC,52,42,389,283.0,110087.0,2026-04-30,188644809,152,Sundhara Securities Limited,Sani Securities Company Ltd.,2026-04-30 11:23:11.970780,National Hydro Power Company Limited
2026043004001887,NHPC,52,42,450,283.0,127350.0,2026-04-30,188644811,152,Sundhara Securities Limited,Sani Securities Company Ltd.,2026-04-30 11:23:11.971125,National Hydro Power Company Limited
2026043004001888,NHPC,52,58,20,283.1,5662.0,2026-04-30,188644813,152,Sundhara Securities Limited,Naasa Securities Co. Ltd.,2026-04-30 11:23:11.971287,National Hydro Power Company Limited
2026043004001902,NHPC,58,26,50,284.0,14200.0,2026-04-30,188645087,152,Naasa Securities Co. Ltd.,Asian Securities Private Ltd.,2026-04-30 11:23:26.558462,National Hydro Power Company Limited
2026043004001903,NHPC,58,74,20,284.0,5680.0,2026-04-30,188645105,152,Naasa Securities Co. Ltd.,KALASH STOCK MARKET PVT. LTD.,2026-04-30 11:23:27.458407,National Hydro Power Company Limited
2026043004001959,NHPC,58,58,43,284.1,12216.3,2026-04-30,188645734,152,Naasa Securities Co. Ltd.,Naasa Securities Co. Ltd.,2026-04-30 11:24:01.049609,National Hydro Power Company Limited
2026043004001963,NHPC,58,6,30,284.0,8520.0,2026-04-30,188645796,152,Naasa Securities Co. Ltd.,Agrawal Securities (PVT) Ltd.,2026-04-30 11:24:06.009072,National Hydro Power Company Limited
2026043004001964,NHPC,58,6,25,284.0,7100.0,2026-04-30,188645798,152,Naasa Securities Co. Ltd.,Agrawal Securities (PVT) Ltd.,2026-04-30 11:24:06.009853,National Hydro Power Company Limited
2026043004001965,NHPC,52,6,245,284.0,69580.0,2026-04-30,188645799,152,Sundhara Securities Limited,Agrawal Securities (PVT) Ltd.,2026-04-30 11:24:06.010360,National Hydro Power Company Limited
2026043004001972,NHPC,57,58,818,284.1,232393.8,2026-04-30,188645891,152,Aryatara Investment & Securities,Naasa Securities Co. Ltd.,2026-04-30 11:24:10.181628,National Hydro Power Company Limited
2026043004001989,NHPC,48,28,770,284.3,218911.0,2026-04-30,188646099,152,Trishakti Securities Public Limited,Shree Krishna Securities Ltd.,2026-04-30 11:24:24.508587,National Hydro Power Company Limited
2026043004001990,NHPC,48,43,1100,285.0,313500.0,2026-04-30,188646101,152,Trishakti Securities Public Limited,South Asian Bulls Pvt. Ltd.,2026-04-30 11:24:24.508711,National Hydro Power Company Limited
2026043004001991,NHPC,48,29,130,285.0,37050.0,2026-04-30,188646104,152,Trishakti Securities Public Limited,Trisul Securities & Invt. Ltd.,2026-04-30 11:24:24.508736,National Hydro Power Company Limited
2026043004002042,NHPC,57,58,33,284.1,9375.3,2026-04-30,188646621,152,Aryatara Investment & Securities,Naasa Securities Co. Ltd.,2026-04-30 11:24:57.885390,National Hydro Power Company Limited
2026043004002051,NHPC,21,13,51,284.1,14489.1,2026-04-30,188646688,152,Midas Stock Broking Company Private Limited,Thrive Brokerage House Pvt. Ltd,2026-04-30 11:25:02.577633,National Hydro Power Company Limited
2026043004002052,NHPC,52,13,49,284.0,13916.0,2026-04-30,188646689,152,Sundhara Securities Limited,Thrive Brokerage House Pvt. Ltd,2026-04-30 11:25:02.578365,National Hydro Power Company Limited
2026043004002087,NHPC,17,29,347,285.0,98895.0,2026-04-30,188647134,152,ABC Securities Private Limited,Trisul Securities & Invt. Ltd.,2026-04-30 11:25:32.564621,National Hydro Power Company Limited
2026043004002089,NHPC,36,29,500,285.0,142500.0,2026-04-30,188647170,152,Secured Securities Ltd.,Trisul Securities & Invt. Ltd.,2026-04-30 11:25:35.317808,National Hydro Power Company Limited
2026043004002101,NHPC,66,29,23,285.0,6555.0,2026-04-30,188647309,152,Miyo Securities Pvt Ltd,Trisul Securities & Invt. Ltd.,2026-04-30 11:25:40.262173,National Hydro Power Company Limited
2026043004002112,NHPC,66,101,77,285.0,21945.0,2026-04-30,188647412,152,Miyo Securities Pvt Ltd,APPLE SECURITIES PRIVATE LIMITED,2026-04-30 11:25:50.414418,National Hydro Power Company Limited
2026043004002113,NHPC,50,101,123,285.0,35055.0,2026-04-30,188647413,152,Cristal Kanchanjanga Securites Pvt. Ltd.,APPLE SECURITIES PRIVATE LIMITED,2026-04-30 11:25:50.414788,National Hydro Power Company Limited
2026043004002114,NHPC,50,94,50,285.0,14250.0,2026-04-30,188647417,152,Cristal Kanchanjanga Securites Pvt. Ltd.,K.B.L. Securities Limited ,2026-04-30 11:25:50.680838,National Hydro Power Company Limited
2026043004002134,NHPC,57,58,149,285.0,42465.0,2026-04-30,188647690,152,Aryatara Investment & Securities,Naasa Securities Co. Ltd.,2026-04-30 11:26:08.537467,National Hydro Power Company Limited
2026043004002135,NHPC,45,58,51,285.0,14535.0,2026-04-30,188647691,152,Imperial Securities Company Pvt. Ltd.,Naasa Securities Co. Ltd.,2026-04-30 11:26:08.537796,National Hydro Power Company Limited
2026043004002142,NHPC,45,38,500,286.0,143000.0,2026-04-30,188647764,152,Imperial Securities Company Pvt. Ltd.,Dipshikha Dhitopatra Karobar Co. Pvt Ltd.,2026-04-30 11:26:11.491563,National Hydro Power Company Limited
2026043004002153,NHPC,35,59,20,286.0,5720.0,2026-04-30,188647863,152,Kohinoor Investment & Securities Pvt. Ltd.,Deevyaa Securities & Stock House Pvt. Ltd,2026-04-30 11:26:20.972789,National Hydro Power Company Limited
2026043004002166,NHPC,35,58,20,286.0,5720.0,2026-04-30,188648093,152,Kohinoor Investment & Securities Pvt. Ltd.,Naasa Securities Co. Ltd.,2026-04-30 11:26:30.121288,National Hydro Power Company Limited
2026043004002195,NHPC,35,42,200,286.0,57200.0,2026-04-30,188648333,152,Kohinoor Investment & Securities Pvt. Ltd.,Sani Securities Company Ltd.,2026-04-30 11:26:50.409730,National Hydro Power Company Limited
2026043004002239,NHPC,48,34,200,286.9,57380.0,2026-04-30,188648947,152,Trishakti Securities Public Limited,Vision Securities Pvt. Ltd,2026-04-30 11:27:25.816481,National Hydro Power Company Limited
2026043004002280,NHPC,34,92,300,287.0,86100.0,2026-04-30,188649506,152,Vision Securities Pvt. Ltd,Roadshow securities limited,2026-04-30 11:28:02.939272,National Hydro Power Company Limited
2026043004002294,NHPC,56,92,25,287.0,7175.0,2026-04-30,188649642,152,Sri Hari Securities Pvt. Ltd.,Roadshow securities limited,2026-04-30 11:28:14.940249,National Hydro Power Company Limited
2026043004002298,NHPC,29,92,20,287.0,5740.0,2026-04-30,188649682,152,Trisul Securities & Invt. Ltd.,Roadshow securities limited,2026-04-30 11:28:19.933308,National Hydro Power Company Limited
2026043004002301,NHPC,42,92,40,287.0,11480.0,2026-04-30,188649719,152,Sani Securities Company Ltd.,Roadshow securities limited,2026-04-30 11:28:23.203753,National Hydro Power Company Limited
2026043004002302,NHPC,42,28,10,287.0,2870.0,2026-04-30,188649722,152,Sani Securities Company Ltd.,Shree Krishna Securities Ltd.,2026-04-30 11:28:23.204538,National Hydro Power Company Limited
2026043004002303,NHPC,94,28,15,287.0,4305.0,2026-04-30,188649753,152,K.B.L. Securities Limited ,Shree Krishna Securities Ltd.,2026-04-30 11:28:25.621110,National Hydro Power Company Limited
2026043004002304,NHPC,94,56,10,287.0,2870.0,2026-04-30,188649755,152,K.B.L. Securities Limited ,Sri Hari Securities Pvt. Ltd.,2026-04-30 11:28:25.621491,National Hydro Power Company Limited
2026043004002305,NHPC,94,91,475,287.0,136325.0,2026-04-30,188649758,152,K.B.L. Securities Limited ,Citizens Share Broker Limited,2026-04-30 11:28:25.621685,National Hydro Power Company Limited
2026043004002310,NHPC,17,91,1525,287.0,437675.0,2026-04-30,188649821,152,ABC Securities Private Limited,Citizens Share Broker Limited,2026-04-30 11:28:31.209459,National Hydro Power Company Limited
2026043004002311,NHPC,17,36,80,287.0,22960.0,2026-04-30,188649823,152,ABC Securities Private Limited,Secured Securities Ltd.,2026-04-30 11:28:31.209826,National Hydro Power Company Limited
2026043004002312,NHPC,17,14,550,287.0,157850.0,2026-04-30,188649826,152,ABC Securities Private Limited,Nepal Stock House (PVT) Ltd.,2026-04-30 11:28:31.210015,National Hydro Power Company Limited
2026043004002317,NHPC,58,14,50,287.0,14350.0,2026-04-30,188649864,152,Naasa Securities Co. Ltd.,Nepal Stock House (PVT) Ltd.,2026-04-30 11:28:34.540207,National Hydro Power Company Limited
2026043004002328,NHPC,58,14,500,287.0,143500.0,2026-04-30,188649912,152,Naasa Securities Co. Ltd.,Nepal Stock House (PVT) Ltd.,2026-04-30 11:28:37.470369,National Hydro Power Company Limited
2026043004002329,NHPC,6,14,50,287.0,14350.0,2026-04-30,188649932,152,Agrawal Securities (PVT) Ltd.,Nepal Stock House (PVT) Ltd.,2026-04-30 11:28:38.438112,National Hydro Power Company Limited
2026043004002332,NHPC,35,14,310,287.0,88970.0,2026-04-30,188649987,152,Kohinoor Investment & Securities Pvt. Ltd.,Nepal Stock House (PVT) Ltd.,2026-04-30 11:28:41.399380,National Hydro Power Company Limited
2026043004002358,NHPC,94,59,100,288.0,28800.0,2026-04-30,188650363,152,K.B.L. Securities Limited ,Deevyaa Securities & Stock House Pvt. Ltd,2026-04-30 11:29:04.654665,National Hydro Power Company Limited
2026043004002359,NHPC,94,58,59,288.0,16992.0,2026-04-30,188650366,152,K.B.L. Securities Limited ,Naasa Securities Co. Ltd.,2026-04-30 11:29:04.655504,National Hydro Power Company Limited
2026043004002363,NHPC,38,58,500,288.0,144000.0,2026-04-30,188650428,152,Dipshikha Dhitopatra Karobar Co. Pvt Ltd.,Naasa Securities Co. Ltd.,2026-04-30 11:29:09.796247,National Hydro Power Company Limited
2026043004002371,NHPC,46,58,36,288.0,10368.0,2026-04-30,188650518,152,Kalika Securities Pvt. Ltd.,Naasa Securities Co. Ltd.,2026-04-30 11:29:14.328753,National Hydro Power Company Limited
2026043004002372,NHPC,18,58,100,288.0,28800.0,2026-04-30,188650528,152,Sagarmatha Securities Private Limited,Naasa Securities Co. Ltd.,2026-04-30 11:29:15.014950,National Hydro Power Company Limited
2026043004002375,NHPC,36,58,50,288.0,14400.0,2026-04-30,188650597,152,Secured Securities Ltd.,Naasa Securities Co. Ltd.,2026-04-30 11:29:18.379219,National Hydro Power Company Limited
2026043004002397,NHPC,42,58,20,288.0,5760.0,2026-04-30,188650858,152,Sani Securities Company Ltd.,Naasa Securities Co. Ltd.,2026-04-30 11:29:36.141251,National Hydro Power Company Limited
2026043004002402,NHPC,35,45,50,287.0,14350.0,2026-04-30,188650889,152,Kohinoor Investment & Securities Pvt. Ltd.,Imperial Securities Company Pvt. Ltd.,2026-04-30 11:29:38.557348,National Hydro Power Company Limited
2026043004002427,NHPC,51,58,25,288.0,7200.0,2026-04-30,188651186,152,Oxford Securities Pvt. Ltd.,Naasa Securities Co. Ltd.,2026-04-30 11:30:00.205224,National Hydro Power Company Limited
2026043004002437,NHPC,21,58,165,288.0,47520.0,2026-04-30,188651278,152,Midas Stock Broking Company Private Limited,Naasa Securities Co. Ltd.,2026-04-30 11:30:09.303238,National Hydro Power Company Limited
2026043004002459,NHPC,13,58,45,288.0,12960.0,2026-04-30,188651461,152,Thrive Brokerage House Pvt. Ltd,Naasa Securities Co. Ltd.,2026-04-30 11:30:27.149643,National Hydro Power Company Limited
2026043004002462,NHPC,13,34,100,288.0,28800.0,2026-04-30,188651503,152,Thrive Brokerage House Pvt. Ltd,Vision Securities Pvt. Ltd,2026-04-30 11:30:30.692803,National Hydro Power Company Limited
2026043004002474,NHPC,13,21,55,288.0,15840.0,2026-04-30,188651598,152,Thrive Brokerage House Pvt. Ltd,Midas Stock Broking Company Private Limited,2026-04-30 11:30:38.465254,National Hydro Power Company Limited
2026043004002475,NHPC,7,21,200,288.0,57600.0,2026-04-30,188651600,152,J.F. Securites (PVT) Ltd.,Midas Stock Broking Company Private Limited,2026-04-30 11:30:38.465666,National Hydro Power Company Limited
2026043004002492,NHPC,59,21,10,288.0,2880.0,2026-04-30,188651742,152,Deevyaa Securities & Stock House Pvt. Ltd,Midas Stock Broking Company Private Limited,2026-04-30 11:30:44.638022,National Hydro Power Company Limited
2026043004002503,NHPC,48,21,500,288.0,144000.0,2026-04-30,188651852,152,Trishakti Securities Public Limited,Midas Stock Broking Company Private Limited,2026-04-30 11:30:53.266353,National Hydro Power Company Limited
2026043004002522,NHPC,101,58,500,287.5,143750.0,2026-04-30,188652132,152,APPLE SECURITIES PRIVATE LIMITED,Naasa Securities Co. Ltd.,2026-04-30 11:31:13.760364,National Hydro Power Company Limited
2026043004002523,NHPC,35,58,140,287.0,40180.0,2026-04-30,188652134,152,Kohinoor Investment & Securities Pvt. Ltd.,Naasa Securities Co. Ltd.,2026-04-30 11:31:13.761196,National Hydro Power Company Limited
2026043004002524,NHPC,42,58,50,287.0,14350.0,2026-04-30,188652136,152,Sani Securities Company Ltd.,Naasa Securities Co. Ltd.,2026-04-30 11:31:13.761829,National Hydro Power Company Limited
2026043004002525,NHPC,42,58,20,287.0,5740.0,2026-04-30,188652138,152,Sani Securities Company Ltd.,Naasa Securities Co. Ltd.,2026-04-30 11:31:13.762617,National Hydro Power Company Limited
2026043004002526,NHPC,49,58,50,287.0,14350.0,2026-04-30,188652140,152,Online Securities Pvt. Ltd.,Naasa Securities Co. Ltd.,2026-04-30 11:31:13.763337,National Hydro Power Company Limited
2026043004002527,NHPC,42,58,500,287.0,143500.0,2026-04-30,188652142,152,Sani Securities Company Ltd.,Naasa Securities Co. Ltd.,2026-04-30 11:31:13.763960,National Hydro Power Company Limited
2026043004002528,NHPC,51,58,50,287.0,14350.0,2026-04-30,188652144,152,Oxford Securities Pvt. Ltd.,Naasa Securities Co. Ltd.,2026-04-30 11:31:13.764607,National Hydro Power Company Limited
2026043004002529,NHPC,58,58,50,287.0,14350.0,2026-04-30,188652146,152,Naasa Securities Co. Ltd.,Naasa Securities Co. Ltd.,2026-04-30 11:31:13.765215,National Hydro Power Company Limited
2026043004002530,NHPC,48,58,100,286.9,28690.0,2026-04-30,188652148,152,Trishakti Securities Public Limited,Naasa Securities Co. Ltd.,2026-04-30 11:31:13.765821,National Hydro Power Company Limited
2026043004002531,NHPC,35,58,760,286.0,217360.0,2026-04-30,188652150,152,Kohinoor Investment & Securities Pvt. Ltd.,Naasa Securities Co. Ltd.,2026-04-30 11:31:13.766456,National Hydro Power Company Limited
2026043004002532,NHPC,19,58,500,286.0,143000.0,2026-04-30,188652152,152,Nepal Investment And Securities Trading Private Limited,Naasa Securities Co. Ltd.,2026-04-30 11:31:13.767109,National Hydro Power Company Limited
2026043004002533,NHPC,19,58,100,286.0,28600.0,2026-04-30,188652154,152,Nepal Investment And Securities Trading Private Limited,Naasa Securities Co. Ltd.,2026-04-30 11:31:13.767738,National Hydro Power Company Limited
2026043004002534,NHPC,19,58,100,286.0,28600.0,2026-04-30,188652156,152,Nepal Investment And Securities Trading Private Limited,Naasa Securities Co. Ltd.,2026-04-30 11:31:13.768264,National Hydro Power Company Limited
2026043004002535,NHPC,34,58,100,285.2,28520.0,2026-04-30,188652158,152,Vision Securities Pvt. Ltd,Naasa Securities Co. Ltd.,2026-04-30 11:31:13.768472,National Hydro Power Company Limited
2026043004002536,NHPC,66,58,100,285.1,28510.0,2026-04-30,188652160,152,Miyo Securities Pvt Ltd,Naasa Securities Co. Ltd.,2026-04-30 11:31:13.768678,National Hydro Power Company Limited
2026043004002537,NHPC,45,58,949,285.0,270465.0,2026-04-30,188652162,152,Imperial Securities Company Pvt. Ltd.,Naasa Securities Co. Ltd.,2026-04-30 11:31:13.768878,National Hydro Power Company Limited
2026043004002538,NHPC,1,58,1000,285.0,285000.0,2026-04-30,188652164,152,Kumari Securities Private Limited,Naasa Securities Co. Ltd.,2026-04-30 11:31:13.769095,National Hydro Power Company Limited
2026043004002539,NHPC,13,58,500,285.0,142500.0,2026-04-30,188652166,152,Thrive Brokerage House Pvt. Ltd,Naasa Securities Co. Ltd.,2026-04-30 11:31:13.769299,National Hydro Power Company Limited
2026043004002540,NHPC,11,58,40,285.0,11400.0,2026-04-30,188652168,152,Malla & Malla Stock Broking Company Pvt. Limited,Naasa Securities Co. Ltd.,2026-04-30 11:31:13.769531,National Hydro Power Company Limited
2026043004002541,NHPC,81,58,100,285.0,28500.0,2026-04-30,188652170,152,Aakashbhairab Securities Ltd.,Naasa Securities Co. Ltd.,2026-04-30 11:31:13.769748,National Hydro Power Company Limited
2026043004002542,NHPC,37,58,300,285.0,85500.0,2026-04-30,188652172,152,Swarna Laxmi Securities Pvt. Ltd.,Naasa Securities Co. Ltd.,2026-04-30 11:31:13.806068,National Hydro Power Company Limited
2026043004002561,NHPC,49,58,31,285.0,8835.0,2026-04-30,188652314,152,Online Securities Pvt. Ltd.,Naasa Securities Co. Ltd.,2026-04-30 11:31:26.867869,National Hydro Power Company Limited
2026043004002563,NHPC,41,58,20,285.0,5700.0,2026-04-30,188652334,152,Linch Stock Market Ltd.,Naasa Securities Co. Ltd.,2026-04-30 11:31:30.043520,National Hydro Power Company Limited
2026043004002564,NHPC,45,58,200,285.0,57000.0,2026-04-30,188652361,152,Imperial Securities Company Pvt. Ltd.,Naasa Securities Co. Ltd.,2026-04-30 11:31:31.012972,National Hydro Power Company Limited
2026043004002571,NHPC,22,58,100,285.0,28500.0,2026-04-30,188652480,152,Siprabi Securities Pvt. Ltd.,Naasa Securities Co. Ltd.,2026-04-30 11:31:36.087436,National Hydro Power Company Limited
2026043004002581,NHPC,42,58,25,285.0,7125.0,2026-04-30,188652600,152,Sani Securities Company Ltd.,Naasa Securities Co. Ltd.,2026-04-30 11:31:44.260653,National Hydro Power Company Limited
2026043004002584,NHPC,70,58,500,285.0,142500.0,2026-04-30,188652636,152,Infinity Securities Limited,Naasa Securities Co. Ltd.,2026-04-30 11:31:50.457455,National Hydro Power Company Limited
2026043004002586,NHPC,34,58,900,285.0,256500.0,2026-04-30,188652682,152,Vision Securities Pvt. Ltd,Naasa Securities Co. Ltd.,2026-04-30 11:31:53.473443,National Hydro Power Company Limited
2026043004002598,NHPC,13,58,100,285.0,28500.0,2026-04-30,188652754,152,Thrive Brokerage House Pvt. Ltd,Naasa Securities Co. Ltd.,2026-04-30 11:31:57.220944,National Hydro Power Company Limited
2026043004002609,NHPC,45,58,250,285.0,71250.0,2026-04-30,188652802,152,Imperial Securities Company Pvt. Ltd.,Naasa Securities Co. Ltd.,2026-04-30 11:32:00.084011,National Hydro Power Company Limited
2026043004002610,NHPC,35,58,755,285.0,215175.0,2026-04-30,188652803,152,Kohinoor Investment & Securities Pvt. Ltd.,Naasa Securities Co. Ltd.,2026-04-30 11:32:00.277236,National Hydro Power Company Limited
2026043004002624,NHPC,50,35,10,285.1,2851.0,2026-04-30,188652927,152,Cristal Kanchanjanga Securites Pvt. Ltd.,Kohinoor Investment & Securities Pvt. Ltd.,2026-04-30 11:32:11.779598,National Hydro Power Company Limited
2026043004002657,NHPC,44,44,90,286.0,25740.0,2026-04-30,188653186,152,Dynamic Money Managers Securities Pvt. Ltd.,Dynamic Money Managers Securities Pvt. Ltd.,2026-04-30 11:32:34.415212,National Hydro Power Company Limited
2026043004002692,NHPC,49,38,200,287.0,57400.0,2026-04-30,188653542,152,Online Securities Pvt. Ltd.,Dipshikha Dhitopatra Karobar Co. Pvt Ltd.,2026-04-30 11:33:02.463581,National Hydro Power Company Limited
2026043004002701,NHPC,89,26,100,286.0,28600.0,2026-04-30,188653700,152,Global IME Securities Limited,Asian Securities Private Ltd.,2026-04-30 11:33:16.529272,National Hydro Power Company Limited
2026043004002705,NHPC,101,42,500,285.2,142600.0,2026-04-30,188653778,152,APPLE SECURITIES PRIVATE LIMITED,Sani Securities Company Ltd.,2026-04-30 11:33:21.291638,National Hydro Power Company Limited
2026043004002706,NHPC,74,42,21,285.1,5987.1,2026-04-30,188653780,152,KALASH STOCK MARKET PVT. LTD.,Sani Securities Company Ltd.,2026-04-30 11:33:21.292043,National Hydro Power Company Limited
2026043004002707,NHPC,48,42,100,285.1,28510.0,2026-04-30,188653782,152,Trishakti Securities Public Limited,Sani Securities Company Ltd.,2026-04-30 11:33:21.292271,National Hydro Power Company Limited
2026043004002708,NHPC,35,42,1245,285.0,354825.0,2026-04-30,188653784,152,Kohinoor Investment & Securities Pvt. Ltd.,Sani Securities Company Ltd.,2026-04-30 11:33:21.292503,National Hydro Power Company Limited
2026043004002709,NHPC,57,42,1000,285.0,285000.0,2026-04-30,188653786,152,Aryatara Investment & Securities,Sani Securities Company Ltd.,2026-04-30 11:33:21.292743,National Hydro Power Company Limited
2026043004002710,NHPC,49,42,50,285.0,14250.0,2026-04-30,188653788,152,Online Securities Pvt. Ltd.,Sani Securities Company Ltd.,2026-04-30 11:33:21.292976,National Hydro Power Company Limited
2026043004002711,NHPC,42,42,20,285.0,5700.0,2026-04-30,188653790,152,Sani Securities Company Ltd.,Sani Securities Company Ltd.,2026-04-30 11:33:21.293209,National Hydro Power Company Limited
2026043004002712,NHPC,13,42,300,285.0,85500.0,2026-04-30,188653792,152,Thrive Brokerage House Pvt. Ltd,Sani Securities Company Ltd.,2026-04-30 11:33:21.293443,National Hydro Power Company Limited
2026043004002713,NHPC,17,42,100,285.0,28500.0,2026-04-30,188653794,152,ABC Securities Private Limited,Sani Securities Company Ltd.,2026-04-30 11:33:21.293678,National Hydro Power Company Limited
2026043004002714,NHPC,29,42,150,285.0,42750.0,2026-04-30,188653796,152,Trisul Securities & Invt. Ltd.,Sani Securities Company Ltd.,2026-04-30 11:33:21.293917,National Hydro Power Company Limited
2026043004002715,NHPC,21,42,1500,285.0,427500.0,2026-04-30,188653798,152,Midas Stock Broking Company Private Limited,Sani Securities Company Ltd.,2026-04-30 11:33:21.294148,National Hydro Power Company Limited
2026043004002716,NHPC,42,42,14,285.0,3990.0,2026-04-30,188653799,152,Sani Securities Company Ltd.,Sani Securities Company Ltd.,2026-04-30 11:33:21.294390,National Hydro Power Company Limited
2026043004002724,NHPC,35,26,31,286.0,8866.0,2026-04-30,188653939,152,Kohinoor Investment & Securities Pvt. Ltd.,Asian Securities Private Ltd.,2026-04-30 11:33:37.875397,National Hydro Power Company Limited
2026043004002752,NHPC,44,38,600,287.0,172200.0,2026-04-30,188654240,152,Dynamic Money Managers Securities Pvt. Ltd.,Dipshikha Dhitopatra Karobar Co. Pvt Ltd.,2026-04-30 11:33:58.988070,National Hydro Power Company Limited
2026043004002759,NHPC,21,34,100,287.9,28790.0,2026-04-30,188654332,152,Midas Stock Broking Company Private Limited,Vision Securities Pvt. Ltd,2026-04-30 11:34:04.884660,National Hydro Power Company Limited
2026043004002788,NHPC,56,58,40,286.5,11460.0,2026-04-30,188654748,152,Sri Hari Securities Pvt. Ltd.,Naasa Securities Co. Ltd.,2026-04-30 11:34:37.907190,National Hydro Power Company Limited
2026043004002789,NHPC,1,58,50,286.1,14305.0,2026-04-30,188654750,152,Kumari Securities Private Limited,Naasa Securities Co. Ltd.,2026-04-30 11:34:37.907656,National Hydro Power Company Limited
2026043004002790,NHPC,6,58,25,286.1,7152.5,2026-04-30,188654752,152,Agrawal Securities (PVT) Ltd.,Naasa Securities Co. Ltd.,2026-04-30 11:34:37.907952,National Hydro Power Company Limited
2026043004002791,NHPC,35,58,969,286.0,277134.0,2026-04-30,188654754,152,Kohinoor Investment & Securities Pvt. Ltd.,Naasa Securities Co. Ltd.,2026-04-30 11:34:37.908341,National Hydro Power Company Limited
2026043004002812,NHPC,26,58,816,286.0,233376.0,2026-04-30,188655003,152,Asian Securities Private Ltd.,Naasa Securities Co. Ltd.,2026-04-30 11:35:05.482207,National Hydro Power Company Limited
2026043004002813,NHPC,26,42,184,286.0,52624.0,2026-04-30,188655006,152,Asian Securities Private Ltd.,Sani Securities Company Ltd.,2026-04-30 11:35:05.482798,National Hydro Power Company Limited
2026043004002848,NHPC,19,6,500,285.8,142900.0,2026-04-30,188655322,152,Nepal Investment And Securities Trading Private Limited,Agrawal Securities (PVT) Ltd.,2026-04-30 11:35:34.217940,National Hydro Power Company Limited
2026043004002849,NHPC,48,6,500,285.7,142850.0,2026-04-30,188655323,152,Trishakti Securities Public Limited,Agrawal Securities (PVT) Ltd.,2026-04-30 11:35:34.218939,National Hydro Power Company Limited
2026043004002853,NHPC,17,42,125,286.0,35750.0,2026-04-30,188655334,152,ABC Securities Private Limited,Sani Securities Company Ltd.,2026-04-30 11:35:35.718097,National Hydro Power Company Limited
2026043004002873,NHPC,44,42,58,286.0,16588.0,2026-04-30,188655520,152,Dynamic Money Managers Securities Pvt. Ltd.,Sani Securities Company Ltd.,2026-04-30 11:35:52.849020,National Hydro Power Company Limited
2026043004002896,NHPC,1,42,200,286.0,57200.0,2026-04-30,188655744,152,Kumari Securities Private Limited,Sani Securities Company Ltd.,2026-04-30 11:36:11.365793,National Hydro Power Company Limited
2026043004002901,NHPC,60,34,500,285.9,142950.0,2026-04-30,188655840,152,Nagarik Stock Dealer ,Vision Securities Pvt. Ltd,2026-04-30 11:36:20.335071,National Hydro Power Company Limited
2026043004002902,NHPC,49,34,800,285.9,228720.0,2026-04-30,188655857,152,Online Securities Pvt. Ltd.,Vision Securities Pvt. Ltd,2026-04-30 11:36:24.135413,National Hydro Power Company Limited
2026043004002903,NHPC,49,42,200,286.0,57200.0,2026-04-30,188655860,152,Online Securities Pvt. Ltd.,Sani Securities Company Ltd.,2026-04-30 11:36:24.136456,National Hydro Power Company Limited
2026043004002921,NHPC,48,21,500,285.7,142850.0,2026-04-30,188656042,152,Trishakti Securities Public Limited,Midas Stock Broking Company Private Limited,2026-04-30 11:36:40.570544,National Hydro Power Company Limited
2026043004002922,NHPC,29,21,30,285.7,8571.0,2026-04-30,188656044,152,Trisul Securities & Invt. Ltd.,Midas Stock Broking Company Private Limited,2026-04-30 11:36:40.570633,National Hydro Power Company Limited
2026043004002923,NHPC,13,21,600,285.7,171420.0,2026-04-30,188656046,152,Thrive Brokerage House Pvt. Ltd,Midas Stock Broking Company Private Limited,2026-04-30 11:36:40.570698,National Hydro Power Company Limited
2026043004002924,NHPC,49,21,200,285.2,57040.0,2026-04-30,188656048,152,Online Securities Pvt. Ltd.,Midas Stock Broking Company Private Limited,2026-04-30 11:36:40.570763,National Hydro Power Company Limited
2026043004002925,NHPC,35,21,1000,285.2,285200.0,2026-04-30,188656050,152,Kohinoor Investment & Securities Pvt. Ltd.,Midas Stock Broking Company Private Limited,2026-04-30 11:36:40.570817,National Hydro Power Company Limited
2026043004002926,NHPC,19,21,50,285.1,14255.0,2026-04-30,188656052,152,Nepal Investment And Securities Trading Private Limited,Midas Stock Broking Company Private Limited,2026-04-30 11:36:40.570880,National Hydro Power Company Limited
2026043004002927,NHPC,42,21,386,285.0,110010.0,2026-04-30,188656054,152,Sani Securities Company Ltd.,Midas Stock Broking Company Private Limited,2026-04-30 11:36:40.570937,National Hydro Power Company Limited
2026043004002928,NHPC,5,21,234,285.0,66690.0,2026-04-30,188656055,152,Market Securities & Exchange (PVT) Ltd.,Midas Stock Broking Company Private Limited,2026-04-30 11:36:40.570999,National Hydro Power Company Limited
2026043004002929,NHPC,56,42,33,286.0,9438.0,2026-04-30,188656085,152,Sri Hari Securities Pvt. Ltd.,Sani Securities Company Ltd.,2026-04-30 11:36:42.032187,National Hydro Power Company Limited
2026043004002930,NHPC,56,17,200,286.0,57200.0,2026-04-30,188656087,152,Sri Hari Securities Pvt. Ltd.,ABC Securities Private Limited,2026-04-30 11:36:42.033210,National Hydro Power Company Limited
2026043004002973,NHPC,65,62,30,285.2,8556.0,2026-04-30,188656502,152,Sharepro Securities Private Limited,Capital Max Securities Ltd,2026-04-30 11:37:13.129635,National Hydro Power Company Limited
2026043004002974,NHPC,56,62,67,285.2,19108.4,2026-04-30,188656504,152,Sri Hari Securities Pvt. Ltd.,Capital Max Securities Ltd,2026-04-30 11:37:13.130098,National Hydro Power Company Limited
2026043004002975,NHPC,58,62,500,285.1,142550.0,2026-04-30,188656506,152,Naasa Securities Co. Ltd.,Capital Max Securities Ltd,2026-04-30 11:37:13.130375,National Hydro Power Company Limited
2026043004002976,NHPC,58,62,1403,285.1,399995.3,2026-04-30,188656507,152,Naasa Securities Co. Ltd.,Capital Max Securities Ltd,2026-04-30 11:37:13.130627,National Hydro Power Company Limited
2026043004002979,NHPC,58,59,97,285.1,27654.7,2026-04-30,188656558,152,Naasa Securities Co. Ltd.,Deevyaa Securities & Stock House Pvt. Ltd,2026-04-30 11:37:21.341633,National Hydro Power Company Limited
2026043004002980,NHPC,5,59,1266,285.0,360810.0,2026-04-30,188656560,152,Market Securities & Exchange (PVT) Ltd.,Deevyaa Securities & Stock House Pvt. Ltd,2026-04-30 11:37:21.341764,National Hydro Power Company Limited
2026043004002981,NHPC,42,59,1050,285.0,299250.0,2026-04-30,188656562,152,Sani Securities Company Ltd.,Deevyaa Securities & Stock House Pvt. Ltd,2026-04-30 11:37:21.341825,National Hydro Power Company Limited
2026043004002982,NHPC,45,59,50,285.0,14250.0,2026-04-30,188656564,152,Imperial Securities Company Pvt. Ltd.,Deevyaa Securities & Stock House Pvt. Ltd,2026-04-30 11:37:21.341890,National Hydro Power Company Limited
2026043004002983,NHPC,38,59,20,285.0,5700.0,2026-04-30,188656566,152,Dipshikha Dhitopatra Karobar Co. Pvt Ltd.,Deevyaa Securities & Stock House Pvt. Ltd,2026-04-30 11:37:21.341954,National Hydro Power Company Limited
2026043004002984,NHPC,42,59,17,285.0,4845.0,2026-04-30,188656567,152,Sani Securities Company Ltd.,Deevyaa Securities & Stock House Pvt. Ltd,2026-04-30 11:37:21.342015,National Hydro Power Company Limited
2026043004002994,NHPC,57,59,100,285.1,28510.0,2026-04-30,188656696,152,Aryatara Investment & Securities,Deevyaa Securities & Stock House Pvt. Ltd,2026-04-30 11:37:31.900633,National Hydro Power Company Limited
2026043004002995,NHPC,1,59,278,285.0,79230.0,2026-04-30,188656698,152,Kumari Securities Private Limited,Deevyaa Securities & Stock House Pvt. Ltd,2026-04-30 11:37:31.901128,National Hydro Power Company Limited
2026043004002996,NHPC,62,59,1500,285.0,427500.0,2026-04-30,188656700,152,Capital Max Securities Ltd,Deevyaa Securities & Stock House Pvt. Ltd,2026-04-30 11:37:31.901398,National Hydro Power Company Limited
2026043004002997,NHPC,51,59,300,285.0,85500.0,2026-04-30,188656702,152,Oxford Securities Pvt. Ltd.,Deevyaa Securities & Stock House Pvt. Ltd,2026-04-30 11:37:31.901651,National Hydro Power Company Limited
2026043004002998,NHPC,42,59,104,285.0,29640.0,2026-04-30,188656704,152,Sani Securities Company Ltd.,Deevyaa Securities & Stock House Pvt. Ltd,2026-04-30 11:37:31.901901,National Hydro Power Company Limited
2026043004002999,NHPC,35,59,218,285.0,62130.0,2026-04-30,188656705,152,Kohinoor Investment & Securities Pvt. Ltd.,Deevyaa Securities & Stock House Pvt. Ltd,2026-04-30 11:37:31.902155,National Hydro Power Company Limited
2026043004003085,NHPC,35,42,39,285.0,11115.0,2026-04-30,188657338,152,Kohinoor Investment & Securities Pvt. Ltd.,Sani Securities Company Ltd.,2026-04-30 11:38:24.340982,National Hydro Power Company Limited
2026043004003086,NHPC,38,42,20,285.0,5700.0,2026-04-30,188657340,152,Dipshikha Dhitopatra Karobar Co. Pvt Ltd.,Sani Securities Company Ltd.,2026-04-30 11:38:24.341433,National Hydro Power Company Limited
2026043004003087,NHPC,51,42,150,285.0,42750.0,2026-04-30,188657342,152,Oxford Securities Pvt. Ltd.,Sani Securities Company Ltd.,2026-04-30 11:38:24.341685,National Hydro Power Company Limited
2026043004003088,NHPC,34,42,500,285.0,142500.0,2026-04-30,188657344,152,Vision Securities Pvt. Ltd,Sani Securities Company Ltd.,2026-04-30 11:38:24.341936,National Hydro Power Company Limited
2026043004003089,NHPC,50,42,490,285.0,139650.0,2026-04-30,188657346,152,Cristal Kanchanjanga Securites Pvt. Ltd.,Sani Securities Company Ltd.,2026-04-30 11:38:24.342184,National Hydro Power Company Limited
2026043004003090,NHPC,58,42,1000,284.5,284500.0,2026-04-30,188657348,152,Naasa Securities Co. Ltd.,Sani Securities Company Ltd.,2026-04-30 11:38:24.342439,National Hydro Power Company Limited
2026043004003091,NHPC,45,42,350,284.2,99470.0,2026-04-30,188657350,152,Imperial Securities Company Pvt. Ltd.,Sani Securities Company Ltd.,2026-04-30 11:38:24.342689,National Hydro Power Company Limited
2026043004003092,NHPC,88,42,1000,284.1,284100.0,2026-04-30,188657352,152,Blue Chip Securities Ltd,Sani Securities Company Ltd.,2026-04-30 11:38:24.342937,National Hydro Power Company Limited
2026043004003093,NHPC,52,42,106,284.0,30104.0,2026-04-30,188657354,152,Sundhara Securities Limited,Sani Securities Company Ltd.,2026-04-30 11:38:24.343187,National Hydro Power Company Limited
2026043004003094,NHPC,34,42,10,284.0,2840.0,2026-04-30,188657356,152,Vision Securities Pvt. Ltd,Sani Securities Company Ltd.,2026-04-30 11:38:24.343441,National Hydro Power Company Limited
2026043004003095,NHPC,35,42,200,284.0,56800.0,2026-04-30,188657358,152,Kohinoor Investment & Securities Pvt. Ltd.,Sani Securities Company Ltd.,2026-04-30 11:38:24.343689,National Hydro Power Company Limited
2026043004003096,NHPC,59,42,500,284.0,142000.0,2026-04-30,188657360,152,Deevyaa Securities & Stock House Pvt. Ltd,Sani Securities Company Ltd.,2026-04-30 11:38:24.343932,National Hydro Power Company Limited
2026043004003097,NHPC,62,42,14,284.0,3976.0,2026-04-30,188657362,152,Capital Max Securities Ltd,Sani Securities Company Ltd.,2026-04-30 11:38:24.344203,National Hydro Power Company Limited
2026043004003098,NHPC,93,42,50,284.0,14200.0,2026-04-30,188657364,152,Beni Securities Pvt.Ltd.,Sani Securities Company Ltd.,2026-04-30 11:38:24.344456,National Hydro Power Company Limited
2026043004003099,NHPC,58,42,30,284.0,8520.0,2026-04-30,188657366,152,Naasa Securities Co. Ltd.,Sani Securities Company Ltd.,2026-04-30 11:38:24.344704,National Hydro Power Company Limited
2026043004003100,NHPC,45,42,50,284.0,14200.0,2026-04-30,188657368,152,Imperial Securities Company Pvt. Ltd.,Sani Securities Company Ltd.,2026-04-30 11:38:24.344950,National Hydro Power Company Limited
2026043004003101,NHPC,74,42,100,284.0,28400.0,2026-04-30,188657370,152,KALASH STOCK MARKET PVT. LTD.,Sani Securities Company Ltd.,2026-04-30 11:38:24.345194,National Hydro Power Company Limited
2026043004003102,NHPC,57,42,500,284.0,142000.0,2026-04-30,188657372,152,Aryatara Investment & Securities,Sani Securities Company Ltd.,2026-04-30 11:38:24.345438,National Hydro Power Company Limited
2026043004003103,NHPC,58,42,145,284.0,41180.0,2026-04-30,188657374,152,Naasa Securities Co. Ltd.,Sani Securities Company Ltd.,2026-04-30 11:38:24.345681,National Hydro Power Company Limited
2026043004003104,NHPC,32,42,50,284.0,14200.0,2026-04-30,188657376,152,Premier Securities Company Ltd.,Sani Securities Company Ltd.,2026-04-30 11:38:24.345928,National Hydro Power Company Limited
2026043004003105,NHPC,39,42,200,284.0,56800.0,2026-04-30,188657378,152,Sumeru Securities Pvt. Ltd.,Sani Securities Company Ltd.,2026-04-30 11:38:24.346170,National Hydro Power Company Limited
2026043004003106,NHPC,89,42,56,284.0,15904.0,2026-04-30,188657380,152,Global IME Securities Limited,Sani Securities Company Ltd.,2026-04-30 11:38:24.346416,National Hydro Power Company Limited
2026043004003107,NHPC,52,42,200,284.0,56800.0,2026-04-30,188657382,152,Sundhara Securities Limited,Sani Securities Company Ltd.,2026-04-30 11:38:24.346655,National Hydro Power Company Limited
2026043004003108,NHPC,17,42,500,284.0,142000.0,2026-04-30,188657384,152,ABC Securities Private Limited,Sani Securities Company Ltd.,2026-04-30 11:38:24.346896,National Hydro Power Company Limited
2026043004003109,NHPC,66,42,3740,284.0,1062160.0,2026-04-30,188657385,152,Miyo Securities Pvt Ltd,Sani Securities Company Ltd.,2026-04-30 11:38:24.347138,National Hydro Power Company Limited
2026043004003120,NHPC,59,45,10,284.5,2845.0,2026-04-30,188657486,152,Deevyaa Securities & Stock House Pvt. Ltd,Imperial Securities Company Pvt. Ltd.,2026-04-30 11:38:32.834025,National Hydro Power Company Limited
2026043004003121,NHPC,82,45,300,284.5,85350.0,2026-04-30,188657498,152,N.M.B. SECURITIES LIMITED,Imperial Securities Company Pvt. Ltd.,2026-04-30 11:38:33.731121,National Hydro Power Company Limited
2026043004003136,NHPC,66,58,62,284.0,17608.0,2026-04-30,188657561,152,Miyo Securities Pvt Ltd,Naasa Securities Co. Ltd.,2026-04-30 11:38:42.028119,National Hydro Power Company Limited
2026043004003145,NHPC,48,45,1890,284.5,537705.0,2026-04-30,188657665,152,Trishakti Securities Public Limited,Imperial Securities Company Pvt. Ltd.,2026-04-30 11:38:57.491028,National Hydro Power Company Limited
2026043004003146,NHPC,48,3,130,285.0,37050.0,2026-04-30,188657668,152,Trishakti Securities Public Limited,Arun Securities (PVT) Ltd.,2026-04-30 11:38:57.491527,National Hydro Power Company Limited
2026043004003154,NHPC,58,3,27,285.0,7695.0,2026-04-30,188657738,152,Naasa Securities Co. Ltd.,Arun Securities (PVT) Ltd.,2026-04-30 11:39:06.711862,National Hydro Power Company Limited
2026043004003156,NHPC,58,3,10,285.0,2850.0,2026-04-30,188657790,152,Naasa Securities Co. Ltd.,Arun Securities (PVT) Ltd.,2026-04-30 11:39:07.682954,National Hydro Power Company Limited
2026043004003169,NHPC,17,3,1000,285.0,285000.0,2026-04-30,188657946,152,ABC Securities Private Limited,Arun Securities (PVT) Ltd.,2026-04-30 11:39:26.774691,National Hydro Power Company Limited
2026043004003174,NHPC,52,3,10,285.0,2850.0,2026-04-30,188657988,152,Sundhara Securities Limited,Arun Securities (PVT) Ltd.,2026-04-30 11:39:31.924526,National Hydro Power Company Limited
2026043004003221,NHPC,17,49,100,284.9,28490.0,2026-04-30,188658289,152,ABC Securities Private Limited,Online Securities Pvt. Ltd.,2026-04-30 11:39:51.420239,National Hydro Power Company Limited
2026043004003222,NHPC,17,3,22,285.0,6270.0,2026-04-30,188658291,152,ABC Securities Private Limited,Arun Securities (PVT) Ltd.,2026-04-30 11:39:51.421272,National Hydro Power Company Limited
2026043004003223,NHPC,17,49,10,285.0,2850.0,2026-04-30,188658293,152,ABC Securities Private Limited,Online Securities Pvt. Ltd.,2026-04-30 11:39:51.422065,National Hydro Power Company Limited
2026043004003263,NHPC,52,49,18,286.0,5148.0,2026-04-30,188658872,152,Sundhara Securities Limited,Online Securities Pvt. Ltd.,2026-04-30 11:40:45.439559,National Hydro Power Company Limited
2026043004003266,NHPC,17,21,368,285.0,104880.0,2026-04-30,188658930,152,ABC Securities Private Limited,Midas Stock Broking Company Private Limited,2026-04-30 11:40:52.568508,National Hydro Power Company Limited
2026043004003267,NHPC,13,21,10,285.0,2850.0,2026-04-30,188658932,152,Thrive Brokerage House Pvt. Ltd,Midas Stock Broking Company Private Limited,2026-04-30 11:40:52.569555,National Hydro Power Company Limited
2026043004003268,NHPC,42,21,50,285.0,14250.0,2026-04-30,188658934,152,Sani Securities Company Ltd.,Midas Stock Broking Company Private Limited,2026-04-30 11:40:52.570362,National Hydro Power Company Limited
2026043004003269,NHPC,74,21,100,285.0,28500.0,2026-04-30,188658936,152,KALASH STOCK MARKET PVT. LTD.,Midas Stock Broking Company Private Limited,2026-04-30 11:40:52.571176,National Hydro Power Company Limited
2026043004003270,NHPC,6,21,25,285.0,7125.0,2026-04-30,188658938,152,Agrawal Securities (PVT) Ltd.,Midas Stock Broking Company Private Limited,2026-04-30 11:40:52.572140,National Hydro Power Company Limited
2026043004003299,NHPC,49,21,124,285.0,35340.0,2026-04-30,188659239,152,Online Securities Pvt. Ltd.,Midas Stock Broking Company Private Limited,2026-04-30 11:41:22.266839,National Hydro Power Company Limited
2026043004003300,NHPC,47,49,122,286.0,34892.0,2026-04-30,188659262,152,Neev Securities Pvt. Ltd.,Online Securities Pvt. Ltd.,2026-04-30 11:41:26.083464,National Hydro Power Company Limited
2026043004003303,NHPC,49,35,476,285.0,135660.0,2026-04-30,188659452,152,Online Securities Pvt. Ltd.,Kohinoor Investment & Securities Pvt. Ltd.,2026-04-30 11:41:37.357249,National Hydro Power Company Limited
2026043004003304,NHPC,74,35,100,285.0,28500.0,2026-04-30,188659454,152,KALASH STOCK MARKET PVT. LTD.,Kohinoor Investment & Securities Pvt. Ltd.,2026-04-30 11:41:37.357727,National Hydro Power Company Limited
2026043004003306,NHPC,4,35,250,285.0,71250.0,2026-04-30,188659464,152,Opal Securities Investment (PVT) Ltd.,Kohinoor Investment & Securities Pvt. Ltd.,2026-04-30 11:41:38.793406,National Hydro Power Company Limited
2026043004003319,NHPC,1,35,100,285.0,28500.0,2026-04-30,188659710,152,Kumari Securities Private Limited,Kohinoor Investment & Securities Pvt. Ltd.,2026-04-30 11:42:05.597837,National Hydro Power Company Limited
2026043004003375,NHPC,92,35,100,284.6,28460.0,2026-04-30,188660022,152,Roadshow securities limited,Kohinoor Investment & Securities Pvt. Ltd.,2026-04-30 11:42:30.279057,National Hydro Power Company Limited
2026043004003392,NHPC,22,58,800,284.5,227600.0,2026-04-30,188660309,152,Siprabi Securities Pvt. Ltd.,Naasa Securities Co. Ltd.,2026-04-30 11:42:54.664672,National Hydro Power Company Limited
2026043004003394,NHPC,1,35,50,284.6,14230.0,2026-04-30,188660364,152,Kumari Securities Private Limited,Kohinoor Investment & Securities Pvt. Ltd.,2026-04-30 11:42:59.669518,National Hydro Power Company Limited
2026043004003395,NHPC,47,35,50,285.0,14250.0,2026-04-30,188660368,152,Neev Securities Pvt. Ltd.,Kohinoor Investment & Securities Pvt. Ltd.,2026-04-30 11:43:00.356715,National Hydro Power Company Limited
2026043004003410,NHPC,22,58,50,284.5,14225.0,2026-04-30,188660503,152,Siprabi Securities Pvt. Ltd.,Naasa Securities Co. Ltd.,2026-04-30 11:43:15.522231,National Hydro Power Company Limited
2026043004003411,NHPC,51,35,24,285.0,6840.0,2026-04-30,188660513,152,Oxford Securities Pvt. Ltd.,Kohinoor Investment & Securities Pvt. Ltd.,2026-04-30 11:43:17.743296,National Hydro Power Company Limited
2026043004003412,NHPC,51,58,10,285.0,2850.0,2026-04-30,188660515,152,Oxford Securities Pvt. Ltd.,Naasa Securities Co. Ltd.,2026-04-30 11:43:17.743843,National Hydro Power Company Limited
2026043004003413,NHPC,51,59,16,285.0,4560.0,2026-04-30,188660518,152,Oxford Securities Pvt. Ltd.,Deevyaa Securities & Stock House Pvt. Ltd,2026-04-30 11:43:17.744108,National Hydro Power Company Limited
2026043004003419,NHPC,22,66,150,284.5,42675.0,2026-04-30,188660582,152,Siprabi Securities Pvt. Ltd.,Miyo Securities Pvt Ltd,2026-04-30 11:43:23.518472,National Hydro Power Company Limited
2026043004003420,NHPC,58,66,100,284.3,28430.0,2026-04-30,188660584,152,Naasa Securities Co. Ltd.,Miyo Securities Pvt Ltd,2026-04-30 11:43:23.518561,National Hydro Power Company Limited
2026043004003428,NHPC,66,42,1198,284.0,340232.0,2026-04-30,188660696,152,Miyo Securities Pvt Ltd,Sani Securities Company Ltd.,2026-04-30 11:43:32.449330,National Hydro Power Company Limited
2026043004003429,NHPC,77,42,10,284.0,2840.0,2026-04-30,188660698,152,Nabil Stock Dealer Ltd.,Sani Securities Company Ltd.,2026-04-30 11:43:32.449794,National Hydro Power Company Limited
2026043004003430,NHPC,45,42,100,284.0,28400.0,2026-04-30,188660700,152,Imperial Securities Company Pvt. Ltd.,Sani Securities Company Ltd.,2026-04-30 11:43:32.450071,National Hydro Power Company Limited
2026043004003431,NHPC,58,42,25,284.0,7100.0,2026-04-30,188660702,152,Naasa Securities Co. Ltd.,Sani Securities Company Ltd.,2026-04-30 11:43:32.450374,National Hydro Power Company Limited
2026043004003434,NHPC,38,42,20,284.0,5680.0,2026-04-30,188660756,152,Dipshikha Dhitopatra Karobar Co. Pvt Ltd.,Sani Securities Company Ltd.,2026-04-30 11:43:37.010679,National Hydro Power Company Limited
2026043004003476,NHPC,6,42,1700,284.0,482800.0,2026-04-30,188661044,152,Agrawal Securities (PVT) Ltd.,Sani Securities Company Ltd.,2026-04-30 11:44:04.351120,National Hydro Power Company Limited
2026043004003485,NHPC,17,58,10,283.6,2836.0,2026-04-30,188661081,152,ABC Securities Private Limited,Naasa Securities Co. Ltd.,2026-04-30 11:44:07.652393,National Hydro Power Company Limited
2026043004003489,NHPC,17,50,490,283.6,138964.0,2026-04-30,188661162,152,ABC Securities Private Limited,Cristal Kanchanjanga Securites Pvt. Ltd.,2026-04-30 11:44:13.964189,National Hydro Power Company Limited
2026043004003490,NHPC,70,50,1000,283.6,283600.0,2026-04-30,188661164,152,Infinity Securities Limited,Cristal Kanchanjanga Securites Pvt. Ltd.,2026-04-30 11:44:13.964684,National Hydro Power Company Limited
2026043004003491,NHPC,11,50,10,283.6,2836.0,2026-04-30,188661165,152,Malla & Malla Stock Broking Company Pvt. Limited,Cristal Kanchanjanga Securites Pvt. Ltd.,2026-04-30 11:44:14.013534,National Hydro Power Company Limited
2026043004003492,NHPC,11,42,54,284.0,15336.0,2026-04-30,188661168,152,Malla & Malla Stock Broking Company Pvt. Limited,Sani Securities Company Ltd.,2026-04-30 11:44:14.014453,National Hydro Power Company Limited
2026043004003493,NHPC,58,42,118,284.0,33512.0,2026-04-30,188661196,152,Naasa Securities Co. Ltd.,Sani Securities Company Ltd.,2026-04-30 11:44:15.148992,National Hydro Power Company Limited
2026043004003498,NHPC,57,21,1000,283.5,283500.0,2026-04-30,188661280,152,Aryatara Investment & Securities,Midas Stock Broking Company Private Limited,2026-04-30 11:44:23.482688,National Hydro Power Company Limited
2026043004003499,NHPC,38,21,100,283.5,28350.0,2026-04-30,188661282,152,Dipshikha Dhitopatra Karobar Co. Pvt Ltd.,Midas Stock Broking Company Private Limited,2026-04-30 11:44:23.482744,National Hydro Power Company Limited
2026043004003500,NHPC,42,21,100,283.1,28310.0,2026-04-30,188661284,152,Sani Securities Company Ltd.,Midas Stock Broking Company Private Limited,2026-04-30 11:44:23.482773,National Hydro Power Company Limited
2026043004003501,NHPC,44,21,500,283.1,141550.0,2026-04-30,188661286,152,Dynamic Money Managers Securities Pvt. Ltd.,Midas Stock Broking Company Private Limited,2026-04-30 11:44:23.482798,National Hydro Power Company Limited
2026043004003502,NHPC,74,21,100,283.0,28300.0,2026-04-30,188661288,152,KALASH STOCK MARKET PVT. LTD.,Midas Stock Broking Company Private Limited,2026-04-30 11:44:23.482828,National Hydro Power Company Limited
2026043004003503,NHPC,58,21,100,283.0,28300.0,2026-04-30,188661290,152,Naasa Securities Co. Ltd.,Midas Stock Broking Company Private Limited,2026-04-30 11:44:23.482855,National Hydro Power Company Limited
2026043004003504,NHPC,58,21,50,283.0,14150.0,2026-04-30,188661292,152,Naasa Securities Co. Ltd.,Midas Stock Broking Company Private Limited,2026-04-30 11:44:23.482878,National Hydro Power Company Limited
2026043004003505,NHPC,51,21,175,283.0,49525.0,2026-04-30,188661294,152,Oxford Securities Pvt. Ltd.,Midas Stock Broking Company Private Limited,2026-04-30 11:44:23.482903,National Hydro Power Company Limited
2026043004003506,NHPC,35,21,250,283.0,70750.0,2026-04-30,188661296,152,Kohinoor Investment & Securities Pvt. Ltd.,Midas Stock Broking Company Private Limited,2026-04-30 11:44:23.482944,National Hydro Power Company Limited
2026043004003507,NHPC,99,21,625,283.0,176875.0,2026-04-30,188661297,152,Prabhu Stock Market Limited,Midas Stock Broking Company Private Limited,2026-04-30 11:44:23.482998,National Hydro Power Company Limited
2026043004003526,NHPC,99,48,375,283.0,106125.0,2026-04-30,188661640,152,Prabhu Stock Market Limited,Trishakti Securities Public Limited,2026-04-30 11:44:48.118726,National Hydro Power Company Limited
2026043004003527,NHPC,13,48,650,283.0,183950.0,2026-04-30,188661642,152,Thrive Brokerage House Pvt. Ltd,Trishakti Securities Public Limited,2026-04-30 11:44:48.119215,National Hydro Power Company Limited
2026043004003528,NHPC,64,48,200,283.0,56600.0,2026-04-30,188661644,152,SUN SECURITIES PVT LTD,Trishakti Securities Public Limited,2026-04-30 11:44:48.119501,National Hydro Power Company Limited
2026043004003555,NHPC,50,48,40,283.0,11320.0,2026-04-30,188661858,152,Cristal Kanchanjanga Securites Pvt. Ltd.,Trishakti Securities Public Limited,2026-04-30 11:45:06.971556,National Hydro Power Company Limited
2026043004003562,NHPC,1,48,100,283.0,28300.0,2026-04-30,188661976,152,Kumari Securities Private Limited,Trishakti Securities Public Limited,2026-04-30 11:45:20.824511,National Hydro Power Company Limited
2026043004003586,NHPC,48,67,275,282.8,77770.0,2026-04-30,188662570,152,Trishakti Securities Public Limited,Property Wiard Limited,2026-04-30 11:45:49.451775,National Hydro Power Company Limited
2026043004003587,NHPC,50,67,200,282.8,56560.0,2026-04-30,188662572,152,Cristal Kanchanjanga Securites Pvt. Ltd.,Property Wiard Limited,2026-04-30 11:45:49.452271,National Hydro Power Company Limited
2026043004003588,NHPC,36,67,200,282.7,56540.0,2026-04-30,188662574,152,Secured Securities Ltd.,Property Wiard Limited,2026-04-30 11:45:49.452552,National Hydro Power Company Limited
2026043004003589,NHPC,56,67,129,282.6,36455.4,2026-04-30,188662576,152,Sri Hari Securities Pvt. Ltd.,Property Wiard Limited,2026-04-30 11:45:49.452838,National Hydro Power Company Limited
2026043004003590,NHPC,41,67,50,282.6,14130.0,2026-04-30,188662578,152,Linch Stock Market Ltd.,Property Wiard Limited,2026-04-30 11:45:49.453110,National Hydro Power Company Limited
2026043004003591,NHPC,48,67,70,282.6,19782.0,2026-04-30,188662580,152,Trishakti Securities Public Limited,Property Wiard Limited,2026-04-30 11:45:49.453389,National Hydro Power Company Limited
2026043004003592,NHPC,17,67,250,282.6,70650.0,2026-04-30,188662582,152,ABC Securities Private Limited,Property Wiard Limited,2026-04-30 11:45:49.453662,National Hydro Power Company Limited
2026043004003593,NHPC,4,67,500,282.5,141250.0,2026-04-30,188662584,152,Opal Securities Investment (PVT) Ltd.,Property Wiard Limited,2026-04-30 11:45:49.453930,National Hydro Power Company Limited
2026043004003594,NHPC,58,67,1000,282.5,282500.0,2026-04-30,188662586,152,Naasa Securities Co. Ltd.,Property Wiard Limited,2026-04-30 11:45:49.454200,National Hydro Power Company Limited
2026043004003595,NHPC,45,67,10,282.5,2825.0,2026-04-30,188662588,152,Imperial Securities Company Pvt. Ltd.,Property Wiard Limited,2026-04-30 11:45:49.454473,National Hydro Power Company Limited
2026043004003596,NHPC,46,67,50,282.2,14110.0,2026-04-30,188662590,152,Kalika Securities Pvt. Ltd.,Property Wiard Limited,2026-04-30 11:45:49.454741,National Hydro Power Company Limited
2026043004003597,NHPC,62,67,250,282.0,70500.0,2026-04-30,188662592,152,Capital Max Securities Ltd,Property Wiard Limited,2026-04-30 11:45:49.455011,National Hydro Power Company Limited
2026043004003598,NHPC,4,67,500,282.0,141000.0,2026-04-30,188662594,152,Opal Securities Investment (PVT) Ltd.,Property Wiard Limited,2026-04-30 11:45:49.455272,National Hydro Power Company Limited
