contract_id,symbol,buyer_member_id,seller_member_id,volume,price,amount,buyer_broker,seller_broker,transaction_time
2026043004000019,NHPC,35,62,10,293.0,2930.0,Kohinoor Investment & Securities Pvt. Ltd.,Capital Max Securities Ltd,2026-04-30 11:00:40.728235
2026043004000038,NHPC,77,32,45,290.0,13050.0,Nabil Stock Dealer Ltd.,Premier Securities Company Ltd.,2026-04-30 11:01:04.308693
2026043004000043,NHPC,58,32,50,290.0,14500.0,Naasa Securities Co. Ltd.,Premier Securities Company Ltd.,2026-04-30 11:01:16.667348
2026043004000070,NHPC,40,49,100,289.0,28900.0,Creative Securities Pvt Ltd,Online Securities Pvt. Ltd.,2026-04-30 11:01:31.758561
2026043004000071,NHPC,44,49,150,289.0,43350.0,Dynamic Money Managers Securities Pvt. Ltd.,Online Securities Pvt. Ltd.,2026-04-30 11:01:31.758675
2026043004000072,NHPC,60,49,500,288.0,144000.0,Nagarik Stock Dealer ,Online Securities Pvt. Ltd.,2026-04-30 11:01:31.758777
2026043004000073,NHPC,42,49,500,287.0,143500.0,Sani Securities Company Ltd.,Online Securities Pvt. Ltd.,2026-04-30 11:01:31.758855
2026043004000074,NHPC,58,49,100,286.5,28650.0,Naasa Securities Co. Ltd.,Online Securities Pvt. Ltd.,2026-04-30 11:01:31.758927
2026043004000075,NHPC,58,49,690,286.0,197340.0,Naasa Securities Co. Ltd.,Online Securities Pvt. Ltd.,2026-04-30 11:01:31.759002
2026043004000076,NHPC,3,49,80,285.0,22800.0,Arun Securities (PVT) Ltd.,Online Securities Pvt. Ltd.,2026-04-30 11:01:31.759073
2026043004000077,NHPC,42,49,200,285.0,57000.0,Sani Securities Company Ltd.,Online Securities Pvt. Ltd.,2026-04-30 11:01:31.759138
2026043004000078,NHPC,45,49,500,285.0,142500.0,Imperial Securities Company Pvt. Ltd.,Online Securities Pvt. Ltd.,2026-04-30 11:01:31.759203
2026043004000079,NHPC,34,49,100,285.0,28500.0,Vision Securities Pvt. Ltd,Online Securities Pvt. Ltd.,2026-04-30 11:01:31.759268
2026043004000109,NHPC,45,49,80,285.0,22800.0,Imperial Securities Company Pvt. Ltd.,Online Securities Pvt. Ltd.,2026-04-30 11:02:01.772359
2026043004000158,NHPC,22,74,200,285.2,57040.0,Siprabi Securities Pvt. Ltd.,KALASH STOCK MARKET PVT. LTD.,2026-04-30 11:02:54.126299
2026043004000159,NHPC,42,74,500,285.1,142550.0,Sani Securities Company Ltd.,KALASH STOCK MARKET PVT. LTD.,2026-04-30 11:02:54.126379
2026043004000160,NHPC,38,74,80,285.0,22800.0,Dipshikha Dhitopatra Karobar Co. Pvt Ltd.,KALASH STOCK MARKET PVT. LTD.,2026-04-30 11:02:54.126418
2026043004000161,NHPC,35,74,14,285.0,3990.0,Kohinoor Investment & Securities Pvt. Ltd.,KALASH STOCK MARKET PVT. LTD.,2026-04-30 11:02:54.126451
2026043004000178,NHPC,35,75,186,285.0,53010.0,Kohinoor Investment & Securities Pvt. Ltd.,N.I.M.B. Stock Markets Limited,2026-04-30 11:03:19.409517
2026043004000179,NHPC,35,75,100,285.0,28500.0,Kohinoor Investment & Securities Pvt. Ltd.,N.I.M.B. Stock Markets Limited,2026-04-30 11:03:19.409585
2026043004000180,NHPC,47,75,100,285.0,28500.0,Neev Securities Pvt. Ltd.,N.I.M.B. Stock Markets Limited,2026-04-30 11:03:19.409624
2026043004000209,NHPC,58,75,64,285.0,18240.0,Naasa Securities Co. Ltd.,N.I.M.B. Stock Markets Limited,2026-04-30 11:03:27.169177
2026043004000242,NHPC,21,41,100,288.0,28800.0,Midas Stock Broking Company Private Limited,Linch Stock Market Ltd.,2026-04-30 11:03:55.070080
2026043004000243,NHPC,21,65,100,288.0,28800.0,Midas Stock Broking Company Private Limited,Sharepro Securities Private Limited,2026-04-30 11:03:55.070161
2026043004000267,NHPC,64,92,2000,287.0,574000.0,SUN SECURITIES PVT LTD,Roadshow securities limited,2026-04-30 11:04:30.449015
2026043004000293,NHPC,52,92,500,287.0,143500.0,Sundhara Securities Limited,Roadshow securities limited,2026-04-30 11:04:44.417268
2026043004000294,NHPC,45,92,100,287.0,28700.0,Imperial Securities Company Pvt. Ltd.,Roadshow securities limited,2026-04-30 11:04:46.467746
2026043004000298,NHPC,91,58,435,286.2,124497.0,Citizens Share Broker Limited,Naasa Securities Co. Ltd.,2026-04-30 11:04:52.093258
2026043004000300,NHPC,41,92,50,287.0,14350.0,Linch Stock Market Ltd.,Roadshow securities limited,2026-04-30 11:04:54.413934
2026043004000301,NHPC,91,58,165,286.2,47223.0,Citizens Share Broker Limited,Naasa Securities Co. Ltd.,2026-04-30 11:04:54.684143
2026043004000302,NHPC,48,58,400,286.0,114400.0,Trishakti Securities Public Limited,Naasa Securities Co. Ltd.,2026-04-30 11:04:54.684181
2026043004000303,NHPC,32,58,20,286.0,5720.0,Premier Securities Company Ltd.,Naasa Securities Co. Ltd.,2026-04-30 11:04:54.684211
2026043004000304,NHPC,48,58,100,286.0,28600.0,Trishakti Securities Public Limited,Naasa Securities Co. Ltd.,2026-04-30 11:04:54.684238
2026043004000305,NHPC,58,58,136,285.1,38773.6,Naasa Securities Co. Ltd.,Naasa Securities Co. Ltd.,2026-04-30 11:04:54.684268
2026043004000306,NHPC,41,58,50,285.0,14250.0,Linch Stock Market Ltd.,Naasa Securities Co. Ltd.,2026-04-30 11:04:54.684293
2026043004000307,NHPC,48,58,500,285.0,142500.0,Trishakti Securities Public Limited,Naasa Securities Co. Ltd.,2026-04-30 11:04:54.684323
2026043004000308,NHPC,58,58,100,285.0,28500.0,Naasa Securities Co. Ltd.,Naasa Securities Co. Ltd.,2026-04-30 11:04:54.684345
2026043004000309,NHPC,91,58,300,285.0,85500.0,Citizens Share Broker Limited,Naasa Securities Co. Ltd.,2026-04-30 11:04:54.684368
2026043004000310,NHPC,45,58,10,285.0,2850.0,Imperial Securities Company Pvt. Ltd.,Naasa Securities Co. Ltd.,2026-04-30 11:04:54.684389
2026043004000311,NHPC,40,58,100,285.0,28500.0,Creative Securities Pvt Ltd,Naasa Securities Co. Ltd.,2026-04-30 11:04:54.684412
2026043004000312,NHPC,47,58,50,285.0,14250.0,Neev Securities Pvt. Ltd.,Naasa Securities Co. Ltd.,2026-04-30 11:04:54.684432
2026043004000313,NHPC,54,58,250,284.1,71025.0,Sewa Securities Pvt. Ltd.,Naasa Securities Co. Ltd.,2026-04-30 11:04:54.684455
2026043004000314,NHPC,65,58,500,284.1,142050.0,Sharepro Securities Private Limited,Naasa Securities Co. Ltd.,2026-04-30 11:04:54.684479
2026043004000315,NHPC,65,58,500,284.1,142050.0,Sharepro Securities Private Limited,Naasa Securities Co. Ltd.,2026-04-30 11:04:54.684504
2026043004000316,NHPC,21,58,100,284.0,28400.0,Midas Stock Broking Company Private Limited,Naasa Securities Co. Ltd.,2026-04-30 11:04:54.684525
2026043004000317,NHPC,47,58,300,284.0,85200.0,Neev Securities Pvt. Ltd.,Naasa Securities Co. Ltd.,2026-04-30 11:04:54.684546
2026043004000318,NHPC,58,58,200,283.0,56600.0,Naasa Securities Co. Ltd.,Naasa Securities Co. Ltd.,2026-04-30 11:04:54.684567
2026043004000319,NHPC,40,58,100,283.0,28300.0,Creative Securities Pvt Ltd,Naasa Securities Co. Ltd.,2026-04-30 11:04:54.684613
2026043004000320,NHPC,29,58,130,283.0,36790.0,Trisul Securities & Invt. Ltd.,Naasa Securities Co. Ltd.,2026-04-30 11:04:54.684650
2026043004000321,NHPC,53,58,4121,283.0,1166243.0,Investment Management Nepal Pvt. Ltd.,Naasa Securities Co. Ltd.,2026-04-30 11:04:54.684673
2026043004000325,NHPC,53,85,879,283.0,248757.0,Investment Management Nepal Pvt. Ltd.,Capital Hub P. Ltd,2026-04-30 11:05:00.357472
2026043004000326,NHPC,74,85,50,282.7,14135.0,KALASH STOCK MARKET PVT. LTD.,Capital Hub P. Ltd,2026-04-30 11:05:00.357565
2026043004000327,NHPC,56,85,371,282.6,104844.6,Sri Hari Securities Pvt. Ltd.,Capital Hub P. Ltd,2026-04-30 11:05:00.357634
2026043004000432,NHPC,67,92,500,287.0,143500.0,Property Wiard Limited,Roadshow securities limited,2026-04-30 11:06:29.575465
2026043004000450,NHPC,56,46,50,286.2,14310.0,Sri Hari Securities Pvt. Ltd.,Kalika Securities Pvt. Ltd.,2026-04-30 11:06:43.151959
2026043004000470,NHPC,6,19,100,286.0,28600.0,Agrawal Securities (PVT) Ltd.,Nepal Investment And Securities Trading Private Limited,2026-04-30 11:07:03.723955
2026043004000478,NHPC,57,7,150,285.0,42750.0,Aryatara Investment & Securities,J.F. Securites (PVT) Ltd.,2026-04-30 11:07:08.474152
2026043004000479,NHPC,50,7,100,285.0,28500.0,Cristal Kanchanjanga Securites Pvt. Ltd.,J.F. Securites (PVT) Ltd.,2026-04-30 11:07:08.474256
2026043004000480,NHPC,22,7,200,283.2,56640.0,Siprabi Securities Pvt. Ltd.,J.F. Securites (PVT) Ltd.,2026-04-30 11:07:08.474360
2026043004000481,NHPC,74,7,20,283.2,5664.0,KALASH STOCK MARKET PVT. LTD.,J.F. Securites (PVT) Ltd.,2026-04-30 11:07:08.474424
2026043004000482,NHPC,38,7,20,283.2,5664.0,Dipshikha Dhitopatra Karobar Co. Pvt Ltd.,J.F. Securites (PVT) Ltd.,2026-04-30 11:07:08.474482
2026043004000483,NHPC,6,7,510,283.2,144432.0,Agrawal Securities (PVT) Ltd.,J.F. Securites (PVT) Ltd.,2026-04-30 11:07:08.474540
2026043004000521,NHPC,44,71,4200,285.0,1197000.0,Dynamic Money Managers Securities Pvt. Ltd.,SHUBHAKAMANA SECURITIES PVT. LTD,2026-04-30 11:07:36.282467
2026043004000525,NHPC,36,14,500,285.0,142500.0,Secured Securities Ltd.,Nepal Stock House (PVT) Ltd.,2026-04-30 11:07:47.398877
2026043004000537,NHPC,48,42,100,285.1,28510.0,Trishakti Securities Public Limited,Sani Securities Company Ltd.,2026-04-30 11:08:04.379296
2026043004000538,NHPC,36,42,205,285.0,58425.0,Secured Securities Ltd.,Sani Securities Company Ltd.,2026-04-30 11:08:04.379341
2026043004000556,NHPC,58,92,25,286.0,7150.0,Naasa Securities Co. Ltd.,Roadshow securities limited,2026-04-30 11:08:21.337024
2026043004000558,NHPC,36,38,795,285.0,226575.0,Secured Securities Ltd.,Dipshikha Dhitopatra Karobar Co. Pvt Ltd.,2026-04-30 11:08:25.121505
2026043004000559,NHPC,45,38,50,285.0,14250.0,Imperial Securities Company Pvt. Ltd.,Dipshikha Dhitopatra Karobar Co. Pvt Ltd.,2026-04-30 11:08:25.121667
2026043004000560,NHPC,57,38,30,285.0,8550.0,Aryatara Investment & Securities,Dipshikha Dhitopatra Karobar Co. Pvt Ltd.,2026-04-30 11:08:25.121746
2026043004000561,NHPC,1,38,125,285.0,35625.0,Kumari Securities Private Limited,Dipshikha Dhitopatra Karobar Co. Pvt Ltd.,2026-04-30 11:08:25.121828
2026043004000564,NHPC,1,42,875,285.0,249375.0,Kumari Securities Private Limited,Sani Securities Company Ltd.,2026-04-30 11:08:25.658867
2026043004000565,NHPC,42,42,150,285.0,42750.0,Sani Securities Company Ltd.,Sani Securities Company Ltd.,2026-04-30 11:08:25.659223
2026043004000572,NHPC,39,42,1000,285.0,285000.0,Sumeru Securities Pvt. Ltd.,Sani Securities Company Ltd.,2026-04-30 11:08:33.932016
2026043004000573,NHPC,35,42,7000,285.0,1995000.0,Kohinoor Investment & Securities Pvt. Ltd.,Sani Securities Company Ltd.,2026-04-30 11:08:34.608276
2026043004000590,NHPC,74,36,51,284.1,14489.1,KALASH STOCK MARKET PVT. LTD.,Secured Securities Ltd.,2026-04-30 11:08:46.531205
2026043004000591,NHPC,19,36,49,284.0,13916.0,Nepal Investment And Securities Trading Private Limited,Secured Securities Ltd.,2026-04-30 11:08:46.531381
2026043004000594,NHPC,56,42,59,285.0,16815.0,Sri Hari Securities Pvt. Ltd.,Sani Securities Company Ltd.,2026-04-30 11:08:49.999937
2026043004000595,NHPC,19,14,300,284.0,85200.0,Nepal Investment And Securities Trading Private Limited,Nepal Stock House (PVT) Ltd.,2026-04-30 11:08:51.012547
2026043004000596,NHPC,58,42,25,285.0,7125.0,Naasa Securities Co. Ltd.,Sani Securities Company Ltd.,2026-04-30 11:08:53.651147
2026043004000601,NHPC,58,38,1000,284.3,284300.0,Naasa Securities Co. Ltd.,Dipshikha Dhitopatra Karobar Co. Pvt Ltd.,2026-04-30 11:08:54.584251
2026043004000603,NHPC,58,42,100,285.0,28500.0,Naasa Securities Co. Ltd.,Sani Securities Company Ltd.,2026-04-30 11:08:59.970295
2026043004000622,NHPC,42,42,24,285.0,6840.0,Sani Securities Company Ltd.,Sani Securities Company Ltd.,2026-04-30 11:09:33.724674
2026043004000623,NHPC,52,42,150,285.0,42750.0,Sundhara Securities Limited,Sani Securities Company Ltd.,2026-04-30 11:09:35.785877
2026043004000624,NHPC,25,42,500,285.0,142500.0,Sweta Securities Private Limited,Sani Securities Company Ltd.,2026-04-30 11:09:38.449564
2026043004000631,NHPC,3,42,19,285.0,5415.0,Arun Securities (PVT) Ltd.,Sani Securities Company Ltd.,2026-04-30 11:09:42.831687
2026043004000632,NHPC,19,38,1000,284.0,284000.0,Nepal Investment And Securities Trading Private Limited,Dipshikha Dhitopatra Karobar Co. Pvt Ltd.,2026-04-30 11:09:42.872200
2026043004000635,NHPC,19,42,651,284.0,184884.0,Nepal Investment And Securities Trading Private Limited,Sani Securities Company Ltd.,2026-04-30 11:09:49.890132
2026043004000636,NHPC,52,42,200,284.0,56800.0,Sundhara Securities Limited,Sani Securities Company Ltd.,2026-04-30 11:09:49.890340
2026043004000637,NHPC,50,42,100,283.5,28350.0,Cristal Kanchanjanga Securites Pvt. Ltd.,Sani Securities Company Ltd.,2026-04-30 11:09:49.890437
2026043004000638,NHPC,74,42,100,283.4,28340.0,KALASH STOCK MARKET PVT. LTD.,Sani Securities Company Ltd.,2026-04-30 11:09:49.890526
2026043004000639,NHPC,22,42,200,283.4,56680.0,Siprabi Securities Pvt. Ltd.,Sani Securities Company Ltd.,2026-04-30 11:09:49.890615
2026043004000640,NHPC,44,42,1000,283.4,283400.0,Dynamic Money Managers Securities Pvt. Ltd.,Sani Securities Company Ltd.,2026-04-30 11:09:49.890707
2026043004000641,NHPC,13,42,1000,283.3,283300.0,Thrive Brokerage House Pvt. Ltd,Sani Securities Company Ltd.,2026-04-30 11:09:49.890797
2026043004000642,NHPC,38,42,200,283.3,56660.0,Dipshikha Dhitopatra Karobar Co. Pvt Ltd.,Sani Securities Company Ltd.,2026-04-30 11:09:49.890885
2026043004000643,NHPC,62,42,2000,283.3,566600.0,Capital Max Securities Ltd,Sani Securities Company Ltd.,2026-04-30 11:09:49.890973
2026043004000644,NHPC,6,42,490,283.2,138768.0,Agrawal Securities (PVT) Ltd.,Sani Securities Company Ltd.,2026-04-30 11:09:49.891062
2026043004000645,NHPC,77,42,59,283.2,16708.8,Nabil Stock Dealer Ltd.,Sani Securities Company Ltd.,2026-04-30 11:09:49.891148
2026043004000650,NHPC,98,42,98,285.0,27930.0,Trademow Securities Private Limited,Sani Securities Company Ltd.,2026-04-30 11:09:53.522154
2026043004000651,NHPC,98,33,402,285.0,114570.0,Trademow Securities Private Limited,Dakshinkali Investment & Securities Pvt. Ltd.,2026-04-30 11:09:53.522333
2026043004000653,NHPC,44,33,598,285.0,170430.0,Dynamic Money Managers Securities Pvt. Ltd.,Dakshinkali Investment & Securities Pvt. Ltd.,2026-04-30 11:09:55.396219
2026043004000654,NHPC,44,67,50,285.0,14250.0,Dynamic Money Managers Securities Pvt. Ltd.,Property Wiard Limited,2026-04-30 11:09:55.396399
2026043004000672,NHPC,44,3,500,285.0,142500.0,Dynamic Money Managers Securities Pvt. Ltd.,Arun Securities (PVT) Ltd.,2026-04-30 11:10:10.425163
2026043004000674,NHPC,1,42,100,285.0,28500.0,Kumari Securities Private Limited,Sani Securities Company Ltd.,2026-04-30 11:10:13.730073
2026043004000675,NHPC,44,42,100,285.0,28500.0,Dynamic Money Managers Securities Pvt. Ltd.,Sani Securities Company Ltd.,2026-04-30 11:10:13.730452
2026043004000681,NHPC,34,42,300,285.0,85500.0,Vision Securities Pvt. Ltd,Sani Securities Company Ltd.,2026-04-30 11:10:18.865678
2026043004000696,NHPC,64,45,1000,283.6,283600.0,SUN SECURITIES PVT LTD,Imperial Securities Company Pvt. Ltd.,2026-04-30 11:10:33.293144
2026043004000697,NHPC,44,42,4500,285.0,1282500.0,Dynamic Money Managers Securities Pvt. Ltd.,Sani Securities Company Ltd.,2026-04-30 11:10:36.260620
2026043004000723,NHPC,35,32,64,284.0,18176.0,Kohinoor Investment & Securities Pvt. Ltd.,Premier Securities Company Ltd.,2026-04-30 11:11:06.400892
2026043004000783,NHPC,34,58,10,284.1,2841.0,Vision Securities Pvt. Ltd,Naasa Securities Co. Ltd.,2026-04-30 11:11:43.691197
2026043004000794,NHPC,1,42,200,285.0,57000.0,Kumari Securities Private Limited,Sani Securities Company Ltd.,2026-04-30 11:11:49.940164
2026043004000796,NHPC,34,38,90,284.1,25569.0,Vision Securities Pvt. Ltd,Dipshikha Dhitopatra Karobar Co. Pvt Ltd.,2026-04-30 11:11:51.281246
2026043004000797,NHPC,35,38,918,284.0,260712.0,Kohinoor Investment & Securities Pvt. Ltd.,Dipshikha Dhitopatra Karobar Co. Pvt Ltd.,2026-04-30 11:11:51.281456
2026043004000799,NHPC,94,42,200,285.0,57000.0,K.B.L. Securities Limited ,Sani Securities Company Ltd.,2026-04-30 11:11:52.671520
2026043004000814,NHPC,35,58,18,284.0,5112.0,Kohinoor Investment & Securities Pvt. Ltd.,Naasa Securities Co. Ltd.,2026-04-30 11:11:57.212189
2026043004000835,NHPC,1,14,503,284.0,142852.0,Kumari Securities Private Limited,Nepal Stock House (PVT) Ltd.,2026-04-30 11:12:08.734008
2026043004000836,NHPC,44,34,500,284.9,142450.0,Dynamic Money Managers Securities Pvt. Ltd.,Vision Securities Pvt. Ltd,2026-04-30 11:12:09.085398
2026043004000837,NHPC,44,42,652,285.0,185820.0,Dynamic Money Managers Securities Pvt. Ltd.,Sani Securities Company Ltd.,2026-04-30 11:12:09.085599
2026043004000881,NHPC,1,42,497,284.0,141148.0,Kumari Securities Private Limited,Sani Securities Company Ltd.,2026-04-30 11:12:35.045808
2026043004000882,NHPC,42,42,300,284.0,85200.0,Sani Securities Company Ltd.,Sani Securities Company Ltd.,2026-04-30 11:12:35.046032
2026043004000883,NHPC,42,42,10,284.0,2840.0,Sani Securities Company Ltd.,Sani Securities Company Ltd.,2026-04-30 11:12:35.046138
2026043004000884,NHPC,13,42,500,284.0,142000.0,Thrive Brokerage House Pvt. Ltd,Sani Securities Company Ltd.,2026-04-30 11:12:35.046245
2026043004000885,NHPC,4,42,135,284.0,38340.0,Opal Securities Investment (PVT) Ltd.,Sani Securities Company Ltd.,2026-04-30 11:12:35.046354
2026043004000886,NHPC,58,42,58,283.6,16448.8,Naasa Securities Co. Ltd.,Sani Securities Company Ltd.,2026-04-30 11:12:35.046462
2026043004000908,NHPC,17,58,1000,283.7,283700.0,ABC Securities Private Limited,Naasa Securities Co. Ltd.,2026-04-30 11:12:50.899622
2026043004000910,NHPC,5,33,10,284.9,2849.0,Market Securities & Exchange (PVT) Ltd.,Dakshinkali Investment & Securities Pvt. Ltd.,2026-04-30 11:12:53.153350
2026043004000911,NHPC,58,42,1500,283.6,425400.0,Naasa Securities Co. Ltd.,Sani Securities Company Ltd.,2026-04-30 11:12:53.365328
2026043004000932,NHPC,88,33,490,284.9,139601.0,Blue Chip Securities Ltd,Dakshinkali Investment & Securities Pvt. Ltd.,2026-04-30 11:13:14.696779
2026043004000933,NHPC,88,42,1510,285.0,430350.0,Blue Chip Securities Ltd,Sani Securities Company Ltd.,2026-04-30 11:13:14.696825
2026043004000935,NHPC,34,42,2438,285.0,694830.0,Vision Securities Pvt. Ltd,Sani Securities Company Ltd.,2026-04-30 11:13:15.998298
2026043004000936,NHPC,34,94,300,285.0,85500.0,Vision Securities Pvt. Ltd,K.B.L. Securities Limited ,2026-04-30 11:13:15.998805
2026043004000937,NHPC,34,38,1000,285.0,285000.0,Vision Securities Pvt. Ltd,Dipshikha Dhitopatra Karobar Co. Pvt Ltd.,2026-04-30 11:13:15.999140
2026043004000942,NHPC,34,3,1000,285.0,285000.0,Vision Securities Pvt. Ltd,Arun Securities (PVT) Ltd.,2026-04-30 11:13:20.091035
2026043004001025,NHPC,60,58,35,285.5,9992.5,Nagarik Stock Dealer ,Naasa Securities Co. Ltd.,2026-04-30 11:14:16.062438
2026043004001026,NHPC,58,58,115,285.1,32786.5,Naasa Securities Co. Ltd.,Naasa Securities Co. Ltd.,2026-04-30 11:14:16.062928
2026043004001027,NHPC,34,58,262,285.0,74670.0,Vision Securities Pvt. Ltd,Naasa Securities Co. Ltd.,2026-04-30 11:14:16.063283
2026043004001028,NHPC,22,58,1000,285.0,285000.0,Siprabi Securities Pvt. Ltd.,Naasa Securities Co. Ltd.,2026-04-30 11:14:16.063670
2026043004001029,NHPC,64,58,2000,285.0,570000.0,SUN SECURITIES PVT LTD,Naasa Securities Co. Ltd.,2026-04-30 11:14:16.064033
2026043004001030,NHPC,32,58,20,285.0,5700.0,Premier Securities Company Ltd.,Naasa Securities Co. Ltd.,2026-04-30 11:14:16.064405
2026043004001031,NHPC,29,58,200,285.0,57000.0,Trisul Securities & Invt. Ltd.,Naasa Securities Co. Ltd.,2026-04-30 11:14:16.064765
2026043004001032,NHPC,63,58,200,285.0,57000.0,Himalayan Brokerage Company Limited,Naasa Securities Co. Ltd.,2026-04-30 11:14:16.065138
2026043004001033,NHPC,58,58,15,285.0,4275.0,Naasa Securities Co. Ltd.,Naasa Securities Co. Ltd.,2026-04-30 11:14:16.065511
2026043004001051,NHPC,74,58,50,285.0,14250.0,KALASH STOCK MARKET PVT. LTD.,Naasa Securities Co. Ltd.,2026-04-30 11:14:25.404990
2026043004001070,NHPC,57,58,500,285.0,142500.0,Aryatara Investment & Securities,Naasa Securities Co. Ltd.,2026-04-30 11:14:34.573880
2026043004001074,NHPC,40,58,100,285.0,28500.0,Creative Securities Pvt Ltd,Naasa Securities Co. Ltd.,2026-04-30 11:14:37.096630
2026043004001075,NHPC,34,60,100,284.5,28450.0,Vision Securities Pvt. Ltd,Nagarik Stock Dealer ,2026-04-30 11:14:38.523363
2026043004001079,NHPC,16,60,200,284.5,56900.0,Primo Securities (PVT) Ltd.,Nagarik Stock Dealer ,2026-04-30 11:14:38.925972
2026043004001092,NHPC,58,58,13,285.0,3705.0,Naasa Securities Co. Ltd.,Naasa Securities Co. Ltd.,2026-04-30 11:14:41.639526
2026043004001093,NHPC,17,58,490,285.0,139650.0,ABC Securities Private Limited,Naasa Securities Co. Ltd.,2026-04-30 11:14:41.880484
2026043004001127,NHPC,58,34,32,285.1,9123.2,Naasa Securities Co. Ltd.,Vision Securities Pvt. Ltd,2026-04-30 11:15:08.996055
2026043004001130,NHPC,51,34,350,285.1,99785.0,Oxford Securities Pvt. Ltd.,Vision Securities Pvt. Ltd,2026-04-30 11:15:11.743671
2026043004001131,NHPC,42,34,253,285.1,72130.3,Sani Securities Company Ltd.,Vision Securities Pvt. Ltd,2026-04-30 11:15:14.334854
2026043004001161,NHPC,45,34,100,286.1,28610.0,Imperial Securities Company Pvt. Ltd.,Vision Securities Pvt. Ltd,2026-04-30 11:15:40.598130
2026043004001162,NHPC,45,46,900,286.2,257580.0,Imperial Securities Company Pvt. Ltd.,Kalika Securities Pvt. Ltd.,2026-04-30 11:15:40.598725
2026043004001169,NHPC,42,38,10,285.1,2851.0,Sani Securities Company Ltd.,Dipshikha Dhitopatra Karobar Co. Pvt Ltd.,2026-04-30 11:15:52.356985
2026043004001198,NHPC,58,32,40,286.0,11440.0,Naasa Securities Co. Ltd.,Premier Securities Company Ltd.,2026-04-30 11:16:12.775003
2026043004001236,NHPC,38,32,60,286.0,17160.0,Dipshikha Dhitopatra Karobar Co. Pvt Ltd.,Premier Securities Company Ltd.,2026-04-30 11:16:53.559156
2026043004001241,NHPC,58,46,100,286.2,28620.0,Naasa Securities Co. Ltd.,Kalika Securities Pvt. Ltd.,2026-04-30 11:17:05.729764
2026043004001242,NHPC,38,34,300,286.0,85800.0,Dipshikha Dhitopatra Karobar Co. Pvt Ltd.,Vision Securities Pvt. Ltd,2026-04-30 11:17:05.992862
2026043004001289,NHPC,8,42,100,286.2,28620.0,Brilliant Securities Pvt. Ltd.,Sani Securities Company Ltd.,2026-04-30 11:17:24.684624
2026043004001290,NHPC,38,42,140,286.0,40040.0,Dipshikha Dhitopatra Karobar Co. Pvt Ltd.,Sani Securities Company Ltd.,2026-04-30 11:17:24.684902
2026043004001291,NHPC,25,42,60,286.0,17160.0,Sweta Securities Private Limited,Sani Securities Company Ltd.,2026-04-30 11:17:24.685047
2026043004001292,NHPC,32,42,600,286.0,171600.0,Premier Securities Company Ltd.,Sani Securities Company Ltd.,2026-04-30 11:17:24.685193
2026043004001293,NHPC,49,42,50,286.0,14300.0,Online Securities Pvt. Ltd.,Sani Securities Company Ltd.,2026-04-30 11:17:24.685347
2026043004001294,NHPC,42,42,500,285.5,142750.0,Sani Securities Company Ltd.,Sani Securities Company Ltd.,2026-04-30 11:17:24.685490
2026043004001295,NHPC,42,42,37,285.1,10548.7,Sani Securities Company Ltd.,Sani Securities Company Ltd.,2026-04-30 11:17:24.685636
2026043004001296,NHPC,56,42,690,285.1,196719.0,Sri Hari Securities Pvt. Ltd.,Sani Securities Company Ltd.,2026-04-30 11:17:24.685789
2026043004001297,NHPC,57,42,10,285.1,2851.0,Aryatara Investment & Securities,Sani Securities Company Ltd.,2026-04-30 11:17:24.685931
2026043004001298,NHPC,17,42,510,285.0,145350.0,ABC Securities Private Limited,Sani Securities Company Ltd.,2026-04-30 11:17:24.686067
2026043004001299,NHPC,42,42,300,285.0,85500.0,Sani Securities Company Ltd.,Sani Securities Company Ltd.,2026-04-30 11:17:24.686211
2026043004001300,NHPC,18,42,200,285.0,57000.0,Sagarmatha Securities Private Limited,Sani Securities Company Ltd.,2026-04-30 11:17:24.686357
2026043004001301,NHPC,19,42,10,285.0,2850.0,Nepal Investment And Securities Trading Private Limited,Sani Securities Company Ltd.,2026-04-30 11:17:24.686499
2026043004001302,NHPC,48,42,793,285.0,226005.0,Trishakti Securities Public Limited,Sani Securities Company Ltd.,2026-04-30 11:17:24.686637
2026043004001310,NHPC,48,42,207,285.0,58995.0,Trishakti Securities Public Limited,Sani Securities Company Ltd.,2026-04-30 11:17:36.622581
2026043004001311,NHPC,50,42,500,285.0,142500.0,Cristal Kanchanjanga Securites Pvt. Ltd.,Sani Securities Company Ltd.,2026-04-30 11:17:36.622855
2026043004001312,NHPC,36,42,500,285.0,142500.0,Secured Securities Ltd.,Sani Securities Company Ltd.,2026-04-30 11:17:36.623004
2026043004001313,NHPC,58,42,100,285.0,28500.0,Naasa Securities Co. Ltd.,Sani Securities Company Ltd.,2026-04-30 11:17:36.623144
2026043004001354,NHPC,44,42,150,285.0,42750.0,Dynamic Money Managers Securities Pvt. Ltd.,Sani Securities Company Ltd.,2026-04-30 11:18:05.151410
2026043004001365,NHPC,32,42,90,285.0,25650.0,Premier Securities Company Ltd.,Sani Securities Company Ltd.,2026-04-30 11:18:10.895974
2026043004001387,NHPC,57,42,600,285.0,171000.0,Aryatara Investment & Securities,Sani Securities Company Ltd.,2026-04-30 11:18:31.673598
2026043004001424,NHPC,45,52,500,284.2,142100.0,Imperial Securities Company Pvt. Ltd.,Sundhara Securities Limited,2026-04-30 11:18:56.371819
2026043004001425,NHPC,56,52,20,284.1,5682.0,Sri Hari Securities Pvt. Ltd.,Sundhara Securities Limited,2026-04-30 11:18:56.372480
2026043004001426,NHPC,34,52,20,284.1,5682.0,Vision Securities Pvt. Ltd,Sundhara Securities Limited,2026-04-30 11:18:56.372959
2026043004001427,NHPC,29,52,250,284.1,71025.0,Trisul Securities & Invt. Ltd.,Sundhara Securities Limited,2026-04-30 11:18:56.373416
2026043004001428,NHPC,58,52,100,284.1,28410.0,Naasa Securities Co. Ltd.,Sundhara Securities Limited,2026-04-30 11:18:56.373853
2026043004001433,NHPC,44,42,2853,285.0,813105.0,Dynamic Money Managers Securities Pvt. Ltd.,Sani Securities Company Ltd.,2026-04-30 11:19:05.046893
2026043004001434,NHPC,44,38,147,285.0,41895.0,Dynamic Money Managers Securities Pvt. Ltd.,Dipshikha Dhitopatra Karobar Co. Pvt Ltd.,2026-04-30 11:19:05.047529
2026043004001457,NHPC,25,38,200,285.0,57000.0,Sweta Securities Private Limited,Dipshikha Dhitopatra Karobar Co. Pvt Ltd.,2026-04-30 11:19:25.974341
2026043004001469,NHPC,14,59,300,284.5,85350.0,Nepal Stock House (PVT) Ltd.,Deevyaa Securities & Stock House Pvt. Ltd,2026-04-30 11:19:36.441810
2026043004001470,NHPC,14,38,653,285.0,186105.0,Nepal Stock House (PVT) Ltd.,Dipshikha Dhitopatra Karobar Co. Pvt Ltd.,2026-04-30 11:19:36.442116
2026043004001508,NHPC,14,58,147,285.0,41895.0,Nepal Stock House (PVT) Ltd.,Naasa Securities Co. Ltd.,2026-04-30 11:19:46.863679
2026043004001509,NHPC,22,58,1100,284.3,312730.0,Siprabi Securities Pvt. Ltd.,Naasa Securities Co. Ltd.,2026-04-30 11:19:46.864013
2026043004001510,NHPC,44,58,1000,284.3,284300.0,Dynamic Money Managers Securities Pvt. Ltd.,Naasa Securities Co. Ltd.,2026-04-30 11:19:46.864167
2026043004001511,NHPC,49,58,500,284.2,142100.0,Online Securities Pvt. Ltd.,Naasa Securities Co. Ltd.,2026-04-30 11:19:46.864361
2026043004001512,NHPC,58,58,400,284.1,113640.0,Naasa Securities Co. Ltd.,Naasa Securities Co. Ltd.,2026-04-30 11:19:46.864506
2026043004001513,NHPC,45,58,200,284.1,56820.0,Imperial Securities Company Pvt. Ltd.,Naasa Securities Co. Ltd.,2026-04-30 11:19:46.864656
2026043004001514,NHPC,36,58,300,284.1,85230.0,Secured Securities Ltd.,Naasa Securities Co. Ltd.,2026-04-30 11:19:46.864833
2026043004001526,NHPC,49,58,150,284.1,42615.0,Online Securities Pvt. Ltd.,Naasa Securities Co. Ltd.,2026-04-30 11:19:53.074663
2026043004001531,NHPC,42,42,1500,284.0,426000.0,Sani Securities Company Ltd.,Sani Securities Company Ltd.,2026-04-30 11:20:00.022198
2026043004001532,NHPC,19,42,10,284.0,2840.0,Nepal Investment And Securities Trading Private Limited,Sani Securities Company Ltd.,2026-04-30 11:20:00.022866
2026043004001533,NHPC,56,42,355,284.0,100820.0,Sri Hari Securities Pvt. Ltd.,Sani Securities Company Ltd.,2026-04-30 11:20:00.023340
2026043004001534,NHPC,58,42,57,284.0,16188.0,Naasa Securities Co. Ltd.,Sani Securities Company Ltd.,2026-04-30 11:20:00.023790
2026043004001535,NHPC,34,42,20,284.0,5680.0,Vision Securities Pvt. Ltd,Sani Securities Company Ltd.,2026-04-30 11:20:00.024239
2026043004001536,NHPC,58,42,1000,284.0,284000.0,Naasa Securities Co. Ltd.,Sani Securities Company Ltd.,2026-04-30 11:20:00.024698
2026043004001537,NHPC,22,42,1000,284.0,284000.0,Siprabi Securities Pvt. Ltd.,Sani Securities Company Ltd.,2026-04-30 11:20:00.025140
2026043004001538,NHPC,58,42,500,284.0,142000.0,Naasa Securities Co. Ltd.,Sani Securities Company Ltd.,2026-04-30 11:20:00.025585
2026043004001539,NHPC,39,42,40,284.0,11360.0,Sumeru Securities Pvt. Ltd.,Sani Securities Company Ltd.,2026-04-30 11:20:00.026009
2026043004001547,NHPC,36,42,500,284.0,142000.0,Secured Securities Ltd.,Sani Securities Company Ltd.,2026-04-30 11:20:07.556837
2026043004001552,NHPC,44,42,18,284.0,5112.0,Dynamic Money Managers Securities Pvt. Ltd.,Sani Securities Company Ltd.,2026-04-30 11:20:14.021126
2026043004001553,NHPC,44,58,152,284.1,43183.2,Dynamic Money Managers Securities Pvt. Ltd.,Naasa Securities Co. Ltd.,2026-04-30 11:20:14.021458
2026043004001564,NHPC,47,32,10,284.0,2840.0,Neev Securities Pvt. Ltd.,Premier Securities Company Ltd.,2026-04-30 11:20:25.620085
2026043004001565,NHPC,57,32,15,283.7,4255.5,Aryatara Investment & Securities,Premier Securities Company Ltd.,2026-04-30 11:20:25.620404
2026043004001575,NHPC,44,58,190,284.1,53979.0,Dynamic Money Managers Securities Pvt. Ltd.,Naasa Securities Co. Ltd.,2026-04-30 11:20:38.076461
2026043004001606,NHPC,57,58,26,283.7,7376.2,Aryatara Investment & Securities,Naasa Securities Co. Ltd.,2026-04-30 11:20:54.542893
2026043004001612,NHPC,57,36,109,283.7,30923.3,Aryatara Investment & Securities,Secured Securities Ltd.,2026-04-30 11:21:00.680030
2026043004001613,NHPC,5,36,200,283.7,56740.0,Market Securities & Exchange (PVT) Ltd.,Secured Securities Ltd.,2026-04-30 11:21:00.680368
2026043004001614,NHPC,58,36,191,283.6,54167.6,Naasa Securities Co. Ltd.,Secured Securities Ltd.,2026-04-30 11:21:00.680529
2026043004001652,NHPC,58,57,10,283.6,2836.0,Naasa Securities Co. Ltd.,Aryatara Investment & Securities,2026-04-30 11:21:29.367055
2026043004001660,NHPC,25,14,65,283.7,18440.5,Sweta Securities Private Limited,Nepal Stock House (PVT) Ltd.,2026-04-30 11:21:35.594303
2026043004001705,NHPC,1,1,65,283.7,18440.5,Kumari Securities Private Limited,Kumari Securities Private Limited,2026-04-30 11:22:04.603109
2026043004001706,NHPC,58,1,241,283.6,68347.6,Naasa Securities Co. Ltd.,Kumari Securities Private Limited,2026-04-30 11:22:04.603164
2026043004001707,NHPC,41,1,100,283.6,28360.0,Linch Stock Market Ltd.,Kumari Securities Private Limited,2026-04-30 11:22:04.603215
2026043004001708,NHPC,35,1,94,283.6,26658.4,Kohinoor Investment & Securities Pvt. Ltd.,Kumari Securities Private Limited,2026-04-30 11:22:04.603250
2026043004001786,NHPC,42,74,10,283.5,2835.0,Sani Securities Company Ltd.,KALASH STOCK MARKET PVT. LTD.,2026-04-30 11:22:42.086205
2026043004001787,NHPC,17,74,200,283.5,56700.0,ABC Securities Private Limited,KALASH STOCK MARKET PVT. LTD.,2026-04-30 11:22:42.086920
2026043004001788,NHPC,58,74,50,283.5,14175.0,Naasa Securities Co. Ltd.,KALASH STOCK MARKET PVT. LTD.,2026-04-30 11:22:42.087552
2026043004001835,NHPC,36,42,450,283.5,127575.0,Secured Securities Ltd.,Sani Securities Company Ltd.,2026-04-30 11:22:56.384154
2026043004001839,NHPC,42,42,150,283.5,42525.0,Sani Securities Company Ltd.,Sani Securities Company Ltd.,2026-04-30 11:22:58.579136
2026043004001840,NHPC,42,57,150,283.5,42525.0,Sani Securities Company Ltd.,Aryatara Investment & Securities,2026-04-30 11:23:00.480958
2026043004001841,NHPC,74,57,15,283.3,4249.5,KALASH STOCK MARKET PVT. LTD.,Aryatara Investment & Securities,2026-04-30 11:23:00.481327
2026043004001842,NHPC,49,57,50,283.3,14165.0,Online Securities Pvt. Ltd.,Aryatara Investment & Securities,2026-04-30 11:23:00.481505
2026043004001843,NHPC,77,57,941,283.2,266491.2,Nabil Stock Dealer Ltd.,Aryatara Investment & Securities,2026-04-30 11:23:00.481673
2026043004001844,NHPC,74,57,50,283.1,14155.0,KALASH STOCK MARKET PVT. LTD.,Aryatara Investment & Securities,2026-04-30 11:23:00.481843
2026043004001845,NHPC,65,57,500,283.1,141550.0,Sharepro Securities Private Limited,Aryatara Investment & Securities,2026-04-30 11:23:00.482005
2026043004001846,NHPC,19,57,130,283.1,36803.0,Nepal Investment And Securities Trading Private Limited,Aryatara Investment & Securities,2026-04-30 11:23:00.482166
2026043004001847,NHPC,65,57,164,283.1,46428.4,Sharepro Securities Private Limited,Aryatara Investment & Securities,2026-04-30 11:23:00.482334
2026043004001865,NHPC,65,42,36,283.1,10191.6,Sharepro Securities Private Limited,Sani Securities Company Ltd.,2026-04-30 11:23:08.458530
2026043004001866,NHPC,58,42,2000,283.0,566000.0,Naasa Securities Co. Ltd.,Sani Securities Company Ltd.,2026-04-30 11:23:08.459251
2026043004001867,NHPC,47,42,25,283.0,7075.0,Neev Securities Pvt. Ltd.,Sani Securities Company Ltd.,2026-04-30 11:23:08.459938
2026043004001868,NHPC,19,42,10,283.0,2830.0,Nepal Investment And Securities Trading Private Limited,Sani Securities Company Ltd.,2026-04-30 11:23:08.460642
2026043004001869,NHPC,56,42,50,283.0,14150.0,Sri Hari Securities Pvt. Ltd.,Sani Securities Company Ltd.,2026-04-30 11:23:08.461242
2026043004001870,NHPC,52,42,100,283.0,28300.0,Sundhara Securities Limited,Sani Securities Company Ltd.,2026-04-30 11:23:08.461841
2026043004001871,NHPC,45,42,100,283.0,28300.0,Imperial Securities Company Pvt. Ltd.,Sani Securities Company Ltd.,2026-04-30 11:23:08.462521
2026043004001872,NHPC,52,42,200,283.0,56600.0,Sundhara Securities Limited,Sani Securities Company Ltd.,2026-04-30 11:23:08.463208
2026043004001873,NHPC,58,42,1750,283.0,495250.0,Naasa Securities Co. Ltd.,Sani Securities Company Ltd.,2026-04-30 11:23:08.463936
2026043004001874,NHPC,34,42,140,283.0,39620.0,Vision Securities Pvt. Ltd,Sani Securities Company Ltd.,2026-04-30 11:23:08.464633
2026043004001875,NHPC,56,42,20,283.0,5660.0,Sri Hari Securities Pvt. Ltd.,Sani Securities Company Ltd.,2026-04-30 11:23:08.465228
2026043004001876,NHPC,57,42,50,283.0,14150.0,Aryatara Investment & Securities,Sani Securities Company Ltd.,2026-04-30 11:23:08.465913
2026043004001877,NHPC,28,42,1000,283.0,283000.0,Shree Krishna Securities Ltd.,Sani Securities Company Ltd.,2026-04-30 11:23:08.466600
2026043004001878,NHPC,17,42,200,283.0,56600.0,ABC Securities Private Limited,Sani Securities Company Ltd.,2026-04-30 11:23:08.467237
2026043004001879,NHPC,49,42,1000,283.0,283000.0,Online Securities Pvt. Ltd.,Sani Securities Company Ltd.,2026-04-30 11:23:08.467918
2026043004001880,NHPC,48,42,1500,283.0,424500.0,Trishakti Securities Public Limited,Sani Securities Company Ltd.,2026-04-30 11:23:08.468598
2026043004001881,NHPC,26,42,1000,283.0,283000.0,Asian Securities Private Ltd.,Sani Securities Company Ltd.,2026-04-30 11:23:09.078027
2026043004001882,NHPC,16,42,330,283.0,93390.0,Primo Securities (PVT) Ltd.,Sani Securities Company Ltd.,2026-04-30 11:23:09.826436
2026043004001883,NHPC,45,42,100,283.0,28300.0,Imperial Securities Company Pvt. Ltd.,Sani Securities Company Ltd.,2026-04-30 11:23:10.892659
2026043004001886,NHPC,52,42,389,283.0,110087.0,Sundhara Securities Limited,Sani Securities Company Ltd.,2026-04-30 11:23:11.970780
2026043004001887,NHPC,52,42,450,283.0,127350.0,Sundhara Securities Limited,Sani Securities Company Ltd.,2026-04-30 11:23:11.971125
2026043004001888,NHPC,52,58,20,283.1,5662.0,Sundhara Securities Limited,Naasa Securities Co. Ltd.,2026-04-30 11:23:11.971287
2026043004001902,NHPC,58,26,50,284.0,14200.0,Naasa Securities Co. Ltd.,Asian Securities Private Ltd.,2026-04-30 11:23:26.558462
2026043004001903,NHPC,58,74,20,284.0,5680.0,Naasa Securities Co. Ltd.,KALASH STOCK MARKET PVT. LTD.,2026-04-30 11:23:27.458407
2026043004001959,NHPC,58,58,43,284.1,12216.3,Naasa Securities Co. Ltd.,Naasa Securities Co. Ltd.,2026-04-30 11:24:01.049609
2026043004001963,NHPC,58,6,30,284.0,8520.0,Naasa Securities Co. Ltd.,Agrawal Securities (PVT) Ltd.,2026-04-30 11:24:06.009072
2026043004001964,NHPC,58,6,25,284.0,7100.0,Naasa Securities Co. Ltd.,Agrawal Securities (PVT) Ltd.,2026-04-30 11:24:06.009853
2026043004001965,NHPC,52,6,245,284.0,69580.0,Sundhara Securities Limited,Agrawal Securities (PVT) Ltd.,2026-04-30 11:24:06.010360
2026043004001972,NHPC,57,58,818,284.1,232393.8,Aryatara Investment & Securities,Naasa Securities Co. Ltd.,2026-04-30 11:24:10.181628
2026043004001989,NHPC,48,28,770,284.3,218911.0,Trishakti Securities Public Limited,Shree Krishna Securities Ltd.,2026-04-30 11:24:24.508587
2026043004001990,NHPC,48,43,1100,285.0,313500.0,Trishakti Securities Public Limited,South Asian Bulls Pvt. Ltd.,2026-04-30 11:24:24.508711
2026043004001991,NHPC,48,29,130,285.0,37050.0,Trishakti Securities Public Limited,Trisul Securities & Invt. Ltd.,2026-04-30 11:24:24.508736
2026043004002042,NHPC,57,58,33,284.1,9375.3,Aryatara Investment & Securities,Naasa Securities Co. Ltd.,2026-04-30 11:24:57.885390
2026043004002051,NHPC,21,13,51,284.1,14489.1,Midas Stock Broking Company Private Limited,Thrive Brokerage House Pvt. Ltd,2026-04-30 11:25:02.577633
2026043004002052,NHPC,52,13,49,284.0,13916.0,Sundhara Securities Limited,Thrive Brokerage House Pvt. Ltd,2026-04-30 11:25:02.578365
2026043004002087,NHPC,17,29,347,285.0,98895.0,ABC Securities Private Limited,Trisul Securities & Invt. Ltd.,2026-04-30 11:25:32.564621
2026043004002089,NHPC,36,29,500,285.0,142500.0,Secured Securities Ltd.,Trisul Securities & Invt. Ltd.,2026-04-30 11:25:35.317808
2026043004002101,NHPC,66,29,23,285.0,6555.0,Miyo Securities Pvt Ltd,Trisul Securities & Invt. Ltd.,2026-04-30 11:25:40.262173
2026043004002112,NHPC,66,101,77,285.0,21945.0,Miyo Securities Pvt Ltd,APPLE SECURITIES PRIVATE LIMITED,2026-04-30 11:25:50.414418
2026043004002113,NHPC,50,101,123,285.0,35055.0,Cristal Kanchanjanga Securites Pvt. Ltd.,APPLE SECURITIES PRIVATE LIMITED,2026-04-30 11:25:50.414788
2026043004002114,NHPC,50,94,50,285.0,14250.0,Cristal Kanchanjanga Securites Pvt. Ltd.,K.B.L. Securities Limited ,2026-04-30 11:25:50.680838
2026043004002134,NHPC,57,58,149,285.0,42465.0,Aryatara Investment & Securities,Naasa Securities Co. Ltd.,2026-04-30 11:26:08.537467
2026043004002135,NHPC,45,58,51,285.0,14535.0,Imperial Securities Company Pvt. Ltd.,Naasa Securities Co. Ltd.,2026-04-30 11:26:08.537796
2026043004002142,NHPC,45,38,500,286.0,143000.0,Imperial Securities Company Pvt. Ltd.,Dipshikha Dhitopatra Karobar Co. Pvt Ltd.,2026-04-30 11:26:11.491563
2026043004002153,NHPC,35,59,20,286.0,5720.0,Kohinoor Investment & Securities Pvt. Ltd.,Deevyaa Securities & Stock House Pvt. Ltd,2026-04-30 11:26:20.972789
2026043004002166,NHPC,35,58,20,286.0,5720.0,Kohinoor Investment & Securities Pvt. Ltd.,Naasa Securities Co. Ltd.,2026-04-30 11:26:30.121288
2026043004002195,NHPC,35,42,200,286.0,57200.0,Kohinoor Investment & Securities Pvt. Ltd.,Sani Securities Company Ltd.,2026-04-30 11:26:50.409730
2026043004002239,NHPC,48,34,200,286.9,57380.0,Trishakti Securities Public Limited,Vision Securities Pvt. Ltd,2026-04-30 11:27:25.816481
2026043004002280,NHPC,34,92,300,287.0,86100.0,Vision Securities Pvt. Ltd,Roadshow securities limited,2026-04-30 11:28:02.939272
2026043004002294,NHPC,56,92,25,287.0,7175.0,Sri Hari Securities Pvt. Ltd.,Roadshow securities limited,2026-04-30 11:28:14.940249
2026043004002298,NHPC,29,92,20,287.0,5740.0,Trisul Securities & Invt. Ltd.,Roadshow securities limited,2026-04-30 11:28:19.933308
2026043004002301,NHPC,42,92,40,287.0,11480.0,Sani Securities Company Ltd.,Roadshow securities limited,2026-04-30 11:28:23.203753
2026043004002302,NHPC,42,28,10,287.0,2870.0,Sani Securities Company Ltd.,Shree Krishna Securities Ltd.,2026-04-30 11:28:23.204538
2026043004002303,NHPC,94,28,15,287.0,4305.0,K.B.L. Securities Limited ,Shree Krishna Securities Ltd.,2026-04-30 11:28:25.621110
2026043004002304,NHPC,94,56,10,287.0,2870.0,K.B.L. Securities Limited ,Sri Hari Securities Pvt. Ltd.,2026-04-30 11:28:25.621491
2026043004002305,NHPC,94,91,475,287.0,136325.0,K.B.L. Securities Limited ,Citizens Share Broker Limited,2026-04-30 11:28:25.621685
2026043004002310,NHPC,17,91,1525,287.0,437675.0,ABC Securities Private Limited,Citizens Share Broker Limited,2026-04-30 11:28:31.209459
2026043004002311,NHPC,17,36,80,287.0,22960.0,ABC Securities Private Limited,Secured Securities Ltd.,2026-04-30 11:28:31.209826
2026043004002312,NHPC,17,14,550,287.0,157850.0,ABC Securities Private Limited,Nepal Stock House (PVT) Ltd.,2026-04-30 11:28:31.210015
2026043004002317,NHPC,58,14,50,287.0,14350.0,Naasa Securities Co. Ltd.,Nepal Stock House (PVT) Ltd.,2026-04-30 11:28:34.540207
2026043004002328,NHPC,58,14,500,287.0,143500.0,Naasa Securities Co. Ltd.,Nepal Stock House (PVT) Ltd.,2026-04-30 11:28:37.470369
2026043004002329,NHPC,6,14,50,287.0,14350.0,Agrawal Securities (PVT) Ltd.,Nepal Stock House (PVT) Ltd.,2026-04-30 11:28:38.438112
2026043004002332,NHPC,35,14,310,287.0,88970.0,Kohinoor Investment & Securities Pvt. Ltd.,Nepal Stock House (PVT) Ltd.,2026-04-30 11:28:41.399380
2026043004002358,NHPC,94,59,100,288.0,28800.0,K.B.L. Securities Limited ,Deevyaa Securities & Stock House Pvt. Ltd,2026-04-30 11:29:04.654665
2026043004002359,NHPC,94,58,59,288.0,16992.0,K.B.L. Securities Limited ,Naasa Securities Co. Ltd.,2026-04-30 11:29:04.655504
2026043004002363,NHPC,38,58,500,288.0,144000.0,Dipshikha Dhitopatra Karobar Co. Pvt Ltd.,Naasa Securities Co. Ltd.,2026-04-30 11:29:09.796247
2026043004002371,NHPC,46,58,36,288.0,10368.0,Kalika Securities Pvt. Ltd.,Naasa Securities Co. Ltd.,2026-04-30 11:29:14.328753
2026043004002372,NHPC,18,58,100,288.0,28800.0,Sagarmatha Securities Private Limited,Naasa Securities Co. Ltd.,2026-04-30 11:29:15.014950
2026043004002375,NHPC,36,58,50,288.0,14400.0,Secured Securities Ltd.,Naasa Securities Co. Ltd.,2026-04-30 11:29:18.379219
2026043004002397,NHPC,42,58,20,288.0,5760.0,Sani Securities Company Ltd.,Naasa Securities Co. Ltd.,2026-04-30 11:29:36.141251
2026043004002402,NHPC,35,45,50,287.0,14350.0,Kohinoor Investment & Securities Pvt. Ltd.,Imperial Securities Company Pvt. Ltd.,2026-04-30 11:29:38.557348
2026043004002427,NHPC,51,58,25,288.0,7200.0,Oxford Securities Pvt. Ltd.,Naasa Securities Co. Ltd.,2026-04-30 11:30:00.205224
2026043004002437,NHPC,21,58,165,288.0,47520.0,Midas Stock Broking Company Private Limited,Naasa Securities Co. Ltd.,2026-04-30 11:30:09.303238
2026043004002459,NHPC,13,58,45,288.0,12960.0,Thrive Brokerage House Pvt. Ltd,Naasa Securities Co. Ltd.,2026-04-30 11:30:27.149643
2026043004002462,NHPC,13,34,100,288.0,28800.0,Thrive Brokerage House Pvt. Ltd,Vision Securities Pvt. Ltd,2026-04-30 11:30:30.692803
2026043004002474,NHPC,13,21,55,288.0,15840.0,Thrive Brokerage House Pvt. Ltd,Midas Stock Broking Company Private Limited,2026-04-30 11:30:38.465254
2026043004002475,NHPC,7,21,200,288.0,57600.0,J.F. Securites (PVT) Ltd.,Midas Stock Broking Company Private Limited,2026-04-30 11:30:38.465666
2026043004002492,NHPC,59,21,10,288.0,2880.0,Deevyaa Securities & Stock House Pvt. Ltd,Midas Stock Broking Company Private Limited,2026-04-30 11:30:44.638022
2026043004002503,NHPC,48,21,500,288.0,144000.0,Trishakti Securities Public Limited,Midas Stock Broking Company Private Limited,2026-04-30 11:30:53.266353
2026043004002522,NHPC,101,58,500,287.5,143750.0,APPLE SECURITIES PRIVATE LIMITED,Naasa Securities Co. Ltd.,2026-04-30 11:31:13.760364
2026043004002523,NHPC,35,58,140,287.0,40180.0,Kohinoor Investment & Securities Pvt. Ltd.,Naasa Securities Co. Ltd.,2026-04-30 11:31:13.761196
2026043004002524,NHPC,42,58,50,287.0,14350.0,Sani Securities Company Ltd.,Naasa Securities Co. Ltd.,2026-04-30 11:31:13.761829
2026043004002525,NHPC,42,58,20,287.0,5740.0,Sani Securities Company Ltd.,Naasa Securities Co. Ltd.,2026-04-30 11:31:13.762617
2026043004002526,NHPC,49,58,50,287.0,14350.0,Online Securities Pvt. Ltd.,Naasa Securities Co. Ltd.,2026-04-30 11:31:13.763337
2026043004002527,NHPC,42,58,500,287.0,143500.0,Sani Securities Company Ltd.,Naasa Securities Co. Ltd.,2026-04-30 11:31:13.763960
2026043004002528,NHPC,51,58,50,287.0,14350.0,Oxford Securities Pvt. Ltd.,Naasa Securities Co. Ltd.,2026-04-30 11:31:13.764607
2026043004002529,NHPC,58,58,50,287.0,14350.0,Naasa Securities Co. Ltd.,Naasa Securities Co. Ltd.,2026-04-30 11:31:13.765215
2026043004002530,NHPC,48,58,100,286.9,28690.0,Trishakti Securities Public Limited,Naasa Securities Co. Ltd.,2026-04-30 11:31:13.765821
2026043004002531,NHPC,35,58,760,286.0,217360.0,Kohinoor Investment & Securities Pvt. Ltd.,Naasa Securities Co. Ltd.,2026-04-30 11:31:13.766456
2026043004002532,NHPC,19,58,500,286.0,143000.0,Nepal Investment And Securities Trading Private Limited,Naasa Securities Co. Ltd.,2026-04-30 11:31:13.767109
2026043004002533,NHPC,19,58,100,286.0,28600.0,Nepal Investment And Securities Trading Private Limited,Naasa Securities Co. Ltd.,2026-04-30 11:31:13.767738
2026043004002534,NHPC,19,58,100,286.0,28600.0,Nepal Investment And Securities Trading Private Limited,Naasa Securities Co. Ltd.,2026-04-30 11:31:13.768264
2026043004002535,NHPC,34,58,100,285.2,28520.0,Vision Securities Pvt. Ltd,Naasa Securities Co. Ltd.,2026-04-30 11:31:13.768472
2026043004002536,NHPC,66,58,100,285.1,28510.0,Miyo Securities Pvt Ltd,Naasa Securities Co. Ltd.,2026-04-30 11:31:13.768678
2026043004002537,NHPC,45,58,949,285.0,270465.0,Imperial Securities Company Pvt. Ltd.,Naasa Securities Co. Ltd.,2026-04-30 11:31:13.768878
2026043004002538,NHPC,1,58,1000,285.0,285000.0,Kumari Securities Private Limited,Naasa Securities Co. Ltd.,2026-04-30 11:31:13.769095
2026043004002539,NHPC,13,58,500,285.0,142500.0,Thrive Brokerage House Pvt. Ltd,Naasa Securities Co. Ltd.,2026-04-30 11:31:13.769299
2026043004002540,NHPC,11,58,40,285.0,11400.0,Malla & Malla Stock Broking Company Pvt. Limited,Naasa Securities Co. Ltd.,2026-04-30 11:31:13.769531
2026043004002541,NHPC,81,58,100,285.0,28500.0,Aakashbhairab Securities Ltd.,Naasa Securities Co. Ltd.,2026-04-30 11:31:13.769748
2026043004002542,NHPC,37,58,300,285.0,85500.0,Swarna Laxmi Securities Pvt. Ltd.,Naasa Securities Co. Ltd.,2026-04-30 11:31:13.806068
2026043004002561,NHPC,49,58,31,285.0,8835.0,Online Securities Pvt. Ltd.,Naasa Securities Co. Ltd.,2026-04-30 11:31:26.867869
2026043004002563,NHPC,41,58,20,285.0,5700.0,Linch Stock Market Ltd.,Naasa Securities Co. Ltd.,2026-04-30 11:31:30.043520
2026043004002564,NHPC,45,58,200,285.0,57000.0,Imperial Securities Company Pvt. Ltd.,Naasa Securities Co. Ltd.,2026-04-30 11:31:31.012972
2026043004002571,NHPC,22,58,100,285.0,28500.0,Siprabi Securities Pvt. Ltd.,Naasa Securities Co. Ltd.,2026-04-30 11:31:36.087436
2026043004002581,NHPC,42,58,25,285.0,7125.0,Sani Securities Company Ltd.,Naasa Securities Co. Ltd.,2026-04-30 11:31:44.260653
2026043004002584,NHPC,70,58,500,285.0,142500.0,Infinity Securities Limited,Naasa Securities Co. Ltd.,2026-04-30 11:31:50.457455
2026043004002586,NHPC,34,58,900,285.0,256500.0,Vision Securities Pvt. Ltd,Naasa Securities Co. Ltd.,2026-04-30 11:31:53.473443
2026043004002598,NHPC,13,58,100,285.0,28500.0,Thrive Brokerage House Pvt. Ltd,Naasa Securities Co. Ltd.,2026-04-30 11:31:57.220944
2026043004002609,NHPC,45,58,250,285.0,71250.0,Imperial Securities Company Pvt. Ltd.,Naasa Securities Co. Ltd.,2026-04-30 11:32:00.084011
2026043004002610,NHPC,35,58,755,285.0,215175.0,Kohinoor Investment & Securities Pvt. Ltd.,Naasa Securities Co. Ltd.,2026-04-30 11:32:00.277236
2026043004002624,NHPC,50,35,10,285.1,2851.0,Cristal Kanchanjanga Securites Pvt. Ltd.,Kohinoor Investment & Securities Pvt. Ltd.,2026-04-30 11:32:11.779598
2026043004002657,NHPC,44,44,90,286.0,25740.0,Dynamic Money Managers Securities Pvt. Ltd.,Dynamic Money Managers Securities Pvt. Ltd.,2026-04-30 11:32:34.415212
2026043004002692,NHPC,49,38,200,287.0,57400.0,Online Securities Pvt. Ltd.,Dipshikha Dhitopatra Karobar Co. Pvt Ltd.,2026-04-30 11:33:02.463581
2026043004002701,NHPC,89,26,100,286.0,28600.0,Global IME Securities Limited,Asian Securities Private Ltd.,2026-04-30 11:33:16.529272
2026043004002705,NHPC,101,42,500,285.2,142600.0,APPLE SECURITIES PRIVATE LIMITED,Sani Securities Company Ltd.,2026-04-30 11:33:21.291638
2026043004002706,NHPC,74,42,21,285.1,5987.1,KALASH STOCK MARKET PVT. LTD.,Sani Securities Company Ltd.,2026-04-30 11:33:21.292043
2026043004002707,NHPC,48,42,100,285.1,28510.0,Trishakti Securities Public Limited,Sani Securities Company Ltd.,2026-04-30 11:33:21.292271
2026043004002708,NHPC,35,42,1245,285.0,354825.0,Kohinoor Investment & Securities Pvt. Ltd.,Sani Securities Company Ltd.,2026-04-30 11:33:21.292503
2026043004002709,NHPC,57,42,1000,285.0,285000.0,Aryatara Investment & Securities,Sani Securities Company Ltd.,2026-04-30 11:33:21.292743
2026043004002710,NHPC,49,42,50,285.0,14250.0,Online Securities Pvt. Ltd.,Sani Securities Company Ltd.,2026-04-30 11:33:21.292976
2026043004002711,NHPC,42,42,20,285.0,5700.0,Sani Securities Company Ltd.,Sani Securities Company Ltd.,2026-04-30 11:33:21.293209
2026043004002712,NHPC,13,42,300,285.0,85500.0,Thrive Brokerage House Pvt. Ltd,Sani Securities Company Ltd.,2026-04-30 11:33:21.293443
2026043004002713,NHPC,17,42,100,285.0,28500.0,ABC Securities Private Limited,Sani Securities Company Ltd.,2026-04-30 11:33:21.293678
2026043004002714,NHPC,29,42,150,285.0,42750.0,Trisul Securities & Invt. Ltd.,Sani Securities Company Ltd.,2026-04-30 11:33:21.293917
2026043004002715,NHPC,21,42,1500,285.0,427500.0,Midas Stock Broking Company Private Limited,Sani Securities Company Ltd.,2026-04-30 11:33:21.294148
2026043004002716,NHPC,42,42,14,285.0,3990.0,Sani Securities Company Ltd.,Sani Securities Company Ltd.,2026-04-30 11:33:21.294390
2026043004002724,NHPC,35,26,31,286.0,8866.0,Kohinoor Investment & Securities Pvt. Ltd.,Asian Securities Private Ltd.,2026-04-30 11:33:37.875397
2026043004002752,NHPC,44,38,600,287.0,172200.0,Dynamic Money Managers Securities Pvt. Ltd.,Dipshikha Dhitopatra Karobar Co. Pvt Ltd.,2026-04-30 11:33:58.988070
2026043004002759,NHPC,21,34,100,287.9,28790.0,Midas Stock Broking Company Private Limited,Vision Securities Pvt. Ltd,2026-04-30 11:34:04.884660
2026043004002788,NHPC,56,58,40,286.5,11460.0,Sri Hari Securities Pvt. Ltd.,Naasa Securities Co. Ltd.,2026-04-30 11:34:37.907190
2026043004002789,NHPC,1,58,50,286.1,14305.0,Kumari Securities Private Limited,Naasa Securities Co. Ltd.,2026-04-30 11:34:37.907656
2026043004002790,NHPC,6,58,25,286.1,7152.5,Agrawal Securities (PVT) Ltd.,Naasa Securities Co. Ltd.,2026-04-30 11:34:37.907952
2026043004002791,NHPC,35,58,969,286.0,277134.0,Kohinoor Investment & Securities Pvt. Ltd.,Naasa Securities Co. Ltd.,2026-04-30 11:34:37.908341
2026043004002812,NHPC,26,58,816,286.0,233376.0,Asian Securities Private Ltd.,Naasa Securities Co. Ltd.,2026-04-30 11:35:05.482207
2026043004002813,NHPC,26,42,184,286.0,52624.0,Asian Securities Private Ltd.,Sani Securities Company Ltd.,2026-04-30 11:35:05.482798
2026043004002848,NHPC,19,6,500,285.8,142900.0,Nepal Investment And Securities Trading Private Limited,Agrawal Securities (PVT) Ltd.,2026-04-30 11:35:34.217940
2026043004002849,NHPC,48,6,500,285.7,142850.0,Trishakti Securities Public Limited,Agrawal Securities (PVT) Ltd.,2026-04-30 11:35:34.218939
2026043004002853,NHPC,17,42,125,286.0,35750.0,ABC Securities Private Limited,Sani Securities Company Ltd.,2026-04-30 11:35:35.718097
2026043004002873,NHPC,44,42,58,286.0,16588.0,Dynamic Money Managers Securities Pvt. Ltd.,Sani Securities Company Ltd.,2026-04-30 11:35:52.849020
2026043004002896,NHPC,1,42,200,286.0,57200.0,Kumari Securities Private Limited,Sani Securities Company Ltd.,2026-04-30 11:36:11.365793
2026043004002901,NHPC,60,34,500,285.9,142950.0,Nagarik Stock Dealer ,Vision Securities Pvt. Ltd,2026-04-30 11:36:20.335071
2026043004002902,NHPC,49,34,800,285.9,228720.0,Online Securities Pvt. Ltd.,Vision Securities Pvt. Ltd,2026-04-30 11:36:24.135413
2026043004002903,NHPC,49,42,200,286.0,57200.0,Online Securities Pvt. Ltd.,Sani Securities Company Ltd.,2026-04-30 11:36:24.136456
2026043004002921,NHPC,48,21,500,285.7,142850.0,Trishakti Securities Public Limited,Midas Stock Broking Company Private Limited,2026-04-30 11:36:40.570544
2026043004002922,NHPC,29,21,30,285.7,8571.0,Trisul Securities & Invt. Ltd.,Midas Stock Broking Company Private Limited,2026-04-30 11:36:40.570633
2026043004002923,NHPC,13,21,600,285.7,171420.0,Thrive Brokerage House Pvt. Ltd,Midas Stock Broking Company Private Limited,2026-04-30 11:36:40.570698
2026043004002924,NHPC,49,21,200,285.2,57040.0,Online Securities Pvt. Ltd.,Midas Stock Broking Company Private Limited,2026-04-30 11:36:40.570763
2026043004002925,NHPC,35,21,1000,285.2,285200.0,Kohinoor Investment & Securities Pvt. Ltd.,Midas Stock Broking Company Private Limited,2026-04-30 11:36:40.570817
2026043004002926,NHPC,19,21,50,285.1,14255.0,Nepal Investment And Securities Trading Private Limited,Midas Stock Broking Company Private Limited,2026-04-30 11:36:40.570880
2026043004002927,NHPC,42,21,386,285.0,110010.0,Sani Securities Company Ltd.,Midas Stock Broking Company Private Limited,2026-04-30 11:36:40.570937
2026043004002928,NHPC,5,21,234,285.0,66690.0,Market Securities & Exchange (PVT) Ltd.,Midas Stock Broking Company Private Limited,2026-04-30 11:36:40.570999
2026043004002929,NHPC,56,42,33,286.0,9438.0,Sri Hari Securities Pvt. Ltd.,Sani Securities Company Ltd.,2026-04-30 11:36:42.032187
2026043004002930,NHPC,56,17,200,286.0,57200.0,Sri Hari Securities Pvt. Ltd.,ABC Securities Private Limited,2026-04-30 11:36:42.033210
2026043004002973,NHPC,65,62,30,285.2,8556.0,Sharepro Securities Private Limited,Capital Max Securities Ltd,2026-04-30 11:37:13.129635
2026043004002974,NHPC,56,62,67,285.2,19108.4,Sri Hari Securities Pvt. Ltd.,Capital Max Securities Ltd,2026-04-30 11:37:13.130098
2026043004002975,NHPC,58,62,500,285.1,142550.0,Naasa Securities Co. Ltd.,Capital Max Securities Ltd,2026-04-30 11:37:13.130375
2026043004002976,NHPC,58,62,1403,285.1,399995.3,Naasa Securities Co. Ltd.,Capital Max Securities Ltd,2026-04-30 11:37:13.130627
2026043004002979,NHPC,58,59,97,285.1,27654.7,Naasa Securities Co. Ltd.,Deevyaa Securities & Stock House Pvt. Ltd,2026-04-30 11:37:21.341633
2026043004002980,NHPC,5,59,1266,285.0,360810.0,Market Securities & Exchange (PVT) Ltd.,Deevyaa Securities & Stock House Pvt. Ltd,2026-04-30 11:37:21.341764
2026043004002981,NHPC,42,59,1050,285.0,299250.0,Sani Securities Company Ltd.,Deevyaa Securities & Stock House Pvt. Ltd,2026-04-30 11:37:21.341825
2026043004002982,NHPC,45,59,50,285.0,14250.0,Imperial Securities Company Pvt. Ltd.,Deevyaa Securities & Stock House Pvt. Ltd,2026-04-30 11:37:21.341890
2026043004002983,NHPC,38,59,20,285.0,5700.0,Dipshikha Dhitopatra Karobar Co. Pvt Ltd.,Deevyaa Securities & Stock House Pvt. Ltd,2026-04-30 11:37:21.341954
2026043004002984,NHPC,42,59,17,285.0,4845.0,Sani Securities Company Ltd.,Deevyaa Securities & Stock House Pvt. Ltd,2026-04-30 11:37:21.342015
2026043004002994,NHPC,57,59,100,285.1,28510.0,Aryatara Investment & Securities,Deevyaa Securities & Stock House Pvt. Ltd,2026-04-30 11:37:31.900633
2026043004002995,NHPC,1,59,278,285.0,79230.0,Kumari Securities Private Limited,Deevyaa Securities & Stock House Pvt. Ltd,2026-04-30 11:37:31.901128
2026043004002996,NHPC,62,59,1500,285.0,427500.0,Capital Max Securities Ltd,Deevyaa Securities & Stock House Pvt. Ltd,2026-04-30 11:37:31.901398
2026043004002997,NHPC,51,59,300,285.0,85500.0,Oxford Securities Pvt. Ltd.,Deevyaa Securities & Stock House Pvt. Ltd,2026-04-30 11:37:31.901651
2026043004002998,NHPC,42,59,104,285.0,29640.0,Sani Securities Company Ltd.,Deevyaa Securities & Stock House Pvt. Ltd,2026-04-30 11:37:31.901901
2026043004002999,NHPC,35,59,218,285.0,62130.0,Kohinoor Investment & Securities Pvt. Ltd.,Deevyaa Securities & Stock House Pvt. Ltd,2026-04-30 11:37:31.902155
2026043004003085,NHPC,35,42,39,285.0,11115.0,Kohinoor Investment & Securities Pvt. Ltd.,Sani Securities Company Ltd.,2026-04-30 11:38:24.340982
2026043004003086,NHPC,38,42,20,285.0,5700.0,Dipshikha Dhitopatra Karobar Co. Pvt Ltd.,Sani Securities Company Ltd.,2026-04-30 11:38:24.341433
2026043004003087,NHPC,51,42,150,285.0,42750.0,Oxford Securities Pvt. Ltd.,Sani Securities Company Ltd.,2026-04-30 11:38:24.341685
2026043004003088,NHPC,34,42,500,285.0,142500.0,Vision Securities Pvt. Ltd,Sani Securities Company Ltd.,2026-04-30 11:38:24.341936
2026043004003089,NHPC,50,42,490,285.0,139650.0,Cristal Kanchanjanga Securites Pvt. Ltd.,Sani Securities Company Ltd.,2026-04-30 11:38:24.342184
2026043004003090,NHPC,58,42,1000,284.5,284500.0,Naasa Securities Co. Ltd.,Sani Securities Company Ltd.,2026-04-30 11:38:24.342439
2026043004003091,NHPC,45,42,350,284.2,99470.0,Imperial Securities Company Pvt. Ltd.,Sani Securities Company Ltd.,2026-04-30 11:38:24.342689
2026043004003092,NHPC,88,42,1000,284.1,284100.0,Blue Chip Securities Ltd,Sani Securities Company Ltd.,2026-04-30 11:38:24.342937
2026043004003093,NHPC,52,42,106,284.0,30104.0,Sundhara Securities Limited,Sani Securities Company Ltd.,2026-04-30 11:38:24.343187
2026043004003094,NHPC,34,42,10,284.0,2840.0,Vision Securities Pvt. Ltd,Sani Securities Company Ltd.,2026-04-30 11:38:24.343441
2026043004003095,NHPC,35,42,200,284.0,56800.0,Kohinoor Investment & Securities Pvt. Ltd.,Sani Securities Company Ltd.,2026-04-30 11:38:24.343689
2026043004003096,NHPC,59,42,500,284.0,142000.0,Deevyaa Securities & Stock House Pvt. Ltd,Sani Securities Company Ltd.,2026-04-30 11:38:24.343932
2026043004003097,NHPC,62,42,14,284.0,3976.0,Capital Max Securities Ltd,Sani Securities Company Ltd.,2026-04-30 11:38:24.344203
2026043004003098,NHPC,93,42,50,284.0,14200.0,Beni Securities Pvt.Ltd.,Sani Securities Company Ltd.,2026-04-30 11:38:24.344456
2026043004003099,NHPC,58,42,30,284.0,8520.0,Naasa Securities Co. Ltd.,Sani Securities Company Ltd.,2026-04-30 11:38:24.344704
2026043004003100,NHPC,45,42,50,284.0,14200.0,Imperial Securities Company Pvt. Ltd.,Sani Securities Company Ltd.,2026-04-30 11:38:24.344950
2026043004003101,NHPC,74,42,100,284.0,28400.0,KALASH STOCK MARKET PVT. LTD.,Sani Securities Company Ltd.,2026-04-30 11:38:24.345194
2026043004003102,NHPC,57,42,500,284.0,142000.0,Aryatara Investment & Securities,Sani Securities Company Ltd.,2026-04-30 11:38:24.345438
2026043004003103,NHPC,58,42,145,284.0,41180.0,Naasa Securities Co. Ltd.,Sani Securities Company Ltd.,2026-04-30 11:38:24.345681
2026043004003104,NHPC,32,42,50,284.0,14200.0,Premier Securities Company Ltd.,Sani Securities Company Ltd.,2026-04-30 11:38:24.345928
2026043004003105,NHPC,39,42,200,284.0,56800.0,Sumeru Securities Pvt. Ltd.,Sani Securities Company Ltd.,2026-04-30 11:38:24.346170
2026043004003106,NHPC,89,42,56,284.0,15904.0,Global IME Securities Limited,Sani Securities Company Ltd.,2026-04-30 11:38:24.346416
2026043004003107,NHPC,52,42,200,284.0,56800.0,Sundhara Securities Limited,Sani Securities Company Ltd.,2026-04-30 11:38:24.346655
2026043004003108,NHPC,17,42,500,284.0,142000.0,ABC Securities Private Limited,Sani Securities Company Ltd.,2026-04-30 11:38:24.346896
2026043004003109,NHPC,66,42,3740,284.0,1062160.0,Miyo Securities Pvt Ltd,Sani Securities Company Ltd.,2026-04-30 11:38:24.347138
2026043004003120,NHPC,59,45,10,284.5,2845.0,Deevyaa Securities & Stock House Pvt. Ltd,Imperial Securities Company Pvt. Ltd.,2026-04-30 11:38:32.834025
2026043004003121,NHPC,82,45,300,284.5,85350.0,N.M.B. SECURITIES LIMITED,Imperial Securities Company Pvt. Ltd.,2026-04-30 11:38:33.731121
2026043004003136,NHPC,66,58,62,284.0,17608.0,Miyo Securities Pvt Ltd,Naasa Securities Co. Ltd.,2026-04-30 11:38:42.028119
2026043004003145,NHPC,48,45,1890,284.5,537705.0,Trishakti Securities Public Limited,Imperial Securities Company Pvt. Ltd.,2026-04-30 11:38:57.491028
2026043004003146,NHPC,48,3,130,285.0,37050.0,Trishakti Securities Public Limited,Arun Securities (PVT) Ltd.,2026-04-30 11:38:57.491527
2026043004003154,NHPC,58,3,27,285.0,7695.0,Naasa Securities Co. Ltd.,Arun Securities (PVT) Ltd.,2026-04-30 11:39:06.711862
2026043004003156,NHPC,58,3,10,285.0,2850.0,Naasa Securities Co. Ltd.,Arun Securities (PVT) Ltd.,2026-04-30 11:39:07.682954
2026043004003169,NHPC,17,3,1000,285.0,285000.0,ABC Securities Private Limited,Arun Securities (PVT) Ltd.,2026-04-30 11:39:26.774691
2026043004003174,NHPC,52,3,10,285.0,2850.0,Sundhara Securities Limited,Arun Securities (PVT) Ltd.,2026-04-30 11:39:31.924526
2026043004003221,NHPC,17,49,100,284.9,28490.0,ABC Securities Private Limited,Online Securities Pvt. Ltd.,2026-04-30 11:39:51.420239
2026043004003222,NHPC,17,3,22,285.0,6270.0,ABC Securities Private Limited,Arun Securities (PVT) Ltd.,2026-04-30 11:39:51.421272
2026043004003223,NHPC,17,49,10,285.0,2850.0,ABC Securities Private Limited,Online Securities Pvt. Ltd.,2026-04-30 11:39:51.422065
2026043004003263,NHPC,52,49,18,286.0,5148.0,Sundhara Securities Limited,Online Securities Pvt. Ltd.,2026-04-30 11:40:45.439559
2026043004003266,NHPC,17,21,368,285.0,104880.0,ABC Securities Private Limited,Midas Stock Broking Company Private Limited,2026-04-30 11:40:52.568508
2026043004003267,NHPC,13,21,10,285.0,2850.0,Thrive Brokerage House Pvt. Ltd,Midas Stock Broking Company Private Limited,2026-04-30 11:40:52.569555
2026043004003268,NHPC,42,21,50,285.0,14250.0,Sani Securities Company Ltd.,Midas Stock Broking Company Private Limited,2026-04-30 11:40:52.570362
2026043004003269,NHPC,74,21,100,285.0,28500.0,KALASH STOCK MARKET PVT. LTD.,Midas Stock Broking Company Private Limited,2026-04-30 11:40:52.571176
2026043004003270,NHPC,6,21,25,285.0,7125.0,Agrawal Securities (PVT) Ltd.,Midas Stock Broking Company Private Limited,2026-04-30 11:40:52.572140
2026043004003299,NHPC,49,21,124,285.0,35340.0,Online Securities Pvt. Ltd.,Midas Stock Broking Company Private Limited,2026-04-30 11:41:22.266839
2026043004003300,NHPC,47,49,122,286.0,34892.0,Neev Securities Pvt. Ltd.,Online Securities Pvt. Ltd.,2026-04-30 11:41:26.083464
2026043004003303,NHPC,49,35,476,285.0,135660.0,Online Securities Pvt. Ltd.,Kohinoor Investment & Securities Pvt. Ltd.,2026-04-30 11:41:37.357249
2026043004003304,NHPC,74,35,100,285.0,28500.0,KALASH STOCK MARKET PVT. LTD.,Kohinoor Investment & Securities Pvt. Ltd.,2026-04-30 11:41:37.357727
2026043004003306,NHPC,4,35,250,285.0,71250.0,Opal Securities Investment (PVT) Ltd.,Kohinoor Investment & Securities Pvt. Ltd.,2026-04-30 11:41:38.793406
2026043004003319,NHPC,1,35,100,285.0,28500.0,Kumari Securities Private Limited,Kohinoor Investment & Securities Pvt. Ltd.,2026-04-30 11:42:05.597837
2026043004003375,NHPC,92,35,100,284.6,28460.0,Roadshow securities limited,Kohinoor Investment & Securities Pvt. Ltd.,2026-04-30 11:42:30.279057
2026043004003392,NHPC,22,58,800,284.5,227600.0,Siprabi Securities Pvt. Ltd.,Naasa Securities Co. Ltd.,2026-04-30 11:42:54.664672
2026043004003394,NHPC,1,35,50,284.6,14230.0,Kumari Securities Private Limited,Kohinoor Investment & Securities Pvt. Ltd.,2026-04-30 11:42:59.669518
2026043004003395,NHPC,47,35,50,285.0,14250.0,Neev Securities Pvt. Ltd.,Kohinoor Investment & Securities Pvt. Ltd.,2026-04-30 11:43:00.356715
2026043004003410,NHPC,22,58,50,284.5,14225.0,Siprabi Securities Pvt. Ltd.,Naasa Securities Co. Ltd.,2026-04-30 11:43:15.522231
2026043004003411,NHPC,51,35,24,285.0,6840.0,Oxford Securities Pvt. Ltd.,Kohinoor Investment & Securities Pvt. Ltd.,2026-04-30 11:43:17.743296
2026043004003412,NHPC,51,58,10,285.0,2850.0,Oxford Securities Pvt. Ltd.,Naasa Securities Co. Ltd.,2026-04-30 11:43:17.743843
2026043004003413,NHPC,51,59,16,285.0,4560.0,Oxford Securities Pvt. Ltd.,Deevyaa Securities & Stock House Pvt. Ltd,2026-04-30 11:43:17.744108
2026043004003419,NHPC,22,66,150,284.5,42675.0,Siprabi Securities Pvt. Ltd.,Miyo Securities Pvt Ltd,2026-04-30 11:43:23.518472
2026043004003420,NHPC,58,66,100,284.3,28430.0,Naasa Securities Co. Ltd.,Miyo Securities Pvt Ltd,2026-04-30 11:43:23.518561
2026043004003428,NHPC,66,42,1198,284.0,340232.0,Miyo Securities Pvt Ltd,Sani Securities Company Ltd.,2026-04-30 11:43:32.449330
2026043004003429,NHPC,77,42,10,284.0,2840.0,Nabil Stock Dealer Ltd.,Sani Securities Company Ltd.,2026-04-30 11:43:32.449794
2026043004003430,NHPC,45,42,100,284.0,28400.0,Imperial Securities Company Pvt. Ltd.,Sani Securities Company Ltd.,2026-04-30 11:43:32.450071
2026043004003431,NHPC,58,42,25,284.0,7100.0,Naasa Securities Co. Ltd.,Sani Securities Company Ltd.,2026-04-30 11:43:32.450374
2026043004003434,NHPC,38,42,20,284.0,5680.0,Dipshikha Dhitopatra Karobar Co. Pvt Ltd.,Sani Securities Company Ltd.,2026-04-30 11:43:37.010679
2026043004003476,NHPC,6,42,1700,284.0,482800.0,Agrawal Securities (PVT) Ltd.,Sani Securities Company Ltd.,2026-04-30 11:44:04.351120
2026043004003485,NHPC,17,58,10,283.6,2836.0,ABC Securities Private Limited,Naasa Securities Co. Ltd.,2026-04-30 11:44:07.652393
2026043004003489,NHPC,17,50,490,283.6,138964.0,ABC Securities Private Limited,Cristal Kanchanjanga Securites Pvt. Ltd.,2026-04-30 11:44:13.964189
2026043004003490,NHPC,70,50,1000,283.6,283600.0,Infinity Securities Limited,Cristal Kanchanjanga Securites Pvt. Ltd.,2026-04-30 11:44:13.964684
2026043004003491,NHPC,11,50,10,283.6,2836.0,Malla & Malla Stock Broking Company Pvt. Limited,Cristal Kanchanjanga Securites Pvt. Ltd.,2026-04-30 11:44:14.013534
2026043004003492,NHPC,11,42,54,284.0,15336.0,Malla & Malla Stock Broking Company Pvt. Limited,Sani Securities Company Ltd.,2026-04-30 11:44:14.014453
2026043004003493,NHPC,58,42,118,284.0,33512.0,Naasa Securities Co. Ltd.,Sani Securities Company Ltd.,2026-04-30 11:44:15.148992
2026043004003498,NHPC,57,21,1000,283.5,283500.0,Aryatara Investment & Securities,Midas Stock Broking Company Private Limited,2026-04-30 11:44:23.482688
2026043004003499,NHPC,38,21,100,283.5,28350.0,Dipshikha Dhitopatra Karobar Co. Pvt Ltd.,Midas Stock Broking Company Private Limited,2026-04-30 11:44:23.482744
2026043004003500,NHPC,42,21,100,283.1,28310.0,Sani Securities Company Ltd.,Midas Stock Broking Company Private Limited,2026-04-30 11:44:23.482773
2026043004003501,NHPC,44,21,500,283.1,141550.0,Dynamic Money Managers Securities Pvt. Ltd.,Midas Stock Broking Company Private Limited,2026-04-30 11:44:23.482798
2026043004003502,NHPC,74,21,100,283.0,28300.0,KALASH STOCK MARKET PVT. LTD.,Midas Stock Broking Company Private Limited,2026-04-30 11:44:23.482828
2026043004003503,NHPC,58,21,100,283.0,28300.0,Naasa Securities Co. Ltd.,Midas Stock Broking Company Private Limited,2026-04-30 11:44:23.482855
2026043004003504,NHPC,58,21,50,283.0,14150.0,Naasa Securities Co. Ltd.,Midas Stock Broking Company Private Limited,2026-04-30 11:44:23.482878
2026043004003505,NHPC,51,21,175,283.0,49525.0,Oxford Securities Pvt. Ltd.,Midas Stock Broking Company Private Limited,2026-04-30 11:44:23.482903
2026043004003506,NHPC,35,21,250,283.0,70750.0,Kohinoor Investment & Securities Pvt. Ltd.,Midas Stock Broking Company Private Limited,2026-04-30 11:44:23.482944
2026043004003507,NHPC,99,21,625,283.0,176875.0,Prabhu Stock Market Limited,Midas Stock Broking Company Private Limited,2026-04-30 11:44:23.482998
2026043004003526,NHPC,99,48,375,283.0,106125.0,Prabhu Stock Market Limited,Trishakti Securities Public Limited,2026-04-30 11:44:48.118726
2026043004003527,NHPC,13,48,650,283.0,183950.0,Thrive Brokerage House Pvt. Ltd,Trishakti Securities Public Limited,2026-04-30 11:44:48.119215
2026043004003528,NHPC,64,48,200,283.0,56600.0,SUN SECURITIES PVT LTD,Trishakti Securities Public Limited,2026-04-30 11:44:48.119501
2026043004003555,NHPC,50,48,40,283.0,11320.0,Cristal Kanchanjanga Securites Pvt. Ltd.,Trishakti Securities Public Limited,2026-04-30 11:45:06.971556
2026043004003562,NHPC,1,48,100,283.0,28300.0,Kumari Securities Private Limited,Trishakti Securities Public Limited,2026-04-30 11:45:20.824511
2026043004003586,NHPC,48,67,275,282.8,77770.0,Trishakti Securities Public Limited,Property Wiard Limited,2026-04-30 11:45:49.451775
2026043004003587,NHPC,50,67,200,282.8,56560.0,Cristal Kanchanjanga Securites Pvt. Ltd.,Property Wiard Limited,2026-04-30 11:45:49.452271
2026043004003588,NHPC,36,67,200,282.7,56540.0,Secured Securities Ltd.,Property Wiard Limited,2026-04-30 11:45:49.452552
2026043004003589,NHPC,56,67,129,282.6,36455.4,Sri Hari Securities Pvt. Ltd.,Property Wiard Limited,2026-04-30 11:45:49.452838
2026043004003590,NHPC,41,67,50,282.6,14130.0,Linch Stock Market Ltd.,Property Wiard Limited,2026-04-30 11:45:49.453110
2026043004003591,NHPC,48,67,70,282.6,19782.0,Trishakti Securities Public Limited,Property Wiard Limited,2026-04-30 11:45:49.453389
2026043004003592,NHPC,17,67,250,282.6,70650.0,ABC Securities Private Limited,Property Wiard Limited,2026-04-30 11:45:49.453662
2026043004003593,NHPC,4,67,500,282.5,141250.0,Opal Securities Investment (PVT) Ltd.,Property Wiard Limited,2026-04-30 11:45:49.453930
2026043004003594,NHPC,58,67,1000,282.5,282500.0,Naasa Securities Co. Ltd.,Property Wiard Limited,2026-04-30 11:45:49.454200
2026043004003595,NHPC,45,67,10,282.5,2825.0,Imperial Securities Company Pvt. Ltd.,Property Wiard Limited,2026-04-30 11:45:49.454473
2026043004003596,NHPC,46,67,50,282.2,14110.0,Kalika Securities Pvt. Ltd.,Property Wiard Limited,2026-04-30 11:45:49.454741
2026043004003597,NHPC,62,67,250,282.0,70500.0,Capital Max Securities Ltd,Property Wiard Limited,2026-04-30 11:45:49.455011
2026043004003598,NHPC,4,67,500,282.0,141000.0,Opal Securities Investment (PVT) Ltd.,Property Wiard Limited,2026-04-30 11:45:49.455272
2026043004003599,NHPC,59,67,200,282.0,56400.0,Deevyaa Securities & Stock House Pvt. Ltd,Property Wiard Limited,2026-04-30 11:45:49.455542
2026043004003600,NHPC,41,67,1000,282.0,282000.0,Linch Stock Market Ltd.,Property Wiard Limited,2026-04-30 11:45:49.455807
2026043004003601,NHPC,1,67,200,282.0,56400.0,Kumari Securities Private Limited,Property Wiard Limited,2026-04-30 11:45:49.456082
2026043004003602,NHPC,47,67,100,282.0,28200.0,Neev Securities Pvt. Ltd.,Property Wiard Limited,2026-04-30 11:45:49.456352
2026043004003603,NHPC,33,67,500,282.0,141000.0,Dakshinkali Investment & Securities Pvt. Ltd.,Property Wiard Limited,2026-04-30 11:45:49.456616
2026043004003604,NHPC,87,67,1200,282.0,338400.0,S.P.S.A. Securities Limited,Property Wiard Limited,2026-04-30 11:45:49.456880
2026043004003605,NHPC,58,67,100,282.0,28200.0,Naasa Securities Co. Ltd.,Property Wiard Limited,2026-04-30 11:45:49.457140
2026043004003606,NHPC,45,67,55,282.0,15510.0,Imperial Securities Company Pvt. Ltd.,Property Wiard Limited,2026-04-30 11:45:49.457441
2026043004003607,NHPC,6,67,1000,282.0,282000.0,Agrawal Securities (PVT) Ltd.,Property Wiard Limited,2026-04-30 11:45:49.457702
2026043004003608,NHPC,57,67,200,282.0,56400.0,Aryatara Investment & Securities,Property Wiard Limited,2026-04-30 11:45:49.457966
2026043004003609,NHPC,74,67,100,282.0,28200.0,KALASH STOCK MARKET PVT. LTD.,Property Wiard Limited,2026-04-30 11:45:49.458229
2026043004003610,NHPC,58,67,100,282.0,28200.0,Naasa Securities Co. Ltd.,Property Wiard Limited,2026-04-30 11:45:49.458496
2026043004003611,NHPC,48,67,50,282.0,14100.0,Trishakti Securities Public Limited,Property Wiard Limited,2026-04-30 11:45:49.458760
2026043004003612,NHPC,11,67,136,282.0,38352.0,Malla & Malla Stock Broking Company Pvt. Limited,Property Wiard Limited,2026-04-30 11:45:49.459022
2026043004003613,NHPC,60,67,1000,282.0,282000.0,Nagarik Stock Dealer ,Property Wiard Limited,2026-04-30 11:45:49.459283
2026043004003614,NHPC,42,67,13,282.0,3666.0,Sani Securities Company Ltd.,Property Wiard Limited,2026-04-30 11:45:49.459563
2026043004003615,NHPC,57,67,50,282.0,14100.0,Aryatara Investment & Securities,Property Wiard Limited,2026-04-30 11:45:49.459822
2026043004003616,NHPC,91,67,100,282.0,28200.0,Citizens Share Broker Limited,Property Wiard Limited,2026-04-30 11:45:49.460083
2026043004003617,NHPC,62,67,1500,281.5,422250.0,Capital Max Securities Ltd,Property Wiard Limited,2026-04-30 11:45:49.460360
2026043004003618,NHPC,98,67,500,281.5,140750.0,Trademow Securities Private Limited,Property Wiard Limited,2026-04-30 11:45:49.460628
2026043004003619,NHPC,59,67,412,281.5,115978.0,Deevyaa Securities & Stock House Pvt. Ltd,Property Wiard Limited,2026-04-30 11:45:49.460890
2026043004003648,NHPC,6,48,435,283.0,123105.0,Agrawal Securities (PVT) Ltd.,Trishakti Securities Public Limited,2026-04-30 11:46:12.035535
2026043004003649,NHPC,6,58,1000,283.0,283000.0,Agrawal Securities (PVT) Ltd.,Naasa Securities Co. Ltd.,2026-04-30 11:46:12.036556
2026043004003650,NHPC,6,50,265,283.0,74995.0,Agrawal Securities (PVT) Ltd.,Cristal Kanchanjanga Securites Pvt. Ltd.,2026-04-30 11:46:12.037360
2026043004003657,NHPC,57,49,100,282.8,28280.0,Aryatara Investment & Securities,Online Securities Pvt. Ltd.,2026-04-30 11:46:29.458897
2026043004003658,NHPC,57,50,235,283.0,66505.0,Aryatara Investment & Securities,Cristal Kanchanjanga Securites Pvt. Ltd.,2026-04-30 11:46:29.459959
2026043004003703,NHPC,52,42,150,284.0,42600.0,Sundhara Securities Limited,Sani Securities Company Ltd.,2026-04-30 11:47:14.374475
2026043004003724,NHPC,57,45,165,283.0,46695.0,Aryatara Investment & Securities,Imperial Securities Company Pvt. Ltd.,2026-04-30 11:47:27.796610
2026043004003725,NHPC,5,45,50,283.0,14150.0,Market Securities & Exchange (PVT) Ltd.,Imperial Securities Company Pvt. Ltd.,2026-04-30 11:47:27.797092
2026043004003726,NHPC,58,45,20,282.0,5640.0,Naasa Securities Co. Ltd.,Imperial Securities Company Pvt. Ltd.,2026-04-30 11:47:27.797384
2026043004003727,NHPC,42,45,10,281.8,2818.0,Sani Securities Company Ltd.,Imperial Securities Company Pvt. Ltd.,2026-04-30 11:47:27.797648
2026043004003728,NHPC,22,45,200,281.7,56340.0,Siprabi Securities Pvt. Ltd.,Imperial Securities Company Pvt. Ltd.,2026-04-30 11:47:27.797914
2026043004003729,NHPC,1,45,55,281.6,15488.0,Kumari Securities Private Limited,Imperial Securities Company Pvt. Ltd.,2026-04-30 11:47:27.798180
2026043004003737,NHPC,1,14,45,281.6,12672.0,Kumari Securities Private Limited,Nepal Stock House (PVT) Ltd.,2026-04-30 11:47:33.435255
2026043004003738,NHPC,58,14,300,281.6,84480.0,Naasa Securities Co. Ltd.,Nepal Stock House (PVT) Ltd.,2026-04-30 11:47:33.435746
2026043004003739,NHPC,8,14,50,281.6,14080.0,Brilliant Securities Pvt. Ltd.,Nepal Stock House (PVT) Ltd.,2026-04-30 11:47:33.436050
2026043004003740,NHPC,59,14,1088,281.5,306272.0,Deevyaa Securities & Stock House Pvt. Ltd,Nepal Stock House (PVT) Ltd.,2026-04-30 11:47:33.436338
2026043004003741,NHPC,49,14,300,281.5,84450.0,Online Securities Pvt. Ltd.,Nepal Stock House (PVT) Ltd.,2026-04-30 11:47:33.436622
2026043004003742,NHPC,45,14,1000,281.5,281500.0,Imperial Securities Company Pvt. Ltd.,Nepal Stock House (PVT) Ltd.,2026-04-30 11:47:33.436934
2026043004003743,NHPC,52,14,1000,281.1,281100.0,Sundhara Securities Limited,Nepal Stock House (PVT) Ltd.,2026-04-30 11:47:33.437242
2026043004003744,NHPC,81,14,1000,281.1,281100.0,Aakashbhairab Securities Ltd.,Nepal Stock House (PVT) Ltd.,2026-04-30 11:47:33.437537
2026043004003745,NHPC,17,14,500,281.1,140550.0,ABC Securities Private Limited,Nepal Stock House (PVT) Ltd.,2026-04-30 11:47:33.437840
2026043004003746,NHPC,1,14,1000,281.0,281000.0,Kumari Securities Private Limited,Nepal Stock House (PVT) Ltd.,2026-04-30 11:47:33.438179
2026043004003747,NHPC,46,14,1750,281.0,491750.0,Kalika Securities Pvt. Ltd.,Nepal Stock House (PVT) Ltd.,2026-04-30 11:47:33.438479
2026043004003748,NHPC,4,14,100,281.0,28100.0,Opal Securities Investment (PVT) Ltd.,Nepal Stock House (PVT) Ltd.,2026-04-30 11:47:33.438762
2026043004003749,NHPC,3,14,50,281.0,14050.0,Arun Securities (PVT) Ltd.,Nepal Stock House (PVT) Ltd.,2026-04-30 11:47:33.439057
2026043004003750,NHPC,1,14,100,281.0,28100.0,Kumari Securities Private Limited,Nepal Stock House (PVT) Ltd.,2026-04-30 11:47:33.439347
2026043004003751,NHPC,36,14,200,281.0,56200.0,Secured Securities Ltd.,Nepal Stock House (PVT) Ltd.,2026-04-30 11:47:33.439689
2026043004003752,NHPC,22,14,200,281.0,56200.0,Siprabi Securities Pvt. Ltd.,Nepal Stock House (PVT) Ltd.,2026-04-30 11:47:33.440077
2026043004003753,NHPC,58,14,200,281.0,56200.0,Naasa Securities Co. Ltd.,Nepal Stock House (PVT) Ltd.,2026-04-30 11:47:33.440396
2026043004003754,NHPC,46,14,70,281.0,19670.0,Kalika Securities Pvt. Ltd.,Nepal Stock House (PVT) Ltd.,2026-04-30 11:47:33.440666
2026043004003755,NHPC,50,14,500,281.0,140500.0,Cristal Kanchanjanga Securites Pvt. Ltd.,Nepal Stock House (PVT) Ltd.,2026-04-30 11:47:33.440988
2026043004003756,NHPC,4,14,250,281.0,70250.0,Opal Securities Investment (PVT) Ltd.,Nepal Stock House (PVT) Ltd.,2026-04-30 11:47:33.441364
2026043004003757,NHPC,7,14,100,281.0,28100.0,J.F. Securites (PVT) Ltd.,Nepal Stock House (PVT) Ltd.,2026-04-30 11:47:33.441666
2026043004003758,NHPC,65,14,1000,280.2,280200.0,Sharepro Securities Private Limited,Nepal Stock House (PVT) Ltd.,2026-04-30 11:47:33.441936
2026043004003759,NHPC,49,14,50,280.2,14010.0,Online Securities Pvt. Ltd.,Nepal Stock House (PVT) Ltd.,2026-04-30 11:47:33.442237
2026043004003760,NHPC,34,14,200,280.1,56020.0,Vision Securities Pvt. Ltd,Nepal Stock House (PVT) Ltd.,2026-04-30 11:47:33.442597
2026043004003761,NHPC,22,14,500,280.1,140050.0,Siprabi Securities Pvt. Ltd.,Nepal Stock House (PVT) Ltd.,2026-04-30 11:47:33.442931
2026043004003762,NHPC,48,14,3000,280.1,840300.0,Trishakti Securities Public Limited,Nepal Stock House (PVT) Ltd.,2026-04-30 11:47:33.443221
2026043004003763,NHPC,74,14,47,280.1,13164.7,KALASH STOCK MARKET PVT. LTD.,Nepal Stock House (PVT) Ltd.,2026-04-30 11:47:33.443536
2026043004003764,NHPC,48,14,400,280.1,112040.0,Trishakti Securities Public Limited,Nepal Stock House (PVT) Ltd.,2026-04-30 11:47:33.443831
2026043004003842,NHPC,5,21,50,283.0,14150.0,Market Securities & Exchange (PVT) Ltd.,Midas Stock Broking Company Private Limited,2026-04-30 11:48:22.394846
2026043004003843,NHPC,65,21,300,280.2,84060.0,Sharepro Securities Private Limited,Midas Stock Broking Company Private Limited,2026-04-30 11:48:22.395345
2026043004003844,NHPC,58,21,650,280.2,182130.0,Naasa Securities Co. Ltd.,Midas Stock Broking Company Private Limited,2026-04-30 11:48:22.395624
2026043004003853,NHPC,62,66,1000,280.3,280300.0,Capital Max Securities Ltd,Miyo Securities Pvt Ltd,2026-04-30 11:48:38.602199
2026043004003854,NHPC,22,66,200,280.3,56060.0,Siprabi Securities Pvt. Ltd.,Miyo Securities Pvt Ltd,2026-04-30 11:48:38.602354
2026043004003855,NHPC,58,66,350,280.2,98070.0,Naasa Securities Co. Ltd.,Miyo Securities Pvt Ltd,2026-04-30 11:48:38.602440
2026043004003856,NHPC,4,66,102,280.2,28580.4,Opal Securities Investment (PVT) Ltd.,Miyo Securities Pvt Ltd,2026-04-30 11:48:38.602524
2026043004003857,NHPC,58,66,30,280.2,8406.0,Naasa Securities Co. Ltd.,Miyo Securities Pvt Ltd,2026-04-30 11:48:38.602607
2026043004003858,NHPC,1,66,100,280.2,28020.0,Kumari Securities Private Limited,Miyo Securities Pvt Ltd,2026-04-30 11:48:38.602681
2026043004003859,NHPC,21,66,200,280.2,56040.0,Midas Stock Broking Company Private Limited,Miyo Securities Pvt Ltd,2026-04-30 11:48:38.602753
2026043004003860,NHPC,16,66,200,280.1,56020.0,Primo Securities (PVT) Ltd.,Miyo Securities Pvt Ltd,2026-04-30 11:48:38.602827
2026043004003861,NHPC,19,66,818,280.1,229121.8,Nepal Investment And Securities Trading Private Limited,Miyo Securities Pvt Ltd,2026-04-30 11:48:38.602901
2026043004003895,NHPC,6,67,1000,281.0,281000.0,Agrawal Securities (PVT) Ltd.,Property Wiard Limited,2026-04-30 11:49:00.183351
2026043004003915,NHPC,6,57,10,281.0,2810.0,Agrawal Securities (PVT) Ltd.,Aryatara Investment & Securities,2026-04-30 11:49:16.776272
2026043004003960,NHPC,53,62,20,282.0,5640.0,Investment Management Nepal Pvt. Ltd.,Capital Max Securities Ltd,2026-04-30 11:49:51.886718
2026043004003962,NHPC,57,58,1000,282.9,282900.0,Aryatara Investment & Securities,Naasa Securities Co. Ltd.,2026-04-30 11:49:53.654649
2026043004003970,NHPC,56,58,500,282.9,141450.0,Sri Hari Securities Pvt. Ltd.,Naasa Securities Co. Ltd.,2026-04-30 11:50:09.790770
2026043004003990,NHPC,11,58,1060,282.9,299874.0,Malla & Malla Stock Broking Company Pvt. Limited,Naasa Securities Co. Ltd.,2026-04-30 11:50:32.194482
2026043004003991,NHPC,53,16,80,282.0,22560.0,Investment Management Nepal Pvt. Ltd.,Primo Securities (PVT) Ltd.,2026-04-30 11:50:32.999268
2026043004003992,NHPC,38,16,80,282.0,22560.0,Dipshikha Dhitopatra Karobar Co. Pvt Ltd.,Primo Securities (PVT) Ltd.,2026-04-30 11:50:33.000461
2026043004003993,NHPC,94,16,340,282.0,95880.0,K.B.L. Securities Limited ,Primo Securities (PVT) Ltd.,2026-04-30 11:50:33.001413
2026043004004016,NHPC,58,58,440,282.9,124476.0,Naasa Securities Co. Ltd.,Naasa Securities Co. Ltd.,2026-04-30 11:51:04.405115
2026043004004055,NHPC,58,21,142,282.9,40171.8,Naasa Securities Co. Ltd.,Midas Stock Broking Company Private Limited,2026-04-30 11:51:55.047673
2026043004004056,NHPC,52,21,100,282.0,28200.0,Sundhara Securities Limited,Midas Stock Broking Company Private Limited,2026-04-30 11:51:55.048924
2026043004004057,NHPC,42,21,100,282.0,28200.0,Sani Securities Company Ltd.,Midas Stock Broking Company Private Limited,2026-04-30 11:51:55.050207
2026043004004058,NHPC,38,21,2658,282.0,749556.0,Dipshikha Dhitopatra Karobar Co. Pvt Ltd.,Midas Stock Broking Company Private Limited,2026-04-30 11:51:56.252645
2026043004004059,NHPC,38,66,342,283.0,96786.0,Dipshikha Dhitopatra Karobar Co. Pvt Ltd.,Miyo Securities Pvt Ltd,2026-04-30 11:51:56.253686
2026043004004061,NHPC,32,66,1000,283.0,283000.0,Premier Securities Company Ltd.,Miyo Securities Pvt Ltd,2026-04-30 11:51:57.163243
2026043004004064,NHPC,1,66,25,283.0,7075.0,Kumari Securities Private Limited,Miyo Securities Pvt Ltd,2026-04-30 11:52:03.369328
2026043004004085,NHPC,58,66,56,283.0,15848.0,Naasa Securities Co. Ltd.,Miyo Securities Pvt Ltd,2026-04-30 11:52:16.575500
2026043004004110,NHPC,58,50,1500,282.0,423000.0,Naasa Securities Co. Ltd.,Cristal Kanchanjanga Securites Pvt. Ltd.,2026-04-30 11:52:46.641408
2026043004004154,NHPC,32,60,100,282.1,28210.0,Premier Securities Company Ltd.,Nagarik Stock Dealer ,2026-04-30 11:53:33.522887
2026043004004155,NHPC,58,60,400,282.0,112800.0,Naasa Securities Co. Ltd.,Nagarik Stock Dealer ,2026-04-30 11:53:33.523443
2026043004004178,NHPC,94,42,160,281.5,45040.0,K.B.L. Securities Limited ,Sani Securities Company Ltd.,2026-04-30 11:53:44.307555
2026043004004179,NHPC,48,42,10,281.2,2812.0,Trishakti Securities Public Limited,Sani Securities Company Ltd.,2026-04-30 11:53:44.308048
2026043004004180,NHPC,74,42,20,281.2,5624.0,KALASH STOCK MARKET PVT. LTD.,Sani Securities Company Ltd.,2026-04-30 11:53:44.308347
2026043004004181,NHPC,48,42,10,281.1,2811.0,Trishakti Securities Public Limited,Sani Securities Company Ltd.,2026-04-30 11:53:44.308688
2026043004004182,NHPC,34,42,50,281.1,14055.0,Vision Securities Pvt. Ltd,Sani Securities Company Ltd.,2026-04-30 11:53:44.308966
2026043004004183,NHPC,25,42,300,281.1,84330.0,Sweta Securities Private Limited,Sani Securities Company Ltd.,2026-04-30 11:53:44.309239
2026043004004184,NHPC,1,42,500,281.1,140550.0,Kumari Securities Private Limited,Sani Securities Company Ltd.,2026-04-30 11:53:44.309554
2026043004004185,NHPC,6,42,590,281.0,165790.0,Agrawal Securities (PVT) Ltd.,Sani Securities Company Ltd.,2026-04-30 11:53:44.309835
2026043004004186,NHPC,52,42,2000,281.0,562000.0,Sundhara Securities Limited,Sani Securities Company Ltd.,2026-04-30 11:53:44.310110
2026043004004187,NHPC,35,42,21,281.0,5901.0,Kohinoor Investment & Securities Pvt. Ltd.,Sani Securities Company Ltd.,2026-04-30 11:53:44.310391
2026043004004188,NHPC,22,42,300,280.6,84180.0,Siprabi Securities Pvt. Ltd.,Sani Securities Company Ltd.,2026-04-30 11:53:44.310696
2026043004004189,NHPC,49,42,1000,280.6,280600.0,Online Securities Pvt. Ltd.,Sani Securities Company Ltd.,2026-04-30 11:53:44.310972
2026043004004190,NHPC,49,42,1500,280.5,420750.0,Online Securities Pvt. Ltd.,Sani Securities Company Ltd.,2026-04-30 11:53:44.311247
2026043004004191,NHPC,70,42,1000,280.5,280500.0,Infinity Securities Limited,Sani Securities Company Ltd.,2026-04-30 11:53:44.311529
2026043004004192,NHPC,58,42,33,280.5,9256.5,Naasa Securities Co. Ltd.,Sani Securities Company Ltd.,2026-04-30 11:53:44.311804
2026043004004193,NHPC,42,42,100,280.3,28030.0,Sani Securities Company Ltd.,Sani Securities Company Ltd.,2026-04-30 11:53:44.312080
2026043004004194,NHPC,38,42,20,280.2,5604.0,Dipshikha Dhitopatra Karobar Co. Pvt Ltd.,Sani Securities Company Ltd.,2026-04-30 11:53:44.312365
2026043004004195,NHPC,19,42,1182,280.1,331078.2,Nepal Investment And Securities Trading Private Limited,Sani Securities Company Ltd.,2026-04-30 11:53:44.312639
2026043004004196,NHPC,7,42,150,280.1,42015.0,J.F. Securites (PVT) Ltd.,Sani Securities Company Ltd.,2026-04-30 11:53:44.312915
2026043004004197,NHPC,43,42,5000,280.1,1400500.0,South Asian Bulls Pvt. Ltd.,Sani Securities Company Ltd.,2026-04-30 11:53:44.313190
2026043004004198,NHPC,42,42,20,280.1,5602.0,Sani Securities Company Ltd.,Sani Securities Company Ltd.,2026-04-30 11:53:44.313471
2026043004004199,NHPC,21,42,1000,280.1,280100.0,Midas Stock Broking Company Private Limited,Sani Securities Company Ltd.,2026-04-30 11:53:44.313747
2026043004004200,NHPC,48,42,500,280.1,140050.0,Trishakti Securities Public Limited,Sani Securities Company Ltd.,2026-04-30 11:53:44.314019
2026043004004201,NHPC,19,42,100,280.1,28010.0,Nepal Investment And Securities Trading Private Limited,Sani Securities Company Ltd.,2026-04-30 11:53:44.314295
2026043004004202,NHPC,3,42,50,280.0,14000.0,Arun Securities (PVT) Ltd.,Sani Securities Company Ltd.,2026-04-30 11:53:44.314579
2026043004004203,NHPC,37,42,500,280.0,140000.0,Swarna Laxmi Securities Pvt. Ltd.,Sani Securities Company Ltd.,2026-04-30 11:53:44.314857
2026043004004204,NHPC,29,42,500,280.0,140000.0,Trisul Securities & Invt. Ltd.,Sani Securities Company Ltd.,2026-04-30 11:53:44.315155
2026043004004205,NHPC,41,42,100,280.0,28000.0,Linch Stock Market Ltd.,Sani Securities Company Ltd.,2026-04-30 11:53:44.315432
2026043004004206,NHPC,13,42,1000,280.0,280000.0,Thrive Brokerage House Pvt. Ltd,Sani Securities Company Ltd.,2026-04-30 11:53:44.315703
2026043004004207,NHPC,58,42,100,280.0,28000.0,Naasa Securities Co. Ltd.,Sani Securities Company Ltd.,2026-04-30 11:53:44.315971
2026043004004208,NHPC,58,42,112,280.0,31360.0,Naasa Securities Co. Ltd.,Sani Securities Company Ltd.,2026-04-30 11:53:44.316236
2026043004004209,NHPC,34,42,1000,280.0,280000.0,Vision Securities Pvt. Ltd,Sani Securities Company Ltd.,2026-04-30 11:53:44.316507
2026043004004210,NHPC,37,42,43,280.0,12040.0,Swarna Laxmi Securities Pvt. Ltd.,Sani Securities Company Ltd.,2026-04-30 11:53:44.316770
2026043004004211,NHPC,41,42,50,280.0,14000.0,Linch Stock Market Ltd.,Sani Securities Company Ltd.,2026-04-30 11:53:44.317043
2026043004004212,NHPC,45,42,250,280.0,70000.0,Imperial Securities Company Pvt. Ltd.,Sani Securities Company Ltd.,2026-04-30 11:53:44.317301
2026043004004213,NHPC,58,42,25,280.0,7000.0,Naasa Securities Co. Ltd.,Sani Securities Company Ltd.,2026-04-30 11:53:44.317558
2026043004004214,NHPC,26,42,50,280.0,14000.0,Asian Securities Private Ltd.,Sani Securities Company Ltd.,2026-04-30 11:53:44.317806
2026043004004215,NHPC,45,42,500,280.0,140000.0,Imperial Securities Company Pvt. Ltd.,Sani Securities Company Ltd.,2026-04-30 11:53:44.318058
2026043004004216,NHPC,34,42,30,280.0,8400.0,Vision Securities Pvt. Ltd,Sani Securities Company Ltd.,2026-04-30 11:53:44.318308
2026043004004217,NHPC,42,42,124,280.0,34720.0,Sani Securities Company Ltd.,Sani Securities Company Ltd.,2026-04-30 11:53:44.318559
2026043004004261,NHPC,42,42,76,280.0,21280.0,Sani Securities Company Ltd.,Sani Securities Company Ltd.,2026-04-30 11:53:56.225971
2026043004004262,NHPC,47,42,20,280.0,5600.0,Neev Securities Pvt. Ltd.,Sani Securities Company Ltd.,2026-04-30 11:53:56.226956
2026043004004263,NHPC,34,42,100,280.0,28000.0,Vision Securities Pvt. Ltd,Sani Securities Company Ltd.,2026-04-30 11:53:56.227707
2026043004004264,NHPC,6,42,500,280.0,140000.0,Agrawal Securities (PVT) Ltd.,Sani Securities Company Ltd.,2026-04-30 11:53:56.228458
2026043004004265,NHPC,41,42,50,280.0,14000.0,Linch Stock Market Ltd.,Sani Securities Company Ltd.,2026-04-30 11:53:56.229178
2026043004004266,NHPC,11,42,100,280.0,28000.0,Malla & Malla Stock Broking Company Pvt. Limited,Sani Securities Company Ltd.,2026-04-30 11:53:56.229900
2026043004004267,NHPC,49,42,1500,280.0,420000.0,Online Securities Pvt. Ltd.,Sani Securities Company Ltd.,2026-04-30 11:53:56.230625
2026043004004268,NHPC,35,42,35,280.0,9800.0,Kohinoor Investment & Securities Pvt. Ltd.,Sani Securities Company Ltd.,2026-04-30 11:53:56.231345
2026043004004269,NHPC,4,42,50,280.0,14000.0,Opal Securities Investment (PVT) Ltd.,Sani Securities Company Ltd.,2026-04-30 11:53:56.232039
2026043004004270,NHPC,50,42,50,280.0,14000.0,Cristal Kanchanjanga Securites Pvt. Ltd.,Sani Securities Company Ltd.,2026-04-30 11:53:56.232751
2026043004004271,NHPC,6,42,500,280.0,140000.0,Agrawal Securities (PVT) Ltd.,Sani Securities Company Ltd.,2026-04-30 11:53:56.233454
2026043004004272,NHPC,42,42,1500,280.0,420000.0,Sani Securities Company Ltd.,Sani Securities Company Ltd.,2026-04-30 11:53:56.234117
2026043004004273,NHPC,29,42,1200,280.0,336000.0,Trisul Securities & Invt. Ltd.,Sani Securities Company Ltd.,2026-04-30 11:53:56.234818
2026043004004274,NHPC,44,42,1000,280.0,280000.0,Dynamic Money Managers Securities Pvt. Ltd.,Sani Securities Company Ltd.,2026-04-30 11:53:56.235448
2026043004004275,NHPC,42,42,550,280.0,154000.0,Sani Securities Company Ltd.,Sani Securities Company Ltd.,2026-04-30 11:53:56.235690
2026043004004276,NHPC,64,42,2000,280.0,560000.0,SUN SECURITIES PVT LTD,Sani Securities Company Ltd.,2026-04-30 11:53:56.235912
2026043004004277,NHPC,45,42,500,280.0,140000.0,Imperial Securities Company Pvt. Ltd.,Sani Securities Company Ltd.,2026-04-30 11:53:56.236132
2026043004004278,NHPC,25,42,300,280.0,84000.0,Sweta Securities Private Limited,Sani Securities Company Ltd.,2026-04-30 11:53:56.236356
2026043004004279,NHPC,57,42,120,280.0,33600.0,Aryatara Investment & Securities,Sani Securities Company Ltd.,2026-04-30 11:53:56.236577
2026043004004280,NHPC,26,42,500,280.0,140000.0,Asian Securities Private Ltd.,Sani Securities Company Ltd.,2026-04-30 11:53:56.236794
2026043004004281,NHPC,38,42,300,280.0,84000.0,Dipshikha Dhitopatra Karobar Co. Pvt Ltd.,Sani Securities Company Ltd.,2026-04-30 11:53:56.237010
2026043004004282,NHPC,53,42,100,280.0,28000.0,Investment Management Nepal Pvt. Ltd.,Sani Securities Company Ltd.,2026-04-30 11:53:56.237228
2026043004004283,NHPC,52,42,15,280.0,4200.0,Sundhara Securities Limited,Sani Securities Company Ltd.,2026-04-30 11:53:56.237444
2026043004004284,NHPC,58,42,1000,280.0,280000.0,Naasa Securities Co. Ltd.,Sani Securities Company Ltd.,2026-04-30 11:53:56.237649
2026043004004285,NHPC,21,42,300,280.0,84000.0,Midas Stock Broking Company Private Limited,Sani Securities Company Ltd.,2026-04-30 11:53:56.237858
2026043004004286,NHPC,58,42,70,280.0,19600.0,Naasa Securities Co. Ltd.,Sani Securities Company Ltd.,2026-04-30 11:53:56.238064
2026043004004287,NHPC,95,42,1000,280.0,280000.0,Magnet Securities and Investment Company Private Limited,Sani Securities Company Ltd.,2026-04-30 11:53:56.238267
2026043004004288,NHPC,42,42,55,280.0,15400.0,Sani Securities Company Ltd.,Sani Securities Company Ltd.,2026-04-30 11:53:56.238477
2026043004004289,NHPC,77,42,120,280.0,33600.0,Nabil Stock Dealer Ltd.,Sani Securities Company Ltd.,2026-04-30 11:53:56.238680
2026043004004290,NHPC,22,42,50,280.0,14000.0,Siprabi Securities Pvt. Ltd.,Sani Securities Company Ltd.,2026-04-30 11:53:56.238881
2026043004004291,NHPC,49,42,100,280.0,28000.0,Online Securities Pvt. Ltd.,Sani Securities Company Ltd.,2026-04-30 11:53:56.239083
2026043004004292,NHPC,37,42,140,280.0,39200.0,Swarna Laxmi Securities Pvt. Ltd.,Sani Securities Company Ltd.,2026-04-30 11:53:56.239282
2026043004004293,NHPC,25,42,100,280.0,28000.0,Sweta Securities Private Limited,Sani Securities Company Ltd.,2026-04-30 11:53:56.239484
2026043004004294,NHPC,47,42,100,280.0,28000.0,Neev Securities Pvt. Ltd.,Sani Securities Company Ltd.,2026-04-30 11:53:56.239681
2026043004004295,NHPC,26,42,100,280.0,28000.0,Asian Securities Private Ltd.,Sani Securities Company Ltd.,2026-04-30 11:53:56.239879
2026043004004296,NHPC,17,42,200,280.0,56000.0,ABC Securities Private Limited,Sani Securities Company Ltd.,2026-04-30 11:53:56.240074
2026043004004297,NHPC,17,42,5000,280.0,1400000.0,ABC Securities Private Limited,Sani Securities Company Ltd.,2026-04-30 11:53:56.240267
2026043004004298,NHPC,26,42,500,280.0,140000.0,Asian Securities Private Ltd.,Sani Securities Company Ltd.,2026-04-30 11:53:56.240463
2026043004004299,NHPC,43,42,200,280.0,56000.0,South Asian Bulls Pvt. Ltd.,Sani Securities Company Ltd.,2026-04-30 11:53:56.240653
2026043004004300,NHPC,34,42,250,280.0,70000.0,Vision Securities Pvt. Ltd,Sani Securities Company Ltd.,2026-04-30 11:53:56.240842
2026043004004301,NHPC,48,42,300,280.0,84000.0,Trishakti Securities Public Limited,Sani Securities Company Ltd.,2026-04-30 11:53:56.241030
2026043004004302,NHPC,4,42,200,280.0,56000.0,Opal Securities Investment (PVT) Ltd.,Sani Securities Company Ltd.,2026-04-30 11:53:56.241219
2026043004004303,NHPC,3,42,100,280.0,28000.0,Arun Securities (PVT) Ltd.,Sani Securities Company Ltd.,2026-04-30 11:53:56.241421
2026043004004304,NHPC,58,42,1000,280.0,280000.0,Naasa Securities Co. Ltd.,Sani Securities Company Ltd.,2026-04-30 11:53:56.241606
2026043004004305,NHPC,58,42,100,280.0,28000.0,Naasa Securities Co. Ltd.,Sani Securities Company Ltd.,2026-04-30 11:53:56.241787
2026043004004306,NHPC,74,42,1000,280.0,280000.0,KALASH STOCK MARKET PVT. LTD.,Sani Securities Company Ltd.,2026-04-30 11:53:56.241969
2026043004004307,NHPC,39,42,500,280.0,140000.0,Sumeru Securities Pvt. Ltd.,Sani Securities Company Ltd.,2026-04-30 11:53:56.242151
2026043004004308,NHPC,26,42,200,280.0,56000.0,Asian Securities Private Ltd.,Sani Securities Company Ltd.,2026-04-30 11:53:56.242333
2026043004004309,NHPC,58,42,50,280.0,14000.0,Naasa Securities Co. Ltd.,Sani Securities Company Ltd.,2026-04-30 11:53:56.242511
2026043004004310,NHPC,26,42,20,280.0,5600.0,Asian Securities Private Ltd.,Sani Securities Company Ltd.,2026-04-30 11:53:56.242694
2026043004004311,NHPC,11,42,400,280.0,112000.0,Malla & Malla Stock Broking Company Pvt. Limited,Sani Securities Company Ltd.,2026-04-30 11:53:56.242872
2026043004004312,NHPC,58,42,50,280.0,14000.0,Naasa Securities Co. Ltd.,Sani Securities Company Ltd.,2026-04-30 11:53:56.243043
2026043004004313,NHPC,17,42,729,280.0,204120.0,ABC Securities Private Limited,Sani Securities Company Ltd.,2026-04-30 11:53:56.243218
2026043004004315,NHPC,17,42,271,280.0,75880.0,ABC Securities Private Limited,Sani Securities Company Ltd.,2026-04-30 11:54:05.674431
2026043004004316,NHPC,60,42,200,280.0,56000.0,Nagarik Stock Dealer ,Sani Securities Company Ltd.,2026-04-30 11:54:05.675269
2026043004004317,NHPC,25,42,251,280.0,70280.0,Sweta Securities Private Limited,Sani Securities Company Ltd.,2026-04-30 11:54:05.676040
2026043004004318,NHPC,34,42,50,280.0,14000.0,Vision Securities Pvt. Ltd,Sani Securities Company Ltd.,2026-04-30 11:54:05.676830
2026043004004319,NHPC,45,42,100,280.0,28000.0,Imperial Securities Company Pvt. Ltd.,Sani Securities Company Ltd.,2026-04-30 11:54:05.677392
2026043004004320,NHPC,53,42,100,280.0,28000.0,Investment Management Nepal Pvt. Ltd.,Sani Securities Company Ltd.,2026-04-30 11:54:05.677914
2026043004004321,NHPC,47,42,100,280.0,28000.0,Neev Securities Pvt. Ltd.,Sani Securities Company Ltd.,2026-04-30 11:54:05.678434
2026043004004322,NHPC,22,42,50,280.0,14000.0,Siprabi Securities Pvt. Ltd.,Sani Securities Company Ltd.,2026-04-30 11:54:05.678945
2026043004004323,NHPC,58,42,500,280.0,140000.0,Naasa Securities Co. Ltd.,Sani Securities Company Ltd.,2026-04-30 11:54:05.679448
2026043004004324,NHPC,6,42,350,280.0,98000.0,Agrawal Securities (PVT) Ltd.,Sani Securities Company Ltd.,2026-04-30 11:54:05.679935
2026043004004325,NHPC,10,42,3000,280.0,840000.0,Pragyan Securities (PVT) Ltd.,Sani Securities Company Ltd.,2026-04-30 11:54:05.680443
2026043004004326,NHPC,25,42,70,280.0,19600.0,Sweta Securities Private Limited,Sani Securities Company Ltd.,2026-04-30 11:54:05.680943
2026043004004327,NHPC,52,42,958,280.0,268240.0,Sundhara Securities Limited,Sani Securities Company Ltd.,2026-04-30 11:54:05.681431
2026043004004337,NHPC,52,92,1042,280.0,291760.0,Sundhara Securities Limited,Roadshow securities limited,2026-04-30 11:54:23.086841
2026043004004338,NHPC,98,92,1000,280.0,280000.0,Trademow Securities Private Limited,Roadshow securities limited,2026-04-30 11:54:23.087571
2026043004004339,NHPC,60,92,1000,280.0,280000.0,Nagarik Stock Dealer ,Roadshow securities limited,2026-04-30 11:54:23.088073
2026043004004340,NHPC,77,92,50,280.0,14000.0,Nabil Stock Dealer Ltd.,Roadshow securities limited,2026-04-30 11:54:23.088587
2026043004004341,NHPC,74,92,100,280.0,28000.0,KALASH STOCK MARKET PVT. LTD.,Roadshow securities limited,2026-04-30 11:54:23.089069
2026043004004342,NHPC,1,92,500,280.0,140000.0,Kumari Securities Private Limited,Roadshow securities limited,2026-04-30 11:54:23.089595
2026043004004343,NHPC,51,92,200,280.0,56000.0,Oxford Securities Pvt. Ltd.,Roadshow securities limited,2026-04-30 11:54:23.090087
2026043004004344,NHPC,34,92,2000,280.0,560000.0,Vision Securities Pvt. Ltd,Roadshow securities limited,2026-04-30 11:54:23.090574
2026043004004345,NHPC,34,92,250,280.0,70000.0,Vision Securities Pvt. Ltd,Roadshow securities limited,2026-04-30 11:54:23.091064
2026043004004346,NHPC,57,92,2000,280.0,560000.0,Aryatara Investment & Securities,Roadshow securities limited,2026-04-30 11:54:23.091572
2026043004004347,NHPC,56,92,30,280.0,8400.0,Sri Hari Securities Pvt. Ltd.,Roadshow securities limited,2026-04-30 11:54:23.092055
2026043004004348,NHPC,38,92,500,280.0,140000.0,Dipshikha Dhitopatra Karobar Co. Pvt Ltd.,Roadshow securities limited,2026-04-30 11:54:23.092535
2026043004004349,NHPC,45,92,50,280.0,14000.0,Imperial Securities Company Pvt. Ltd.,Roadshow securities limited,2026-04-30 11:54:23.093010
2026043004004350,NHPC,41,92,150,280.0,42000.0,Linch Stock Market Ltd.,Roadshow securities limited,2026-04-30 11:54:23.093500
2026043004004351,NHPC,53,92,1000,280.0,280000.0,Investment Management Nepal Pvt. Ltd.,Roadshow securities limited,2026-04-30 11:54:23.093980
2026043004004352,NHPC,58,92,18,280.0,5040.0,Naasa Securities Co. Ltd.,Roadshow securities limited,2026-04-30 11:54:23.094458
2026043004004353,NHPC,49,92,50,280.0,14000.0,Online Securities Pvt. Ltd.,Roadshow securities limited,2026-04-30 11:54:23.094928
2026043004004354,NHPC,49,92,60,280.0,16800.0,Online Securities Pvt. Ltd.,Roadshow securities limited,2026-04-30 11:54:23.095471
2026043004004375,NHPC,49,42,440,280.0,123200.0,Online Securities Pvt. Ltd.,Sani Securities Company Ltd.,2026-04-30 11:54:37.604442
2026043004004376,NHPC,54,42,250,280.0,70000.0,Sewa Securities Pvt. Ltd.,Sani Securities Company Ltd.,2026-04-30 11:54:37.605156
2026043004004377,NHPC,54,42,1000,280.0,280000.0,Sewa Securities Pvt. Ltd.,Sani Securities Company Ltd.,2026-04-30 11:54:37.605646
2026043004004378,NHPC,32,42,178,280.0,49840.0,Premier Securities Company Ltd.,Sani Securities Company Ltd.,2026-04-30 11:54:37.606134
2026043004004379,NHPC,35,42,500,280.0,140000.0,Kohinoor Investment & Securities Pvt. Ltd.,Sani Securities Company Ltd.,2026-04-30 11:54:37.606617
2026043004004380,NHPC,86,42,1500,280.0,420000.0,Stoxkarts Securities Limited,Sani Securities Company Ltd.,2026-04-30 11:54:37.607071
2026043004004381,NHPC,48,42,86,280.0,24080.0,Trishakti Securities Public Limited,Sani Securities Company Ltd.,2026-04-30 11:54:37.607538
2026043004004382,NHPC,99,42,500,280.0,140000.0,Prabhu Stock Market Limited,Sani Securities Company Ltd.,2026-04-30 11:54:37.607988
2026043004004383,NHPC,17,42,500,280.0,140000.0,ABC Securities Private Limited,Sani Securities Company Ltd.,2026-04-30 11:54:37.608465
2026043004004384,NHPC,45,42,46,280.0,12880.0,Imperial Securities Company Pvt. Ltd.,Sani Securities Company Ltd.,2026-04-30 11:54:37.608915
2026043004004396,NHPC,34,42,300,280.2,84060.0,Vision Securities Pvt. Ltd,Sani Securities Company Ltd.,2026-04-30 11:54:59.865012
2026043004004397,NHPC,32,42,40,280.1,11204.0,Premier Securities Company Ltd.,Sani Securities Company Ltd.,2026-04-30 11:54:59.865407
2026043004004398,NHPC,45,42,54,280.0,15120.0,Imperial Securities Company Pvt. Ltd.,Sani Securities Company Ltd.,2026-04-30 11:54:59.865577
2026043004004399,NHPC,58,42,10,280.0,2800.0,Naasa Securities Co. Ltd.,Sani Securities Company Ltd.,2026-04-30 11:54:59.865735
2026043004004400,NHPC,35,42,1021,280.0,285880.0,Kohinoor Investment & Securities Pvt. Ltd.,Sani Securities Company Ltd.,2026-04-30 11:54:59.865928
2026043004004403,NHPC,58,21,500,280.2,140100.0,Naasa Securities Co. Ltd.,Midas Stock Broking Company Private Limited,2026-04-30 11:55:06.457735
