contract_id,symbol,buyer_member_id,seller_member_id,volume,price,amount,buyer_broker,seller_broker,transaction_time
2026043001000149,NICA,64,33,10,355.0,3550.0,SUN SECURITIES PVT LTD,Dakshinkali Investment & Securities Pvt. Ltd.,2026-04-30 11:01:16.149064
2026043001000150,NICA,40,33,600,353.0,211800.0,Creative Securities Pvt Ltd,Dakshinkali Investment & Securities Pvt. Ltd.,2026-04-30 11:01:16.149161
2026043001000151,NICA,65,33,200,352.1,70420.0,Sharepro Securities Private Limited,Dakshinkali Investment & Securities Pvt. Ltd.,2026-04-30 11:01:16.149217
2026043001000152,NICA,56,33,1000,351.4,351400.0,Sri Hari Securities Pvt. Ltd.,Dakshinkali Investment & Securities Pvt. Ltd.,2026-04-30 11:01:16.149275
2026043001000153,NICA,58,33,190,350.1,66519.0,Naasa Securities Co. Ltd.,Dakshinkali Investment & Securities Pvt. Ltd.,2026-04-30 11:01:16.149332
2026043001000565,NICA,36,50,500,351.0,175500.0,Secured Securities Ltd.,Cristal Kanchanjanga Securites Pvt. Ltd.,2026-04-30 11:03:18.284258
2026043001000600,NICA,17,50,200,351.0,70200.0,ABC Securities Private Limited,Cristal Kanchanjanga Securites Pvt. Ltd.,2026-04-30 11:03:29.074748
2026043001001946,NICA,17,34,100,351.4,35140.0,ABC Securities Private Limited,Vision Securities Pvt. Ltd,2026-04-30 11:10:05.876156
2026043001001947,NICA,17,34,100,351.3,35130.0,ABC Securities Private Limited,Vision Securities Pvt. Ltd,2026-04-30 11:10:05.876201
2026043001001948,NICA,17,34,200,351.2,70240.0,ABC Securities Private Limited,Vision Securities Pvt. Ltd,2026-04-30 11:10:05.876226
2026043001001949,NICA,17,34,200,351.1,70220.0,ABC Securities Private Limited,Vision Securities Pvt. Ltd,2026-04-30 11:10:05.876250
2026043001001950,NICA,16,34,100,351.0,35100.0,Primo Securities (PVT) Ltd.,Vision Securities Pvt. Ltd,2026-04-30 11:10:05.876287
2026043001001951,NICA,58,34,28,351.0,9828.0,Naasa Securities Co. Ltd.,Vision Securities Pvt. Ltd,2026-04-30 11:10:05.876319
2026043001001952,NICA,13,34,22,350.8,7717.6,Thrive Brokerage House Pvt. Ltd,Vision Securities Pvt. Ltd,2026-04-30 11:10:05.876348
2026043001002065,NICA,45,44,1000,351.0,351000.0,Imperial Securities Company Pvt. Ltd.,Dynamic Money Managers Securities Pvt. Ltd.,2026-04-30 11:10:47.091546
2026043001002131,NICA,47,38,20,352.0,7040.0,Neev Securities Pvt. Ltd.,Dipshikha Dhitopatra Karobar Co. Pvt Ltd.,2026-04-30 11:11:07.610103
2026043001002542,NICA,17,70,390,354.0,138060.0,ABC Securities Private Limited,Infinity Securities Limited,2026-04-30 11:12:42.888086
2026043001002565,NICA,45,17,10,352.1,3521.0,Imperial Securities Company Pvt. Ltd.,ABC Securities Private Limited,2026-04-30 11:12:47.435993
2026043001003615,NICA,45,52,20,352.2,7044.0,Imperial Securities Company Pvt. Ltd.,Sundhara Securities Limited,2026-04-30 11:17:00.931122
2026043001003983,NICA,78,45,1,350.0,350.0,Garima Securities Limited,Imperial Securities Company Pvt. Ltd.,2026-04-30 11:18:16.430143
2026043001004072,NICA,78,1,9,350.8,3157.2,Garima Securities Limited,Kumari Securities Private Limited,2026-04-30 11:18:41.675281
2026043001004126,NICA,45,33,500,352.2,176100.0,Imperial Securities Company Pvt. Ltd.,Dakshinkali Investment & Securities Pvt. Ltd.,2026-04-30 11:18:54.943255
2026043001004243,NICA,45,11,60,352.2,21132.0,Imperial Securities Company Pvt. Ltd.,Malla & Malla Stock Broking Company Pvt. Limited,2026-04-30 11:19:31.108963
2026043001004373,NICA,45,74,420,352.2,147924.0,Imperial Securities Company Pvt. Ltd.,KALASH STOCK MARKET PVT. LTD.,2026-04-30 11:20:05.921799
2026043001004785,NICA,62,74,20,352.2,7044.0,Capital Max Securities Ltd,KALASH STOCK MARKET PVT. LTD.,2026-04-30 11:21:29.432387
2026043001004829,NICA,17,74,551,352.2,194062.2,ABC Securities Private Limited,KALASH STOCK MARKET PVT. LTD.,2026-04-30 11:21:42.595709
2026043001005074,NICA,45,45,150,352.1,52815.0,Imperial Securities Company Pvt. Ltd.,Imperial Securities Company Pvt. Ltd.,2026-04-30 11:22:32.296582
2026043001005489,NICA,78,38,9,352.0,3168.0,Garima Securities Limited,Dipshikha Dhitopatra Karobar Co. Pvt Ltd.,2026-04-30 11:23:55.878732
2026043001006008,NICA,45,37,100,353.9,35390.0,Imperial Securities Company Pvt. Ltd.,Swarna Laxmi Securities Pvt. Ltd.,2026-04-30 11:25:51.259434
2026043001006433,NICA,18,34,50,353.0,17650.0,Sagarmatha Securities Private Limited,Vision Securities Pvt. Ltd,2026-04-30 11:27:16.604593
2026043001006603,NICA,49,34,100,353.0,35300.0,Online Securities Pvt. Ltd.,Vision Securities Pvt. Ltd,2026-04-30 11:28:01.374301
2026043001007021,NICA,58,34,10,353.0,3530.0,Naasa Securities Co. Ltd.,Vision Securities Pvt. Ltd,2026-04-30 11:29:34.179315
2026043001007204,NICA,37,34,315,353.0,111195.0,Swarna Laxmi Securities Pvt. Ltd.,Vision Securities Pvt. Ltd,2026-04-30 11:30:30.340219
2026043001007249,NICA,37,37,10,353.0,3530.0,Swarna Laxmi Securities Pvt. Ltd.,Swarna Laxmi Securities Pvt. Ltd.,2026-04-30 11:30:42.354301
2026043001007250,NICA,45,37,840,352.1,295764.0,Imperial Securities Company Pvt. Ltd.,Swarna Laxmi Securities Pvt. Ltd.,2026-04-30 11:30:42.354484
2026043001007251,NICA,35,37,45,352.0,15840.0,Kohinoor Investment & Securities Pvt. Ltd.,Swarna Laxmi Securities Pvt. Ltd.,2026-04-30 11:30:42.354612
2026043001007324,NICA,43,71,100,352.0,35200.0,South Asian Bulls Pvt. Ltd.,SHUBHAKAMANA SECURITIES PVT. LTD,2026-04-30 11:31:00.142560
2026043001007325,NICA,58,71,90,352.0,31680.0,Naasa Securities Co. Ltd.,SHUBHAKAMANA SECURITIES PVT. LTD,2026-04-30 11:31:00.142771
2026043001007326,NICA,58,71,406,352.0,142912.0,Naasa Securities Co. Ltd.,SHUBHAKAMANA SECURITIES PVT. LTD,2026-04-30 11:31:00.142907
2026043001007327,NICA,22,71,28,352.0,9856.0,Siprabi Securities Pvt. Ltd.,SHUBHAKAMANA SECURITIES PVT. LTD,2026-04-30 11:31:00.143054
2026043001007328,NICA,66,71,376,352.0,132352.0,Miyo Securities Pvt Ltd,SHUBHAKAMANA SECURITIES PVT. LTD,2026-04-30 11:31:00.143177
2026043001008753,NICA,94,58,28,353.0,9884.0,K.B.L. Securities Limited ,Naasa Securities Co. Ltd.,2026-04-30 11:38:40.349265
2026043001008754,NICA,37,58,172,353.0,60716.0,Swarna Laxmi Securities Pvt. Ltd.,Naasa Securities Co. Ltd.,2026-04-30 11:38:40.349393
2026043001008756,NICA,7,13,10,354.0,3540.0,J.F. Securites (PVT) Ltd.,Thrive Brokerage House Pvt. Ltd,2026-04-30 11:38:41.585161
2026043001009471,NICA,37,42,90,353.0,31770.0,Swarna Laxmi Securities Pvt. Ltd.,Sani Securities Company Ltd.,2026-04-30 11:43:02.010386
2026043001010539,NICA,37,49,18,353.0,6354.0,Swarna Laxmi Securities Pvt. Ltd.,Online Securities Pvt. Ltd.,2026-04-30 11:48:42.230924
2026043001010540,NICA,51,49,60,353.0,21180.0,Oxford Securities Pvt. Ltd.,Online Securities Pvt. Ltd.,2026-04-30 11:48:42.231173
2026043001010541,NICA,36,49,50,352.4,17620.0,Secured Securities Ltd.,Online Securities Pvt. Ltd.,2026-04-30 11:48:42.231325
2026043001010542,NICA,57,49,50,352.3,17615.0,Aryatara Investment & Securities,Online Securities Pvt. Ltd.,2026-04-30 11:48:42.231480
2026043001010543,NICA,8,49,500,352.3,176150.0,Brilliant Securities Pvt. Ltd.,Online Securities Pvt. Ltd.,2026-04-30 11:48:42.231619
2026043001010544,NICA,6,49,50,352.1,17605.0,Agrawal Securities (PVT) Ltd.,Online Securities Pvt. Ltd.,2026-04-30 11:48:42.231755
2026043001010545,NICA,56,49,200,352.1,70420.0,Sri Hari Securities Pvt. Ltd.,Online Securities Pvt. Ltd.,2026-04-30 11:48:42.231885
2026043001010546,NICA,66,49,624,352.0,219648.0,Miyo Securities Pvt Ltd,Online Securities Pvt. Ltd.,2026-04-30 11:48:42.232036
2026043001010547,NICA,34,49,100,352.0,35200.0,Vision Securities Pvt. Ltd,Online Securities Pvt. Ltd.,2026-04-30 11:48:42.232175
2026043001010548,NICA,34,49,120,352.0,42240.0,Vision Securities Pvt. Ltd,Online Securities Pvt. Ltd.,2026-04-30 11:48:42.232309
2026043001010549,NICA,28,49,100,352.0,35200.0,Shree Krishna Securities Ltd.,Online Securities Pvt. Ltd.,2026-04-30 11:48:42.232447
2026043001010550,NICA,42,49,1000,352.0,352000.0,Sani Securities Company Ltd.,Online Securities Pvt. Ltd.,2026-04-30 11:48:42.232580
2026043001010644,NICA,17,49,50,352.0,17600.0,ABC Securities Private Limited,Online Securities Pvt. Ltd.,2026-04-30 11:49:17.397377
2026043001010740,NICA,17,49,69,352.0,24288.0,ABC Securities Private Limited,Online Securities Pvt. Ltd.,2026-04-30 11:49:41.708128
2026043001011141,NICA,17,45,60,351.5,21090.0,ABC Securities Private Limited,Imperial Securities Company Pvt. Ltd.,2026-04-30 11:51:42.462446
2026043001011544,NICA,17,51,46,353.0,16238.0,ABC Securities Private Limited,Oxford Securities Pvt. Ltd.,2026-04-30 11:54:02.853710
2026043001011561,NICA,17,13,31,354.0,10974.0,ABC Securities Private Limited,Thrive Brokerage House Pvt. Ltd,2026-04-30 11:54:07.067225
2026043001012188,NICA,56,48,500,351.6,175800.0,Sri Hari Securities Pvt. Ltd.,Trishakti Securities Public Limited,2026-04-30 11:57:50.743719
2026043001012189,NICA,10,48,220,351.6,77352.0,Pragyan Securities (PVT) Ltd.,Trishakti Securities Public Limited,2026-04-30 11:57:50.743960
2026043001012190,NICA,17,48,71,351.5,24956.5,ABC Securities Private Limited,Trishakti Securities Public Limited,2026-04-30 11:57:50.744137
2026043001012204,NICA,78,49,9,352.0,3168.0,Garima Securities Limited,Online Securities Pvt. Ltd.,2026-04-30 11:57:57.065960
2026043001013629,NICA,42,45,100,352.0,35200.0,Sani Securities Company Ltd.,Imperial Securities Company Pvt. Ltd.,2026-04-30 12:06:15.496521
2026043001013630,NICA,17,45,269,351.5,94553.5,ABC Securities Private Limited,Imperial Securities Company Pvt. Ltd.,2026-04-30 12:06:15.496602
2026043001013631,NICA,17,45,300,351.4,105420.0,ABC Securities Private Limited,Imperial Securities Company Pvt. Ltd.,2026-04-30 12:06:15.496676
2026043001013632,NICA,49,45,10,351.4,3514.0,Online Securities Pvt. Ltd.,Imperial Securities Company Pvt. Ltd.,2026-04-30 12:06:15.496736
2026043001013633,NICA,51,45,21,351.3,7377.3,Oxford Securities Pvt. Ltd.,Imperial Securities Company Pvt. Ltd.,2026-04-30 12:06:15.496807
2026043001013839,NICA,43,45,20,351.3,7026.0,South Asian Bulls Pvt. Ltd.,Imperial Securities Company Pvt. Ltd.,2026-04-30 12:07:44.740636
2026043001013840,NICA,17,45,200,351.2,70240.0,ABC Securities Private Limited,Imperial Securities Company Pvt. Ltd.,2026-04-30 12:07:44.740727
2026043001013841,NICA,17,45,100,351.1,35110.0,ABC Securities Private Limited,Imperial Securities Company Pvt. Ltd.,2026-04-30 12:07:44.740792
2026043001013842,NICA,21,45,100,351.1,35110.0,Midas Stock Broking Company Private Limited,Imperial Securities Company Pvt. Ltd.,2026-04-30 12:07:44.740848
2026043001013843,NICA,45,45,1000,351.0,351000.0,Imperial Securities Company Pvt. Ltd.,Imperial Securities Company Pvt. Ltd.,2026-04-30 12:07:44.740908
2026043001013844,NICA,28,45,100,351.0,35100.0,Shree Krishna Securities Ltd.,Imperial Securities Company Pvt. Ltd.,2026-04-30 12:07:44.740969
2026043001013845,NICA,49,45,400,351.0,140400.0,Online Securities Pvt. Ltd.,Imperial Securities Company Pvt. Ltd.,2026-04-30 12:07:44.741045
2026043001013846,NICA,45,45,50,351.0,17550.0,Imperial Securities Company Pvt. Ltd.,Imperial Securities Company Pvt. Ltd.,2026-04-30 12:07:44.741106
2026043001013847,NICA,58,45,12,351.0,4212.0,Naasa Securities Co. Ltd.,Imperial Securities Company Pvt. Ltd.,2026-04-30 12:07:44.741167
2026043001013848,NICA,39,45,10,351.0,3510.0,Sumeru Securities Pvt. Ltd.,Imperial Securities Company Pvt. Ltd.,2026-04-30 12:07:44.741229
2026043001013849,NICA,51,45,308,351.0,108108.0,Oxford Securities Pvt. Ltd.,Imperial Securities Company Pvt. Ltd.,2026-04-30 12:07:44.741289
2026043001013957,NICA,51,29,689,351.0,241839.0,Oxford Securities Pvt. Ltd.,Trisul Securities & Invt. Ltd.,2026-04-30 12:08:27.457644
2026043001014463,NICA,42,29,100,351.0,35100.0,Sani Securities Company Ltd.,Trisul Securities & Invt. Ltd.,2026-04-30 12:11:22.946566
2026043001014464,NICA,64,29,10,351.0,3510.0,SUN SECURITIES PVT LTD,Trisul Securities & Invt. Ltd.,2026-04-30 12:11:22.946830
2026043001014465,NICA,34,29,200,351.0,70200.0,Vision Securities Pvt. Ltd,Trisul Securities & Invt. Ltd.,2026-04-30 12:11:22.946983
2026043001014466,NICA,54,29,30,351.0,10530.0,Sewa Securities Pvt. Ltd.,Trisul Securities & Invt. Ltd.,2026-04-30 12:11:22.947161
2026043001014467,NICA,96,29,560,350.9,196504.0,Himalayan Securities Limited,Trisul Securities & Invt. Ltd.,2026-04-30 12:11:22.947305
2026043001014816,NICA,37,29,395,351.0,138645.0,Swarna Laxmi Securities Pvt. Ltd.,Trisul Securities & Invt. Ltd.,2026-04-30 12:13:30.878222
2026043001016009,NICA,29,32,10,353.0,3530.0,Trisul Securities & Invt. Ltd.,Premier Securities Company Ltd.,2026-04-30 12:20:43.875080
2026043001016050,NICA,96,53,29,350.9,10176.1,Himalayan Securities Limited,Investment Management Nepal Pvt. Ltd.,2026-04-30 12:21:07.550656
2026043001016051,NICA,96,53,411,350.9,144219.9,Himalayan Securities Limited,Investment Management Nepal Pvt. Ltd.,2026-04-30 12:21:07.550984
2026043001016052,NICA,13,53,18,350.8,6314.4,Thrive Brokerage House Pvt. Ltd,Investment Management Nepal Pvt. Ltd.,2026-04-30 12:21:07.551200
2026043001016053,NICA,34,53,42,350.8,14733.6,Vision Securities Pvt. Ltd,Investment Management Nepal Pvt. Ltd.,2026-04-30 12:21:07.551342
2026043001016179,NICA,42,32,10,353.0,3530.0,Sani Securities Company Ltd.,Premier Securities Company Ltd.,2026-04-30 12:22:01.966948
2026043001016462,NICA,48,32,16,353.0,5648.0,Trishakti Securities Public Limited,Premier Securities Company Ltd.,2026-04-30 12:23:57.803902
2026043001016648,NICA,71,36,200,352.0,70400.0,SHUBHAKAMANA SECURITIES PVT. LTD,Secured Securities Ltd.,2026-04-30 12:25:18.196355
2026043001017142,NICA,71,39,500,352.9,176450.0,SHUBHAKAMANA SECURITIES PVT. LTD,Sumeru Securities Pvt. Ltd.,2026-04-30 12:28:02.995597
2026043001017143,NICA,71,32,464,353.0,163792.0,SHUBHAKAMANA SECURITIES PVT. LTD,Premier Securities Company Ltd.,2026-04-30 12:28:02.995844
2026043001017144,NICA,71,29,1000,353.0,353000.0,SHUBHAKAMANA SECURITIES PVT. LTD,Trisul Securities & Invt. Ltd.,2026-04-30 12:28:02.996013
2026043001017178,NICA,71,51,10,354.4,3544.0,SHUBHAKAMANA SECURITIES PVT. LTD,Oxford Securities Pvt. Ltd.,2026-04-30 12:28:21.095162
2026043001017872,NICA,75,51,24,354.4,8505.6,N.I.M.B. Stock Markets Limited,Oxford Securities Pvt. Ltd.,2026-04-30 12:32:50.662004
2026043001018187,NICA,71,48,11,353.0,3883.0,SHUBHAKAMANA SECURITIES PVT. LTD,Trishakti Securities Public Limited,2026-04-30 12:35:11.926327
2026043001018226,NICA,71,4,20,353.0,7060.0,SHUBHAKAMANA SECURITIES PVT. LTD,Opal Securities Investment (PVT) Ltd.,2026-04-30 12:35:29.276148
2026043001018237,NICA,19,13,168,353.0,59304.0,Nepal Investment And Securities Trading Private Limited,Thrive Brokerage House Pvt. Ltd,2026-04-30 12:35:35.944237
2026043001018589,NICA,19,13,32,353.0,11296.0,Nepal Investment And Securities Trading Private Limited,Thrive Brokerage House Pvt. Ltd,2026-04-30 12:38:22.831119
2026043001018590,NICA,58,13,200,353.0,70600.0,Naasa Securities Co. Ltd.,Thrive Brokerage House Pvt. Ltd,2026-04-30 12:38:22.831405
2026043001018591,NICA,42,13,40,352.0,14080.0,Sani Securities Company Ltd.,Thrive Brokerage House Pvt. Ltd,2026-04-30 12:38:22.831586
2026043001018592,NICA,71,13,200,351.6,70320.0,SHUBHAKAMANA SECURITIES PVT. LTD,Thrive Brokerage House Pvt. Ltd,2026-04-30 12:38:22.831764
2026043001018593,NICA,71,13,200,351.5,70300.0,SHUBHAKAMANA SECURITIES PVT. LTD,Thrive Brokerage House Pvt. Ltd,2026-04-30 12:38:22.831941
2026043001018594,NICA,71,13,21,351.4,7379.4,SHUBHAKAMANA SECURITIES PVT. LTD,Thrive Brokerage House Pvt. Ltd,2026-04-30 12:38:22.832145
2026043001018641,NICA,71,13,10,351.4,3514.0,SHUBHAKAMANA SECURITIES PVT. LTD,Thrive Brokerage House Pvt. Ltd,2026-04-30 12:38:44.610619
2026043001018848,NICA,49,8,30,353.0,10590.0,Online Securities Pvt. Ltd.,Brilliant Securities Pvt. Ltd.,2026-04-30 12:40:31.390544
2026043001019028,NICA,58,52,1,355.0,355.0,Naasa Securities Co. Ltd.,Sundhara Securities Limited,2026-04-30 12:41:55.075614
2026043001020822,NICA,42,22,50,351.7,17585.0,Sani Securities Company Ltd.,Siprabi Securities Pvt. Ltd.,2026-04-30 12:52:41.564466
2026043001020823,NICA,47,22,180,351.6,63288.0,Neev Securities Pvt. Ltd.,Siprabi Securities Pvt. Ltd.,2026-04-30 12:52:41.564754
2026043001020824,NICA,45,22,100,351.5,35150.0,Imperial Securities Company Pvt. Ltd.,Siprabi Securities Pvt. Ltd.,2026-04-30 12:52:41.564937
2026043001020825,NICA,71,22,200,351.4,70280.0,SHUBHAKAMANA SECURITIES PVT. LTD,Siprabi Securities Pvt. Ltd.,2026-04-30 12:52:41.565134
2026043001020826,NICA,71,22,200,351.3,70260.0,SHUBHAKAMANA SECURITIES PVT. LTD,Siprabi Securities Pvt. Ltd.,2026-04-30 12:52:41.565339
2026043001020827,NICA,42,22,120,351.2,42144.0,Sani Securities Company Ltd.,Siprabi Securities Pvt. Ltd.,2026-04-30 12:52:41.565554
2026043001020828,NICA,45,22,150,351.2,52680.0,Imperial Securities Company Pvt. Ltd.,Siprabi Securities Pvt. Ltd.,2026-04-30 12:52:41.565634
2026043001020865,NICA,45,49,400,351.2,140480.0,Imperial Securities Company Pvt. Ltd.,Online Securities Pvt. Ltd.,2026-04-30 12:53:04.147918
2026043001020894,NICA,45,22,450,351.2,158040.0,Imperial Securities Company Pvt. Ltd.,Siprabi Securities Pvt. Ltd.,2026-04-30 12:53:14.371708
2026043001020895,NICA,71,22,200,351.2,70240.0,SHUBHAKAMANA SECURITIES PVT. LTD,Siprabi Securities Pvt. Ltd.,2026-04-30 12:53:14.371924
2026043001020896,NICA,66,22,1000,351.0,351000.0,Miyo Securities Pvt Ltd,Siprabi Securities Pvt. Ltd.,2026-04-30 12:53:14.372001
2026043001021041,NICA,58,34,25,351.0,8775.0,Naasa Securities Co. Ltd.,Vision Securities Pvt. Ltd,2026-04-30 12:54:27.981936
2026043001021042,NICA,71,34,200,350.9,70180.0,SHUBHAKAMANA SECURITIES PVT. LTD,Vision Securities Pvt. Ltd,2026-04-30 12:54:27.981999
2026043001021043,NICA,34,34,43,350.8,15084.4,Vision Securities Pvt. Ltd,Vision Securities Pvt. Ltd,2026-04-30 12:54:27.982032
2026043001021044,NICA,71,34,200,350.8,70160.0,SHUBHAKAMANA SECURITIES PVT. LTD,Vision Securities Pvt. Ltd,2026-04-30 12:54:27.982055
2026043001021045,NICA,71,34,132,350.7,46292.4,SHUBHAKAMANA SECURITIES PVT. LTD,Vision Securities Pvt. Ltd,2026-04-30 12:54:27.982106
2026043001021092,NICA,29,22,10,352.0,3520.0,Trisul Securities & Invt. Ltd.,Siprabi Securities Pvt. Ltd.,2026-04-30 12:54:50.650773
2026043001021699,NICA,44,22,300,352.0,105600.0,Dynamic Money Managers Securities Pvt. Ltd.,Siprabi Securities Pvt. Ltd.,2026-04-30 12:57:27.124994
2026043001021775,NICA,58,22,10,352.0,3520.0,Naasa Securities Co. Ltd.,Siprabi Securities Pvt. Ltd.,2026-04-30 12:57:53.245338
2026043001022451,NICA,58,22,30,352.0,10560.0,Naasa Securities Co. Ltd.,Siprabi Securities Pvt. Ltd.,2026-04-30 12:59:24.776420
2026043001022452,NICA,58,22,320,352.9,112928.0,Naasa Securities Co. Ltd.,Siprabi Securities Pvt. Ltd.,2026-04-30 12:59:24.776526
2026043001022516,NICA,57,22,100,352.9,35290.0,Aryatara Investment & Securities,Siprabi Securities Pvt. Ltd.,2026-04-30 13:00:02.950743
2026043001022907,NICA,42,22,580,352.9,204682.0,Sani Securities Company Ltd.,Siprabi Securities Pvt. Ltd.,2026-04-30 13:01:52.612183
2026043001022908,NICA,42,8,470,353.0,165910.0,Sani Securities Company Ltd.,Brilliant Securities Pvt. Ltd.,2026-04-30 13:01:52.612484
2026043001022996,NICA,78,58,9,345.0,3105.0,Garima Securities Limited,Naasa Securities Co. Ltd.,2026-04-30 13:02:22.625938
2026043001023057,NICA,78,38,2,350.0,700.0,Garima Securities Limited,Dipshikha Dhitopatra Karobar Co. Pvt Ltd.,2026-04-30 13:02:52.683884
2026043001023263,NICA,78,52,1,351.0,351.0,Garima Securities Limited,Sundhara Securities Limited,2026-04-30 13:03:21.163125
2026043001023451,NICA,49,22,500,353.9,176950.0,Online Securities Pvt. Ltd.,Siprabi Securities Pvt. Ltd.,2026-04-30 13:04:10.468356
2026043001024276,NICA,78,43,9,350.0,3150.0,Garima Securities Limited,South Asian Bulls Pvt. Ltd.,2026-04-30 13:06:32.577250
2026043001024666,NICA,78,14,2,350.9,701.8,Garima Securities Limited,Nepal Stock House (PVT) Ltd.,2026-04-30 13:07:31.809098
2026043001024674,NICA,42,22,500,353.9,176950.0,Sani Securities Company Ltd.,Siprabi Securities Pvt. Ltd.,2026-04-30 13:07:35.044190
2026043001024702,NICA,47,22,300,354.0,106200.0,Neev Securities Pvt. Ltd.,Siprabi Securities Pvt. Ltd.,2026-04-30 13:07:42.529609
2026043001024792,NICA,78,49,9,351.0,3159.0,Garima Securities Limited,Online Securities Pvt. Ltd.,2026-04-30 13:07:57.717190
2026043001024837,NICA,34,22,200,354.0,70800.0,Vision Securities Pvt. Ltd,Siprabi Securities Pvt. Ltd.,2026-04-30 13:08:08.829429
2026043001025092,NICA,57,22,258,354.0,91332.0,Aryatara Investment & Securities,Siprabi Securities Pvt. Ltd.,2026-04-30 13:09:26.847085
2026043001025301,NICA,78,51,9,352.0,3168.0,Garima Securities Limited,Oxford Securities Pvt. Ltd.,2026-04-30 13:10:02.951836
2026043001025768,NICA,57,22,242,353.0,85426.0,Aryatara Investment & Securities,Siprabi Securities Pvt. Ltd.,2026-04-30 13:12:03.596857
2026043001026132,NICA,96,22,900,353.0,317700.0,Himalayan Securities Limited,Siprabi Securities Pvt. Ltd.,2026-04-30 13:13:38.410735
2026043001026133,NICA,96,22,1000,353.9,353900.0,Himalayan Securities Limited,Siprabi Securities Pvt. Ltd.,2026-04-30 13:13:38.410881
2026043001026134,NICA,96,41,100,354.0,35400.0,Himalayan Securities Limited,Linch Stock Market Ltd.,2026-04-30 13:13:38.410949
2026043001026537,NICA,58,41,42,354.0,14868.0,Naasa Securities Co. Ltd.,Linch Stock Market Ltd.,2026-04-30 13:15:54.406890
2026043001026538,NICA,58,22,78,354.0,27612.0,Naasa Securities Co. Ltd.,Siprabi Securities Pvt. Ltd.,2026-04-30 13:15:54.406925
2026043001026637,NICA,58,22,20,354.0,7080.0,Naasa Securities Co. Ltd.,Siprabi Securities Pvt. Ltd.,2026-04-30 13:16:26.563222
2026043001026642,NICA,57,22,100,354.0,35400.0,Aryatara Investment & Securities,Siprabi Securities Pvt. Ltd.,2026-04-30 13:16:28.205904
2026043001026930,NICA,42,22,10,353.0,3530.0,Sani Securities Company Ltd.,Siprabi Securities Pvt. Ltd.,2026-04-30 13:18:06.873513
2026043001026931,NICA,6,22,500,353.0,176500.0,Agrawal Securities (PVT) Ltd.,Siprabi Securities Pvt. Ltd.,2026-04-30 13:18:06.873829
2026043001026932,NICA,19,22,150,353.0,52950.0,Nepal Investment And Securities Trading Private Limited,Siprabi Securities Pvt. Ltd.,2026-04-30 13:18:06.874042
2026043001026933,NICA,42,22,142,353.0,50126.0,Sani Securities Company Ltd.,Siprabi Securities Pvt. Ltd.,2026-04-30 13:18:06.874239
2026043001027186,NICA,42,51,10,354.2,3542.0,Sani Securities Company Ltd.,Oxford Securities Pvt. Ltd.,2026-04-30 13:19:24.305703
2026043001027356,NICA,51,51,30,354.2,10626.0,Oxford Securities Pvt. Ltd.,Oxford Securities Pvt. Ltd.,2026-04-30 13:19:55.317453
2026043001027399,NICA,40,22,500,352.2,176100.0,Creative Securities Pvt Ltd,Siprabi Securities Pvt. Ltd.,2026-04-30 13:20:06.157119
2026043001027400,NICA,58,22,50,352.2,17610.0,Naasa Securities Co. Ltd.,Siprabi Securities Pvt. Ltd.,2026-04-30 13:20:06.157398
2026043001027401,NICA,45,22,450,352.1,158445.0,Imperial Securities Company Pvt. Ltd.,Siprabi Securities Pvt. Ltd.,2026-04-30 13:20:06.157587
2026043001027434,NICA,45,22,1000,352.1,352100.0,Imperial Securities Company Pvt. Ltd.,Siprabi Securities Pvt. Ltd.,2026-04-30 13:20:13.378596
2026043001027466,NICA,45,22,50,352.1,17605.0,Imperial Securities Company Pvt. Ltd.,Siprabi Securities Pvt. Ltd.,2026-04-30 13:20:20.139518
2026043001027467,NICA,57,22,10,352.0,3520.0,Aryatara Investment & Securities,Siprabi Securities Pvt. Ltd.,2026-04-30 13:20:20.139688
2026043001027468,NICA,96,22,440,352.0,154880.0,Himalayan Securities Limited,Siprabi Securities Pvt. Ltd.,2026-04-30 13:20:20.139753
2026043001027717,NICA,17,22,1000,352.4,352400.0,ABC Securities Private Limited,Siprabi Securities Pvt. Ltd.,2026-04-30 13:21:19.263420
2026043001027743,NICA,45,22,1000,352.3,352300.0,Imperial Securities Company Pvt. Ltd.,Siprabi Securities Pvt. Ltd.,2026-04-30 13:21:25.297747
2026043001027748,NICA,53,51,200,354.2,70840.0,Investment Management Nepal Pvt. Ltd.,Oxford Securities Pvt. Ltd.,2026-04-30 13:21:27.283536
2026043001027852,NICA,38,22,1000,354.0,354000.0,Dipshikha Dhitopatra Karobar Co. Pvt Ltd.,Siprabi Securities Pvt. Ltd.,2026-04-30 13:21:59.357056
2026043001027891,NICA,58,49,20,354.0,7080.0,Naasa Securities Co. Ltd.,Online Securities Pvt. Ltd.,2026-04-30 13:22:15.596612
2026043001028040,NICA,81,49,80,354.0,28320.0,Aakashbhairab Securities Ltd.,Online Securities Pvt. Ltd.,2026-04-30 13:22:47.842586
2026043001028163,NICA,42,6,10,353.0,3530.0,Sani Securities Company Ltd.,Agrawal Securities (PVT) Ltd.,2026-04-30 13:23:32.364185
2026043001028164,NICA,35,6,100,353.0,35300.0,Kohinoor Investment & Securities Pvt. Ltd.,Agrawal Securities (PVT) Ltd.,2026-04-30 13:23:32.364273
2026043001028165,NICA,58,6,2890,353.0,1020170.0,Naasa Securities Co. Ltd.,Agrawal Securities (PVT) Ltd.,2026-04-30 13:23:32.364372
2026043001028263,NICA,58,6,294,353.0,103782.0,Naasa Securities Co. Ltd.,Agrawal Securities (PVT) Ltd.,2026-04-30 13:24:16.121368
2026043001028265,NICA,58,34,680,353.0,240040.0,Naasa Securities Co. Ltd.,Vision Securities Pvt. Ltd,2026-04-30 13:24:16.603686
2026043001028389,NICA,45,22,1000,354.0,354000.0,Imperial Securities Company Pvt. Ltd.,Siprabi Securities Pvt. Ltd.,2026-04-30 13:25:31.076421
2026043001028812,NICA,58,22,500,353.0,176500.0,Naasa Securities Co. Ltd.,Siprabi Securities Pvt. Ltd.,2026-04-30 13:29:45.088371
2026043001028841,NICA,58,58,100,353.0,35300.0,Naasa Securities Co. Ltd.,Naasa Securities Co. Ltd.,2026-04-30 13:30:12.429327
2026043001028919,NICA,58,57,50,353.0,17650.0,Naasa Securities Co. Ltd.,Aryatara Investment & Securities,2026-04-30 13:31:03.177223
2026043001029042,NICA,54,22,20,354.0,7080.0,Sewa Securities Pvt. Ltd.,Siprabi Securities Pvt. Ltd.,2026-04-30 13:32:20.686768
2026043001029124,NICA,45,22,30,354.0,10620.0,Imperial Securities Company Pvt. Ltd.,Siprabi Securities Pvt. Ltd.,2026-04-30 13:33:48.242373
2026043001029202,NICA,58,4,80,353.0,28240.0,Naasa Securities Co. Ltd.,Opal Securities Investment (PVT) Ltd.,2026-04-30 13:34:41.047387
2026043001029556,NICA,96,22,60,353.1,21186.0,Himalayan Securities Limited,Siprabi Securities Pvt. Ltd.,2026-04-30 13:38:30.887320
2026043001029557,NICA,58,22,406,353.0,143318.0,Naasa Securities Co. Ltd.,Siprabi Securities Pvt. Ltd.,2026-04-30 13:38:30.887519
2026043001029558,NICA,50,22,534,353.0,188502.0,Cristal Kanchanjanga Securites Pvt. Ltd.,Siprabi Securities Pvt. Ltd.,2026-04-30 13:38:30.887592
2026043001029609,NICA,50,22,466,353.0,164498.0,Cristal Kanchanjanga Securites Pvt. Ltd.,Siprabi Securities Pvt. Ltd.,2026-04-30 13:38:46.166751
2026043001029610,NICA,43,22,11,353.0,3883.0,South Asian Bulls Pvt. Ltd.,Siprabi Securities Pvt. Ltd.,2026-04-30 13:38:46.167067
2026043001029611,NICA,49,22,15,353.0,5295.0,Online Securities Pvt. Ltd.,Siprabi Securities Pvt. Ltd.,2026-04-30 13:38:46.167273
2026043001029612,NICA,14,22,20,352.7,7054.0,Nepal Stock House (PVT) Ltd.,Siprabi Securities Pvt. Ltd.,2026-04-30 13:38:46.167469
2026043001029613,NICA,50,22,438,352.6,154438.8,Cristal Kanchanjanga Securites Pvt. Ltd.,Siprabi Securities Pvt. Ltd.,2026-04-30 13:38:46.167667
2026043001031812,NICA,58,11,100,354.0,35400.0,Naasa Securities Co. Ltd.,Malla & Malla Stock Broking Company Pvt. Limited,2026-04-30 13:57:35.092573
2026043001032017,NICA,38,29,80,354.0,28320.0,Dipshikha Dhitopatra Karobar Co. Pvt Ltd.,Trisul Securities & Invt. Ltd.,2026-04-30 13:59:33.881943
2026043001032152,NICA,8,58,10,353.0,3530.0,Brilliant Securities Pvt. Ltd.,Naasa Securities Co. Ltd.,2026-04-30 14:00:32.918181
2026043001032302,NICA,8,35,490,353.0,172970.0,Brilliant Securities Pvt. Ltd.,Kohinoor Investment & Securities Pvt. Ltd.,2026-04-30 14:02:07.059487
2026043001032303,NICA,28,35,60,353.0,21180.0,Shree Krishna Securities Ltd.,Kohinoor Investment & Securities Pvt. Ltd.,2026-04-30 14:02:07.059810
2026043001032304,NICA,50,35,450,353.0,158850.0,Cristal Kanchanjanga Securites Pvt. Ltd.,Kohinoor Investment & Securities Pvt. Ltd.,2026-04-30 14:02:07.060006
2026043001032492,NICA,50,40,112,353.0,39536.0,Cristal Kanchanjanga Securites Pvt. Ltd.,Creative Securities Pvt Ltd,2026-04-30 14:03:32.715339
2026043001032493,NICA,8,40,500,352.9,176450.0,Brilliant Securities Pvt. Ltd.,Creative Securities Pvt Ltd,2026-04-30 14:03:32.715662
2026043001032494,NICA,56,40,388,352.8,136886.4,Sri Hari Securities Pvt. Ltd.,Creative Securities Pvt Ltd,2026-04-30 14:03:32.715856
2026043001033253,NICA,58,8,50,353.0,17650.0,Naasa Securities Co. Ltd.,Brilliant Securities Pvt. Ltd.,2026-04-30 14:11:56.402664
2026043001033254,NICA,56,8,112,352.8,39513.6,Sri Hari Securities Pvt. Ltd.,Brilliant Securities Pvt. Ltd.,2026-04-30 14:11:56.402988
2026043001033255,NICA,47,8,10,352.7,3527.0,Neev Securities Pvt. Ltd.,Brilliant Securities Pvt. Ltd.,2026-04-30 14:11:56.403214
2026043001033256,NICA,47,8,10,352.7,3527.0,Neev Securities Pvt. Ltd.,Brilliant Securities Pvt. Ltd.,2026-04-30 14:11:56.403403
2026043001033257,NICA,41,8,700,352.7,246890.0,Linch Stock Market Ltd.,Brilliant Securities Pvt. Ltd.,2026-04-30 14:11:56.403581
2026043001033258,NICA,58,8,1118,352.5,394095.0,Naasa Securities Co. Ltd.,Brilliant Securities Pvt. Ltd.,2026-04-30 14:11:56.403774
2026043001033408,NICA,96,13,60,354.0,21240.0,Himalayan Securities Limited,Thrive Brokerage House Pvt. Ltd,2026-04-30 14:12:32.159732
2026043001033409,NICA,96,51,26,354.2,9209.2,Himalayan Securities Limited,Oxford Securities Pvt. Ltd.,2026-04-30 14:12:32.159912
2026043001033410,NICA,96,45,40,354.5,14180.0,Himalayan Securities Limited,Imperial Securities Company Pvt. Ltd.,2026-04-30 14:12:32.159980
2026043001033411,NICA,96,29,1000,354.6,354600.0,Himalayan Securities Limited,Trisul Securities & Invt. Ltd.,2026-04-30 14:12:32.160051
2026043001033412,NICA,96,54,54,355.0,19170.0,Himalayan Securities Limited,Sewa Securities Pvt. Ltd.,2026-04-30 14:12:32.160118
2026043001033413,NICA,96,45,500,355.0,177500.0,Himalayan Securities Limited,Imperial Securities Company Pvt. Ltd.,2026-04-30 14:12:32.160205
2026043001033414,NICA,96,22,12,355.0,4260.0,Himalayan Securities Limited,Siprabi Securities Pvt. Ltd.,2026-04-30 14:12:32.160266
2026043001033415,NICA,96,14,60,355.0,21300.0,Himalayan Securities Limited,Nepal Stock House (PVT) Ltd.,2026-04-30 14:12:32.160329
2026043001033416,NICA,96,16,100,355.0,35500.0,Himalayan Securities Limited,Primo Securities (PVT) Ltd.,2026-04-30 14:12:32.160389
2026043001033417,NICA,96,8,1000,355.0,355000.0,Himalayan Securities Limited,Brilliant Securities Pvt. Ltd.,2026-04-30 14:12:32.160450
2026043001033418,NICA,96,17,30,355.0,10650.0,Himalayan Securities Limited,ABC Securities Private Limited,2026-04-30 14:12:32.160509
2026043001033419,NICA,96,17,70,355.0,24850.0,Himalayan Securities Limited,ABC Securities Private Limited,2026-04-30 14:12:32.325992
2026043001033487,NICA,96,17,10,352.6,3526.0,Himalayan Securities Limited,ABC Securities Private Limited,2026-04-30 14:13:19.435648
2026043001033531,NICA,96,22,985,356.0,350660.0,Himalayan Securities Limited,Siprabi Securities Pvt. Ltd.,2026-04-30 14:13:59.661421
2026043001033562,NICA,96,17,10,352.8,3528.0,Himalayan Securities Limited,ABC Securities Private Limited,2026-04-30 14:14:28.860995
2026043001033576,NICA,78,74,9,352.2,3169.8,Garima Securities Limited,KALASH STOCK MARKET PVT. LTD.,2026-04-30 14:14:36.941144
2026043001034316,NICA,51,22,15,356.0,5340.0,Oxford Securities Pvt. Ltd.,Siprabi Securities Pvt. Ltd.,2026-04-30 14:21:10.804740
2026043001034365,NICA,51,52,242,356.0,86152.0,Oxford Securities Pvt. Ltd.,Sundhara Securities Limited,2026-04-30 14:21:40.386812
2026043001034432,NICA,58,42,20,357.0,7140.0,Naasa Securities Co. Ltd.,Sani Securities Company Ltd.,2026-04-30 14:21:51.407545
2026043001034433,NICA,58,58,10,357.9,3579.0,Naasa Securities Co. Ltd.,Naasa Securities Co. Ltd.,2026-04-30 14:21:51.407850
2026043001034457,NICA,51,17,10,356.0,3560.0,Oxford Securities Pvt. Ltd.,ABC Securities Private Limited,2026-04-30 14:22:06.242271
2026043001034919,NICA,78,4,6,353.0,2118.0,Garima Securities Limited,Opal Securities Investment (PVT) Ltd.,2026-04-30 14:23:31.037892
2026043001035137,NICA,78,13,9,354.0,3186.0,Garima Securities Limited,Thrive Brokerage House Pvt. Ltd,2026-04-30 14:24:52.371722
2026043001035142,NICA,51,16,133,356.0,47348.0,Oxford Securities Pvt. Ltd.,Primo Securities (PVT) Ltd.,2026-04-30 14:24:59.705420
2026043001035143,NICA,4,16,20,355.0,7100.0,Opal Securities Investment (PVT) Ltd.,Primo Securities (PVT) Ltd.,2026-04-30 14:24:59.705746
2026043001035144,NICA,51,16,25,355.0,8875.0,Oxford Securities Pvt. Ltd.,Primo Securities (PVT) Ltd.,2026-04-30 14:24:59.705951
2026043001035145,NICA,42,16,22,355.0,7810.0,Sani Securities Company Ltd.,Primo Securities (PVT) Ltd.,2026-04-30 14:24:59.706167
2026043001035638,NICA,29,22,10,357.9,3579.0,Trisul Securities & Invt. Ltd.,Siprabi Securities Pvt. Ltd.,2026-04-30 14:28:31.312572
2026043001036393,NICA,35,22,55,355.5,19552.5,Kohinoor Investment & Securities Pvt. Ltd.,Siprabi Securities Pvt. Ltd.,2026-04-30 14:33:07.872376
2026043001036394,NICA,56,22,500,355.3,177650.0,Sri Hari Securities Pvt. Ltd.,Siprabi Securities Pvt. Ltd.,2026-04-30 14:33:07.872710
2026043001036395,NICA,96,22,435,355.2,154512.0,Himalayan Securities Limited,Siprabi Securities Pvt. Ltd.,2026-04-30 14:33:07.872921
2026043001036422,NICA,96,22,565,355.2,200688.0,Himalayan Securities Limited,Siprabi Securities Pvt. Ltd.,2026-04-30 14:33:15.928127
2026043001036423,NICA,42,22,128,355.0,45440.0,Sani Securities Company Ltd.,Siprabi Securities Pvt. Ltd.,2026-04-30 14:33:15.928478
2026043001036424,NICA,34,22,25,355.0,8875.0,Vision Securities Pvt. Ltd,Siprabi Securities Pvt. Ltd.,2026-04-30 14:33:15.928677
2026043001036425,NICA,42,22,240,355.0,85200.0,Sani Securities Company Ltd.,Siprabi Securities Pvt. Ltd.,2026-04-30 14:33:15.928898
2026043001036426,NICA,96,22,42,355.0,14910.0,Himalayan Securities Limited,Siprabi Securities Pvt. Ltd.,2026-04-30 14:33:15.929113
2026043001036553,NICA,96,22,789,355.0,280095.0,Himalayan Securities Limited,Siprabi Securities Pvt. Ltd.,2026-04-30 14:34:00.838352
2026043001036554,NICA,4,22,84,355.0,29820.0,Opal Securities Investment (PVT) Ltd.,Siprabi Securities Pvt. Ltd.,2026-04-30 14:34:00.838526
2026043001036555,NICA,45,22,15,355.0,5325.0,Imperial Securities Company Pvt. Ltd.,Siprabi Securities Pvt. Ltd.,2026-04-30 14:34:00.838597
2026043001037463,NICA,17,28,77,356.0,27412.0,ABC Securities Private Limited,Shree Krishna Securities Ltd.,2026-04-30 14:39:45.861425
2026043001038020,NICA,17,7,23,356.0,8188.0,ABC Securities Private Limited,J.F. Securites (PVT) Ltd.,2026-04-30 14:43:06.586977
2026043001038021,NICA,8,7,15,355.4,5331.0,Brilliant Securities Pvt. Ltd.,J.F. Securites (PVT) Ltd.,2026-04-30 14:43:06.587168
2026043001038290,NICA,56,17,484,355.5,172062.0,Sri Hari Securities Pvt. Ltd.,ABC Securities Private Limited,2026-04-30 14:45:17.130774
2026043001038390,NICA,56,52,400,355.7,142280.0,Sri Hari Securities Pvt. Ltd.,Sundhara Securities Limited,2026-04-30 14:46:10.115234
2026043001039215,NICA,8,53,50,356.4,17820.0,Brilliant Securities Pvt. Ltd.,Investment Management Nepal Pvt. Ltd.,2026-04-30 14:51:12.894798
2026043001039227,NICA,29,36,10,357.0,3570.0,Trisul Securities & Invt. Ltd.,Secured Securities Ltd.,2026-04-30 14:51:14.574204
2026043001039341,NICA,58,22,10,357.9,3579.0,Naasa Securities Co. Ltd.,Siprabi Securities Pvt. Ltd.,2026-04-30 14:51:47.047598
2026043001039633,NICA,56,22,990,357.9,354321.0,Sri Hari Securities Pvt. Ltd.,Siprabi Securities Pvt. Ltd.,2026-04-30 14:53:17.580346
2026043001039634,NICA,56,22,112,357.9,40084.8,Sri Hari Securities Pvt. Ltd.,Siprabi Securities Pvt. Ltd.,2026-04-30 14:53:17.580709
2026043001039635,NICA,56,45,25,358.0,8950.0,Sri Hari Securities Pvt. Ltd.,Imperial Securities Company Pvt. Ltd.,2026-04-30 14:53:17.580922
2026043001039636,NICA,56,35,129,358.0,46182.0,Sri Hari Securities Pvt. Ltd.,Kohinoor Investment & Securities Pvt. Ltd.,2026-04-30 14:53:17.581171
2026043001039637,NICA,56,13,30,358.0,10740.0,Sri Hari Securities Pvt. Ltd.,Thrive Brokerage House Pvt. Ltd,2026-04-30 14:53:17.581384
2026043001039682,NICA,56,45,200,358.0,71600.0,Sri Hari Securities Pvt. Ltd.,Imperial Securities Company Pvt. Ltd.,2026-04-30 14:53:29.621429
2026043001039761,NICA,56,52,400,356.8,142720.0,Sri Hari Securities Pvt. Ltd.,Sundhara Securities Limited,2026-04-30 14:53:48.722358
2026043001039772,NICA,58,36,5,357.0,1785.0,Naasa Securities Co. Ltd.,Secured Securities Ltd.,2026-04-30 14:53:52.271353
2026043001039972,NICA,8,42,100,357.0,35700.0,Brilliant Securities Pvt. Ltd.,Sani Securities Company Ltd.,2026-04-30 14:54:40.610958
2026043001039986,NICA,8,58,10,357.0,3570.0,Brilliant Securities Pvt. Ltd.,Naasa Securities Co. Ltd.,2026-04-30 14:54:44.613811
2026043001040054,NICA,96,38,64,358.0,22912.0,Himalayan Securities Limited,Dipshikha Dhitopatra Karobar Co. Pvt Ltd.,2026-04-30 14:54:58.401601
2026043001040055,NICA,96,35,306,358.0,109548.0,Himalayan Securities Limited,Kohinoor Investment & Securities Pvt. Ltd.,2026-04-30 14:54:58.401892
2026043001040784,NICA,16,58,20,358.0,7160.0,Primo Securities (PVT) Ltd.,Naasa Securities Co. Ltd.,2026-04-30 14:57:58.478635
2026043001040785,NICA,8,58,60,357.2,21432.0,Brilliant Securities Pvt. Ltd.,Naasa Securities Co. Ltd.,2026-04-30 14:57:58.478782
2026043001040913,NICA,56,34,706,358.9,253383.4,Sri Hari Securities Pvt. Ltd.,Vision Securities Pvt. Ltd,2026-04-30 14:58:19.959121
2026043001040914,NICA,56,44,250,359.0,89750.0,Sri Hari Securities Pvt. Ltd.,Dynamic Money Managers Securities Pvt. Ltd.,2026-04-30 14:58:19.959434
2026043001040915,NICA,56,96,29,359.0,10411.0,Sri Hari Securities Pvt. Ltd.,Himalayan Securities Limited,2026-04-30 14:58:19.959646
2026043001040916,NICA,56,32,500,359.0,179500.0,Sri Hari Securities Pvt. Ltd.,Premier Securities Company Ltd.,2026-04-30 14:58:19.959848
2026043001040917,NICA,56,51,15,359.0,5385.0,Sri Hari Securities Pvt. Ltd.,Oxford Securities Pvt. Ltd.,2026-04-30 14:58:19.960067
2026043001041590,NICA,56,58,10,357.4,3574.0,Sri Hari Securities Pvt. Ltd.,Naasa Securities Co. Ltd.,2026-04-30 14:59:31.807845
2026043001042165,NICA,71,36,10,358.0,3580.0,SHUBHAKAMANA SECURITIES PVT. LTD,Secured Securities Ltd.,2026-04-30 14:59:59.511719
