contractId,stockSymbol,buyerMemberId,sellerMemberId,quantity,rate,amount,businessDate,tradeBookId,stockId,buyerBrokerName,sellerBrokerName,transaction_time,securityName
2026043004000048,RADHI,36,35,200,745.1,149020.0,2026-04-30,188626597,2776,Secured Securities Ltd.,Kohinoor Investment & Securities Pvt. Ltd.,2026-04-30 11:01:18.478692,Radhi Bidyut Company Ltd
2026043004000131,RADHI,57,35,100,745.3,74530.0,2026-04-30,188627338,2776,Aryatara Investment & Securities,Kohinoor Investment & Securities Pvt. Ltd.,2026-04-30 11:02:33.604822,Radhi Bidyut Company Ltd
2026043004000132,RADHI,64,35,100,745.2,74520.0,2026-04-30,188627340,2776,SUN SECURITIES PVT LTD,Kohinoor Investment & Securities Pvt. Ltd.,2026-04-30 11:02:33.604861,Radhi Bidyut Company Ltd
2026043004000133,RADHI,37,35,200,745.0,149000.0,2026-04-30,188627342,2776,Swarna Laxmi Securities Pvt. Ltd.,Kohinoor Investment & Securities Pvt. Ltd.,2026-04-30 11:02:33.604882,Radhi Bidyut Company Ltd
2026043004000134,RADHI,16,35,300,742.1,222630.0,2026-04-30,188627344,2776,Primo Securities (PVT) Ltd.,Kohinoor Investment & Securities Pvt. Ltd.,2026-04-30 11:02:33.604904,Radhi Bidyut Company Ltd
2026043004000135,RADHI,81,35,1000,735.0,735000.0,2026-04-30,188627346,2776,Aakashbhairab Securities Ltd.,Kohinoor Investment & Securities Pvt. Ltd.,2026-04-30 11:02:33.604925,Radhi Bidyut Company Ltd
2026043004000136,RADHI,34,35,35,723.0,25305.0,2026-04-30,188627348,2776,Vision Securities Pvt. Ltd,Kohinoor Investment & Securities Pvt. Ltd.,2026-04-30 11:02:33.604943,Radhi Bidyut Company Ltd
2026043004000137,RADHI,81,35,65,722.8,46982.0,2026-04-30,188627349,2776,Aakashbhairab Securities Ltd.,Kohinoor Investment & Securities Pvt. Ltd.,2026-04-30 11:02:33.604960,Radhi Bidyut Company Ltd
2026043004000328,RADHI,58,58,80,744.0,59520.0,2026-04-30,188629276,2776,Naasa Securities Co. Ltd.,Naasa Securities Co. Ltd.,2026-04-30 11:05:01.737307,Radhi Bidyut Company Ltd
2026043004000344,RADHI,59,58,80,744.0,59520.0,2026-04-30,188629402,2776,Deevyaa Securities & Stock House Pvt. Ltd,Naasa Securities Co. Ltd.,2026-04-30 11:05:16.158463,Radhi Bidyut Company Ltd
2026043004000354,RADHI,6,58,40,744.0,29760.0,2026-04-30,188629494,2776,Agrawal Securities (PVT) Ltd.,Naasa Securities Co. Ltd.,2026-04-30 11:05:24.460110,Radhi Bidyut Company Ltd
2026043004000426,RADHI,74,34,1595,750.0,1196250.0,2026-04-30,188630184,2776,KALASH STOCK MARKET PVT. LTD.,Vision Securities Pvt. Ltd,2026-04-30 11:06:22.761587,Radhi Bidyut Company Ltd
2026043004000431,RADHI,34,28,10,758.9,7589.0,2026-04-30,188630250,2776,Vision Securities Pvt. Ltd,Shree Krishna Securities Ltd.,2026-04-30 11:06:28.181295,Radhi Bidyut Company Ltd
2026043004000533,RADHI,34,95,10,750.0,7500.0,2026-04-30,188631194,2776,Vision Securities Pvt. Ltd,Magnet Securities and Investment Company Private Limited,2026-04-30 11:07:55.652449,Radhi Bidyut Company Ltd
2026043004000593,RADHI,58,95,25,750.0,18750.0,2026-04-30,188631758,2776,Naasa Securities Co. Ltd.,Magnet Securities and Investment Company Private Limited,2026-04-30 11:08:46.982005,Radhi Bidyut Company Ltd
2026043004000608,RADHI,39,95,65,750.0,48750.0,2026-04-30,188632005,2776,Sumeru Securities Pvt. Ltd.,Magnet Securities and Investment Company Private Limited,2026-04-30 11:09:07.450922,Radhi Bidyut Company Ltd
2026043004000609,RADHI,39,45,150,750.0,112500.0,2026-04-30,188632008,2776,Sumeru Securities Pvt. Ltd.,Imperial Securities Company Pvt. Ltd.,2026-04-30 11:09:07.451092,Radhi Bidyut Company Ltd
2026043004000705,RADHI,36,58,7,742.0,5194.0,2026-04-30,188633161,2776,Secured Securities Ltd.,Naasa Securities Co. Ltd.,2026-04-30 11:10:50.373420,Radhi Bidyut Company Ltd
2026043004000923,RADHI,36,44,15,744.2,11163.0,2026-04-30,188635188,2776,Secured Securities Ltd.,Dynamic Money Managers Securities Pvt. Ltd.,2026-04-30 11:13:08.134050,Radhi Bidyut Company Ltd
2026043004000930,RADHI,16,44,100,744.2,74420.0,2026-04-30,188635236,2776,Primo Securities (PVT) Ltd.,Dynamic Money Managers Securities Pvt. Ltd.,2026-04-30 11:13:12.906637,Radhi Bidyut Company Ltd
2026043004000946,RADHI,49,1,20,744.1,14882.0,2026-04-30,188635390,2776,Online Securities Pvt. Ltd.,Kumari Securities Private Limited,2026-04-30 11:13:23.892016,Radhi Bidyut Company Ltd
2026043004000947,RADHI,34,1,80,744.1,59528.0,2026-04-30,188635391,2776,Vision Securities Pvt. Ltd,Kumari Securities Private Limited,2026-04-30 11:13:23.892191,Radhi Bidyut Company Ltd
2026043004000951,RADHI,58,44,210,744.2,156282.0,2026-04-30,188635450,2776,Naasa Securities Co. Ltd.,Dynamic Money Managers Securities Pvt. Ltd.,2026-04-30 11:13:28.970184,Radhi Bidyut Company Ltd
2026043004000952,RADHI,34,58,20,744.1,14882.0,2026-04-30,188635490,2776,Vision Securities Pvt. Ltd,Naasa Securities Co. Ltd.,2026-04-30 11:13:29.881243,Radhi Bidyut Company Ltd
2026043004000953,RADHI,34,58,30,744.0,22320.0,2026-04-30,188635491,2776,Vision Securities Pvt. Ltd,Naasa Securities Co. Ltd.,2026-04-30 11:13:29.881327,Radhi Bidyut Company Ltd
2026043004001100,RADHI,45,50,20,744.1,14882.0,2026-04-30,188636901,2776,Imperial Securities Company Pvt. Ltd.,Cristal Kanchanjanga Securites Pvt. Ltd.,2026-04-30 11:14:53.431555,Radhi Bidyut Company Ltd
2026043004001132,RADHI,45,44,100,744.1,74410.0,2026-04-30,188637274,2776,Imperial Securities Company Pvt. Ltd.,Dynamic Money Managers Securities Pvt. Ltd.,2026-04-30 11:15:14.766740,Radhi Bidyut Company Ltd
2026043004001133,RADHI,58,44,100,744.1,74410.0,2026-04-30,188637275,2776,Naasa Securities Co. Ltd.,Dynamic Money Managers Securities Pvt. Ltd.,2026-04-30 11:15:14.766941,Radhi Bidyut Company Ltd
2026043004001140,RADHI,42,34,300,750.0,225000.0,2026-04-30,188637411,2776,Sani Securities Company Ltd.,Vision Securities Pvt. Ltd,2026-04-30 11:15:24.845665,Radhi Bidyut Company Ltd
2026043004001141,RADHI,42,34,130,750.0,97500.0,2026-04-30,188637414,2776,Sani Securities Company Ltd.,Vision Securities Pvt. Ltd,2026-04-30 11:15:24.845750,Radhi Bidyut Company Ltd
2026043004001156,RADHI,34,44,105,744.0,78120.0,2026-04-30,188637621,2776,Vision Securities Pvt. Ltd,Dynamic Money Managers Securities Pvt. Ltd.,2026-04-30 11:15:36.292199,Radhi Bidyut Company Ltd
2026043004001219,RADHI,34,50,165,744.0,122760.0,2026-04-30,188638375,2776,Vision Securities Pvt. Ltd,Cristal Kanchanjanga Securites Pvt. Ltd.,2026-04-30 11:16:32.944105,Radhi Bidyut Company Ltd
2026043004001237,RADHI,34,50,50,744.0,37200.0,2026-04-30,188638744,2776,Vision Securities Pvt. Ltd,Cristal Kanchanjanga Securites Pvt. Ltd.,2026-04-30 11:17:00.932509,Radhi Bidyut Company Ltd
2026043004001268,RADHI,21,62,200,741.0,148200.0,2026-04-30,188639097,2776,Midas Stock Broking Company Private Limited,Capital Max Securities Ltd,2026-04-30 11:17:13.118221,Radhi Bidyut Company Ltd
2026043004001334,RADHI,63,50,100,741.0,74100.0,2026-04-30,188639688,2776,Himalayan Brokerage Company Limited,Cristal Kanchanjanga Securites Pvt. Ltd.,2026-04-30 11:17:47.501445,Radhi Bidyut Company Ltd
2026043004001335,RADHI,101,50,200,740.3,148060.0,2026-04-30,188639690,2776,APPLE SECURITIES PRIVATE LIMITED,Cristal Kanchanjanga Securites Pvt. Ltd.,2026-04-30 11:17:47.501548,Radhi Bidyut Company Ltd
2026043004001336,RADHI,34,50,200,740.2,148040.0,2026-04-30,188639692,2776,Vision Securities Pvt. Ltd,Cristal Kanchanjanga Securites Pvt. Ltd.,2026-04-30 11:17:47.501595,Radhi Bidyut Company Ltd
2026043004001337,RADHI,45,50,500,740.1,370050.0,2026-04-30,188639694,2776,Imperial Securities Company Pvt. Ltd.,Cristal Kanchanjanga Securites Pvt. Ltd.,2026-04-30 11:17:47.501636,Radhi Bidyut Company Ltd
2026043004001338,RADHI,48,50,200,740.0,148000.0,2026-04-30,188639696,2776,Trishakti Securities Public Limited,Cristal Kanchanjanga Securites Pvt. Ltd.,2026-04-30 11:17:47.501678,Radhi Bidyut Company Ltd
2026043004001339,RADHI,59,50,140,740.0,103600.0,2026-04-30,188639698,2776,Deevyaa Securities & Stock House Pvt. Ltd,Cristal Kanchanjanga Securites Pvt. Ltd.,2026-04-30 11:17:47.501717,Radhi Bidyut Company Ltd
2026043004001517,RADHI,34,79,10,740.0,7400.0,2026-04-30,188641439,2776,Vision Securities Pvt. Ltd,pahiinvestment,2026-04-30 11:19:47.878543,Radhi Bidyut Company Ltd
2026043004001571,RADHI,58,25,100,742.0,74200.0,2026-04-30,188642016,2776,Naasa Securities Co. Ltd.,Sweta Securities Private Limited,2026-04-30 11:20:30.584711,Radhi Bidyut Company Ltd
2026043004001680,RADHI,50,57,30,741.9,22257.0,2026-04-30,188643437,2776,Cristal Kanchanjanga Securites Pvt. Ltd.,Aryatara Investment & Securities,2026-04-30 11:21:50.941949,Radhi Bidyut Company Ltd
2026043004001681,RADHI,50,25,400,742.0,296800.0,2026-04-30,188643439,2776,Cristal Kanchanjanga Securites Pvt. Ltd.,Sweta Securities Private Limited,2026-04-30 11:21:50.942162,Radhi Bidyut Company Ltd
2026043004001759,RADHI,50,44,70,742.0,51940.0,2026-04-30,188644038,2776,Cristal Kanchanjanga Securites Pvt. Ltd.,Dynamic Money Managers Securities Pvt. Ltd.,2026-04-30 11:22:26.599467,Radhi Bidyut Company Ltd
2026043004001760,RADHI,58,44,200,742.0,148400.0,2026-04-30,188644039,2776,Naasa Securities Co. Ltd.,Dynamic Money Managers Securities Pvt. Ltd.,2026-04-30 11:22:26.599571,Radhi Bidyut Company Ltd
2026043004001912,RADHI,39,50,660,744.9,491634.0,2026-04-30,188645270,2776,Sumeru Securities Pvt. Ltd.,Cristal Kanchanjanga Securites Pvt. Ltd.,2026-04-30 11:23:33.893573,Radhi Bidyut Company Ltd
2026043004001962,RADHI,4,34,100,743.0,74300.0,2026-04-30,188645786,2776,Opal Securities Investment (PVT) Ltd.,Vision Securities Pvt. Ltd,2026-04-30 11:24:05.091686,Radhi Bidyut Company Ltd
2026043004001983,RADHI,50,34,100,743.0,74300.0,2026-04-30,188646032,2776,Cristal Kanchanjanga Securites Pvt. Ltd.,Vision Securities Pvt. Ltd,2026-04-30 11:24:18.847358,Radhi Bidyut Company Ltd
2026043004002364,RADHI,34,13,100,748.0,74800.0,2026-04-30,188650456,2776,Vision Securities Pvt. Ltd,Thrive Brokerage House Pvt. Ltd,2026-04-30 11:29:11.034439,Radhi Bidyut Company Ltd
2026043004002380,RADHI,34,34,100,748.5,74850.0,2026-04-30,188650664,2776,Vision Securities Pvt. Ltd,Vision Securities Pvt. Ltd,2026-04-30 11:29:21.506791,Radhi Bidyut Company Ltd
2026043004002401,RADHI,34,34,20,748.5,14970.0,2026-04-30,188650886,2776,Vision Securities Pvt. Ltd,Vision Securities Pvt. Ltd,2026-04-30 11:29:38.006997,Radhi Bidyut Company Ltd
2026043004002460,RADHI,17,53,500,748.0,374000.0,2026-04-30,188651474,2776,ABC Securities Private Limited,Investment Management Nepal Pvt. Ltd.,2026-04-30 11:30:28.495945,Radhi Bidyut Company Ltd
2026043004002493,RADHI,36,34,105,748.5,78592.5,2026-04-30,188651756,2776,Secured Securities Ltd.,Vision Securities Pvt. Ltd,2026-04-30 11:30:46.981252,Radhi Bidyut Company Ltd
2026043004002728,RADHI,34,34,500,748.0,374000.0,2026-04-30,188654028,2776,Vision Securities Pvt. Ltd,Vision Securities Pvt. Ltd,2026-04-30 11:33:44.812930,Radhi Bidyut Company Ltd
2026043004002776,RADHI,6,34,90,748.5,67365.0,2026-04-30,188654479,2776,Agrawal Securities (PVT) Ltd.,Vision Securities Pvt. Ltd,2026-04-30 11:34:17.175383,Radhi Bidyut Company Ltd
2026043004002777,RADHI,6,50,545,748.5,407932.5,2026-04-30,188654482,2776,Agrawal Securities (PVT) Ltd.,Cristal Kanchanjanga Securites Pvt. Ltd.,2026-04-30 11:34:17.175663,Radhi Bidyut Company Ltd
2026043004002859,RADHI,20,53,500,748.0,374000.0,2026-04-30,188655468,2776,Sipla Securities Private Limited,Investment Management Nepal Pvt. Ltd.,2026-04-30 11:35:47.790212,Radhi Bidyut Company Ltd
2026043004002860,RADHI,18,25,200,748.0,149600.0,2026-04-30,188655469,2776,Sagarmatha Securities Private Limited,Sweta Securities Private Limited,2026-04-30 11:35:48.129123,Radhi Bidyut Company Ltd
2026043004002893,RADHI,38,50,1150,748.5,860775.0,2026-04-30,188655718,2776,Dipshikha Dhitopatra Karobar Co. Pvt Ltd.,Cristal Kanchanjanga Securites Pvt. Ltd.,2026-04-30 11:36:08.740028,Radhi Bidyut Company Ltd
2026043004002907,RADHI,34,50,305,748.5,228292.5,2026-04-30,188655869,2776,Vision Securities Pvt. Ltd,Cristal Kanchanjanga Securites Pvt. Ltd.,2026-04-30 11:36:24.569932,Radhi Bidyut Company Ltd
2026043004002960,RADHI,34,53,95,748.5,71107.5,2026-04-30,188656433,2776,Vision Securities Pvt. Ltd,Investment Management Nepal Pvt. Ltd.,2026-04-30 11:37:08.027515,Radhi Bidyut Company Ltd
2026043004003030,RADHI,18,19,800,746.1,596880.0,2026-04-30,188656863,2776,Sagarmatha Securities Private Limited,Nepal Investment And Securities Trading Private Limited,2026-04-30 11:37:45.440659,Radhi Bidyut Company Ltd
2026043004003049,RADHI,42,7,300,746.0,223800.0,2026-04-30,188657072,2776,Sani Securities Company Ltd.,J.F. Securites (PVT) Ltd.,2026-04-30 11:38:03.209352,Radhi Bidyut Company Ltd
2026043004003050,RADHI,59,7,100,746.0,74600.0,2026-04-30,188657074,2776,Deevyaa Securities & Stock House Pvt. Ltd,J.F. Securites (PVT) Ltd.,2026-04-30 11:38:03.209645,Radhi Bidyut Company Ltd
2026043004003051,RADHI,39,7,500,745.0,372500.0,2026-04-30,188657076,2776,Sumeru Securities Pvt. Ltd.,J.F. Securites (PVT) Ltd.,2026-04-30 11:38:03.209881,Radhi Bidyut Company Ltd
2026043004003052,RADHI,42,7,50,745.0,37250.0,2026-04-30,188657078,2776,Sani Securities Company Ltd.,J.F. Securites (PVT) Ltd.,2026-04-30 11:38:03.210119,Radhi Bidyut Company Ltd
2026043004003053,RADHI,42,7,50,745.0,37250.0,2026-04-30,188657079,2776,Sani Securities Company Ltd.,J.F. Securites (PVT) Ltd.,2026-04-30 11:38:03.210357,Radhi Bidyut Company Ltd
2026043004003292,RADHI,34,42,30,745.0,22350.0,2026-04-30,188659049,2776,Vision Securities Pvt. Ltd,Sani Securities Company Ltd.,2026-04-30 11:41:02.020849,Radhi Bidyut Company Ltd
2026043004003317,RADHI,34,74,20,745.0,14900.0,2026-04-30,188659682,2776,Vision Securities Pvt. Ltd,KALASH STOCK MARKET PVT. LTD.,2026-04-30 11:42:00.764824,Radhi Bidyut Company Ltd
2026043004003351,RADHI,21,75,100,743.1,74310.0,2026-04-30,188659938,2776,Midas Stock Broking Company Private Limited,N.I.M.B. Stock Markets Limited,2026-04-30 11:42:24.968773,Radhi Bidyut Company Ltd
2026043004003352,RADHI,42,75,50,743.0,37150.0,2026-04-30,188659940,2776,Sani Securities Company Ltd.,N.I.M.B. Stock Markets Limited,2026-04-30 11:42:24.969097,Radhi Bidyut Company Ltd
2026043004003353,RADHI,57,75,250,742.2,185550.0,2026-04-30,188659942,2776,Aryatara Investment & Securities,N.I.M.B. Stock Markets Limited,2026-04-30 11:42:24.969261,Radhi Bidyut Company Ltd
2026043004003354,RADHI,57,75,50,742.2,37110.0,2026-04-30,188659944,2776,Aryatara Investment & Securities,N.I.M.B. Stock Markets Limited,2026-04-30 11:42:24.969473,Radhi Bidyut Company Ltd
2026043004003355,RADHI,22,75,30,742.0,22260.0,2026-04-30,188659946,2776,Siprabi Securities Pvt. Ltd.,N.I.M.B. Stock Markets Limited,2026-04-30 11:42:24.969629,Radhi Bidyut Company Ltd
2026043004003356,RADHI,81,75,1020,741.6,756432.0,2026-04-30,188659948,2776,Aakashbhairab Securities Ltd.,N.I.M.B. Stock Markets Limited,2026-04-30 11:42:24.969779,Radhi Bidyut Company Ltd
2026043004003357,RADHI,34,75,490,741.6,363384.0,2026-04-30,188659950,2776,Vision Securities Pvt. Ltd,N.I.M.B. Stock Markets Limited,2026-04-30 11:42:24.969945,Radhi Bidyut Company Ltd
2026043004003358,RADHI,39,75,100,741.0,74100.0,2026-04-30,188659953,2776,Sumeru Securities Pvt. Ltd.,N.I.M.B. Stock Markets Limited,2026-04-30 11:42:24.970097,Radhi Bidyut Company Ltd
2026043004003359,RADHI,57,75,100,741.0,74100.0,2026-04-30,188659956,2776,Aryatara Investment & Securities,N.I.M.B. Stock Markets Limited,2026-04-30 11:42:24.970245,Radhi Bidyut Company Ltd
2026043004003360,RADHI,62,75,200,741.0,148200.0,2026-04-30,188659958,2776,Capital Max Securities Ltd,N.I.M.B. Stock Markets Limited,2026-04-30 11:42:24.970431,Radhi Bidyut Company Ltd
2026043004003361,RADHI,18,75,410,741.0,303810.0,2026-04-30,188659959,2776,Sagarmatha Securities Private Limited,N.I.M.B. Stock Markets Limited,2026-04-30 11:42:24.970578,Radhi Bidyut Company Ltd
2026043004003362,RADHI,25,74,45,745.0,33525.0,2026-04-30,188659980,2776,Sweta Securities Private Limited,KALASH STOCK MARKET PVT. LTD.,2026-04-30 11:42:27.780124,Radhi Bidyut Company Ltd
2026043004003415,RADHI,18,19,500,741.5,370750.0,2026-04-30,188660550,2776,Sagarmatha Securities Private Limited,Nepal Investment And Securities Trading Private Limited,2026-04-30 11:43:19.769964,Radhi Bidyut Company Ltd
2026043004003416,RADHI,18,19,190,741.0,140790.0,2026-04-30,188660551,2776,Sagarmatha Securities Private Limited,Nepal Investment And Securities Trading Private Limited,2026-04-30 11:43:19.770205,Radhi Bidyut Company Ltd
2026043004003467,RADHI,18,19,400,741.0,296400.0,2026-04-30,188660958,2776,Sagarmatha Securities Private Limited,Nepal Investment And Securities Trading Private Limited,2026-04-30 11:43:58.173501,Radhi Bidyut Company Ltd
2026043004003468,RADHI,59,19,100,741.0,74100.0,2026-04-30,188660960,2776,Deevyaa Securities & Stock House Pvt. Ltd,Nepal Investment And Securities Trading Private Limited,2026-04-30 11:43:58.173632,Radhi Bidyut Company Ltd
2026043004003469,RADHI,34,19,10,740.2,7402.0,2026-04-30,188660962,2776,Vision Securities Pvt. Ltd,Nepal Investment And Securities Trading Private Limited,2026-04-30 11:43:58.173684,Radhi Bidyut Company Ltd
2026043004003470,RADHI,81,19,5066,740.1,3749346.6,2026-04-30,188660963,2776,Aakashbhairab Securities Ltd.,Nepal Investment And Securities Trading Private Limited,2026-04-30 11:43:58.173745,Radhi Bidyut Company Ltd
2026043004003471,RADHI,36,25,1,740.0,740.0,2026-04-30,188660995,2776,Secured Securities Ltd.,Sweta Securities Private Limited,2026-04-30 11:44:00.388006,Radhi Bidyut Company Ltd
2026043004003517,RADHI,81,50,4934,740.1,3651653.4,2026-04-30,188661464,2776,Aakashbhairab Securities Ltd.,Cristal Kanchanjanga Securites Pvt. Ltd.,2026-04-30 11:44:37.377287,Radhi Bidyut Company Ltd
2026043004003518,RADHI,58,50,66,740.0,48840.0,2026-04-30,188661465,2776,Naasa Securities Co. Ltd.,Cristal Kanchanjanga Securites Pvt. Ltd.,2026-04-30 11:44:37.377429,Radhi Bidyut Company Ltd
2026043004003536,RADHI,58,58,34,740.0,25160.0,2026-04-30,188661754,2776,Naasa Securities Co. Ltd.,Naasa Securities Co. Ltd.,2026-04-30 11:44:57.416846,Radhi Bidyut Company Ltd
2026043004003537,RADHI,34,58,50,740.0,37000.0,2026-04-30,188661756,2776,Vision Securities Pvt. Ltd,Naasa Securities Co. Ltd.,2026-04-30 11:44:57.417093,Radhi Bidyut Company Ltd
2026043004003538,RADHI,58,58,116,740.0,85840.0,2026-04-30,188661757,2776,Naasa Securities Co. Ltd.,Naasa Securities Co. Ltd.,2026-04-30 11:44:57.417248,Radhi Bidyut Company Ltd
2026043004003545,RADHI,58,50,84,740.0,62160.0,2026-04-30,188661814,2776,Naasa Securities Co. Ltd.,Cristal Kanchanjanga Securites Pvt. Ltd.,2026-04-30 11:45:02.210383,Radhi Bidyut Company Ltd
2026043004003546,RADHI,57,50,50,740.0,37000.0,2026-04-30,188661816,2776,Aryatara Investment & Securities,Cristal Kanchanjanga Securites Pvt. Ltd.,2026-04-30 11:45:02.210564,Radhi Bidyut Company Ltd
2026043004003547,RADHI,42,50,100,740.0,74000.0,2026-04-30,188661818,2776,Sani Securities Company Ltd.,Cristal Kanchanjanga Securites Pvt. Ltd.,2026-04-30 11:45:02.210625,Radhi Bidyut Company Ltd
2026043004003548,RADHI,35,50,10,740.0,7400.0,2026-04-30,188661820,2776,Kohinoor Investment & Securities Pvt. Ltd.,Cristal Kanchanjanga Securites Pvt. Ltd.,2026-04-30 11:45:02.210676,Radhi Bidyut Company Ltd
2026043004003549,RADHI,58,50,10,740.0,7400.0,2026-04-30,188661822,2776,Naasa Securities Co. Ltd.,Cristal Kanchanjanga Securites Pvt. Ltd.,2026-04-30 11:45:02.210726,Radhi Bidyut Company Ltd
2026043004003550,RADHI,49,50,50,740.0,37000.0,2026-04-30,188661824,2776,Online Securities Pvt. Ltd.,Cristal Kanchanjanga Securites Pvt. Ltd.,2026-04-30 11:45:02.210774,Radhi Bidyut Company Ltd
2026043004003553,RADHI,28,50,100,740.0,74000.0,2026-04-30,188661850,2776,Shree Krishna Securities Ltd.,Cristal Kanchanjanga Securites Pvt. Ltd.,2026-04-30 11:45:05.248141,Radhi Bidyut Company Ltd
2026043004003558,RADHI,29,50,25,740.0,18500.0,2026-04-30,188661918,2776,Trisul Securities & Invt. Ltd.,Cristal Kanchanjanga Securites Pvt. Ltd.,2026-04-30 11:45:11.830756,Radhi Bidyut Company Ltd
2026043004003632,RADHI,58,50,180,740.0,133200.0,2026-04-30,188662692,2776,Naasa Securities Co. Ltd.,Cristal Kanchanjanga Securites Pvt. Ltd.,2026-04-30 11:45:55.585444,Radhi Bidyut Company Ltd
2026043004003652,RADHI,6,50,300,740.0,222000.0,2026-04-30,188662858,2776,Agrawal Securities (PVT) Ltd.,Cristal Kanchanjanga Securites Pvt. Ltd.,2026-04-30 11:46:14.667150,Radhi Bidyut Company Ltd
2026043004003785,RADHI,45,50,91,740.0,67340.0,2026-04-30,188663997,2776,Imperial Securities Company Pvt. Ltd.,Cristal Kanchanjanga Securites Pvt. Ltd.,2026-04-30 11:47:47.842980,Radhi Bidyut Company Ltd
2026043004003786,RADHI,45,53,409,740.0,302660.0,2026-04-30,188664000,2776,Imperial Securities Company Pvt. Ltd.,Investment Management Nepal Pvt. Ltd.,2026-04-30 11:47:47.843174,Radhi Bidyut Company Ltd
2026043004003834,RADHI,8,50,500,738.1,369050.0,2026-04-30,188664415,2776,Brilliant Securities Pvt. Ltd.,Cristal Kanchanjanga Securites Pvt. Ltd.,2026-04-30 11:48:17.058813,Radhi Bidyut Company Ltd
2026043004003864,RADHI,58,53,40,740.0,29600.0,2026-04-30,188664754,2776,Naasa Securities Co. Ltd.,Investment Management Nepal Pvt. Ltd.,2026-04-30 11:48:48.079279,Radhi Bidyut Company Ltd
2026043004004035,RADHI,48,53,150,740.0,111000.0,2026-04-30,188666774,2776,Trishakti Securities Public Limited,Investment Management Nepal Pvt. Ltd.,2026-04-30 11:51:28.370364,Radhi Bidyut Company Ltd
2026043004004043,RADHI,51,34,250,739.0,184750.0,2026-04-30,188666946,2776,Oxford Securities Pvt. Ltd.,Vision Securities Pvt. Ltd,2026-04-30 11:51:42.812752,Radhi Bidyut Company Ltd
2026043004004131,RADHI,42,34,10,739.0,7390.0,2026-04-30,188667906,2776,Sani Securities Company Ltd.,Vision Securities Pvt. Ltd,2026-04-30 11:53:03.587209,Radhi Bidyut Company Ltd
2026043004004135,RADHI,34,34,240,739.0,177360.0,2026-04-30,188667979,2776,Vision Securities Pvt. Ltd,Vision Securities Pvt. Ltd,2026-04-30 11:53:10.287169,Radhi Bidyut Company Ltd
2026043004004142,RADHI,34,32,60,739.0,44340.0,2026-04-30,188668122,2776,Vision Securities Pvt. Ltd,Premier Securities Company Ltd.,2026-04-30 11:53:22.565331,Radhi Bidyut Company Ltd
2026043004004334,RADHI,81,32,191,739.0,141149.0,2026-04-30,188669123,2776,Aakashbhairab Securities Ltd.,Premier Securities Company Ltd.,2026-04-30 11:54:22.640396,Radhi Bidyut Company Ltd
2026043004004335,RADHI,81,50,2000,740.0,1480000.0,2026-04-30,188669125,2776,Aakashbhairab Securities Ltd.,Cristal Kanchanjanga Securites Pvt. Ltd.,2026-04-30 11:54:22.640635,Radhi Bidyut Company Ltd
2026043004004336,RADHI,81,53,809,740.0,598660.0,2026-04-30,188669128,2776,Aakashbhairab Securities Ltd.,Investment Management Nepal Pvt. Ltd.,2026-04-30 11:54:22.640790,Radhi Bidyut Company Ltd
2026043004004432,RADHI,50,53,190,740.0,140600.0,2026-04-30,188669882,2776,Cristal Kanchanjanga Securites Pvt. Ltd.,Investment Management Nepal Pvt. Ltd.,2026-04-30 11:55:27.271305,Radhi Bidyut Company Ltd
2026043004004446,RADHI,22,89,15,738.0,11070.0,2026-04-30,188670035,2776,Siprabi Securities Pvt. Ltd.,Global IME Securities Limited,2026-04-30 11:55:42.606987,Radhi Bidyut Company Ltd
2026043004004838,RADHI,44,53,200,744.0,148800.0,2026-04-30,188673684,2776,Dynamic Money Managers Securities Pvt. Ltd.,Investment Management Nepal Pvt. Ltd.,2026-04-30 12:01:16.817104,Radhi Bidyut Company Ltd
2026043004004926,RADHI,83,7,500,740.1,370050.0,2026-04-30,188674612,2776,Sanima Securities Limited,J.F. Securites (PVT) Ltd.,2026-04-30 12:03:04.147736,Radhi Bidyut Company Ltd
2026043004004927,RADHI,75,7,500,740.0,370000.0,2026-04-30,188674613,2776,N.I.M.B. Stock Markets Limited,J.F. Securites (PVT) Ltd.,2026-04-30 12:03:04.147868,Radhi Bidyut Company Ltd
2026043004005036,RADHI,47,50,20,740.0,14800.0,2026-04-30,188675718,2776,Neev Securities Pvt. Ltd.,Cristal Kanchanjanga Securites Pvt. Ltd.,2026-04-30 12:04:43.053235,Radhi Bidyut Company Ltd
2026043004005082,RADHI,6,89,150,739.0,110850.0,2026-04-30,188676371,2776,Agrawal Securities (PVT) Ltd.,Global IME Securities Limited,2026-04-30 12:05:46.077564,Radhi Bidyut Company Ltd
2026043004005134,RADHI,29,50,500,740.0,370000.0,2026-04-30,188676988,2776,Trisul Securities & Invt. Ltd.,Cristal Kanchanjanga Securites Pvt. Ltd.,2026-04-30 12:06:52.301662,Radhi Bidyut Company Ltd
2026043004005162,RADHI,65,50,50,740.0,37000.0,2026-04-30,188677276,2776,Sharepro Securities Private Limited,Cristal Kanchanjanga Securites Pvt. Ltd.,2026-04-30 12:07:17.974038,Radhi Bidyut Company Ltd
2026043004005178,RADHI,29,50,200,740.0,148000.0,2026-04-30,188677432,2776,Trisul Securities & Invt. Ltd.,Cristal Kanchanjanga Securites Pvt. Ltd.,2026-04-30 12:07:38.512886,Radhi Bidyut Company Ltd
2026043004005197,RADHI,85,50,230,740.0,170200.0,2026-04-30,188677631,2776,Capital Hub P. Ltd,Cristal Kanchanjanga Securites Pvt. Ltd.,2026-04-30 12:08:01.217415,Radhi Bidyut Company Ltd
2026043004005291,RADHI,48,17,15,744.9,11173.5,2026-04-30,188679074,2776,Trishakti Securities Public Limited,ABC Securities Private Limited,2026-04-30 12:10:02.053247,Radhi Bidyut Company Ltd
2026043004005827,RADHI,37,53,17,740.1,12581.7,2026-04-30,188684251,2776,Swarna Laxmi Securities Pvt. Ltd.,Investment Management Nepal Pvt. Ltd.,2026-04-30 12:17:50.870240,Radhi Bidyut Company Ltd
2026043004005844,RADHI,37,4,52,740.1,38485.2,2026-04-30,188684460,2776,Swarna Laxmi Securities Pvt. Ltd.,Opal Securities Investment (PVT) Ltd.,2026-04-30 12:18:04.419389,Radhi Bidyut Company Ltd
2026043004005845,RADHI,49,4,55,740.0,40700.0,2026-04-30,188684462,2776,Online Securities Pvt. Ltd.,Opal Securities Investment (PVT) Ltd.,2026-04-30 12:18:04.419543,Radhi Bidyut Company Ltd
2026043004005846,RADHI,50,4,103,740.0,76220.0,2026-04-30,188684463,2776,Cristal Kanchanjanga Securites Pvt. Ltd.,Opal Securities Investment (PVT) Ltd.,2026-04-30 12:18:04.419603,Radhi Bidyut Company Ltd
2026043004006324,RADHI,50,58,107,740.0,79180.0,2026-04-30,188687566,2776,Cristal Kanchanjanga Securites Pvt. Ltd.,Naasa Securities Co. Ltd.,2026-04-30 12:23:08.177207,Radhi Bidyut Company Ltd
2026043004006325,RADHI,58,58,10,740.0,7400.0,2026-04-30,188687568,2776,Naasa Securities Co. Ltd.,Naasa Securities Co. Ltd.,2026-04-30 12:23:08.177366,Radhi Bidyut Company Ltd
2026043004006326,RADHI,34,58,192,740.0,142080.0,2026-04-30,188687569,2776,Vision Securities Pvt. Ltd,Naasa Securities Co. Ltd.,2026-04-30 12:23:08.177430,Radhi Bidyut Company Ltd
2026043004006385,RADHI,81,50,2000,743.7,1487400.0,2026-04-30,188688100,2776,Aakashbhairab Securities Ltd.,Cristal Kanchanjanga Securites Pvt. Ltd.,2026-04-30 12:23:54.878260,Radhi Bidyut Company Ltd
2026043004006547,RADHI,39,58,10,743.7,7437.0,2026-04-30,188690731,2776,Sumeru Securities Pvt. Ltd.,Naasa Securities Co. Ltd.,2026-04-30 12:29:00.664257,Radhi Bidyut Company Ltd
2026043004006548,RADHI,39,17,85,744.9,63316.5,2026-04-30,188690733,2776,Sumeru Securities Pvt. Ltd.,ABC Securities Private Limited,2026-04-30 12:29:00.664489,Radhi Bidyut Company Ltd
2026043004006549,RADHI,39,74,35,745.0,26075.0,2026-04-30,188690735,2776,Sumeru Securities Pvt. Ltd.,KALASH STOCK MARKET PVT. LTD.,2026-04-30 12:29:00.664556,Radhi Bidyut Company Ltd
2026043004006550,RADHI,39,53,50,745.0,37250.0,2026-04-30,188690737,2776,Sumeru Securities Pvt. Ltd.,Investment Management Nepal Pvt. Ltd.,2026-04-30 12:29:00.664619,Radhi Bidyut Company Ltd
2026043004006612,RADHI,39,34,320,745.0,238400.0,2026-04-30,188691444,2776,Sumeru Securities Pvt. Ltd.,Vision Securities Pvt. Ltd,2026-04-30 12:30:31.260988,Radhi Bidyut Company Ltd
2026043004006622,RADHI,66,34,100,745.0,74500.0,2026-04-30,188691562,2776,Miyo Securities Pvt Ltd,Vision Securities Pvt. Ltd,2026-04-30 12:30:45.047660,Radhi Bidyut Company Ltd
2026043004006642,RADHI,58,34,25,741.0,18525.0,2026-04-30,188691760,2776,Naasa Securities Co. Ltd.,Vision Securities Pvt. Ltd,2026-04-30 12:31:09.897287,Radhi Bidyut Company Ltd
2026043004006643,RADHI,101,34,200,740.4,148080.0,2026-04-30,188691762,2776,APPLE SECURITIES PRIVATE LIMITED,Vision Securities Pvt. Ltd,2026-04-30 12:31:09.897624,Radhi Bidyut Company Ltd
2026043004006644,RADHI,81,34,300,740.4,222120.0,2026-04-30,188691764,2776,Aakashbhairab Securities Ltd.,Vision Securities Pvt. Ltd,2026-04-30 12:31:09.897800,Radhi Bidyut Company Ltd
2026043004006645,RADHI,81,34,1055,740.3,781016.5,2026-04-30,188691765,2776,Aakashbhairab Securities Ltd.,Vision Securities Pvt. Ltd,2026-04-30 12:31:09.897984,Radhi Bidyut Company Ltd
2026043004006677,RADHI,81,58,10,740.3,7403.0,2026-04-30,188691963,2776,Aakashbhairab Securities Ltd.,Naasa Securities Co. Ltd.,2026-04-30 12:31:24.504335,Radhi Bidyut Company Ltd
2026043004007095,RADHI,1,63,300,745.0,223500.0,2026-04-30,188696035,2776,Kumari Securities Private Limited,Himalayan Brokerage Company Limited,2026-04-30 12:39:10.558141,Radhi Bidyut Company Ltd
2026043004007671,RADHI,48,53,20,747.0,14940.0,2026-04-30,188704903,2776,Trishakti Securities Public Limited,Investment Management Nepal Pvt. Ltd.,2026-04-30 12:56:09.000889,Radhi Bidyut Company Ltd
2026043004007672,RADHI,48,34,20,747.0,14940.0,2026-04-30,188704905,2776,Trishakti Securities Public Limited,Vision Securities Pvt. Ltd,2026-04-30 12:56:09.001196,Radhi Bidyut Company Ltd
2026043004007673,RADHI,48,35,50,747.0,37350.0,2026-04-30,188704908,2776,Trishakti Securities Public Limited,Kohinoor Investment & Securities Pvt. Ltd.,2026-04-30 12:56:09.001407,Radhi Bidyut Company Ltd
2026043004007832,RADHI,47,36,40,747.4,29896.0,2026-04-30,188707882,2776,Neev Securities Pvt. Ltd.,Secured Securities Ltd.,2026-04-30 12:59:21.029558,Radhi Bidyut Company Ltd
2026043004007849,RADHI,45,36,100,747.4,74740.0,2026-04-30,188708170,2776,Imperial Securities Company Pvt. Ltd.,Secured Securities Ltd.,2026-04-30 12:59:55.130975,Radhi Bidyut Company Ltd
2026043004007881,RADHI,5,36,160,747.4,119584.0,2026-04-30,188708340,2776,Market Securities & Exchange (PVT) Ltd.,Secured Securities Ltd.,2026-04-30 13:00:17.423459,Radhi Bidyut Company Ltd
2026043004008140,RADHI,51,53,4,740.0,2960.0,2026-04-30,188711525,2776,Oxford Securities Pvt. Ltd.,Investment Management Nepal Pvt. Ltd.,2026-04-30 13:04:27.711402,Radhi Bidyut Company Ltd
2026043004008170,RADHI,51,47,2,741.0,1482.0,2026-04-30,188712271,2776,Oxford Securities Pvt. Ltd.,Neev Securities Pvt. Ltd.,2026-04-30 13:05:01.991617,Radhi Bidyut Company Ltd
2026043004008227,RADHI,51,45,1,742.0,742.0,2026-04-30,188713265,2776,Oxford Securities Pvt. Ltd.,Imperial Securities Company Pvt. Ltd.,2026-04-30 13:05:59.682063,Radhi Bidyut Company Ltd
2026043004008240,RADHI,17,34,125,749.8,93725.0,2026-04-30,188713322,2776,ABC Securities Private Limited,Vision Securities Pvt. Ltd,2026-04-30 13:06:05.397419,Radhi Bidyut Company Ltd
2026043004008251,RADHI,59,34,80,749.8,59984.0,2026-04-30,188713418,2776,Deevyaa Securities & Stock House Pvt. Ltd,Vision Securities Pvt. Ltd,2026-04-30 13:06:14.566463,Radhi Bidyut Company Ltd
2026043004008280,RADHI,48,57,50,745.0,37250.0,2026-04-30,188713892,2776,Trishakti Securities Public Limited,Aryatara Investment & Securities,2026-04-30 13:06:35.977590,Radhi Bidyut Company Ltd
2026043004008392,RADHI,82,34,50,749.8,37490.0,2026-04-30,188715516,2776,N.M.B. SECURITIES LIMITED,Vision Securities Pvt. Ltd,2026-04-30 13:08:28.935662,Radhi Bidyut Company Ltd
2026043004008532,RADHI,58,62,55,749.7,41233.5,2026-04-30,188717199,2776,Naasa Securities Co. Ltd.,Capital Max Securities Ltd,2026-04-30 13:10:18.153166,Radhi Bidyut Company Ltd
2026043004008533,RADHI,58,34,245,749.8,183701.0,2026-04-30,188717201,2776,Naasa Securities Co. Ltd.,Vision Securities Pvt. Ltd,2026-04-30 13:10:18.153571,Radhi Bidyut Company Ltd
2026043004008534,RADHI,58,21,2000,749.9,1499800.0,2026-04-30,188717204,2776,Naasa Securities Co. Ltd.,Midas Stock Broking Company Private Limited,2026-04-30 13:10:18.153777,Radhi Bidyut Company Ltd
2026043004008540,RADHI,81,41,200,750.0,150000.0,2026-04-30,188717283,2776,Aakashbhairab Securities Ltd.,Linch Stock Market Ltd.,2026-04-30 13:10:25.996833,Radhi Bidyut Company Ltd
2026043004008541,RADHI,81,45,1800,750.0,1350000.0,2026-04-30,188717286,2776,Aakashbhairab Securities Ltd.,Imperial Securities Company Pvt. Ltd.,2026-04-30 13:10:25.997139,Radhi Bidyut Company Ltd
2026043004008582,RADHI,50,45,200,750.0,150000.0,2026-04-30,188717683,2776,Cristal Kanchanjanga Securites Pvt. Ltd.,Imperial Securities Company Pvt. Ltd.,2026-04-30 13:10:57.435214,Radhi Bidyut Company Ltd
2026043004008583,RADHI,50,42,20,750.0,15000.0,2026-04-30,188717685,2776,Cristal Kanchanjanga Securites Pvt. Ltd.,Sani Securities Company Ltd.,2026-04-30 13:10:57.435398,Radhi Bidyut Company Ltd
2026043004008584,RADHI,50,58,20,750.0,15000.0,2026-04-30,188717688,2776,Cristal Kanchanjanga Securites Pvt. Ltd.,Naasa Securities Co. Ltd.,2026-04-30 13:10:57.435471,Radhi Bidyut Company Ltd
2026043004008662,RADHI,1,62,200,755.0,151000.0,2026-04-30,188718646,2776,Kumari Securities Private Limited,Capital Max Securities Ltd,2026-04-30 13:11:59.772910,Radhi Bidyut Company Ltd
2026043004009445,RADHI,52,34,10,750.0,7500.0,2026-04-30,188725819,2776,Sundhara Securities Limited,Vision Securities Pvt. Ltd,2026-04-30 13:20:35.456761,Radhi Bidyut Company Ltd
2026043004009612,RADHI,57,64,100,750.0,75000.0,2026-04-30,188727117,2776,Aryatara Investment & Securities,SUN SECURITIES PVT LTD,2026-04-30 13:21:58.495453,Radhi Bidyut Company Ltd
2026043004010277,RADHI,53,34,47,748.9,35198.3,2026-04-30,188735208,2776,Investment Management Nepal Pvt. Ltd.,Vision Securities Pvt. Ltd,2026-04-30 13:41:18.124906,Radhi Bidyut Company Ltd
2026043004010325,RADHI,10,34,10,748.9,7489.0,2026-04-30,188735722,2776,Pragyan Securities (PVT) Ltd.,Vision Securities Pvt. Ltd,2026-04-30 13:42:28.181692,Radhi Bidyut Company Ltd
2026043004010388,RADHI,46,34,170,748.9,127313.0,2026-04-30,188736616,2776,Kalika Securities Pvt. Ltd.,Vision Securities Pvt. Ltd,2026-04-30 13:45:06.810257,Radhi Bidyut Company Ltd
2026043004010458,RADHI,38,28,20,748.0,14960.0,2026-04-30,188737088,2776,Dipshikha Dhitopatra Karobar Co. Pvt Ltd.,Shree Krishna Securities Ltd.,2026-04-30 13:46:07.771954,Radhi Bidyut Company Ltd
2026043004010459,RADHI,66,28,20,748.0,14960.0,2026-04-30,188737090,2776,Miyo Securities Pvt Ltd,Shree Krishna Securities Ltd.,2026-04-30 13:46:07.772252,Radhi Bidyut Company Ltd
2026043004010460,RADHI,25,28,30,748.0,22440.0,2026-04-30,188737092,2776,Sweta Securities Private Limited,Shree Krishna Securities Ltd.,2026-04-30 13:46:07.772367,Radhi Bidyut Company Ltd
2026043004010461,RADHI,34,28,70,748.0,52360.0,2026-04-30,188737093,2776,Vision Securities Pvt. Ltd,Shree Krishna Securities Ltd.,2026-04-30 13:46:07.772435,Radhi Bidyut Company Ltd
2026043004010513,RADHI,13,34,10,748.9,7489.0,2026-04-30,188737556,2776,Thrive Brokerage House Pvt. Ltd,Vision Securities Pvt. Ltd,2026-04-30 13:47:15.019931,Radhi Bidyut Company Ltd
2026043004010541,RADHI,47,34,50,748.9,37445.0,2026-04-30,188737882,2776,Neev Securities Pvt. Ltd.,Vision Securities Pvt. Ltd,2026-04-30 13:48:02.571561,Radhi Bidyut Company Ltd
2026043004010589,RADHI,42,34,100,748.9,74890.0,2026-04-30,188738518,2776,Sani Securities Company Ltd.,Vision Securities Pvt. Ltd,2026-04-30 13:49:54.146384,Radhi Bidyut Company Ltd
2026043004010736,RADHI,58,34,113,748.9,84625.7,2026-04-30,188740745,2776,Naasa Securities Co. Ltd.,Vision Securities Pvt. Ltd,2026-04-30 13:54:33.343307,Radhi Bidyut Company Ltd
2026043004010737,RADHI,58,38,27,748.9,20220.3,2026-04-30,188740748,2776,Naasa Securities Co. Ltd.,Dipshikha Dhitopatra Karobar Co. Pvt Ltd.,2026-04-30 13:54:33.343485,Radhi Bidyut Company Ltd
2026043004010813,RADHI,49,38,10,748.9,7489.0,2026-04-30,188741588,2776,Online Securities Pvt. Ltd.,Dipshikha Dhitopatra Karobar Co. Pvt Ltd.,2026-04-30 13:56:36.617429,Radhi Bidyut Company Ltd
2026043004010817,RADHI,36,38,276,748.9,206696.4,2026-04-30,188741621,2776,Secured Securities Ltd.,Dipshikha Dhitopatra Karobar Co. Pvt Ltd.,2026-04-30 13:56:42.064974,Radhi Bidyut Company Ltd
2026043004010880,RADHI,36,49,10,748.9,7489.0,2026-04-30,188742544,2776,Secured Securities Ltd.,Online Securities Pvt. Ltd.,2026-04-30 13:59:19.754187,Radhi Bidyut Company Ltd
2026043004010881,RADHI,58,49,20,748.0,14960.0,2026-04-30,188742546,2776,Naasa Securities Co. Ltd.,Online Securities Pvt. Ltd.,2026-04-30 13:59:19.754434,Radhi Bidyut Company Ltd
2026043004010882,RADHI,66,49,20,748.0,14960.0,2026-04-30,188742548,2776,Miyo Securities Pvt Ltd,Online Securities Pvt. Ltd.,2026-04-30 13:59:19.754556,Radhi Bidyut Company Ltd
2026043004010883,RADHI,85,49,50,747.0,37350.0,2026-04-30,188742549,2776,Capital Hub P. Ltd,Online Securities Pvt. Ltd.,2026-04-30 13:59:19.754670,Radhi Bidyut Company Ltd
2026043004010967,RADHI,58,53,20,749.0,14980.0,2026-04-30,188743673,2776,Naasa Securities Co. Ltd.,Investment Management Nepal Pvt. Ltd.,2026-04-30 14:01:45.868570,Radhi Bidyut Company Ltd
2026043004011070,RADHI,58,67,10,749.0,7490.0,2026-04-30,188744714,2776,Naasa Securities Co. Ltd.,Property Wiard Limited,2026-04-30 14:03:41.591927,Radhi Bidyut Company Ltd
2026043004011071,RADHI,70,67,100,749.0,74900.0,2026-04-30,188744716,2776,Infinity Securities Limited,Property Wiard Limited,2026-04-30 14:03:41.592295,Radhi Bidyut Company Ltd
2026043004011110,RADHI,25,67,20,749.0,14980.0,2026-04-30,188744998,2776,Sweta Securities Private Limited,Property Wiard Limited,2026-04-30 14:04:15.226037,Radhi Bidyut Company Ltd
2026043004011116,RADHI,85,67,50,747.0,37350.0,2026-04-30,188745076,2776,Capital Hub P. Ltd,Property Wiard Limited,2026-04-30 14:04:29.357851,Radhi Bidyut Company Ltd
2026043004011117,RADHI,48,67,200,747.0,149400.0,2026-04-30,188745078,2776,Trishakti Securities Public Limited,Property Wiard Limited,2026-04-30 14:04:29.358063,Radhi Bidyut Company Ltd
2026043004011118,RADHI,58,67,11,746.2,8208.2,2026-04-30,188745080,2776,Naasa Securities Co. Ltd.,Property Wiard Limited,2026-04-30 14:04:29.358156,Radhi Bidyut Company Ltd
2026043004011119,RADHI,25,67,10,746.0,7460.0,2026-04-30,188745082,2776,Sweta Securities Private Limited,Property Wiard Limited,2026-04-30 14:04:29.358220,Radhi Bidyut Company Ltd
2026043004011120,RADHI,57,67,150,745.1,111765.0,2026-04-30,188745084,2776,Aryatara Investment & Securities,Property Wiard Limited,2026-04-30 14:04:29.358287,Radhi Bidyut Company Ltd
2026043004011121,RADHI,17,67,200,745.0,149000.0,2026-04-30,188745086,2776,ABC Securities Private Limited,Property Wiard Limited,2026-04-30 14:04:29.358365,Radhi Bidyut Company Ltd
2026043004011122,RADHI,34,67,118,745.0,87910.0,2026-04-30,188745088,2776,Vision Securities Pvt. Ltd,Property Wiard Limited,2026-04-30 14:04:29.358430,Radhi Bidyut Company Ltd
2026043004011123,RADHI,7,67,135,745.0,100575.0,2026-04-30,188745090,2776,J.F. Securites (PVT) Ltd.,Property Wiard Limited,2026-04-30 14:04:29.358494,Radhi Bidyut Company Ltd
2026043004011124,RADHI,29,67,300,745.0,223500.0,2026-04-30,188745092,2776,Trisul Securities & Invt. Ltd.,Property Wiard Limited,2026-04-30 14:04:29.358559,Radhi Bidyut Company Ltd
2026043004011125,RADHI,88,67,1139,745.0,848555.0,2026-04-30,188745094,2776,Blue Chip Securities Ltd,Property Wiard Limited,2026-04-30 14:04:29.358623,Radhi Bidyut Company Ltd
2026043004011126,RADHI,34,67,10,745.0,7450.0,2026-04-30,188745096,2776,Vision Securities Pvt. Ltd,Property Wiard Limited,2026-04-30 14:04:29.358686,Radhi Bidyut Company Ltd
2026043004011127,RADHI,60,67,300,745.0,223500.0,2026-04-30,188745098,2776,Nagarik Stock Dealer ,Property Wiard Limited,2026-04-30 14:04:29.358750,Radhi Bidyut Company Ltd
2026043004011185,RADHI,58,26,200,748.0,149600.0,2026-04-30,188745731,2776,Naasa Securities Co. Ltd.,Asian Securities Private Ltd.,2026-04-30 14:05:46.006101,Radhi Bidyut Company Ltd
2026043004011202,RADHI,58,21,110,748.0,82280.0,2026-04-30,188746053,2776,Naasa Securities Co. Ltd.,Midas Stock Broking Company Private Limited,2026-04-30 14:06:24.921208,Radhi Bidyut Company Ltd
2026043004011219,RADHI,17,21,10,748.0,7480.0,2026-04-30,188746235,2776,ABC Securities Private Limited,Midas Stock Broking Company Private Limited,2026-04-30 14:06:58.003040,Radhi Bidyut Company Ltd
2026043004011622,RADHI,8,26,13,749.6,9744.8,2026-04-30,188750952,2776,Brilliant Securities Pvt. Ltd.,Asian Securities Private Ltd.,2026-04-30 14:18:43.770530,Radhi Bidyut Company Ltd
2026043004011831,RADHI,4,26,10,749.6,7496.0,2026-04-30,188753700,2776,Opal Securities Investment (PVT) Ltd.,Asian Securities Private Ltd.,2026-04-30 14:23:01.619553,Radhi Bidyut Company Ltd
2026043004011883,RADHI,49,65,12,749.0,8988.0,2026-04-30,188754261,2776,Online Securities Pvt. Ltd.,Sharepro Securities Private Limited,2026-04-30 14:24:08.931825,Radhi Bidyut Company Ltd
2026043004012044,RADHI,59,26,967,749.6,724863.2,2026-04-30,188756095,2776,Deevyaa Securities & Stock House Pvt. Ltd,Asian Securities Private Ltd.,2026-04-30 14:27:17.476538,Radhi Bidyut Company Ltd
2026043004012118,RADHI,50,50,75,749.7,56227.5,2026-04-30,188756934,2776,Cristal Kanchanjanga Securites Pvt. Ltd.,Cristal Kanchanjanga Securites Pvt. Ltd.,2026-04-30 14:28:41.511134,Radhi Bidyut Company Ltd
2026043004012153,RADHI,81,50,200,749.7,149940.0,2026-04-30,188757320,2776,Aakashbhairab Securities Ltd.,Cristal Kanchanjanga Securites Pvt. Ltd.,2026-04-30 14:29:11.763012,Radhi Bidyut Company Ltd
2026043004012178,RADHI,5,50,500,749.7,374850.0,2026-04-30,188757494,2776,Market Securities & Exchange (PVT) Ltd.,Cristal Kanchanjanga Securites Pvt. Ltd.,2026-04-30 14:29:26.754064,Radhi Bidyut Company Ltd
2026043004012466,RADHI,59,34,33,749.6,24736.8,2026-04-30,188760006,2776,Deevyaa Securities & Stock House Pvt. Ltd,Vision Securities Pvt. Ltd,2026-04-30 14:33:04.760736,Radhi Bidyut Company Ltd
2026043004012515,RADHI,22,34,50,749.6,37480.0,2026-04-30,188760500,2776,Siprabi Securities Pvt. Ltd.,Vision Securities Pvt. Ltd,2026-04-30 14:33:47.537200,Radhi Bidyut Company Ltd
2026043004012534,RADHI,45,42,10,749.0,7490.0,2026-04-30,188760795,2776,Imperial Securities Company Pvt. Ltd.,Sani Securities Company Ltd.,2026-04-30 14:34:07.244928,Radhi Bidyut Company Ltd
2026043004012665,RADHI,58,34,417,749.6,312583.2,2026-04-30,188761911,2776,Naasa Securities Co. Ltd.,Vision Securities Pvt. Ltd,2026-04-30 14:36:05.634636,Radhi Bidyut Company Ltd
2026043004012666,RADHI,58,50,763,749.7,572021.1,2026-04-30,188761914,2776,Naasa Securities Co. Ltd.,Cristal Kanchanjanga Securites Pvt. Ltd.,2026-04-30 14:36:05.634862,Radhi Bidyut Company Ltd
2026043004012707,RADHI,8,58,13,748.0,9724.0,2026-04-30,188762275,2776,Brilliant Securities Pvt. Ltd.,Naasa Securities Co. Ltd.,2026-04-30 14:36:33.286575,Radhi Bidyut Company Ltd
2026043004012891,RADHI,7,94,300,749.6,224880.0,2026-04-30,188763712,2776,J.F. Securites (PVT) Ltd.,K.B.L. Securities Limited ,2026-04-30 14:38:40.700611,Radhi Bidyut Company Ltd
2026043004013032,RADHI,28,94,24,749.6,17990.4,2026-04-30,188764880,2776,Shree Krishna Securities Ltd.,K.B.L. Securities Limited ,2026-04-30 14:40:08.270874,Radhi Bidyut Company Ltd
2026043004013116,RADHI,51,38,10,749.0,7490.0,2026-04-30,188765487,2776,Oxford Securities Pvt. Ltd.,Dipshikha Dhitopatra Karobar Co. Pvt Ltd.,2026-04-30 14:40:55.466839,Radhi Bidyut Company Ltd
2026043004013149,RADHI,58,94,50,749.6,37480.0,2026-04-30,188765800,2776,Naasa Securities Co. Ltd.,K.B.L. Securities Limited ,2026-04-30 14:41:23.369186,Radhi Bidyut Company Ltd
2026043004013153,RADHI,51,42,20,749.0,14980.0,2026-04-30,188765835,2776,Oxford Securities Pvt. Ltd.,Sani Securities Company Ltd.,2026-04-30 14:41:27.617941,Radhi Bidyut Company Ltd
2026043004013534,RADHI,25,6,20,748.1,14962.0,2026-04-30,188769184,2776,Sweta Securities Private Limited,Agrawal Securities (PVT) Ltd.,2026-04-30 14:46:31.887630,Radhi Bidyut Company Ltd
2026043004013535,RADHI,8,6,30,748.0,22440.0,2026-04-30,188769185,2776,Brilliant Securities Pvt. Ltd.,Agrawal Securities (PVT) Ltd.,2026-04-30 14:46:31.887871,Radhi Bidyut Company Ltd
2026043004013546,RADHI,8,56,57,748.0,42636.0,2026-04-30,188769358,2776,Brilliant Securities Pvt. Ltd.,Sri Hari Securities Pvt. Ltd.,2026-04-30 14:46:42.603492,Radhi Bidyut Company Ltd
2026043004013547,RADHI,42,56,30,747.2,22416.0,2026-04-30,188769360,2776,Sani Securities Company Ltd.,Sri Hari Securities Pvt. Ltd.,2026-04-30 14:46:42.603699,Radhi Bidyut Company Ltd
2026043004013548,RADHI,42,56,30,747.0,22410.0,2026-04-30,188769362,2776,Sani Securities Company Ltd.,Sri Hari Securities Pvt. Ltd.,2026-04-30 14:46:42.603787,Radhi Bidyut Company Ltd
2026043004013549,RADHI,26,56,200,745.0,149000.0,2026-04-30,188769364,2776,Asian Securities Private Ltd.,Sri Hari Securities Pvt. Ltd.,2026-04-30 14:46:42.603863,Radhi Bidyut Company Ltd
2026043004013550,RADHI,34,56,60,745.0,44700.0,2026-04-30,188769365,2776,Vision Securities Pvt. Ltd,Sri Hari Securities Pvt. Ltd.,2026-04-30 14:46:42.603933,Radhi Bidyut Company Ltd
2026043004013564,RADHI,25,38,15,749.0,11235.0,2026-04-30,188769480,2776,Sweta Securities Private Limited,Dipshikha Dhitopatra Karobar Co. Pvt Ltd.,2026-04-30 14:46:56.464927,Radhi Bidyut Company Ltd
2026043004013687,RADHI,4,94,15,748.8,11232.0,2026-04-30,188770506,2776,Opal Securities Investment (PVT) Ltd.,K.B.L. Securities Limited ,2026-04-30 14:48:25.065244,Radhi Bidyut Company Ltd
2026043004013907,RADHI,5,38,385,748.0,287980.0,2026-04-30,188772734,2776,Market Securities & Exchange (PVT) Ltd.,Dipshikha Dhitopatra Karobar Co. Pvt Ltd.,2026-04-30 14:51:18.712450,Radhi Bidyut Company Ltd
2026043004013975,RADHI,65,62,100,745.1,74510.0,2026-04-30,188773326,2776,Sharepro Securities Private Limited,Capital Max Securities Ltd,2026-04-30 14:52:07.633127,Radhi Bidyut Company Ltd
2026043004013976,RADHI,34,62,40,745.0,29800.0,2026-04-30,188773328,2776,Vision Securities Pvt. Ltd,Capital Max Securities Ltd,2026-04-30 14:52:07.633346,Radhi Bidyut Company Ltd
2026043004013977,RADHI,58,62,300,745.0,223500.0,2026-04-30,188773330,2776,Naasa Securities Co. Ltd.,Capital Max Securities Ltd,2026-04-30 14:52:07.633412,Radhi Bidyut Company Ltd
2026043004013978,RADHI,66,62,100,745.0,74500.0,2026-04-30,188773332,2776,Miyo Securities Pvt Ltd,Capital Max Securities Ltd,2026-04-30 14:52:07.633480,Radhi Bidyut Company Ltd
2026043004013979,RADHI,42,62,100,745.0,74500.0,2026-04-30,188773334,2776,Sani Securities Company Ltd.,Capital Max Securities Ltd,2026-04-30 14:52:07.633548,Radhi Bidyut Company Ltd
2026043004013980,RADHI,17,62,360,745.0,268200.0,2026-04-30,188773335,2776,ABC Securities Private Limited,Capital Max Securities Ltd,2026-04-30 14:52:07.633615,Radhi Bidyut Company Ltd
2026043004014014,RADHI,17,94,100,748.8,74880.0,2026-04-30,188773616,2776,ABC Securities Private Limited,K.B.L. Securities Limited ,2026-04-30 14:52:26.662445,Radhi Bidyut Company Ltd
2026043004014078,RADHI,81,1,50,748.5,37425.0,2026-04-30,188774288,2776,Aakashbhairab Securities Ltd.,Kumari Securities Private Limited,2026-04-30 14:53:06.615648,Radhi Bidyut Company Ltd
2026043004014400,RADHI,45,45,4,740.0,2960.0,2026-04-30,188777433,2776,Imperial Securities Company Pvt. Ltd.,Imperial Securities Company Pvt. Ltd.,2026-04-30 14:56:01.685839,Radhi Bidyut Company Ltd
2026043004014407,RADHI,17,84,10,746.0,7460.0,2026-04-30,188777516,2776,ABC Securities Private Limited,MILKY WAY SHARE BROKER COMPANY LTD ,2026-04-30 14:56:06.045895,Radhi Bidyut Company Ltd
2026043004014408,RADHI,95,84,200,745.2,149040.0,2026-04-30,188777518,2776,Magnet Securities and Investment Company Private Limited,MILKY WAY SHARE BROKER COMPANY LTD ,2026-04-30 14:56:06.046088,Radhi Bidyut Company Ltd
2026043004014409,RADHI,5,84,200,745.1,149020.0,2026-04-30,188777520,2776,Market Securities & Exchange (PVT) Ltd.,MILKY WAY SHARE BROKER COMPANY LTD ,2026-04-30 14:56:06.046205,Radhi Bidyut Company Ltd
2026043004014410,RADHI,17,84,140,745.0,104300.0,2026-04-30,188777522,2776,ABC Securities Private Limited,MILKY WAY SHARE BROKER COMPANY LTD ,2026-04-30 14:56:06.046276,Radhi Bidyut Company Ltd
2026043004014411,RADHI,21,84,125,745.0,93125.0,2026-04-30,188777524,2776,Midas Stock Broking Company Private Limited,MILKY WAY SHARE BROKER COMPANY LTD ,2026-04-30 14:56:06.046354,Radhi Bidyut Company Ltd
2026043004014412,RADHI,58,84,325,744.0,241800.0,2026-04-30,188777525,2776,Naasa Securities Co. Ltd.,MILKY WAY SHARE BROKER COMPANY LTD ,2026-04-30 14:56:06.046423,Radhi Bidyut Company Ltd
2026043004014504,RADHI,34,19,130,748.7,97331.0,2026-04-30,188778458,2776,Vision Securities Pvt. Ltd,Nepal Investment And Securities Trading Private Limited,2026-04-30 14:56:45.492906,Radhi Bidyut Company Ltd
2026043004014972,RADHI,42,94,11,748.0,8228.0,2026-04-30,188782441,2776,Sani Securities Company Ltd.,K.B.L. Securities Limited ,2026-04-30 14:59:01.205581,Radhi Bidyut Company Ltd
2026043004015000,RADHI,58,45,21,748.5,15718.5,2026-04-30,188782633,2776,Naasa Securities Co. Ltd.,Imperial Securities Company Pvt. Ltd.,2026-04-30 14:59:08.549463,Radhi Bidyut Company Ltd
2026043004015001,RADHI,58,21,500,748.6,374300.0,2026-04-30,188782635,2776,Naasa Securities Co. Ltd.,Midas Stock Broking Company Private Limited,2026-04-30 14:59:08.549495,Radhi Bidyut Company Ltd
2026043004015002,RADHI,58,19,70,748.7,52409.0,2026-04-30,188782637,2776,Naasa Securities Co. Ltd.,Nepal Investment And Securities Trading Private Limited,2026-04-30 14:59:08.549522,Radhi Bidyut Company Ltd
2026043004015003,RADHI,58,26,25,748.8,18720.0,2026-04-30,188782639,2776,Naasa Securities Co. Ltd.,Asian Securities Private Ltd.,2026-04-30 14:59:08.549558,Radhi Bidyut Company Ltd
2026043004015004,RADHI,58,50,884,749.7,662734.8,2026-04-30,188782642,2776,Naasa Securities Co. Ltd.,Cristal Kanchanjanga Securites Pvt. Ltd.,2026-04-30 14:59:08.549585,Radhi Bidyut Company Ltd
2026043004015149,RADHI,29,50,1549,749.7,1161285.3,2026-04-30,188783898,2776,Trisul Securities & Invt. Ltd.,Cristal Kanchanjanga Securites Pvt. Ltd.,2026-04-30 14:59:27.357795,Radhi Bidyut Company Ltd
2026043004015150,RADHI,29,67,2247,749.8,1684800.6,2026-04-30,188783900,2776,Trisul Securities & Invt. Ltd.,Property Wiard Limited,2026-04-30 14:59:27.358000,Radhi Bidyut Company Ltd
2026043004015151,RADHI,29,81,100,750.0,75000.0,2026-04-30,188783902,2776,Trisul Securities & Invt. Ltd.,Aakashbhairab Securities Ltd.,2026-04-30 14:59:27.358087,Radhi Bidyut Company Ltd
2026043004015152,RADHI,29,41,115,750.0,86250.0,2026-04-30,188783836,2776,Trisul Securities & Invt. Ltd.,Linch Stock Market Ltd.,2026-04-30 14:59:27.358158,Radhi Bidyut Company Ltd
2026043004015153,RADHI,29,41,150,750.0,112500.0,2026-04-30,188783838,2776,Trisul Securities & Invt. Ltd.,Linch Stock Market Ltd.,2026-04-30 14:59:27.358244,Radhi Bidyut Company Ltd
2026043004015312,RADHI,34,48,100,753.0,75300.0,2026-04-30,188785264,2776,Vision Securities Pvt. Ltd,Trishakti Securities Public Limited,2026-04-30 14:59:49.270870,Radhi Bidyut Company Ltd
2026043004015313,RADHI,34,34,100,753.0,75300.0,2026-04-30,188785266,2776,Vision Securities Pvt. Ltd,Vision Securities Pvt. Ltd,2026-04-30 14:59:49.271024,Radhi Bidyut Company Ltd
2026043004015392,RADHI,81,18,500,754.0,377000.0,2026-04-30,188786389,2776,Aakashbhairab Securities Ltd.,Sagarmatha Securities Private Limited,2026-04-30 14:59:57.846191,Radhi Bidyut Company Ltd
2026043004015439,RADHI,81,48,150,754.0,113100.0,2026-04-30,188786620,2776,Aakashbhairab Securities Ltd.,Trishakti Securities Public Limited,2026-04-30 14:59:59.282284,Radhi Bidyut Company Ltd
