contractId,stockSymbol,buyerMemberId,sellerMemberId,quantity,rate,amount,businessDate,tradeBookId,stockId,buyerBrokerName,sellerBrokerName,transaction_time,securityName
2026043004000240,RHPL,58,33,370,275.2,101824.0,2026-04-30,188628428,2841,Naasa Securities Co. Ltd.,Dakshinkali Investment & Securities Pvt. Ltd.,2026-04-30 11:03:54.865680,RASUWAGADHI HYDROPOWER COMPANY LIMITED
2026043004000241,RHPL,42,33,3000,275.0,825000.0,2026-04-30,188628430,2841,Sani Securities Company Ltd.,Dakshinkali Investment & Securities Pvt. Ltd.,2026-04-30 11:03:54.865804,RASUWAGADHI HYDROPOWER COMPANY LIMITED
2026043004000657,RHPL,65,40,100,274.1,27410.0,2026-04-30,188632611,2841,Sharepro Securities Private Limited,Creative Securities Pvt Ltd,2026-04-30 11:09:57.162322,RASUWAGADHI HYDROPOWER COMPANY LIMITED
2026043004000925,RHPL,42,66,200,274.0,54800.0,2026-04-30,188635222,2841,Sani Securities Company Ltd.,Miyo Securities Pvt Ltd,2026-04-30 11:13:11.674439,RASUWAGADHI HYDROPOWER COMPANY LIMITED
2026043004001052,RHPL,29,52,10,272.9,2729.0,2026-04-30,188636480,2841,Trisul Securities & Invt. Ltd.,Sundhara Securities Limited,2026-04-30 11:14:25.450931,RASUWAGADHI HYDROPOWER COMPANY LIMITED
2026043004001458,RHPL,29,38,10,272.5,2725.0,2026-04-30,188641144,2841,Trisul Securities & Invt. Ltd.,Dipshikha Dhitopatra Karobar Co. Pvt Ltd.,2026-04-30 11:19:27.594463,RASUWAGADHI HYDROPOWER COMPANY LIMITED
2026043004001551,RHPL,29,38,10,272.5,2725.0,2026-04-30,188641740,2841,Trisul Securities & Invt. Ltd.,Dipshikha Dhitopatra Karobar Co. Pvt Ltd.,2026-04-30 11:20:12.239459,RASUWAGADHI HYDROPOWER COMPANY LIMITED
2026043004001620,RHPL,29,45,10,272.3,2723.0,2026-04-30,188642792,2841,Trisul Securities & Invt. Ltd.,Imperial Securities Company Pvt. Ltd.,2026-04-30 11:21:12.199327,RASUWAGADHI HYDROPOWER COMPANY LIMITED
2026043004001621,RHPL,34,45,100,272.2,27220.0,2026-04-30,188642794,2841,Vision Securities Pvt. Ltd,Imperial Securities Company Pvt. Ltd.,2026-04-30 11:21:12.199390,RASUWAGADHI HYDROPOWER COMPANY LIMITED
2026043004001622,RHPL,26,45,190,272.1,51699.0,2026-04-30,188642795,2841,Asian Securities Private Ltd.,Imperial Securities Company Pvt. Ltd.,2026-04-30 11:21:12.199424,RASUWAGADHI HYDROPOWER COMPANY LIMITED
2026043004001739,RHPL,26,99,10,272.1,2721.0,2026-04-30,188643927,2841,Asian Securities Private Ltd.,Prabhu Stock Market Limited,2026-04-30 11:22:20.315758,RASUWAGADHI HYDROPOWER COMPANY LIMITED
2026043004001966,RHPL,29,49,10,271.1,2711.0,2026-04-30,188645844,2841,Trisul Securities & Invt. Ltd.,Online Securities Pvt. Ltd.,2026-04-30 11:24:07.783417,RASUWAGADHI HYDROPOWER COMPANY LIMITED
2026043004001967,RHPL,47,49,10,271.1,2711.0,2026-04-30,188645845,2841,Neev Securities Pvt. Ltd.,Online Securities Pvt. Ltd.,2026-04-30 11:24:07.783511,RASUWAGADHI HYDROPOWER COMPANY LIMITED
2026043004002351,RHPL,42,62,100,271.3,27130.0,2026-04-30,188650307,2841,Sani Securities Company Ltd.,Capital Max Securities Ltd,2026-04-30 11:29:01.154317,RASUWAGADHI HYDROPOWER COMPANY LIMITED
2026043004002407,RHPL,17,38,50,272.5,13625.0,2026-04-30,188651050,2841,ABC Securities Private Limited,Dipshikha Dhitopatra Karobar Co. Pvt Ltd.,2026-04-30 11:29:50.636356,RASUWAGADHI HYDROPOWER COMPANY LIMITED
2026043004002494,RHPL,58,52,30,272.9,8187.0,2026-04-30,188651764,2841,Naasa Securities Co. Ltd.,Sundhara Securities Limited,2026-04-30 11:30:47.567680,RASUWAGADHI HYDROPOWER COMPANY LIMITED
2026043004002518,RHPL,58,49,700,275.0,192500.0,2026-04-30,188652065,2841,Naasa Securities Co. Ltd.,Online Securities Pvt. Ltd.,2026-04-30 11:31:10.763636,RASUWAGADHI HYDROPOWER COMPANY LIMITED
2026043004002519,RHPL,58,35,250,275.0,68750.0,2026-04-30,188652068,2841,Naasa Securities Co. Ltd.,Kohinoor Investment & Securities Pvt. Ltd.,2026-04-30 11:31:10.763810,RASUWAGADHI HYDROPOWER COMPANY LIMITED
2026043004002698,RHPL,42,35,20,275.0,5500.0,2026-04-30,188653624,2841,Sani Securities Company Ltd.,Kohinoor Investment & Securities Pvt. Ltd.,2026-04-30 11:33:08.255583,RASUWAGADHI HYDROPOWER COMPANY LIMITED
2026043004002699,RHPL,49,35,10,275.0,2750.0,2026-04-30,188653637,2841,Online Securities Pvt. Ltd.,Kohinoor Investment & Securities Pvt. Ltd.,2026-04-30 11:33:10.936279,RASUWAGADHI HYDROPOWER COMPANY LIMITED
2026043004002700,RHPL,49,35,40,275.0,11000.0,2026-04-30,188653639,2841,Online Securities Pvt. Ltd.,Kohinoor Investment & Securities Pvt. Ltd.,2026-04-30 11:33:10.936385,RASUWAGADHI HYDROPOWER COMPANY LIMITED
2026043004002872,RHPL,58,66,100,274.0,27400.0,2026-04-30,188655517,2841,Naasa Securities Co. Ltd.,Miyo Securities Pvt Ltd,2026-04-30 11:35:52.743885,RASUWAGADHI HYDROPOWER COMPANY LIMITED
2026043004003111,RHPL,51,38,56,274.1,15349.6,2026-04-30,188657435,2841,Oxford Securities Pvt. Ltd.,Dipshikha Dhitopatra Karobar Co. Pvt Ltd.,2026-04-30 11:38:27.947551,RASUWAGADHI HYDROPOWER COMPANY LIMITED
2026043004003149,RHPL,22,57,100,275.0,27500.0,2026-04-30,188657694,2841,Siprabi Securities Pvt. Ltd.,Aryatara Investment & Securities,2026-04-30 11:39:03.498561,RASUWAGADHI HYDROPOWER COMPANY LIMITED
2026043004003514,RHPL,51,74,290,274.1,79489.0,2026-04-30,188661409,2841,Oxford Securities Pvt. Ltd.,KALASH STOCK MARKET PVT. LTD.,2026-04-30 11:44:31.120979,RASUWAGADHI HYDROPOWER COMPANY LIMITED
2026043004003522,RHPL,51,33,54,274.1,14801.4,2026-04-30,188661528,2841,Oxford Securities Pvt. Ltd.,Dakshinkali Investment & Securities Pvt. Ltd.,2026-04-30 11:44:42.860958,RASUWAGADHI HYDROPOWER COMPANY LIMITED
2026043004003523,RHPL,94,33,2000,274.0,548000.0,2026-04-30,188661530,2841,K.B.L. Securities Limited ,Dakshinkali Investment & Securities Pvt. Ltd.,2026-04-30 11:44:42.861148,RASUWAGADHI HYDROPOWER COMPANY LIMITED
2026043004003524,RHPL,36,33,100,274.0,27400.0,2026-04-30,188661532,2841,Secured Securities Ltd.,Dakshinkali Investment & Securities Pvt. Ltd.,2026-04-30 11:44:42.861260,RASUWAGADHI HYDROPOWER COMPANY LIMITED
2026043004003971,RHPL,29,11,10,272.2,2722.0,2026-04-30,188665814,2841,Trisul Securities & Invt. Ltd.,Malla & Malla Stock Broking Company Pvt. Limited,2026-04-30 11:50:09.993465,RASUWAGADHI HYDROPOWER COMPANY LIMITED
2026043004003972,RHPL,19,11,40,272.1,10884.0,2026-04-30,188665815,2841,Nepal Investment And Securities Trading Private Limited,Malla & Malla Stock Broking Company Pvt. Limited,2026-04-30 11:50:09.993678,RASUWAGADHI HYDROPOWER COMPANY LIMITED
2026043004004004,RHPL,19,49,60,272.1,16326.0,2026-04-30,188666212,2841,Nepal Investment And Securities Trading Private Limited,Online Securities Pvt. Ltd.,2026-04-30 11:50:50.813820,RASUWAGADHI HYDROPOWER COMPANY LIMITED
2026043004004005,RHPL,51,49,240,272.1,65304.0,2026-04-30,188666213,2841,Oxford Securities Pvt. Ltd.,Online Securities Pvt. Ltd.,2026-04-30 11:50:50.813958,RASUWAGADHI HYDROPOWER COMPANY LIMITED
2026043004004176,RHPL,49,22,50,272.5,13625.0,2026-04-30,188668364,2841,Online Securities Pvt. Ltd.,Siprabi Securities Pvt. Ltd.,2026-04-30 11:53:42.322062,RASUWAGADHI HYDROPOWER COMPANY LIMITED
2026043004004673,RHPL,35,22,10,272.5,2725.0,2026-04-30,188671790,2841,Kohinoor Investment & Securities Pvt. Ltd.,Siprabi Securities Pvt. Ltd.,2026-04-30 11:58:22.385149,RASUWAGADHI HYDROPOWER COMPANY LIMITED
2026043004004967,RHPL,49,14,80,273.1,21848.0,2026-04-30,188674875,2841,Online Securities Pvt. Ltd.,Nepal Stock House (PVT) Ltd.,2026-04-30 12:03:28.839528,RASUWAGADHI HYDROPOWER COMPANY LIMITED
2026043004005344,RHPL,42,17,300,273.2,81960.0,2026-04-30,188679460,2841,Sani Securities Company Ltd.,ABC Securities Private Limited,2026-04-30 12:10:40.076238,RASUWAGADHI HYDROPOWER COMPANY LIMITED
2026043004005345,RHPL,51,17,360,273.1,98316.0,2026-04-30,188679462,2841,Oxford Securities Pvt. Ltd.,ABC Securities Private Limited,2026-04-30 12:10:40.076392,RASUWAGADHI HYDROPOWER COMPANY LIMITED
2026043004005346,RHPL,58,17,100,273.0,27300.0,2026-04-30,188679464,2841,Naasa Securities Co. Ltd.,ABC Securities Private Limited,2026-04-30 12:10:40.076454,RASUWAGADHI HYDROPOWER COMPANY LIMITED
2026043004005347,RHPL,94,17,1240,273.0,338520.0,2026-04-30,188679465,2841,K.B.L. Securities Limited ,ABC Securities Private Limited,2026-04-30 12:10:40.076502,RASUWAGADHI HYDROPOWER COMPANY LIMITED
2026043004006238,RHPL,25,42,20,273.1,5462.0,2026-04-30,188686820,2841,Sweta Securities Private Limited,Sani Securities Company Ltd.,2026-04-30 12:21:44.594168,RASUWAGADHI HYDROPOWER COMPANY LIMITED
2026043004006239,RHPL,49,42,120,273.1,32772.0,2026-04-30,188686822,2841,Online Securities Pvt. Ltd.,Sani Securities Company Ltd.,2026-04-30 12:21:44.594453,RASUWAGADHI HYDROPOWER COMPANY LIMITED
2026043004006240,RHPL,47,42,60,273.1,16386.0,2026-04-30,188686823,2841,Neev Securities Pvt. Ltd.,Sani Securities Company Ltd.,2026-04-30 12:21:44.594598,RASUWAGADHI HYDROPOWER COMPANY LIMITED
2026043004006242,RHPL,47,32,40,273.1,10924.0,2026-04-30,188686835,2841,Neev Securities Pvt. Ltd.,Premier Securities Company Ltd.,2026-04-30 12:21:46.960198,RASUWAGADHI HYDROPOWER COMPANY LIMITED
2026043004006413,RHPL,5,40,20,274.5,5490.0,2026-04-30,188688716,2841,Market Securities & Exchange (PVT) Ltd.,Creative Securities Pvt Ltd,2026-04-30 12:25:14.302666,RASUWAGADHI HYDROPOWER COMPANY LIMITED
2026043004006778,RHPL,49,40,380,274.5,104310.0,2026-04-30,188693082,2841,Online Securities Pvt. Ltd.,Creative Securities Pvt Ltd,2026-04-30 12:33:03.503035,RASUWAGADHI HYDROPOWER COMPANY LIMITED
2026043004006850,RHPL,35,33,100,275.0,27500.0,2026-04-30,188693570,2841,Kohinoor Investment & Securities Pvt. Ltd.,Dakshinkali Investment & Securities Pvt. Ltd.,2026-04-30 12:34:10.924178,RASUWAGADHI HYDROPOWER COMPANY LIMITED
2026043004007055,RHPL,58,62,80,273.5,21880.0,2026-04-30,188695675,2841,Naasa Securities Co. Ltd.,Capital Max Securities Ltd,2026-04-30 12:38:24.014581,RASUWAGADHI HYDROPOWER COMPANY LIMITED
2026043004007071,RHPL,58,14,20,273.5,5470.0,2026-04-30,188695874,2841,Naasa Securities Co. Ltd.,Nepal Stock House (PVT) Ltd.,2026-04-30 12:38:50.230179,RASUWAGADHI HYDROPOWER COMPANY LIMITED
2026043004007072,RHPL,45,14,30,273.5,8205.0,2026-04-30,188695875,2841,Imperial Securities Company Pvt. Ltd.,Nepal Stock House (PVT) Ltd.,2026-04-30 12:38:50.230443,RASUWAGADHI HYDROPOWER COMPANY LIMITED
2026043004007147,RHPL,59,33,386,275.0,106150.0,2026-04-30,188696773,2841,Deevyaa Securities & Stock House Pvt. Ltd,Dakshinkali Investment & Securities Pvt. Ltd.,2026-04-30 12:40:56.380979,RASUWAGADHI HYDROPOWER COMPANY LIMITED
2026043004007148,RHPL,59,57,100,275.0,27500.0,2026-04-30,188696775,2841,Deevyaa Securities & Stock House Pvt. Ltd,Aryatara Investment & Securities,2026-04-30 12:40:56.381224,RASUWAGADHI HYDROPOWER COMPANY LIMITED
2026043004007150,RHPL,59,42,70,275.0,19250.0,2026-04-30,188696783,2841,Deevyaa Securities & Stock House Pvt. Ltd,Sani Securities Company Ltd.,2026-04-30 12:40:58.775303,RASUWAGADHI HYDROPOWER COMPANY LIMITED
2026043004007281,RHPL,59,49,320,275.0,88000.0,2026-04-30,188698447,2841,Deevyaa Securities & Stock House Pvt. Ltd,Online Securities Pvt. Ltd.,2026-04-30 12:43:51.915478,RASUWAGADHI HYDROPOWER COMPANY LIMITED
2026043004007311,RHPL,44,52,800,275.8,220640.0,2026-04-30,188698970,2841,Dynamic Money Managers Securities Pvt. Ltd.,Sundhara Securities Limited,2026-04-30 12:44:28.011939,RASUWAGADHI HYDROPOWER COMPANY LIMITED
2026043004007581,RHPL,58,21,30,275.1,8253.0,2026-04-30,188703352,2841,Naasa Securities Co. Ltd.,Midas Stock Broking Company Private Limited,2026-04-30 12:53:22.150823,RASUWAGADHI HYDROPOWER COMPANY LIMITED
2026043004007591,RHPL,59,21,40,275.0,11000.0,2026-04-30,188703557,2841,Deevyaa Securities & Stock House Pvt. Ltd,Midas Stock Broking Company Private Limited,2026-04-30 12:53:47.943369,RASUWAGADHI HYDROPOWER COMPANY LIMITED
2026043004007753,RHPL,59,7,40,275.0,11000.0,2026-04-30,188706115,2841,Deevyaa Securities & Stock House Pvt. Ltd,J.F. Securites (PVT) Ltd.,2026-04-30 12:57:50.929740,RASUWAGADHI HYDROPOWER COMPANY LIMITED
2026043004007783,RHPL,17,52,500,275.8,137900.0,2026-04-30,188707114,2841,ABC Securities Private Limited,Sundhara Securities Limited,2026-04-30 12:58:26.847539,RASUWAGADHI HYDROPOWER COMPANY LIMITED
2026043004007802,RHPL,92,52,300,275.8,82740.0,2026-04-30,188707379,2841,Roadshow securities limited,Sundhara Securities Limited,2026-04-30 12:58:45.042451,RASUWAGADHI HYDROPOWER COMPANY LIMITED
2026043004007803,RHPL,92,51,20,275.8,5516.0,2026-04-30,188707397,2841,Roadshow securities limited,Oxford Securities Pvt. Ltd.,2026-04-30 12:58:47.292870,RASUWAGADHI HYDROPOWER COMPANY LIMITED
2026043004007837,RHPL,25,13,10,275.9,2759.0,2026-04-30,188707992,2841,Sweta Securities Private Limited,Thrive Brokerage House Pvt. Ltd,2026-04-30 12:59:27.500603,RASUWAGADHI HYDROPOWER COMPANY LIMITED
2026043004007960,RHPL,45,49,40,276.0,11040.0,2026-04-30,188709377,2841,Imperial Securities Company Pvt. Ltd.,Online Securities Pvt. Ltd.,2026-04-30 13:01:38.454029,RASUWAGADHI HYDROPOWER COMPANY LIMITED
2026043004007961,RHPL,45,56,948,276.9,262501.2,2026-04-30,188709379,2841,Imperial Securities Company Pvt. Ltd.,Sri Hari Securities Pvt. Ltd.,2026-04-30 13:01:38.454369,RASUWAGADHI HYDROPOWER COMPANY LIMITED
2026043004007962,RHPL,45,58,12,277.0,3324.0,2026-04-30,188709382,2841,Imperial Securities Company Pvt. Ltd.,Naasa Securities Co. Ltd.,2026-04-30 13:01:38.454548,RASUWAGADHI HYDROPOWER COMPANY LIMITED
2026043004008293,RHPL,92,38,70,275.8,19306.0,2026-04-30,188713969,2841,Roadshow securities limited,Dipshikha Dhitopatra Karobar Co. Pvt Ltd.,2026-04-30 13:06:41.449029,RASUWAGADHI HYDROPOWER COMPANY LIMITED
2026043004008678,RHPL,21,89,10,275.9,2759.0,2026-04-30,188718839,2841,Midas Stock Broking Company Private Limited,Global IME Securities Limited,2026-04-30 13:12:12.841426,RASUWAGADHI HYDROPOWER COMPANY LIMITED
2026043004008787,RHPL,21,89,10,275.9,2759.0,2026-04-30,188719995,2841,Midas Stock Broking Company Private Limited,Global IME Securities Limited,2026-04-30 13:13:34.735261,RASUWAGADHI HYDROPOWER COMPANY LIMITED
2026043004009181,RHPL,49,28,25,276.0,6900.0,2026-04-30,188723822,2841,Online Securities Pvt. Ltd.,Shree Krishna Securities Ltd.,2026-04-30 13:18:58.087939,RASUWAGADHI HYDROPOWER COMPANY LIMITED
2026043004009344,RHPL,17,28,50,276.0,13800.0,2026-04-30,188725144,2841,ABC Securities Private Limited,Shree Krishna Securities Ltd.,2026-04-30 13:20:06.066555,RASUWAGADHI HYDROPOWER COMPANY LIMITED
2026043004009363,RHPL,21,7,50,275.9,13795.0,2026-04-30,188725217,2841,Midas Stock Broking Company Private Limited,J.F. Securites (PVT) Ltd.,2026-04-30 13:20:09.020469,RASUWAGADHI HYDROPOWER COMPANY LIMITED
2026043004009779,RHPL,21,52,30,275.9,8277.0,2026-04-30,188729042,2841,Midas Stock Broking Company Private Limited,Sundhara Securities Limited,2026-04-30 13:24:56.644982,RASUWAGADHI HYDROPOWER COMPANY LIMITED
2026043004009780,RHPL,57,52,40,275.9,11036.0,2026-04-30,188729043,2841,Aryatara Investment & Securities,Sundhara Securities Limited,2026-04-30 13:24:56.645279,RASUWAGADHI HYDROPOWER COMPANY LIMITED
2026043004009787,RHPL,57,1,198,275.9,54628.2,2026-04-30,188729135,2841,Aryatara Investment & Securities,Kumari Securities Private Limited,2026-04-30 13:25:09.529408,RASUWAGADHI HYDROPOWER COMPANY LIMITED
2026043004009845,RHPL,57,58,262,275.9,72285.8,2026-04-30,188729760,2841,Aryatara Investment & Securities,Naasa Securities Co. Ltd.,2026-04-30 13:26:46.286180,RASUWAGADHI HYDROPOWER COMPANY LIMITED
2026043004009849,RHPL,25,1,100,275.9,27590.0,2026-04-30,188729792,2841,Sweta Securities Private Limited,Kumari Securities Private Limited,2026-04-30 13:26:53.965274,RASUWAGADHI HYDROPOWER COMPANY LIMITED
2026043004009857,RHPL,92,89,20,275.8,5516.0,2026-04-30,188729881,2841,Roadshow securities limited,Global IME Securities Limited,2026-04-30 13:27:02.044893,RASUWAGADHI HYDROPOWER COMPANY LIMITED
2026043004009885,RHPL,29,89,20,276.0,5520.0,2026-04-30,188730093,2841,Trisul Securities & Invt. Ltd.,Global IME Securities Limited,2026-04-30 13:27:40.770483,RASUWAGADHI HYDROPOWER COMPANY LIMITED
2026043004009898,RHPL,29,89,60,276.0,16560.0,2026-04-30,188730313,2841,Trisul Securities & Invt. Ltd.,Global IME Securities Limited,2026-04-30 13:28:09.097083,RASUWAGADHI HYDROPOWER COMPANY LIMITED
2026043004009911,RHPL,92,6,70,275.8,19306.0,2026-04-30,188730511,2841,Roadshow securities limited,Agrawal Securities (PVT) Ltd.,2026-04-30 13:28:38.347711,RASUWAGADHI HYDROPOWER COMPANY LIMITED
2026043004009984,RHPL,92,10,20,275.8,5516.0,2026-04-30,188731146,2841,Roadshow securities limited,Pragyan Securities (PVT) Ltd.,2026-04-30 13:30:26.396120,RASUWAGADHI HYDROPOWER COMPANY LIMITED
2026043004009985,RHPL,26,10,480,275.8,132384.0,2026-04-30,188731147,2841,Asian Securities Private Ltd.,Pragyan Securities (PVT) Ltd.,2026-04-30 13:30:26.396409,RASUWAGADHI HYDROPOWER COMPANY LIMITED
2026043004010330,RHPL,26,25,20,275.8,5516.0,2026-04-30,188735752,2841,Asian Securities Private Ltd.,Sweta Securities Private Limited,2026-04-30 13:42:36.990324,RASUWAGADHI HYDROPOWER COMPANY LIMITED
2026043004010353,RHPL,58,35,200,275.1,55020.0,2026-04-30,188736217,2841,Naasa Securities Co. Ltd.,Kohinoor Investment & Securities Pvt. Ltd.,2026-04-30 13:44:02.924457,RASUWAGADHI HYDROPOWER COMPANY LIMITED
2026043004010371,RHPL,58,48,50,275.1,13755.0,2026-04-30,188736487,2841,Naasa Securities Co. Ltd.,Trishakti Securities Public Limited,2026-04-30 13:44:47.425569,RASUWAGADHI HYDROPOWER COMPANY LIMITED
2026043004010500,RHPL,58,25,20,275.8,5516.0,2026-04-30,188737400,2841,Naasa Securities Co. Ltd.,Sweta Securities Private Limited,2026-04-30 13:46:55.906932,RASUWAGADHI HYDROPOWER COMPANY LIMITED
2026043004010554,RHPL,14,25,30,275.8,8274.0,2026-04-30,188738095,2841,Nepal Stock House (PVT) Ltd.,Sweta Securities Private Limited,2026-04-30 13:48:41.555545,RASUWAGADHI HYDROPOWER COMPANY LIMITED
2026043004010555,RHPL,14,17,10,275.8,2758.0,2026-04-30,188738097,2841,Nepal Stock House (PVT) Ltd.,ABC Securities Private Limited,2026-04-30 13:48:41.555777,RASUWAGADHI HYDROPOWER COMPANY LIMITED
2026043004010570,RHPL,14,58,80,275.8,22064.0,2026-04-30,188738375,2841,Nepal Stock House (PVT) Ltd.,Naasa Securities Co. Ltd.,2026-04-30 13:49:34.136855,RASUWAGADHI HYDROPOWER COMPANY LIMITED
2026043004010779,RHPL,1,89,20,276.8,5536.0,2026-04-30,188741147,2841,Kumari Securities Private Limited,Global IME Securities Limited,2026-04-30 13:55:20.943067,RASUWAGADHI HYDROPOWER COMPANY LIMITED
2026043004010780,RHPL,1,38,80,276.8,22144.0,2026-04-30,188741149,2841,Kumari Securities Private Limited,Dipshikha Dhitopatra Karobar Co. Pvt Ltd.,2026-04-30 13:55:20.943407,RASUWAGADHI HYDROPOWER COMPANY LIMITED
2026043004010781,RHPL,1,89,10,276.9,2769.0,2026-04-30,188741151,2841,Kumari Securities Private Limited,Global IME Securities Limited,2026-04-30 13:55:20.943627,RASUWAGADHI HYDROPOWER COMPANY LIMITED
2026043004010782,RHPL,1,1,190,276.9,52611.0,2026-04-30,188741154,2841,Kumari Securities Private Limited,Kumari Securities Private Limited,2026-04-30 13:55:20.943812,RASUWAGADHI HYDROPOWER COMPANY LIMITED
2026043004010788,RHPL,1,49,10,275.9,2759.0,2026-04-30,188741219,2841,Kumari Securities Private Limited,Online Securities Pvt. Ltd.,2026-04-30 13:55:33.117397,RASUWAGADHI HYDROPOWER COMPANY LIMITED
2026043004010923,RHPL,22,45,20,276.0,5520.0,2026-04-30,188743277,2841,Siprabi Securities Pvt. Ltd.,Imperial Securities Company Pvt. Ltd.,2026-04-30 14:00:51.819407,RASUWAGADHI HYDROPOWER COMPANY LIMITED
2026043004010924,RHPL,22,28,5,276.0,1380.0,2026-04-30,188743279,2841,Siprabi Securities Pvt. Ltd.,Shree Krishna Securities Ltd.,2026-04-30 14:00:51.819698,RASUWAGADHI HYDROPOWER COMPANY LIMITED
2026043004011043,RHPL,22,89,25,276.0,6900.0,2026-04-30,188744343,2841,Siprabi Securities Pvt. Ltd.,Global IME Securities Limited,2026-04-30 14:03:04.419307,RASUWAGADHI HYDROPOWER COMPANY LIMITED
2026043004011374,RHPL,1,89,90,275.9,24831.0,2026-04-30,188747776,2841,Kumari Securities Private Limited,Global IME Securities Limited,2026-04-30 14:11:13.305197,RASUWAGADHI HYDROPOWER COMPANY LIMITED
2026043004011375,RHPL,34,89,100,275.9,27590.0,2026-04-30,188747778,2841,Vision Securities Pvt. Ltd,Global IME Securities Limited,2026-04-30 14:11:13.305404,RASUWAGADHI HYDROPOWER COMPANY LIMITED
2026043004011376,RHPL,38,89,135,275.9,37246.5,2026-04-30,188747779,2841,Dipshikha Dhitopatra Karobar Co. Pvt Ltd.,Global IME Securities Limited,2026-04-30 14:11:13.305498,RASUWAGADHI HYDROPOWER COMPANY LIMITED
2026043004011383,RHPL,38,74,15,275.9,4138.5,2026-04-30,188747826,2841,Dipshikha Dhitopatra Karobar Co. Pvt Ltd.,KALASH STOCK MARKET PVT. LTD.,2026-04-30 14:11:20.721237,RASUWAGADHI HYDROPOWER COMPANY LIMITED
2026043004011384,RHPL,14,74,880,275.8,242704.0,2026-04-30,188747828,2841,Nepal Stock House (PVT) Ltd.,KALASH STOCK MARKET PVT. LTD.,2026-04-30 14:11:20.721615,RASUWAGADHI HYDROPOWER COMPANY LIMITED
2026043004011398,RHPL,1,74,42,275.8,11583.6,2026-04-30,188748354,2841,Kumari Securities Private Limited,KALASH STOCK MARKET PVT. LTD.,2026-04-30 14:12:15.680590,RASUWAGADHI HYDROPOWER COMPANY LIMITED
2026043004011418,RHPL,1,49,40,276.0,11040.0,2026-04-30,188748438,2841,Kumari Securities Private Limited,Online Securities Pvt. Ltd.,2026-04-30 14:12:28.399841,RASUWAGADHI HYDROPOWER COMPANY LIMITED
2026043004011560,RHPL,45,7,10,276.0,2760.0,2026-04-30,188750285,2841,Imperial Securities Company Pvt. Ltd.,J.F. Securites (PVT) Ltd.,2026-04-30 14:17:01.835605,RASUWAGADHI HYDROPOWER COMPANY LIMITED
2026043004011633,RHPL,45,89,100,276.0,27600.0,2026-04-30,188751017,2841,Imperial Securities Company Pvt. Ltd.,Global IME Securities Limited,2026-04-30 14:18:50.571280,RASUWAGADHI HYDROPOWER COMPANY LIMITED
2026043004011683,RHPL,38,89,20,276.0,5520.0,2026-04-30,188751493,2841,Dipshikha Dhitopatra Karobar Co. Pvt Ltd.,Global IME Securities Limited,2026-04-30 14:20:01.300107,RASUWAGADHI HYDROPOWER COMPANY LIMITED
2026043004012074,RHPL,1,89,50,276.0,13800.0,2026-04-30,188756343,2841,Kumari Securities Private Limited,Global IME Securities Limited,2026-04-30 14:27:45.371607,RASUWAGADHI HYDROPOWER COMPANY LIMITED
2026043004012332,RHPL,52,39,11,276.5,3041.5,2026-04-30,188758940,2841,Sundhara Securities Limited,Sumeru Securities Pvt. Ltd.,2026-04-30 14:31:36.852303,RASUWAGADHI HYDROPOWER COMPANY LIMITED
2026043004012431,RHPL,35,39,29,276.5,8018.5,2026-04-30,188759807,2841,Kohinoor Investment & Securities Pvt. Ltd.,Sumeru Securities Pvt. Ltd.,2026-04-30 14:32:54.012745,RASUWAGADHI HYDROPOWER COMPANY LIMITED
2026043004012469,RHPL,35,34,10,276.5,2765.0,2026-04-30,188760034,2841,Kohinoor Investment & Securities Pvt. Ltd.,Vision Securities Pvt. Ltd,2026-04-30 14:33:06.584092,RASUWAGADHI HYDROPOWER COMPANY LIMITED
2026043004012470,RHPL,52,34,50,276.1,13805.0,2026-04-30,188760036,2841,Sundhara Securities Limited,Vision Securities Pvt. Ltd,2026-04-30 14:33:06.584509,RASUWAGADHI HYDROPOWER COMPANY LIMITED
2026043004012497,RHPL,38,34,20,276.0,5520.0,2026-04-30,188760293,2841,Dipshikha Dhitopatra Karobar Co. Pvt Ltd.,Vision Securities Pvt. Ltd,2026-04-30 14:33:30.474522,RASUWAGADHI HYDROPOWER COMPANY LIMITED
2026043004012516,RHPL,58,34,10,276.1,2761.0,2026-04-30,188760504,2841,Naasa Securities Co. Ltd.,Vision Securities Pvt. Ltd,2026-04-30 14:33:48.578811,RASUWAGADHI HYDROPOWER COMPANY LIMITED
2026043004012841,RHPL,56,89,50,276.1,13805.0,2026-04-30,188763205,2841,Sri Hari Securities Pvt. Ltd.,Global IME Securities Limited,2026-04-30 14:38:00.156537,RASUWAGADHI HYDROPOWER COMPANY LIMITED
2026043004012930,RHPL,5,42,100,275.6,27560.0,2026-04-30,188763976,2841,Market Securities & Exchange (PVT) Ltd.,Sani Securities Company Ltd.,2026-04-30 14:39:03.178676,RASUWAGADHI HYDROPOWER COMPANY LIMITED
2026043004012931,RHPL,49,42,50,275.5,13775.0,2026-04-30,188763978,2841,Online Securities Pvt. Ltd.,Sani Securities Company Ltd.,2026-04-30 14:39:03.179044,RASUWAGADHI HYDROPOWER COMPANY LIMITED
2026043004012932,RHPL,49,42,40,275.5,11020.0,2026-04-30,188763980,2841,Online Securities Pvt. Ltd.,Sani Securities Company Ltd.,2026-04-30 14:39:03.179237,RASUWAGADHI HYDROPOWER COMPANY LIMITED
2026043004012933,RHPL,58,42,50,275.1,13755.0,2026-04-30,188763982,2841,Naasa Securities Co. Ltd.,Sani Securities Company Ltd.,2026-04-30 14:39:03.179464,RASUWAGADHI HYDROPOWER COMPANY LIMITED
2026043004012934,RHPL,58,42,10,275.1,2751.0,2026-04-30,188763984,2841,Naasa Securities Co. Ltd.,Sani Securities Company Ltd.,2026-04-30 14:39:03.179653,RASUWAGADHI HYDROPOWER COMPANY LIMITED
2026043004012935,RHPL,59,42,50,275.0,13750.0,2026-04-30,188763985,2841,Deevyaa Securities & Stock House Pvt. Ltd,Sani Securities Company Ltd.,2026-04-30 14:39:03.179847,RASUWAGADHI HYDROPOWER COMPANY LIMITED
2026043004013256,RHPL,59,18,80,275.0,22000.0,2026-04-30,188766789,2841,Deevyaa Securities & Stock House Pvt. Ltd,Sagarmatha Securities Private Limited,2026-04-30 14:42:35.000346,RASUWAGADHI HYDROPOWER COMPANY LIMITED
2026043004013419,RHPL,58,58,10,275.1,2751.0,2026-04-30,188768238,2841,Naasa Securities Co. Ltd.,Naasa Securities Co. Ltd.,2026-04-30 14:44:57.452241,RASUWAGADHI HYDROPOWER COMPANY LIMITED
2026043004013420,RHPL,59,58,30,275.0,8250.0,2026-04-30,188768239,2841,Deevyaa Securities & Stock House Pvt. Ltd,Naasa Securities Co. Ltd.,2026-04-30 14:44:57.452416,RASUWAGADHI HYDROPOWER COMPANY LIMITED
2026043004013421,RHPL,59,17,10,275.0,2750.0,2026-04-30,188768243,2841,Deevyaa Securities & Stock House Pvt. Ltd,ABC Securities Private Limited,2026-04-30 14:44:59.624349,RASUWAGADHI HYDROPOWER COMPANY LIMITED
2026043004013495,RHPL,59,17,50,275.0,13750.0,2026-04-30,188768867,2841,Deevyaa Securities & Stock House Pvt. Ltd,ABC Securities Private Limited,2026-04-30 14:46:01.333975,RASUWAGADHI HYDROPOWER COMPANY LIMITED
2026043004013852,RHPL,19,32,145,275.1,39889.5,2026-04-30,188772240,2841,Nepal Investment And Securities Trading Private Limited,Premier Securities Company Ltd.,2026-04-30 14:50:36.664912,RASUWAGADHI HYDROPOWER COMPANY LIMITED
2026043004013853,RHPL,75,32,50,275.1,13755.0,2026-04-30,188772242,2841,N.I.M.B. Stock Markets Limited,Premier Securities Company Ltd.,2026-04-30 14:50:36.665242,RASUWAGADHI HYDROPOWER COMPANY LIMITED
2026043004013854,RHPL,59,32,305,275.0,83875.0,2026-04-30,188772243,2841,Deevyaa Securities & Stock House Pvt. Ltd,Premier Securities Company Ltd.,2026-04-30 14:50:36.665464,RASUWAGADHI HYDROPOWER COMPANY LIMITED
2026043004013896,RHPL,59,56,112,275.0,30800.0,2026-04-30,188772623,2841,Deevyaa Securities & Stock House Pvt. Ltd,Sri Hari Securities Pvt. Ltd.,2026-04-30 14:51:10.410728,RASUWAGADHI HYDROPOWER COMPANY LIMITED
2026043004013952,RHPL,59,16,13,275.0,3575.0,2026-04-30,188773141,2841,Deevyaa Securities & Stock House Pvt. Ltd,Primo Securities (PVT) Ltd.,2026-04-30 14:51:47.259563,RASUWAGADHI HYDROPOWER COMPANY LIMITED
2026043004014071,RHPL,59,18,70,275.0,19250.0,2026-04-30,188774229,2841,Deevyaa Securities & Stock House Pvt. Ltd,Sagarmatha Securities Private Limited,2026-04-30 14:53:04.007577,RASUWAGADHI HYDROPOWER COMPANY LIMITED
2026043004014082,RHPL,59,57,53,275.0,14575.0,2026-04-30,188774357,2841,Deevyaa Securities & Stock House Pvt. Ltd,Aryatara Investment & Securities,2026-04-30 14:53:12.578848,RASUWAGADHI HYDROPOWER COMPANY LIMITED
2026043004014202,RHPL,38,34,16,276.5,4424.0,2026-04-30,188775376,2841,Dipshikha Dhitopatra Karobar Co. Pvt Ltd.,Vision Securities Pvt. Ltd,2026-04-30 14:54:11.891925,RASUWAGADHI HYDROPOWER COMPANY LIMITED
2026043004014500,RHPL,1,89,48,276.0,13248.0,2026-04-30,188778395,2841,Kumari Securities Private Limited,Global IME Securities Limited,2026-04-30 14:56:42.483841,RASUWAGADHI HYDROPOWER COMPANY LIMITED
2026043004014737,RHPL,32,56,10,275.5,2755.0,2026-04-30,188780184,2841,Premier Securities Company Ltd.,Sri Hari Securities Pvt. Ltd.,2026-04-30 14:57:49.603016,RASUWAGADHI HYDROPOWER COMPANY LIMITED
2026043004014879,RHPL,52,56,80,275.5,22040.0,2026-04-30,188781414,2841,Sundhara Securities Limited,Sri Hari Securities Pvt. Ltd.,2026-04-30 14:58:33.382481,RASUWAGADHI HYDROPOWER COMPANY LIMITED
2026043004015049,RHPL,52,34,24,276.5,6636.0,2026-04-30,188782998,2841,Sundhara Securities Limited,Vision Securities Pvt. Ltd,2026-04-30 14:59:15.917279,RASUWAGADHI HYDROPOWER COMPANY LIMITED
2026043004015252,RHPL,1,34,100,275.1,27510.0,2026-04-30,188784682,2841,Kumari Securities Private Limited,Vision Securities Pvt. Ltd,2026-04-30 14:59:40.746002,RASUWAGADHI HYDROPOWER COMPANY LIMITED
2026043004015253,RHPL,47,34,500,275.1,137550.0,2026-04-30,188784684,2841,Neev Securities Pvt. Ltd.,Vision Securities Pvt. Ltd,2026-04-30 14:59:40.746044,RASUWAGADHI HYDROPOWER COMPANY LIMITED
2026043004015254,RHPL,59,34,271,275.0,74525.0,2026-04-30,188784686,2841,Deevyaa Securities & Stock House Pvt. Ltd,Vision Securities Pvt. Ltd,2026-04-30 14:59:40.746073,RASUWAGADHI HYDROPOWER COMPANY LIMITED
2026043004015255,RHPL,52,34,100,275.0,27500.0,2026-04-30,188784688,2841,Sundhara Securities Limited,Vision Securities Pvt. Ltd,2026-04-30 14:59:40.746104,RASUWAGADHI HYDROPOWER COMPANY LIMITED
2026043004015256,RHPL,47,34,29,275.0,7975.0,2026-04-30,188784689,2841,Neev Securities Pvt. Ltd.,Vision Securities Pvt. Ltd,2026-04-30 14:59:40.746127,RASUWAGADHI HYDROPOWER COMPANY LIMITED
2026043004015339,RHPL,47,42,71,275.0,19525.0,2026-04-30,188785941,2841,Neev Securities Pvt. Ltd.,Sani Securities Company Ltd.,2026-04-30 14:59:55.110352,RASUWAGADHI HYDROPOWER COMPANY LIMITED
2026043004015340,RHPL,45,42,100,275.0,27500.0,2026-04-30,188785943,2841,Imperial Securities Company Pvt. Ltd.,Sani Securities Company Ltd.,2026-04-30 14:59:55.110525,RASUWAGADHI HYDROPOWER COMPANY LIMITED
2026043004015341,RHPL,42,42,50,275.0,13750.0,2026-04-30,188785945,2841,Sani Securities Company Ltd.,Sani Securities Company Ltd.,2026-04-30 14:59:55.110593,RASUWAGADHI HYDROPOWER COMPANY LIMITED
2026043004015342,RHPL,52,42,20,275.0,5500.0,2026-04-30,188785947,2841,Sundhara Securities Limited,Sani Securities Company Ltd.,2026-04-30 14:59:55.110662,RASUWAGADHI HYDROPOWER COMPANY LIMITED
2026043004015343,RHPL,59,42,50,275.0,13750.0,2026-04-30,188785949,2841,Deevyaa Securities & Stock House Pvt. Ltd,Sani Securities Company Ltd.,2026-04-30 14:59:55.110733,RASUWAGADHI HYDROPOWER COMPANY LIMITED
