contractId,stockSymbol,buyerMemberId,sellerMemberId,quantity,rate,amount,businessDate,tradeBookId,stockId,buyerBrokerName,sellerBrokerName,transaction_time,securityName
2026043005000083,SAHAS,34,34,100,617.0,61700.0,2026-04-30,188626692,8021,Vision Securities Pvt. Ltd,Vision Securities Pvt. Ltd,2026-04-30 11:01:26.785168,Sahas Urja Limited
2026043005000087,SAHAS,42,34,20,617.0,12340.0,2026-04-30,188626782,8021,Sani Securities Company Ltd.,Vision Securities Pvt. Ltd,2026-04-30 11:01:37.105533,Sahas Urja Limited
2026043005000263,SAHAS,47,58,50,615.0,30750.0,2026-04-30,188629070,8021,Neev Securities Pvt. Ltd.,Naasa Securities Co. Ltd.,2026-04-30 11:04:48.854876,Sahas Urja Limited
2026043005000264,SAHAS,51,58,11,615.0,6765.0,2026-04-30,188629072,8021,Oxford Securities Pvt. Ltd.,Naasa Securities Co. Ltd.,2026-04-30 11:04:48.854999,Sahas Urja Limited
2026043005000265,SAHAS,42,58,439,615.0,269985.0,2026-04-30,188629073,8021,Sani Securities Company Ltd.,Naasa Securities Co. Ltd.,2026-04-30 11:04:48.855055,Sahas Urja Limited
2026043005000267,SAHAS,42,36,100,615.0,61500.0,2026-04-30,188629113,8021,Sani Securities Company Ltd.,Secured Securities Ltd.,2026-04-30 11:04:51.418135,Sahas Urja Limited
2026043005000329,SAHAS,17,49,100,615.1,61510.0,2026-04-30,188629850,8021,ABC Securities Private Limited,Online Securities Pvt. Ltd.,2026-04-30 11:05:58.182939,Sahas Urja Limited
2026043005000330,SAHAS,42,49,142,615.0,87330.0,2026-04-30,188629851,8021,Sani Securities Company Ltd.,Online Securities Pvt. Ltd.,2026-04-30 11:05:58.183086,Sahas Urja Limited
2026043005000380,SAHAS,42,3,271,615.0,166665.0,2026-04-30,188630333,8021,Sani Securities Company Ltd.,Arun Securities (PVT) Ltd.,2026-04-30 11:06:35.983005,Sahas Urja Limited
2026043005000398,SAHAS,42,99,48,615.0,29520.0,2026-04-30,188630492,8021,Sani Securities Company Ltd.,Prabhu Stock Market Limited,2026-04-30 11:06:53.370862,Sahas Urja Limited
2026043005000399,SAHAS,16,99,200,613.0,122600.0,2026-04-30,188630494,8021,Primo Securities (PVT) Ltd.,Prabhu Stock Market Limited,2026-04-30 11:06:53.370940,Sahas Urja Limited
2026043005000400,SAHAS,57,99,100,613.0,61300.0,2026-04-30,188630496,8021,Aryatara Investment & Securities,Prabhu Stock Market Limited,2026-04-30 11:06:53.370964,Sahas Urja Limited
2026043005000401,SAHAS,17,99,52,612.1,31829.2,2026-04-30,188630497,8021,ABC Securities Private Limited,Prabhu Stock Market Limited,2026-04-30 11:06:53.370985,Sahas Urja Limited
2026043005000411,SAHAS,17,50,448,612.1,274220.8,2026-04-30,188630744,8021,ABC Securities Private Limited,Cristal Kanchanjanga Securites Pvt. Ltd.,2026-04-30 11:07:13.967859,Sahas Urja Limited
2026043005000412,SAHAS,58,50,20,612.0,12240.0,2026-04-30,188630746,8021,Naasa Securities Co. Ltd.,Cristal Kanchanjanga Securites Pvt. Ltd.,2026-04-30 11:07:13.968115,Sahas Urja Limited
2026043005000413,SAHAS,34,50,1500,612.0,918000.0,2026-04-30,188630748,8021,Vision Securities Pvt. Ltd,Cristal Kanchanjanga Securites Pvt. Ltd.,2026-04-30 11:07:13.968278,Sahas Urja Limited
2026043005000414,SAHAS,44,50,21,611.0,12831.0,2026-04-30,188630750,8021,Dynamic Money Managers Securities Pvt. Ltd.,Cristal Kanchanjanga Securites Pvt. Ltd.,2026-04-30 11:07:13.968476,Sahas Urja Limited
2026043005000415,SAHAS,22,50,500,610.0,305000.0,2026-04-30,188630752,8021,Siprabi Securities Pvt. Ltd.,Cristal Kanchanjanga Securites Pvt. Ltd.,2026-04-30 11:07:13.968617,Sahas Urja Limited
2026043005000416,SAHAS,38,50,100,610.0,61000.0,2026-04-30,188630754,8021,Dipshikha Dhitopatra Karobar Co. Pvt Ltd.,Cristal Kanchanjanga Securites Pvt. Ltd.,2026-04-30 11:07:13.968758,Sahas Urja Limited
2026043005000417,SAHAS,91,50,50,610.0,30500.0,2026-04-30,188630756,8021,Citizens Share Broker Limited,Cristal Kanchanjanga Securites Pvt. Ltd.,2026-04-30 11:07:13.968890,Sahas Urja Limited
2026043005000418,SAHAS,36,50,65,610.0,39650.0,2026-04-30,188630758,8021,Secured Securities Ltd.,Cristal Kanchanjanga Securites Pvt. Ltd.,2026-04-30 11:07:13.969057,Sahas Urja Limited
2026043005000419,SAHAS,34,50,1000,610.0,610000.0,2026-04-30,188630760,8021,Vision Securities Pvt. Ltd,Cristal Kanchanjanga Securites Pvt. Ltd.,2026-04-30 11:07:13.969194,Sahas Urja Limited
2026043005000420,SAHAS,57,50,100,610.0,61000.0,2026-04-30,188630762,8021,Aryatara Investment & Securities,Cristal Kanchanjanga Securites Pvt. Ltd.,2026-04-30 11:07:13.969335,Sahas Urja Limited
2026043005000540,SAHAS,6,48,10,615.0,6150.0,2026-04-30,188632666,8021,Agrawal Securities (PVT) Ltd.,Trishakti Securities Public Limited,2026-04-30 11:10:04.952273,Sahas Urja Limited
2026043005000641,SAHAS,35,45,13,613.0,7969.0,2026-04-30,188633837,8021,Kohinoor Investment & Securities Pvt. Ltd.,Imperial Securities Company Pvt. Ltd.,2026-04-30 11:11:37.789262,Sahas Urja Limited
2026043005000884,SAHAS,35,58,13,613.0,7969.0,2026-04-30,188636641,8021,Kohinoor Investment & Securities Pvt. Ltd.,Naasa Securities Co. Ltd.,2026-04-30 11:14:34.454120,Sahas Urja Limited
2026043005000891,SAHAS,35,14,57,613.0,34941.0,2026-04-30,188636830,8021,Kohinoor Investment & Securities Pvt. Ltd.,Nepal Stock House (PVT) Ltd.,2026-04-30 11:14:47.456856,Sahas Urja Limited
2026043005000892,SAHAS,42,14,100,613.0,61300.0,2026-04-30,188636832,8021,Sani Securities Company Ltd.,Nepal Stock House (PVT) Ltd.,2026-04-30 11:14:47.457166,Sahas Urja Limited
2026043005000893,SAHAS,45,14,83,611.0,50713.0,2026-04-30,188636833,8021,Imperial Securities Company Pvt. Ltd.,Nepal Stock House (PVT) Ltd.,2026-04-30 11:14:47.457591,Sahas Urja Limited
2026043005000979,SAHAS,6,78,4,617.5,2470.0,2026-04-30,188637711,8021,Agrawal Securities (PVT) Ltd.,Garima Securities Limited,2026-04-30 11:15:44.530782,Sahas Urja Limited
2026043005001041,SAHAS,8,56,100,611.1,61110.0,2026-04-30,188638390,8021,Brilliant Securities Pvt. Ltd.,Sri Hari Securities Pvt. Ltd.,2026-04-30 11:16:33.744219,Sahas Urja Limited
2026043005001042,SAHAS,45,56,100,611.0,61100.0,2026-04-30,188638391,8021,Imperial Securities Company Pvt. Ltd.,Sri Hari Securities Pvt. Ltd.,2026-04-30 11:16:33.744568,Sahas Urja Limited
2026043005001136,SAHAS,45,25,1000,612.0,612000.0,2026-04-30,188639416,8021,Imperial Securities Company Pvt. Ltd.,Sweta Securities Private Limited,2026-04-30 11:17:29.300183,Sahas Urja Limited
2026043005001192,SAHAS,28,25,52,612.0,31824.0,2026-04-30,188639958,8021,Shree Krishna Securities Ltd.,Sweta Securities Private Limited,2026-04-30 11:18:06.958712,Sahas Urja Limited
2026043005001217,SAHAS,41,25,100,612.0,61200.0,2026-04-30,188640154,8021,Linch Stock Market Ltd.,Sweta Securities Private Limited,2026-04-30 11:18:20.695936,Sahas Urja Limited
2026043005001242,SAHAS,5,25,48,612.0,29376.0,2026-04-30,188640399,8021,Market Securities & Exchange (PVT) Ltd.,Sweta Securities Private Limited,2026-04-30 11:18:38.607309,Sahas Urja Limited
2026043005001243,SAHAS,5,34,20,612.0,12240.0,2026-04-30,188640402,8021,Market Securities & Exchange (PVT) Ltd.,Vision Securities Pvt. Ltd,2026-04-30 11:18:38.607491,Sahas Urja Limited
2026043005001266,SAHAS,5,50,100,611.1,61110.0,2026-04-30,188640682,8021,Market Securities & Exchange (PVT) Ltd.,Cristal Kanchanjanga Securites Pvt. Ltd.,2026-04-30 11:18:55.862691,Sahas Urja Limited
2026043005001267,SAHAS,21,50,128,611.1,78220.8,2026-04-30,188640684,8021,Midas Stock Broking Company Private Limited,Cristal Kanchanjanga Securites Pvt. Ltd.,2026-04-30 11:18:55.862945,Sahas Urja Limited
2026043005001268,SAHAS,45,50,317,611.0,193687.0,2026-04-30,188640686,8021,Imperial Securities Company Pvt. Ltd.,Cristal Kanchanjanga Securites Pvt. Ltd.,2026-04-30 11:18:55.863015,Sahas Urja Limited
2026043005001269,SAHAS,45,50,500,611.0,305500.0,2026-04-30,188640688,8021,Imperial Securities Company Pvt. Ltd.,Cristal Kanchanjanga Securites Pvt. Ltd.,2026-04-30 11:18:55.863082,Sahas Urja Limited
2026043005001341,SAHAS,45,50,1000,611.0,611000.0,2026-04-30,188641158,8021,Imperial Securities Company Pvt. Ltd.,Cristal Kanchanjanga Securites Pvt. Ltd.,2026-04-30 11:19:28.811059,Sahas Urja Limited
2026043005001411,SAHAS,53,50,100,611.0,61100.0,2026-04-30,188642150,8021,Investment Management Nepal Pvt. Ltd.,Cristal Kanchanjanga Securites Pvt. Ltd.,2026-04-30 11:20:37.443232,Sahas Urja Limited
2026043005001443,SAHAS,21,50,51,611.0,31161.0,2026-04-30,188642421,8021,Midas Stock Broking Company Private Limited,Cristal Kanchanjanga Securites Pvt. Ltd.,2026-04-30 11:20:53.460759,Sahas Urja Limited
2026043005001444,SAHAS,21,42,12,611.0,7332.0,2026-04-30,188642423,8021,Midas Stock Broking Company Private Limited,Sani Securities Company Ltd.,2026-04-30 11:20:53.460932,Sahas Urja Limited
2026043005001581,SAHAS,42,33,30,613.0,18390.0,2026-04-30,188644287,8021,Sani Securities Company Ltd.,Dakshinkali Investment & Securities Pvt. Ltd.,2026-04-30 11:22:40.673809,Sahas Urja Limited
2026043005001582,SAHAS,42,37,10,614.0,6140.0,2026-04-30,188644290,8021,Sani Securities Company Ltd.,Swarna Laxmi Securities Pvt. Ltd.,2026-04-30 11:22:40.674020,Sahas Urja Limited
2026043005001585,SAHAS,21,8,87,611.0,53157.0,2026-04-30,188644392,8021,Midas Stock Broking Company Private Limited,Brilliant Securities Pvt. Ltd.,2026-04-30 11:22:47.769471,Sahas Urja Limited
2026043005001586,SAHAS,35,8,70,611.0,42770.0,2026-04-30,188644394,8021,Kohinoor Investment & Securities Pvt. Ltd.,Brilliant Securities Pvt. Ltd.,2026-04-30 11:22:47.769817,Sahas Urja Limited
2026043005001587,SAHAS,17,8,50,611.0,30550.0,2026-04-30,188644395,8021,ABC Securities Private Limited,Brilliant Securities Pvt. Ltd.,2026-04-30 11:22:47.770037,Sahas Urja Limited
2026043005001707,SAHAS,22,8,25,612.0,15300.0,2026-04-30,188645696,8021,Siprabi Securities Pvt. Ltd.,Brilliant Securities Pvt. Ltd.,2026-04-30 11:23:56.903030,Sahas Urja Limited
2026043005001742,SAHAS,56,8,27,612.0,16524.0,2026-04-30,188646162,8021,Sri Hari Securities Pvt. Ltd.,Brilliant Securities Pvt. Ltd.,2026-04-30 11:24:28.872970,Sahas Urja Limited
2026043005001782,SAHAS,58,42,13,611.9,7954.7,2026-04-30,188646572,8021,Naasa Securities Co. Ltd.,Sani Securities Company Ltd.,2026-04-30 11:24:53.062089,Sahas Urja Limited
2026043005001857,SAHAS,58,8,30,612.0,18360.0,2026-04-30,188647588,8021,Naasa Securities Co. Ltd.,Brilliant Securities Pvt. Ltd.,2026-04-30 11:26:01.435282,Sahas Urja Limited
2026043005001880,SAHAS,1,8,14,612.0,8568.0,2026-04-30,188648042,8021,Kumari Securities Private Limited,Brilliant Securities Pvt. Ltd.,2026-04-30 11:26:25.445865,Sahas Urja Limited
2026043005001882,SAHAS,13,8,100,612.0,61200.0,2026-04-30,188648046,8021,Thrive Brokerage House Pvt. Ltd,Brilliant Securities Pvt. Ltd.,2026-04-30 11:26:25.717765,Sahas Urja Limited
2026043005001986,SAHAS,13,72,120,612.0,73440.0,2026-04-30,188649116,8021,Thrive Brokerage House Pvt. Ltd,Hatemalo Financial Services Private Limited,2026-04-30 11:27:35.409568,Sahas Urja Limited
2026043005002036,SAHAS,17,19,13,611.5,7949.5,2026-04-30,188649585,8021,ABC Securities Private Limited,Nepal Investment And Securities Trading Private Limited,2026-04-30 11:28:09.024446,Sahas Urja Limited
2026043005002037,SAHAS,17,72,179,612.0,109548.0,2026-04-30,188649588,8021,ABC Securities Private Limited,Hatemalo Financial Services Private Limited,2026-04-30 11:28:09.024683,Sahas Urja Limited
2026043005002048,SAHAS,63,51,12,612.0,7344.0,2026-04-30,188649715,8021,Himalayan Brokerage Company Limited,Oxford Securities Pvt. Ltd.,2026-04-30 11:28:23.073990,Sahas Urja Limited
2026043005002091,SAHAS,42,57,500,613.0,306500.0,2026-04-30,188650329,8021,Sani Securities Company Ltd.,Aryatara Investment & Securities,2026-04-30 11:29:02.812135,Sahas Urja Limited
2026043005002174,SAHAS,41,51,13,613.0,7969.0,2026-04-30,188651337,8021,Linch Stock Market Ltd.,Oxford Securities Pvt. Ltd.,2026-04-30 11:30:14.655645,Sahas Urja Limited
2026043005002182,SAHAS,51,44,50,613.9,30695.0,2026-04-30,188651528,8021,Oxford Securities Pvt. Ltd.,Dynamic Money Managers Securities Pvt. Ltd.,2026-04-30 11:30:31.993741,Sahas Urja Limited
2026043005002248,SAHAS,43,44,150,613.9,92085.0,2026-04-30,188652449,8021,South Asian Bulls Pvt. Ltd.,Dynamic Money Managers Securities Pvt. Ltd.,2026-04-30 11:31:33.715100,Sahas Urja Limited
2026043005002249,SAHAS,43,28,50,613.9,30695.0,2026-04-30,188652452,8021,South Asian Bulls Pvt. Ltd.,Shree Krishna Securities Ltd.,2026-04-30 11:31:33.715309,Sahas Urja Limited
2026043005002330,SAHAS,16,28,500,613.9,306950.0,2026-04-30,188653326,8021,Primo Securities (PVT) Ltd.,Shree Krishna Securities Ltd.,2026-04-30 11:32:47.929543,Sahas Urja Limited
2026043005002384,SAHAS,41,35,13,613.0,7969.0,2026-04-30,188653863,8021,Linch Stock Market Ltd.,Kohinoor Investment & Securities Pvt. Ltd.,2026-04-30 11:33:31.173265,Sahas Urja Limited
2026043005002399,SAHAS,41,19,50,613.0,30650.0,2026-04-30,188654133,8021,Linch Stock Market Ltd.,Nepal Investment And Securities Trading Private Limited,2026-04-30 11:33:50.179156,Sahas Urja Limited
2026043005002490,SAHAS,34,39,3,600.0,1800.0,2026-04-30,188655175,8021,Vision Securities Pvt. Ltd,Sumeru Securities Pvt. Ltd.,2026-04-30 11:35:20.722304,Sahas Urja Limited
2026043005002498,SAHAS,34,49,3,610.0,1830.0,2026-04-30,188655235,8021,Vision Securities Pvt. Ltd,Online Securities Pvt. Ltd.,2026-04-30 11:35:28.776515,Sahas Urja Limited
2026043005002510,SAHAS,49,4,10,613.8,6138.0,2026-04-30,188655464,8021,Online Securities Pvt. Ltd.,Opal Securities Investment (PVT) Ltd.,2026-04-30 11:35:47.184094,Sahas Urja Limited
2026043005002568,SAHAS,41,25,24,613.0,14712.0,2026-04-30,188656204,8021,Linch Stock Market Ltd.,Sweta Securities Private Limited,2026-04-30 11:36:51.959334,Sahas Urja Limited
2026043005002569,SAHAS,89,25,50,613.0,30650.0,2026-04-30,188656206,8021,Global IME Securities Limited,Sweta Securities Private Limited,2026-04-30 11:36:51.959841,Sahas Urja Limited
2026043005002570,SAHAS,36,25,101,612.2,61832.2,2026-04-30,188656208,8021,Secured Securities Ltd.,Sweta Securities Private Limited,2026-04-30 11:36:51.960214,Sahas Urja Limited
2026043005002571,SAHAS,8,25,250,612.1,153025.0,2026-04-30,188656210,8021,Brilliant Securities Pvt. Ltd.,Sweta Securities Private Limited,2026-04-30 11:36:51.960579,Sahas Urja Limited
2026043005002572,SAHAS,63,25,63,612.0,38556.0,2026-04-30,188656212,8021,Himalayan Brokerage Company Limited,Sweta Securities Private Limited,2026-04-30 11:36:51.960981,Sahas Urja Limited
2026043005002573,SAHAS,34,25,248,612.0,151776.0,2026-04-30,188656213,8021,Vision Securities Pvt. Ltd,Sweta Securities Private Limited,2026-04-30 11:36:51.961355,Sahas Urja Limited
2026043005002649,SAHAS,68,57,120,613.0,73560.0,2026-04-30,188656870,8021,Elite Stock House Limited,Aryatara Investment & Securities,2026-04-30 11:37:46.668276,Sahas Urja Limited
2026043005002718,SAHAS,42,57,10,613.0,6130.0,2026-04-30,188657712,8021,Sani Securities Company Ltd.,Aryatara Investment & Securities,2026-04-30 11:39:05.179409,Sahas Urja Limited
2026043005002730,SAHAS,49,57,100,613.0,61300.0,2026-04-30,188657840,8021,Online Securities Pvt. Ltd.,Aryatara Investment & Securities,2026-04-30 11:39:14.966094,Sahas Urja Limited
2026043005002747,SAHAS,49,43,100,612.1,61210.0,2026-04-30,188658073,8021,Online Securities Pvt. Ltd.,South Asian Bulls Pvt. Ltd.,2026-04-30 11:39:38.077632,Sahas Urja Limited
2026043005003040,SAHAS,100,57,770,613.0,472010.0,2026-04-30,188660776,8021,Sunrise Securities Limited,Aryatara Investment & Securities,2026-04-30 11:43:39.358883,Sahas Urja Limited
2026043005003066,SAHAS,26,33,150,612.2,91830.0,2026-04-30,188661031,8021,Asian Securities Private Ltd.,Dakshinkali Investment & Securities Pvt. Ltd.,2026-04-30 11:44:02.782794,Sahas Urja Limited
2026043005003098,SAHAS,17,58,13,612.1,7957.3,2026-04-30,188661357,8021,ABC Securities Private Limited,Naasa Securities Co. Ltd.,2026-04-30 11:44:27.598557,Sahas Urja Limited
2026043005003108,SAHAS,17,38,87,612.1,53252.7,2026-04-30,188661428,8021,ABC Securities Private Limited,Dipshikha Dhitopatra Karobar Co. Pvt Ltd.,2026-04-30 11:44:34.004426,Sahas Urja Limited
2026043005003109,SAHAS,48,38,100,612.1,61210.0,2026-04-30,188661430,8021,Trishakti Securities Public Limited,Dipshikha Dhitopatra Karobar Co. Pvt Ltd.,2026-04-30 11:44:34.004670,Sahas Urja Limited
2026043005003110,SAHAS,34,38,339,612.0,207468.0,2026-04-30,188661431,8021,Vision Securities Pvt. Ltd,Dipshikha Dhitopatra Karobar Co. Pvt Ltd.,2026-04-30 11:44:34.004850,Sahas Urja Limited
2026043005003178,SAHAS,58,42,13,612.5,7962.5,2026-04-30,188662405,8021,Naasa Securities Co. Ltd.,Sani Securities Company Ltd.,2026-04-30 11:45:37.026935,Sahas Urja Limited
2026043005003427,SAHAS,17,42,500,612.1,306050.0,2026-04-30,188664290,8021,ABC Securities Private Limited,Sani Securities Company Ltd.,2026-04-30 11:48:08.654439,Sahas Urja Limited
2026043005003428,SAHAS,34,42,100,612.0,61200.0,2026-04-30,188664291,8021,Vision Securities Pvt. Ltd,Sani Securities Company Ltd.,2026-04-30 11:48:08.654691,Sahas Urja Limited
2026043005003434,SAHAS,44,58,10,613.7,6137.0,2026-04-30,188664364,8021,Dynamic Money Managers Securities Pvt. Ltd.,Naasa Securities Co. Ltd.,2026-04-30 11:48:13.407603,Sahas Urja Limited
2026043005003452,SAHAS,34,49,20,612.0,12240.0,2026-04-30,188664723,8021,Vision Securities Pvt. Ltd,Online Securities Pvt. Ltd.,2026-04-30 11:48:44.362215,Sahas Urja Limited
2026043005003462,SAHAS,34,42,308,612.0,188496.0,2026-04-30,188664759,8021,Vision Securities Pvt. Ltd,Sani Securities Company Ltd.,2026-04-30 11:48:48.616026,Sahas Urja Limited
2026043005003468,SAHAS,56,58,40,613.7,24548.0,2026-04-30,188664791,8021,Sri Hari Securities Pvt. Ltd.,Naasa Securities Co. Ltd.,2026-04-30 11:48:51.689773,Sahas Urja Limited
2026043005003469,SAHAS,56,4,60,613.8,36828.0,2026-04-30,188664794,8021,Sri Hari Securities Pvt. Ltd.,Opal Securities Investment (PVT) Ltd.,2026-04-30 11:48:51.690039,Sahas Urja Limited
2026043005003508,SAHAS,4,57,13,612.1,7957.3,2026-04-30,188665353,8021,Opal Securities Investment (PVT) Ltd.,Aryatara Investment & Securities,2026-04-30 11:49:37.309515,Sahas Urja Limited
2026043005003512,SAHAS,57,4,10,613.8,6138.0,2026-04-30,188665434,8021,Aryatara Investment & Securities,Opal Securities Investment (PVT) Ltd.,2026-04-30 11:49:42.812438,Sahas Urja Limited
2026043005003595,SAHAS,4,56,13,612.1,7957.3,2026-04-30,188666353,8021,Opal Securities Investment (PVT) Ltd.,Sri Hari Securities Pvt. Ltd.,2026-04-30 11:51:02.264959,Sahas Urja Limited
2026043005003609,SAHAS,4,14,13,612.1,7957.3,2026-04-30,188666441,8021,Opal Securities Investment (PVT) Ltd.,Nepal Stock House (PVT) Ltd.,2026-04-30 11:51:09.707254,Sahas Urja Limited
2026043005003648,SAHAS,4,34,61,612.1,37338.1,2026-04-30,188666680,8021,Opal Securities Investment (PVT) Ltd.,Vision Securities Pvt. Ltd,2026-04-30 11:51:25.915943,Sahas Urja Limited
2026043005003649,SAHAS,45,34,224,612.1,137110.4,2026-04-30,188666681,8021,Imperial Securities Company Pvt. Ltd.,Vision Securities Pvt. Ltd,2026-04-30 11:51:25.916472,Sahas Urja Limited
2026043005003690,SAHAS,45,49,123,612.1,75288.3,2026-04-30,188667045,8021,Imperial Securities Company Pvt. Ltd.,Online Securities Pvt. Ltd.,2026-04-30 11:51:51.159100,Sahas Urja Limited
2026043005003718,SAHAS,21,4,10,613.8,6138.0,2026-04-30,188667220,8021,Midas Stock Broking Company Private Limited,Opal Securities Investment (PVT) Ltd.,2026-04-30 11:52:08.719472,Sahas Urja Limited
2026043005003811,SAHAS,47,4,60,613.8,36828.0,2026-04-30,188667925,8021,Neev Securities Pvt. Ltd.,Opal Securities Investment (PVT) Ltd.,2026-04-30 11:53:07.122756,Sahas Urja Limited
2026043005003812,SAHAS,47,17,55,613.8,33759.0,2026-04-30,188667928,8021,Neev Securities Pvt. Ltd.,ABC Securities Private Limited,2026-04-30 11:53:07.123028,Sahas Urja Limited
2026043005003907,SAHAS,58,7,13,613.0,7969.0,2026-04-30,188669073,8021,Naasa Securities Co. Ltd.,J.F. Securites (PVT) Ltd.,2026-04-30 11:54:18.298731,Sahas Urja Limited
2026043005003948,SAHAS,75,48,13,612.2,7958.6,2026-04-30,188669545,8021,N.I.M.B. Stock Markets Limited,Trishakti Securities Public Limited,2026-04-30 11:54:57.025936,Sahas Urja Limited
2026043005003975,SAHAS,75,44,13,612.2,7958.6,2026-04-30,188669855,8021,N.I.M.B. Stock Markets Limited,Dynamic Money Managers Securities Pvt. Ltd.,2026-04-30 11:55:23.351940,Sahas Urja Limited
2026043005004035,SAHAS,34,87,10,612.3,6123.0,2026-04-30,188670385,8021,Vision Securities Pvt. Ltd,S.P.S.A. Securities Limited,2026-04-30 11:56:15.255473,Sahas Urja Limited
2026043005004127,SAHAS,25,17,10,613.8,6138.0,2026-04-30,188671476,8021,Sweta Securities Private Limited,ABC Securities Private Limited,2026-04-30 11:57:57.632204,Sahas Urja Limited
2026043005004239,SAHAS,54,17,20,613.8,12276.0,2026-04-30,188672566,8021,Sewa Securities Pvt. Ltd.,ABC Securities Private Limited,2026-04-30 11:59:35.206468,Sahas Urja Limited
2026043005004334,SAHAS,34,58,3,612.0,1836.0,2026-04-30,188673723,8021,Vision Securities Pvt. Ltd,Naasa Securities Co. Ltd.,2026-04-30 12:01:21.000263,Sahas Urja Limited
2026043005004353,SAHAS,45,49,13,613.0,7969.0,2026-04-30,188673869,8021,Imperial Securities Company Pvt. Ltd.,Online Securities Pvt. Ltd.,2026-04-30 12:01:42.037130,Sahas Urja Limited
2026043005004424,SAHAS,13,48,13,613.0,7969.0,2026-04-30,188674647,8021,Thrive Brokerage House Pvt. Ltd,Trishakti Securities Public Limited,2026-04-30 12:03:08.468630,Sahas Urja Limited
2026043005004425,SAHAS,13,7,13,613.0,7969.0,2026-04-30,188674709,8021,Thrive Brokerage House Pvt. Ltd,J.F. Securites (PVT) Ltd.,2026-04-30 12:03:11.769890,Sahas Urja Limited
2026043005004458,SAHAS,13,25,174,613.0,106662.0,2026-04-30,188674980,8021,Thrive Brokerage House Pvt. Ltd,Sweta Securities Private Limited,2026-04-30 12:03:42.539084,Sahas Urja Limited
2026043005004459,SAHAS,75,25,326,612.5,199675.0,2026-04-30,188674981,8021,N.I.M.B. Stock Markets Limited,Sweta Securities Private Limited,2026-04-30 12:03:42.539661,Sahas Urja Limited
2026043005004582,SAHAS,58,6,10,613.5,6135.0,2026-04-30,188676229,8021,Naasa Securities Co. Ltd.,Agrawal Securities (PVT) Ltd.,2026-04-30 12:05:31.409240,Sahas Urja Limited
2026043005004664,SAHAS,43,44,20,613.0,12260.0,2026-04-30,188676838,8021,South Asian Bulls Pvt. Ltd.,Dynamic Money Managers Securities Pvt. Ltd.,2026-04-30 12:06:39.045524,Sahas Urja Limited
2026043005004665,SAHAS,58,44,167,613.0,102371.0,2026-04-30,188676840,8021,Naasa Securities Co. Ltd.,Dynamic Money Managers Securities Pvt. Ltd.,2026-04-30 12:06:39.046142,Sahas Urja Limited
2026043005004666,SAHAS,58,44,45,613.0,27585.0,2026-04-30,188676842,8021,Naasa Securities Co. Ltd.,Dynamic Money Managers Securities Pvt. Ltd.,2026-04-30 12:06:39.046565,Sahas Urja Limited
2026043005004667,SAHAS,38,44,117,613.0,71721.0,2026-04-30,188676843,8021,Dipshikha Dhitopatra Karobar Co. Pvt Ltd.,Dynamic Money Managers Securities Pvt. Ltd.,2026-04-30 12:06:39.046957,Sahas Urja Limited
2026043005004755,SAHAS,38,58,383,613.0,234779.0,2026-04-30,188677448,8021,Dipshikha Dhitopatra Karobar Co. Pvt Ltd.,Naasa Securities Co. Ltd.,2026-04-30 12:07:42.183466,Sahas Urja Limited
2026043005004756,SAHAS,42,58,10,613.0,6130.0,2026-04-30,188677450,8021,Sani Securities Company Ltd.,Naasa Securities Co. Ltd.,2026-04-30 12:07:42.184058,Sahas Urja Limited
2026043005004927,SAHAS,58,44,1,613.0,613.0,2026-04-30,188679197,8021,Naasa Securities Co. Ltd.,Dynamic Money Managers Securities Pvt. Ltd.,2026-04-30 12:10:18.312364,Sahas Urja Limited
2026043005004931,SAHAS,75,57,13,612.5,7962.5,2026-04-30,188679229,8021,N.I.M.B. Stock Markets Limited,Aryatara Investment & Securities,2026-04-30 12:10:20.689112,Sahas Urja Limited
2026043005004937,SAHAS,75,19,135,612.5,82687.5,2026-04-30,188679286,8021,N.I.M.B. Stock Markets Limited,Nepal Investment And Securities Trading Private Limited,2026-04-30 12:10:26.562869,Sahas Urja Limited
2026043005004938,SAHAS,48,19,13,612.5,7962.5,2026-04-30,188679288,8021,Trishakti Securities Public Limited,Nepal Investment And Securities Trading Private Limited,2026-04-30 12:10:26.563532,Sahas Urja Limited
2026043005004939,SAHAS,4,19,50,612.5,30625.0,2026-04-30,188679290,8021,Opal Securities Investment (PVT) Ltd.,Nepal Investment And Securities Trading Private Limited,2026-04-30 12:10:26.563961,Sahas Urja Limited
2026043005004940,SAHAS,28,19,62,612.5,37975.0,2026-04-30,188679292,8021,Shree Krishna Securities Ltd.,Nepal Investment And Securities Trading Private Limited,2026-04-30 12:10:26.564388,Sahas Urja Limited
2026043005004941,SAHAS,34,19,40,612.5,24500.0,2026-04-30,188679293,8021,Vision Securities Pvt. Ltd,Nepal Investment And Securities Trading Private Limited,2026-04-30 12:10:26.564821,Sahas Urja Limited
2026043005004954,SAHAS,43,58,100,613.0,61300.0,2026-04-30,188679478,8021,South Asian Bulls Pvt. Ltd.,Naasa Securities Co. Ltd.,2026-04-30 12:10:41.821856,Sahas Urja Limited
2026043005004962,SAHAS,34,28,450,612.5,275625.0,2026-04-30,188679587,8021,Vision Securities Pvt. Ltd,Shree Krishna Securities Ltd.,2026-04-30 12:10:51.223242,Sahas Urja Limited
2026043005005014,SAHAS,34,29,10,612.5,6125.0,2026-04-30,188679822,8021,Vision Securities Pvt. Ltd,Trisul Securities & Invt. Ltd.,2026-04-30 12:11:04.231268,Sahas Urja Limited
2026043005005015,SAHAS,77,58,40,612.5,24500.0,2026-04-30,188679836,8021,Nabil Stock Dealer Ltd.,Naasa Securities Co. Ltd.,2026-04-30 12:11:05.816034,Sahas Urja Limited
2026043005005039,SAHAS,45,28,1000,612.4,612400.0,2026-04-30,188680079,8021,Imperial Securities Company Pvt. Ltd.,Shree Krishna Securities Ltd.,2026-04-30 12:11:30.930552,Sahas Urja Limited
2026043005005091,SAHAS,34,58,19,612.3,11633.7,2026-04-30,188680608,8021,Vision Securities Pvt. Ltd,Naasa Securities Co. Ltd.,2026-04-30 12:12:23.200060,Sahas Urja Limited
2026043005005092,SAHAS,4,58,11,612.3,6735.3,2026-04-30,188680609,8021,Opal Securities Investment (PVT) Ltd.,Naasa Securities Co. Ltd.,2026-04-30 12:12:23.200752,Sahas Urja Limited
2026043005005105,SAHAS,4,45,10,612.3,6123.0,2026-04-30,188680777,8021,Opal Securities Investment (PVT) Ltd.,Imperial Securities Company Pvt. Ltd.,2026-04-30 12:12:43.695521,Sahas Urja Limited
2026043005005200,SAHAS,4,28,379,612.3,232061.7,2026-04-30,188681512,8021,Opal Securities Investment (PVT) Ltd.,Shree Krishna Securities Ltd.,2026-04-30 12:13:49.696061,Sahas Urja Limited
2026043005005201,SAHAS,17,28,500,612.3,306150.0,2026-04-30,188681514,8021,ABC Securities Private Limited,Shree Krishna Securities Ltd.,2026-04-30 12:13:49.696726,Sahas Urja Limited
2026043005005202,SAHAS,45,28,153,612.1,93651.3,2026-04-30,188681516,8021,Imperial Securities Company Pvt. Ltd.,Shree Krishna Securities Ltd.,2026-04-30 12:13:49.697166,Sahas Urja Limited
2026043005005203,SAHAS,49,28,30,612.1,18363.0,2026-04-30,188681518,8021,Online Securities Pvt. Ltd.,Shree Krishna Securities Ltd.,2026-04-30 12:13:49.697635,Sahas Urja Limited
2026043005005204,SAHAS,45,28,500,612.1,306050.0,2026-04-30,188681520,8021,Imperial Securities Company Pvt. Ltd.,Shree Krishna Securities Ltd.,2026-04-30 12:13:49.698036,Sahas Urja Limited
2026043005005205,SAHAS,34,28,485,612.0,296820.0,2026-04-30,188681522,8021,Vision Securities Pvt. Ltd,Shree Krishna Securities Ltd.,2026-04-30 12:13:49.698459,Sahas Urja Limited
2026043005005206,SAHAS,5,28,200,612.0,122400.0,2026-04-30,188681524,8021,Market Securities & Exchange (PVT) Ltd.,Shree Krishna Securities Ltd.,2026-04-30 12:13:49.698860,Sahas Urja Limited
2026043005005207,SAHAS,53,28,50,612.0,30600.0,2026-04-30,188681526,8021,Investment Management Nepal Pvt. Ltd.,Shree Krishna Securities Ltd.,2026-04-30 12:13:49.699249,Sahas Urja Limited
2026043005005208,SAHAS,58,28,76,612.0,46512.0,2026-04-30,188681528,8021,Naasa Securities Co. Ltd.,Shree Krishna Securities Ltd.,2026-04-30 12:13:49.699656,Sahas Urja Limited
2026043005005209,SAHAS,1,28,12,612.0,7344.0,2026-04-30,188681530,8021,Kumari Securities Private Limited,Shree Krishna Securities Ltd.,2026-04-30 12:13:49.700055,Sahas Urja Limited
2026043005005210,SAHAS,57,28,500,612.0,306000.0,2026-04-30,188681532,8021,Aryatara Investment & Securities,Shree Krishna Securities Ltd.,2026-04-30 12:13:49.700472,Sahas Urja Limited
2026043005005211,SAHAS,41,28,52,612.0,31824.0,2026-04-30,188681534,8021,Linch Stock Market Ltd.,Shree Krishna Securities Ltd.,2026-04-30 12:13:49.700879,Sahas Urja Limited
2026043005005212,SAHAS,7,28,15,612.0,9180.0,2026-04-30,188681536,8021,J.F. Securites (PVT) Ltd.,Shree Krishna Securities Ltd.,2026-04-30 12:13:49.701286,Sahas Urja Limited
2026043005005213,SAHAS,56,28,25,612.0,15300.0,2026-04-30,188681538,8021,Sri Hari Securities Pvt. Ltd.,Shree Krishna Securities Ltd.,2026-04-30 12:13:49.701690,Sahas Urja Limited
2026043005005214,SAHAS,7,28,15,612.0,9180.0,2026-04-30,188681540,8021,J.F. Securites (PVT) Ltd.,Shree Krishna Securities Ltd.,2026-04-30 12:13:49.702090,Sahas Urja Limited
2026043005005238,SAHAS,7,28,10,612.0,6120.0,2026-04-30,188681820,8021,J.F. Securites (PVT) Ltd.,Shree Krishna Securities Ltd.,2026-04-30 12:14:19.544753,Sahas Urja Limited
2026043005005239,SAHAS,4,28,10,612.0,6120.0,2026-04-30,188681822,8021,Opal Securities Investment (PVT) Ltd.,Shree Krishna Securities Ltd.,2026-04-30 12:14:19.545463,Sahas Urja Limited
2026043005005240,SAHAS,42,28,160,612.0,97920.0,2026-04-30,188681824,8021,Sani Securities Company Ltd.,Shree Krishna Securities Ltd.,2026-04-30 12:14:19.545851,Sahas Urja Limited
2026043005005241,SAHAS,54,28,200,612.0,122400.0,2026-04-30,188681826,8021,Sewa Securities Pvt. Ltd.,Shree Krishna Securities Ltd.,2026-04-30 12:14:19.546231,Sahas Urja Limited
2026043005005242,SAHAS,49,28,52,612.0,31824.0,2026-04-30,188681828,8021,Online Securities Pvt. Ltd.,Shree Krishna Securities Ltd.,2026-04-30 12:14:19.546635,Sahas Urja Limited
2026043005005243,SAHAS,25,28,20,612.0,12240.0,2026-04-30,188681830,8021,Sweta Securities Private Limited,Shree Krishna Securities Ltd.,2026-04-30 12:14:19.547024,Sahas Urja Limited
2026043005005347,SAHAS,44,28,146,612.1,89366.6,2026-04-30,188682907,8021,Dynamic Money Managers Securities Pvt. Ltd.,Shree Krishna Securities Ltd.,2026-04-30 12:15:54.166723,Sahas Urja Limited
2026043005005363,SAHAS,17,58,107,613.0,65591.0,2026-04-30,188683015,8021,ABC Securities Private Limited,Naasa Securities Co. Ltd.,2026-04-30 12:16:05.128949,Sahas Urja Limited
2026043005005364,SAHAS,17,32,24,613.0,14712.0,2026-04-30,188683017,8021,ABC Securities Private Limited,Premier Securities Company Ltd.,2026-04-30 12:16:05.129546,Sahas Urja Limited
2026043005005365,SAHAS,17,65,250,613.0,153250.0,2026-04-30,188683020,8021,ABC Securities Private Limited,Sharepro Securities Private Limited,2026-04-30 12:16:05.129989,Sahas Urja Limited
2026043005005366,SAHAS,56,6,111,613.5,68098.5,2026-04-30,188683041,8021,Sri Hari Securities Pvt. Ltd.,Agrawal Securities (PVT) Ltd.,2026-04-30 12:16:08.215868,Sahas Urja Limited
2026043005005367,SAHAS,56,28,1000,613.5,613500.0,2026-04-30,188683043,8021,Sri Hari Securities Pvt. Ltd.,Shree Krishna Securities Ltd.,2026-04-30 12:16:08.216605,Sahas Urja Limited
2026043005005406,SAHAS,8,17,30,613.8,18414.0,2026-04-30,188683440,8021,Brilliant Securities Pvt. Ltd.,ABC Securities Private Limited,2026-04-30 12:16:40.237594,Sahas Urja Limited
2026043005005410,SAHAS,56,17,18,613.8,11048.4,2026-04-30,188683459,8021,Sri Hari Securities Pvt. Ltd.,ABC Securities Private Limited,2026-04-30 12:16:42.161369,Sahas Urja Limited
2026043005005411,SAHAS,56,42,13,613.8,7979.4,2026-04-30,188683461,8021,Sri Hari Securities Pvt. Ltd.,Sani Securities Company Ltd.,2026-04-30 12:16:42.161931,Sahas Urja Limited
2026043005005412,SAHAS,56,34,13,613.8,7979.4,2026-04-30,188683463,8021,Sri Hari Securities Pvt. Ltd.,Vision Securities Pvt. Ltd,2026-04-30 12:16:42.162345,Sahas Urja Limited
2026043005005413,SAHAS,56,37,237,614.0,145518.0,2026-04-30,188683465,8021,Sri Hari Securities Pvt. Ltd.,Swarna Laxmi Securities Pvt. Ltd.,2026-04-30 12:16:42.162742,Sahas Urja Limited
2026043005005414,SAHAS,56,57,219,614.0,134466.0,2026-04-30,188683468,8021,Sri Hari Securities Pvt. Ltd.,Aryatara Investment & Securities,2026-04-30 12:16:42.163140,Sahas Urja Limited
2026043005005441,SAHAS,56,57,111,614.0,68154.0,2026-04-30,188683751,8021,Sri Hari Securities Pvt. Ltd.,Aryatara Investment & Securities,2026-04-30 12:17:08.534151,Sahas Urja Limited
2026043005005442,SAHAS,56,39,13,614.0,7982.0,2026-04-30,188683753,8021,Sri Hari Securities Pvt. Ltd.,Sumeru Securities Pvt. Ltd.,2026-04-30 12:17:08.534474,Sahas Urja Limited
2026043005005443,SAHAS,56,28,376,614.0,230864.0,2026-04-30,188683756,8021,Sri Hari Securities Pvt. Ltd.,Shree Krishna Securities Ltd.,2026-04-30 12:17:08.534609,Sahas Urja Limited
2026043005005450,SAHAS,35,28,10,614.0,6140.0,2026-04-30,188683848,8021,Kohinoor Investment & Securities Pvt. Ltd.,Shree Krishna Securities Ltd.,2026-04-30 12:17:17.935998,Sahas Urja Limited
2026043005005454,SAHAS,56,58,13,613.7,7978.1,2026-04-30,188683883,8021,Sri Hari Securities Pvt. Ltd.,Naasa Securities Co. Ltd.,2026-04-30 12:17:22.388522,Sahas Urja Limited
2026043005005497,SAHAS,56,28,24,613.7,14728.8,2026-04-30,188684261,8021,Sri Hari Securities Pvt. Ltd.,Shree Krishna Securities Ltd.,2026-04-30 12:17:51.440578,Sahas Urja Limited
2026043005005541,SAHAS,56,17,13,613.7,7978.1,2026-04-30,188684713,8021,Sri Hari Securities Pvt. Ltd.,ABC Securities Private Limited,2026-04-30 12:18:30.850477,Sahas Urja Limited
2026043005005598,SAHAS,56,58,13,613.7,7978.1,2026-04-30,188685685,8021,Sri Hari Securities Pvt. Ltd.,Naasa Securities Co. Ltd.,2026-04-30 12:19:57.878927,Sahas Urja Limited
2026043005005614,SAHAS,56,28,437,613.7,268186.9,2026-04-30,188686054,8021,Sri Hari Securities Pvt. Ltd.,Shree Krishna Securities Ltd.,2026-04-30 12:20:23.044542,Sahas Urja Limited
2026043005005615,SAHAS,17,28,300,613.6,184080.0,2026-04-30,188686056,8021,ABC Securities Private Limited,Shree Krishna Securities Ltd.,2026-04-30 12:20:23.044847,Sahas Urja Limited
2026043005005616,SAHAS,56,28,263,613.5,161350.5,2026-04-30,188686057,8021,Sri Hari Securities Pvt. Ltd.,Shree Krishna Securities Ltd.,2026-04-30 12:20:23.044983,Sahas Urja Limited
2026043005005783,SAHAS,56,86,12,613.5,7362.0,2026-04-30,188687609,8021,Sri Hari Securities Pvt. Ltd.,Stoxkarts Securities Limited,2026-04-30 12:23:11.083168,Sahas Urja Limited
2026043005005867,SAHAS,20,45,10,613.6,6136.0,2026-04-30,188688635,8021,Sipla Securities Private Limited,Imperial Securities Company Pvt. Ltd.,2026-04-30 12:25:06.593711,Sahas Urja Limited
2026043005005936,SAHAS,20,44,13,613.6,7976.8,2026-04-30,188689681,8021,Sipla Securities Private Limited,Dynamic Money Managers Securities Pvt. Ltd.,2026-04-30 12:26:41.580607,Sahas Urja Limited
2026043005006056,SAHAS,45,22,90,614.0,55260.0,2026-04-30,188691289,8021,Imperial Securities Company Pvt. Ltd.,Siprabi Securities Pvt. Ltd.,2026-04-30 12:30:13.882556,Sahas Urja Limited
2026043005006111,SAHAS,45,38,10,614.0,6140.0,2026-04-30,188691959,8021,Imperial Securities Company Pvt. Ltd.,Dipshikha Dhitopatra Karobar Co. Pvt Ltd.,2026-04-30 12:31:23.650041,Sahas Urja Limited
2026043005006224,SAHAS,34,62,10,614.6,6146.0,2026-04-30,188693516,8021,Vision Securities Pvt. Ltd,Capital Max Securities Ltd,2026-04-30 12:34:00.869457,Sahas Urja Limited
2026043005006243,SAHAS,45,28,100,614.0,61400.0,2026-04-30,188693700,8021,Imperial Securities Company Pvt. Ltd.,Shree Krishna Securities Ltd.,2026-04-30 12:34:20.498302,Sahas Urja Limited
2026043005006244,SAHAS,42,28,10,614.0,6140.0,2026-04-30,188693702,8021,Sani Securities Company Ltd.,Shree Krishna Securities Ltd.,2026-04-30 12:34:20.498676,Sahas Urja Limited
2026043005006245,SAHAS,74,28,55,614.0,33770.0,2026-04-30,188693703,8021,KALASH STOCK MARKET PVT. LTD.,Shree Krishna Securities Ltd.,2026-04-30 12:34:20.498817,Sahas Urja Limited
2026043005006263,SAHAS,53,62,20,614.6,12292.0,2026-04-30,188693850,8021,Investment Management Nepal Pvt. Ltd.,Capital Max Securities Ltd,2026-04-30 12:34:38.502155,Sahas Urja Limited
2026043005006265,SAHAS,8,58,13,614.0,7982.0,2026-04-30,188693903,8021,Brilliant Securities Pvt. Ltd.,Naasa Securities Co. Ltd.,2026-04-30 12:34:44.027756,Sahas Urja Limited
2026043005006267,SAHAS,8,28,137,614.0,84118.0,2026-04-30,188693951,8021,Brilliant Securities Pvt. Ltd.,Shree Krishna Securities Ltd.,2026-04-30 12:34:49.345060,Sahas Urja Limited
2026043005006291,SAHAS,20,51,30,613.6,18408.0,2026-04-30,188694289,8021,Sipla Securities Private Limited,Oxford Securities Pvt. Ltd.,2026-04-30 12:35:25.600264,Sahas Urja Limited
2026043005006327,SAHAS,20,4,100,613.6,61360.0,2026-04-30,188694767,8021,Sipla Securities Private Limited,Opal Securities Investment (PVT) Ltd.,2026-04-30 12:36:27.337641,Sahas Urja Limited
2026043005006353,SAHAS,42,62,55,614.6,33803.0,2026-04-30,188695088,8021,Sani Securities Company Ltd.,Capital Max Securities Ltd,2026-04-30 12:37:10.709406,Sahas Urja Limited
2026043005006423,SAHAS,75,62,215,614.6,132139.0,2026-04-30,188695907,8021,N.I.M.B. Stock Markets Limited,Capital Max Securities Ltd,2026-04-30 12:38:54.970077,Sahas Urja Limited
2026043005006424,SAHAS,75,75,135,614.6,82971.0,2026-04-30,188695910,8021,N.I.M.B. Stock Markets Limited,N.I.M.B. Stock Markets Limited,2026-04-30 12:38:54.970464,Sahas Urja Limited
2026043005006442,SAHAS,20,75,665,614.6,408709.0,2026-04-30,188696245,8021,Sipla Securities Private Limited,N.I.M.B. Stock Markets Limited,2026-04-30 12:39:30.516793,Sahas Urja Limited
2026043005006443,SAHAS,20,28,300,614.8,184440.0,2026-04-30,188696247,8021,Sipla Securities Private Limited,Shree Krishna Securities Ltd.,2026-04-30 12:39:30.517493,Sahas Urja Limited
2026043005006444,SAHAS,20,52,13,614.9,7993.7,2026-04-30,188696249,8021,Sipla Securities Private Limited,Sundhara Securities Limited,2026-04-30 12:39:30.517928,Sahas Urja Limited
2026043005006445,SAHAS,20,14,99,614.9,60875.1,2026-04-30,188696251,8021,Sipla Securities Private Limited,Nepal Stock House (PVT) Ltd.,2026-04-30 12:39:30.518363,Sahas Urja Limited
2026043005006446,SAHAS,20,28,423,614.9,260102.7,2026-04-30,188696254,8021,Sipla Securities Private Limited,Shree Krishna Securities Ltd.,2026-04-30 12:39:30.518782,Sahas Urja Limited
2026043005006588,SAHAS,34,38,13,614.0,7982.0,2026-04-30,188697721,8021,Vision Securities Pvt. Ltd,Dipshikha Dhitopatra Karobar Co. Pvt Ltd.,2026-04-30 12:43:00.303831,Sahas Urja Limited
2026043005006643,SAHAS,7,28,3,596.2,1788.6,2026-04-30,188698449,8021,J.F. Securites (PVT) Ltd.,Shree Krishna Securities Ltd.,2026-04-30 12:43:52.916542,Sahas Urja Limited
2026043005006792,SAHAS,34,14,9,613.0,5517.0,2026-04-30,188700423,8021,Vision Securities Pvt. Ltd,Nepal Stock House (PVT) Ltd.,2026-04-30 12:47:12.905840,Sahas Urja Limited
2026043005006798,SAHAS,49,58,28,614.5,17206.0,2026-04-30,188700548,8021,Online Securities Pvt. Ltd.,Naasa Securities Co. Ltd.,2026-04-30 12:47:34.931141,Sahas Urja Limited
2026043005006882,SAHAS,57,28,17,614.0,10438.0,2026-04-30,188701218,8021,Aryatara Investment & Securities,Shree Krishna Securities Ltd.,2026-04-30 12:48:55.777907,Sahas Urja Limited
2026043005006883,SAHAS,58,28,101,614.0,62014.0,2026-04-30,188701220,8021,Naasa Securities Co. Ltd.,Shree Krishna Securities Ltd.,2026-04-30 12:48:55.778258,Sahas Urja Limited
2026043005006884,SAHAS,13,28,300,613.7,184110.0,2026-04-30,188701222,8021,Thrive Brokerage House Pvt. Ltd,Shree Krishna Securities Ltd.,2026-04-30 12:48:55.778433,Sahas Urja Limited
2026043005006885,SAHAS,4,28,100,613.6,61360.0,2026-04-30,188701224,8021,Opal Securities Investment (PVT) Ltd.,Shree Krishna Securities Ltd.,2026-04-30 12:48:55.778581,Sahas Urja Limited
2026043005006886,SAHAS,4,28,59,613.6,36202.4,2026-04-30,188701225,8021,Opal Securities Investment (PVT) Ltd.,Shree Krishna Securities Ltd.,2026-04-30 12:48:55.778725,Sahas Urja Limited
2026043005006909,SAHAS,51,34,20,614.0,12280.0,2026-04-30,188701323,8021,Oxford Securities Pvt. Ltd.,Vision Securities Pvt. Ltd,2026-04-30 12:49:06.064907,Sahas Urja Limited
2026043005006919,SAHAS,43,58,30,614.5,18435.0,2026-04-30,188701376,8021,South Asian Bulls Pvt. Ltd.,Naasa Securities Co. Ltd.,2026-04-30 12:49:14.877377,Sahas Urja Limited
2026043005007052,SAHAS,51,49,13,614.0,7982.0,2026-04-30,188703095,8021,Oxford Securities Pvt. Ltd.,Online Securities Pvt. Ltd.,2026-04-30 12:52:45.091778,Sahas Urja Limited
2026043005007071,SAHAS,59,28,30,614.5,18435.0,2026-04-30,188703200,8021,Deevyaa Securities & Stock House Pvt. Ltd,Shree Krishna Securities Ltd.,2026-04-30 12:53:02.357602,Sahas Urja Limited
2026043005007222,SAHAS,44,28,170,614.5,104465.0,2026-04-30,188704854,8021,Dynamic Money Managers Securities Pvt. Ltd.,Shree Krishna Securities Ltd.,2026-04-30 12:56:03.696545,Sahas Urja Limited
2026043005007237,SAHAS,51,42,100,614.0,61400.0,2026-04-30,188705265,8021,Oxford Securities Pvt. Ltd.,Sani Securities Company Ltd.,2026-04-30 12:56:34.708828,Sahas Urja Limited
2026043005007252,SAHAS,4,28,800,614.5,491600.0,2026-04-30,188705427,8021,Opal Securities Investment (PVT) Ltd.,Shree Krishna Securities Ltd.,2026-04-30 12:56:49.312542,Sahas Urja Limited
2026043005007253,SAHAS,4,75,200,614.5,122900.0,2026-04-30,188705430,8021,Opal Securities Investment (PVT) Ltd.,N.I.M.B. Stock Markets Limited,2026-04-30 12:56:49.312869,Sahas Urja Limited
2026043005007273,SAHAS,42,75,40,614.5,24580.0,2026-04-30,188705726,8021,Sani Securities Company Ltd.,N.I.M.B. Stock Markets Limited,2026-04-30 12:57:15.611704,Sahas Urja Limited
2026043005007305,SAHAS,51,42,20,614.0,12280.0,2026-04-30,188706045,8021,Oxford Securities Pvt. Ltd.,Sani Securities Company Ltd.,2026-04-30 12:57:40.592154,Sahas Urja Limited
2026043005007306,SAHAS,54,14,20,614.0,12280.0,2026-04-30,188706050,8021,Sewa Securities Pvt. Ltd.,Nepal Stock House (PVT) Ltd.,2026-04-30 12:57:41.579876,Sahas Urja Limited
2026043005007307,SAHAS,47,14,500,614.0,307000.0,2026-04-30,188706052,8021,Neev Securities Pvt. Ltd.,Nepal Stock House (PVT) Ltd.,2026-04-30 12:57:41.580236,Sahas Urja Limited
2026043005007308,SAHAS,4,14,91,613.6,55837.6,2026-04-30,188706054,8021,Opal Securities Investment (PVT) Ltd.,Nepal Stock House (PVT) Ltd.,2026-04-30 12:57:41.580396,Sahas Urja Limited
2026043005007309,SAHAS,75,14,150,613.6,92040.0,2026-04-30,188706056,8021,N.I.M.B. Stock Markets Limited,Nepal Stock House (PVT) Ltd.,2026-04-30 12:57:41.580554,Sahas Urja Limited
2026043005007310,SAHAS,75,14,140,613.6,85904.0,2026-04-30,188706058,8021,N.I.M.B. Stock Markets Limited,Nepal Stock House (PVT) Ltd.,2026-04-30 12:57:41.580715,Sahas Urja Limited
2026043005007311,SAHAS,45,14,1000,613.2,613200.0,2026-04-30,188706060,8021,Imperial Securities Company Pvt. Ltd.,Nepal Stock House (PVT) Ltd.,2026-04-30 12:57:41.580863,Sahas Urja Limited
2026043005007330,SAHAS,16,34,10,613.1,6131.0,2026-04-30,188706317,8021,Primo Securities (PVT) Ltd.,Vision Securities Pvt. Ltd,2026-04-30 12:58:06.515974,Sahas Urja Limited
2026043005007366,SAHAS,45,7,13,613.5,7975.5,2026-04-30,188707163,8021,Imperial Securities Company Pvt. Ltd.,J.F. Securites (PVT) Ltd.,2026-04-30 12:58:31.942078,Sahas Urja Limited
2026043005007377,SAHAS,91,75,14,614.5,8603.0,2026-04-30,188707236,8021,Citizens Share Broker Limited,N.I.M.B. Stock Markets Limited,2026-04-30 12:58:40.285207,Sahas Urja Limited
2026043005007444,SAHAS,53,75,15,614.5,9217.5,2026-04-30,188708020,8021,Investment Management Nepal Pvt. Ltd.,N.I.M.B. Stock Markets Limited,2026-04-30 12:59:31.857860,Sahas Urja Limited
2026043005007462,SAHAS,34,14,6,613.0,3678.0,2026-04-30,188708155,8021,Vision Securities Pvt. Ltd,Nepal Stock House (PVT) Ltd.,2026-04-30 12:59:52.580441,Sahas Urja Limited
2026043005007621,SAHAS,41,75,35,614.5,21507.5,2026-04-30,188710270,8021,Linch Stock Market Ltd.,N.I.M.B. Stock Markets Limited,2026-04-30 13:03:08.544086,Sahas Urja Limited
2026043005007626,SAHAS,17,75,496,614.5,304792.0,2026-04-30,188710295,8021,ABC Securities Private Limited,N.I.M.B. Stock Markets Limited,2026-04-30 13:03:10.929970,Sahas Urja Limited
2026043005007627,SAHAS,17,48,13,614.5,7988.5,2026-04-30,188710297,8021,ABC Securities Private Limited,Trishakti Securities Public Limited,2026-04-30 13:03:10.930398,Sahas Urja Limited
2026043005007628,SAHAS,17,57,13,614.8,7992.4,2026-04-30,188710299,8021,ABC Securities Private Limited,Aryatara Investment & Securities,2026-04-30 13:03:10.930561,Sahas Urja Limited
2026043005007629,SAHAS,17,28,978,614.8,601274.4,2026-04-30,188710302,8021,ABC Securities Private Limited,Shree Krishna Securities Ltd.,2026-04-30 13:03:10.930755,Sahas Urja Limited
2026043005007671,SAHAS,4,28,22,614.8,13525.6,2026-04-30,188710773,8021,Opal Securities Investment (PVT) Ltd.,Shree Krishna Securities Ltd.,2026-04-30 13:03:30.778172,Sahas Urja Limited
2026043005007722,SAHAS,49,49,10,614.9,6149.0,2026-04-30,188711500,8021,Online Securities Pvt. Ltd.,Online Securities Pvt. Ltd.,2026-04-30 13:04:23.616412,Sahas Urja Limited
2026043005007802,SAHAS,45,49,90,614.9,55341.0,2026-04-30,188712624,8021,Imperial Securities Company Pvt. Ltd.,Online Securities Pvt. Ltd.,2026-04-30 13:05:34.093415,Sahas Urja Limited
2026043005007845,SAHAS,4,34,10,614.8,6148.0,2026-04-30,188713545,8021,Opal Securities Investment (PVT) Ltd.,Vision Securities Pvt. Ltd,2026-04-30 13:06:17.147602,Sahas Urja Limited
2026043005007870,SAHAS,45,39,13,614.9,7993.7,2026-04-30,188714011,8021,Imperial Securities Company Pvt. Ltd.,Sumeru Securities Pvt. Ltd.,2026-04-30 13:06:41.815794,Sahas Urja Limited
2026043005007955,SAHAS,45,19,16,615.0,9840.0,2026-04-30,188715324,8021,Imperial Securities Company Pvt. Ltd.,Nepal Investment And Securities Trading Private Limited,2026-04-30 13:08:05.765521,Sahas Urja Limited
2026043005007960,SAHAS,4,39,13,614.8,7992.4,2026-04-30,188715383,8021,Opal Securities Investment (PVT) Ltd.,Sumeru Securities Pvt. Ltd.,2026-04-30 13:08:11.567594,Sahas Urja Limited
2026043005008032,SAHAS,57,19,34,615.0,20910.0,2026-04-30,188716007,8021,Aryatara Investment & Securities,Nepal Investment And Securities Trading Private Limited,2026-04-30 13:09:08.765309,Sahas Urja Limited
2026043005008033,SAHAS,57,7,250,615.0,153750.0,2026-04-30,188716009,8021,Aryatara Investment & Securities,J.F. Securites (PVT) Ltd.,2026-04-30 13:09:08.765669,Sahas Urja Limited
2026043005008034,SAHAS,57,50,13,615.0,7995.0,2026-04-30,188716011,8021,Aryatara Investment & Securities,Cristal Kanchanjanga Securites Pvt. Ltd.,2026-04-30 13:09:08.765826,Sahas Urja Limited
2026043005008035,SAHAS,57,36,50,615.0,30750.0,2026-04-30,188716013,8021,Aryatara Investment & Securities,Secured Securities Ltd.,2026-04-30 13:09:08.765979,Sahas Urja Limited
2026043005008036,SAHAS,57,16,13,615.0,7995.0,2026-04-30,188716015,8021,Aryatara Investment & Securities,Primo Securities (PVT) Ltd.,2026-04-30 13:09:08.766179,Sahas Urja Limited
2026043005008037,SAHAS,57,56,19,615.0,11685.0,2026-04-30,188716017,8021,Aryatara Investment & Securities,Sri Hari Securities Pvt. Ltd.,2026-04-30 13:09:08.766399,Sahas Urja Limited
2026043005008038,SAHAS,57,54,100,615.0,61500.0,2026-04-30,188716019,8021,Aryatara Investment & Securities,Sewa Securities Pvt. Ltd.,2026-04-30 13:09:08.766585,Sahas Urja Limited
2026043005008039,SAHAS,57,19,12,615.0,7380.0,2026-04-30,188716021,8021,Aryatara Investment & Securities,Nepal Investment And Securities Trading Private Limited,2026-04-30 13:09:08.766774,Sahas Urja Limited
2026043005008078,SAHAS,57,68,10,615.0,6150.0,2026-04-30,188716568,8021,Aryatara Investment & Securities,Elite Stock House Limited,2026-04-30 13:09:35.351060,Sahas Urja Limited
2026043005008178,SAHAS,39,68,15,615.0,9225.0,2026-04-30,188717483,8021,Sumeru Securities Pvt. Ltd.,Elite Stock House Limited,2026-04-30 13:10:39.630241,Sahas Urja Limited
2026043005008179,SAHAS,39,39,96,615.0,59040.0,2026-04-30,188717485,8021,Sumeru Securities Pvt. Ltd.,Sumeru Securities Pvt. Ltd.,2026-04-30 13:10:39.630625,Sahas Urja Limited
2026043005008180,SAHAS,39,45,13,615.0,7995.0,2026-04-30,188717487,8021,Sumeru Securities Pvt. Ltd.,Imperial Securities Company Pvt. Ltd.,2026-04-30 13:10:39.630778,Sahas Urja Limited
2026043005008181,SAHAS,39,36,200,615.0,123000.0,2026-04-30,188717489,8021,Sumeru Securities Pvt. Ltd.,Secured Securities Ltd.,2026-04-30 13:10:39.630926,Sahas Urja Limited
2026043005008182,SAHAS,39,14,50,615.0,30750.0,2026-04-30,188717491,8021,Sumeru Securities Pvt. Ltd.,Nepal Stock House (PVT) Ltd.,2026-04-30 13:10:39.631074,Sahas Urja Limited
2026043005008183,SAHAS,39,57,378,615.0,232470.0,2026-04-30,188717493,8021,Sumeru Securities Pvt. Ltd.,Aryatara Investment & Securities,2026-04-30 13:10:39.631228,Sahas Urja Limited
2026043005008184,SAHAS,39,58,13,615.0,7995.0,2026-04-30,188717495,8021,Sumeru Securities Pvt. Ltd.,Naasa Securities Co. Ltd.,2026-04-30 13:10:39.631385,Sahas Urja Limited
2026043005008185,SAHAS,39,53,90,615.0,55350.0,2026-04-30,188717497,8021,Sumeru Securities Pvt. Ltd.,Investment Management Nepal Pvt. Ltd.,2026-04-30 13:10:39.631534,Sahas Urja Limited
2026043005008186,SAHAS,39,34,150,616.0,92400.0,2026-04-30,188717499,8021,Sumeru Securities Pvt. Ltd.,Vision Securities Pvt. Ltd,2026-04-30 13:10:39.631683,Sahas Urja Limited
2026043005008187,SAHAS,39,52,13,616.0,8008.0,2026-04-30,188717501,8021,Sumeru Securities Pvt. Ltd.,Sundhara Securities Limited,2026-04-30 13:10:39.631836,Sahas Urja Limited
2026043005008188,SAHAS,39,58,13,616.0,8008.0,2026-04-30,188717503,8021,Sumeru Securities Pvt. Ltd.,Naasa Securities Co. Ltd.,2026-04-30 13:10:39.631984,Sahas Urja Limited
2026043005008189,SAHAS,39,28,1000,616.0,616000.0,2026-04-30,188717505,8021,Sumeru Securities Pvt. Ltd.,Shree Krishna Securities Ltd.,2026-04-30 13:10:39.632144,Sahas Urja Limited
2026043005008229,SAHAS,65,25,250,616.5,154125.0,2026-04-30,188717966,8021,Sharepro Securities Private Limited,Sweta Securities Private Limited,2026-04-30 13:11:15.603857,Sahas Urja Limited
2026043005008458,SAHAS,48,14,100,616.5,61650.0,2026-04-30,188720773,8021,Trishakti Securities Public Limited,Nepal Stock House (PVT) Ltd.,2026-04-30 13:14:48.612024,Sahas Urja Limited
2026043005008459,SAHAS,48,49,13,616.5,8014.5,2026-04-30,188720775,8021,Trishakti Securities Public Limited,Online Securities Pvt. Ltd.,2026-04-30 13:14:48.612399,Sahas Urja Limited
2026043005008460,SAHAS,48,39,87,616.5,53635.5,2026-04-30,188720778,8021,Trishakti Securities Public Limited,Sumeru Securities Pvt. Ltd.,2026-04-30 13:14:48.612558,Sahas Urja Limited
2026043005008590,SAHAS,57,39,100,616.5,61650.0,2026-04-30,188721848,8021,Aryatara Investment & Securities,Sumeru Securities Pvt. Ltd.,2026-04-30 13:16:11.400874,Sahas Urja Limited
2026043005008638,SAHAS,4,39,10,616.5,6165.0,2026-04-30,188722350,8021,Opal Securities Investment (PVT) Ltd.,Sumeru Securities Pvt. Ltd.,2026-04-30 13:16:53.018120,Sahas Urja Limited
2026043005008850,SAHAS,42,39,38,616.5,23427.0,2026-04-30,188724724,8021,Sani Securities Company Ltd.,Sumeru Securities Pvt. Ltd.,2026-04-30 13:19:47.773053,Sahas Urja Limited
2026043005008911,SAHAS,71,44,300,616.0,184800.0,2026-04-30,188725365,8021,SHUBHAKAMANA SECURITIES PVT. LTD,Dynamic Money Managers Securities Pvt. Ltd.,2026-04-30 13:20:14.512565,Sahas Urja Limited
2026043005008922,SAHAS,46,34,500,616.1,308050.0,2026-04-30,188725515,8021,Kalika Securities Pvt. Ltd.,Vision Securities Pvt. Ltd,2026-04-30 13:20:22.583609,Sahas Urja Limited
2026043005009006,SAHAS,71,66,700,616.0,431200.0,2026-04-30,188726348,8021,SHUBHAKAMANA SECURITIES PVT. LTD,Miyo Securities Pvt Ltd,2026-04-30 13:21:05.800825,Sahas Urja Limited
2026043005009007,SAHAS,57,66,50,616.0,30800.0,2026-04-30,188726349,8021,Aryatara Investment & Securities,Miyo Securities Pvt Ltd,2026-04-30 13:21:05.801225,Sahas Urja Limited
2026043005009054,SAHAS,58,42,10,616.1,6161.0,2026-04-30,188726898,8021,Naasa Securities Co. Ltd.,Sani Securities Company Ltd.,2026-04-30 13:21:41.611876,Sahas Urja Limited
2026043005009157,SAHAS,58,34,24,615.0,14760.0,2026-04-30,188728060,8021,Naasa Securities Co. Ltd.,Vision Securities Pvt. Ltd,2026-04-30 13:23:14.531150,Sahas Urja Limited
2026043005009158,SAHAS,34,34,11,615.0,6765.0,2026-04-30,188728061,8021,Vision Securities Pvt. Ltd,Vision Securities Pvt. Ltd,2026-04-30 13:23:14.531875,Sahas Urja Limited
2026043005009242,SAHAS,39,35,13,614.9,7993.7,2026-04-30,188728799,8021,Sumeru Securities Pvt. Ltd.,Kohinoor Investment & Securities Pvt. Ltd.,2026-04-30 13:24:32.519958,Sahas Urja Limited
2026043005009319,SAHAS,22,42,102,616.0,62832.0,2026-04-30,188729496,8021,Siprabi Securities Pvt. Ltd.,Sani Securities Company Ltd.,2026-04-30 13:26:04.118103,Sahas Urja Limited
2026043005009324,SAHAS,39,46,13,614.9,7993.7,2026-04-30,188729643,8021,Sumeru Securities Pvt. Ltd.,Kalika Securities Pvt. Ltd.,2026-04-30 13:26:23.182155,Sahas Urja Limited
2026043005009341,SAHAS,39,39,65,614.9,39968.5,2026-04-30,188729749,8021,Sumeru Securities Pvt. Ltd.,Sumeru Securities Pvt. Ltd.,2026-04-30 13:26:44.187456,Sahas Urja Limited
2026043005009442,SAHAS,39,32,13,614.9,7993.7,2026-04-30,188730873,8021,Sumeru Securities Pvt. Ltd.,Premier Securities Company Ltd.,2026-04-30 13:29:43.523230,Sahas Urja Limited
2026043005009498,SAHAS,45,45,10,615.0,6150.0,2026-04-30,188731591,8021,Imperial Securities Company Pvt. Ltd.,Imperial Securities Company Pvt. Ltd.,2026-04-30 13:31:51.247252,Sahas Urja Limited
2026043005009660,SAHAS,45,45,13,615.0,7995.0,2026-04-30,188732731,8021,Imperial Securities Company Pvt. Ltd.,Imperial Securities Company Pvt. Ltd.,2026-04-30 13:34:53.065656,Sahas Urja Limited
2026043005009733,SAHAS,36,44,66,615.5,40623.0,2026-04-30,188732931,8021,Secured Securities Ltd.,Dynamic Money Managers Securities Pvt. Ltd.,2026-04-30 13:35:08.551906,Sahas Urja Limited
2026043005009737,SAHAS,45,38,47,615.0,28905.0,2026-04-30,188732982,8021,Imperial Securities Company Pvt. Ltd.,Dipshikha Dhitopatra Karobar Co. Pvt Ltd.,2026-04-30 13:35:17.275119,Sahas Urja Limited
2026043005009738,SAHAS,39,38,805,614.9,494994.5,2026-04-30,188732983,8021,Sumeru Securities Pvt. Ltd.,Dipshikha Dhitopatra Karobar Co. Pvt Ltd.,2026-04-30 13:35:17.275496,Sahas Urja Limited
2026043005009764,SAHAS,6,51,13,615.0,7995.0,2026-04-30,188733375,8021,Agrawal Securities (PVT) Ltd.,Oxford Securities Pvt. Ltd.,2026-04-30 13:36:22.821427,Sahas Urja Limited
2026043005009768,SAHAS,6,58,10,615.0,6150.0,2026-04-30,188733429,8021,Agrawal Securities (PVT) Ltd.,Naasa Securities Co. Ltd.,2026-04-30 13:36:29.625360,Sahas Urja Limited
2026043005009789,SAHAS,36,42,69,616.0,42504.0,2026-04-30,188733683,8021,Secured Securities Ltd.,Sani Securities Company Ltd.,2026-04-30 13:37:05.039309,Sahas Urja Limited
2026043005009795,SAHAS,6,58,110,615.0,67650.0,2026-04-30,188733761,8021,Agrawal Securities (PVT) Ltd.,Naasa Securities Co. Ltd.,2026-04-30 13:37:24.506636,Sahas Urja Limited
2026043005009821,SAHAS,36,38,100,616.4,61640.0,2026-04-30,188734027,8021,Secured Securities Ltd.,Dipshikha Dhitopatra Karobar Co. Pvt Ltd.,2026-04-30 13:38:27.976185,Sahas Urja Limited
2026043005009822,SAHAS,36,19,50,616.5,30825.0,2026-04-30,188734029,8021,Secured Securities Ltd.,Nepal Investment And Securities Trading Private Limited,2026-04-30 13:38:27.977038,Sahas Urja Limited
2026043005009915,SAHAS,6,34,10,615.0,6150.0,2026-04-30,188735149,8021,Agrawal Securities (PVT) Ltd.,Vision Securities Pvt. Ltd,2026-04-30 13:41:10.900854,Sahas Urja Limited
2026043005009922,SAHAS,34,58,3,613.8,1841.4,2026-04-30,188735215,8021,Vision Securities Pvt. Ltd,Naasa Securities Co. Ltd.,2026-04-30 13:41:19.675337,Sahas Urja Limited
2026043005009948,SAHAS,34,48,3,614.0,1842.0,2026-04-30,188735497,8021,Vision Securities Pvt. Ltd,Trishakti Securities Public Limited,2026-04-30 13:41:59.647557,Sahas Urja Limited
2026043005009983,SAHAS,57,38,50,615.5,30775.0,2026-04-30,188735825,8021,Aryatara Investment & Securities,Dipshikha Dhitopatra Karobar Co. Pvt Ltd.,2026-04-30 13:42:53.412664,Sahas Urja Limited
2026043005010119,SAHAS,63,45,63,616.9,38864.7,2026-04-30,188737549,8021,Himalayan Brokerage Company Limited,Imperial Securities Company Pvt. Ltd.,2026-04-30 13:47:14.539854,Sahas Urja Limited
2026043005010120,SAHAS,63,38,37,616.9,22825.3,2026-04-30,188737552,8021,Himalayan Brokerage Company Limited,Dipshikha Dhitopatra Karobar Co. Pvt Ltd.,2026-04-30 13:47:14.539958,Sahas Urja Limited
2026043005010156,SAHAS,34,38,13,616.9,8019.7,2026-04-30,188737847,8021,Vision Securities Pvt. Ltd,Dipshikha Dhitopatra Karobar Co. Pvt Ltd.,2026-04-30 13:47:58.507804,Sahas Urja Limited
2026043005010157,SAHAS,34,17,13,617.0,8021.0,2026-04-30,188737849,8021,Vision Securities Pvt. Ltd,ABC Securities Private Limited,2026-04-30 13:47:58.507874,Sahas Urja Limited
2026043005010158,SAHAS,34,45,13,617.0,8021.0,2026-04-30,188737851,8021,Vision Securities Pvt. Ltd,Imperial Securities Company Pvt. Ltd.,2026-04-30 13:47:58.507905,Sahas Urja Limited
2026043005010159,SAHAS,34,45,10,617.0,6170.0,2026-04-30,188737853,8021,Vision Securities Pvt. Ltd,Imperial Securities Company Pvt. Ltd.,2026-04-30 13:47:58.507942,Sahas Urja Limited
2026043005010160,SAHAS,34,28,51,617.0,31467.0,2026-04-30,188737856,8021,Vision Securities Pvt. Ltd,Shree Krishna Securities Ltd.,2026-04-30 13:47:58.507971,Sahas Urja Limited
2026043005010200,SAHAS,41,28,50,617.0,30850.0,2026-04-30,188738268,8021,Linch Stock Market Ltd.,Shree Krishna Securities Ltd.,2026-04-30 13:49:16.608176,Sahas Urja Limited
2026043005010212,SAHAS,57,45,40,615.5,24620.0,2026-04-30,188738363,8021,Aryatara Investment & Securities,Imperial Securities Company Pvt. Ltd.,2026-04-30 13:49:30.058722,Sahas Urja Limited
2026043005010218,SAHAS,6,91,13,615.0,7995.0,2026-04-30,188738429,8021,Agrawal Securities (PVT) Ltd.,Citizens Share Broker Limited,2026-04-30 13:49:39.953553,Sahas Urja Limited
2026043005010322,SAHAS,53,28,899,617.0,554683.0,2026-04-30,188740343,8021,Investment Management Nepal Pvt. Ltd.,Shree Krishna Securities Ltd.,2026-04-30 13:53:35.527827,Sahas Urja Limited
2026043005010323,SAHAS,53,25,250,617.0,154250.0,2026-04-30,188740345,8021,Investment Management Nepal Pvt. Ltd.,Sweta Securities Private Limited,2026-04-30 13:53:35.528590,Sahas Urja Limited
2026043005010324,SAHAS,53,38,165,617.0,101805.0,2026-04-30,188740347,8021,Investment Management Nepal Pvt. Ltd.,Dipshikha Dhitopatra Karobar Co. Pvt Ltd.,2026-04-30 13:53:35.529096,Sahas Urja Limited
2026043005010325,SAHAS,53,45,13,617.0,8021.0,2026-04-30,188740349,8021,Investment Management Nepal Pvt. Ltd.,Imperial Securities Company Pvt. Ltd.,2026-04-30 13:53:35.529592,Sahas Urja Limited
2026043005010326,SAHAS,53,42,13,617.0,8021.0,2026-04-30,188740351,8021,Investment Management Nepal Pvt. Ltd.,Sani Securities Company Ltd.,2026-04-30 13:53:35.530054,Sahas Urja Limited
2026043005010327,SAHAS,53,58,13,617.0,8021.0,2026-04-30,188740353,8021,Investment Management Nepal Pvt. Ltd.,Naasa Securities Co. Ltd.,2026-04-30 13:53:35.530553,Sahas Urja Limited
2026043005010330,SAHAS,7,17,3,610.0,1830.0,2026-04-30,188740385,8021,J.F. Securites (PVT) Ltd.,ABC Securities Private Limited,2026-04-30 13:53:43.435963,Sahas Urja Limited
2026043005010341,SAHAS,53,25,24,617.0,14808.0,2026-04-30,188740601,8021,Investment Management Nepal Pvt. Ltd.,Sweta Securities Private Limited,2026-04-30 13:54:11.675832,Sahas Urja Limited
2026043005010375,SAHAS,58,58,13,617.5,8027.5,2026-04-30,188740955,8021,Naasa Securities Co. Ltd.,Naasa Securities Co. Ltd.,2026-04-30 13:54:59.870958,Sahas Urja Limited
2026043005010386,SAHAS,58,25,13,617.5,8027.5,2026-04-30,188741117,8021,Naasa Securities Co. Ltd.,Sweta Securities Private Limited,2026-04-30 13:55:18.966563,Sahas Urja Limited
2026043005010387,SAHAS,58,13,12,617.5,7410.0,2026-04-30,188741120,8021,Naasa Securities Co. Ltd.,Thrive Brokerage House Pvt. Ltd,2026-04-30 13:55:18.967283,Sahas Urja Limited
2026043005010406,SAHAS,53,34,120,617.0,74040.0,2026-04-30,188741277,8021,Investment Management Nepal Pvt. Ltd.,Vision Securities Pvt. Ltd,2026-04-30 13:55:44.746668,Sahas Urja Limited
2026043005010440,SAHAS,77,38,13,615.5,8001.5,2026-04-30,188741583,8021,Nabil Stock Dealer Ltd.,Dipshikha Dhitopatra Karobar Co. Pvt Ltd.,2026-04-30 13:56:33.844210,Sahas Urja Limited
2026043005010443,SAHAS,58,56,10,616.0,6160.0,2026-04-30,188741642,8021,Naasa Securities Co. Ltd.,Sri Hari Securities Pvt. Ltd.,2026-04-30 13:56:48.698784,Sahas Urja Limited
2026043005010448,SAHAS,58,56,17,616.0,10472.0,2026-04-30,188741704,8021,Naasa Securities Co. Ltd.,Sri Hari Securities Pvt. Ltd.,2026-04-30 13:57:03.549452,Sahas Urja Limited
2026043005010497,SAHAS,77,49,12,615.5,7386.0,2026-04-30,188742217,8021,Nabil Stock Dealer Ltd.,Online Securities Pvt. Ltd.,2026-04-30 13:58:35.822349,Sahas Urja Limited
2026043005010568,SAHAS,54,58,8,614.5,4916.0,2026-04-30,188742891,8021,Sewa Securities Pvt. Ltd.,Naasa Securities Co. Ltd.,2026-04-30 14:00:06.583738,Sahas Urja Limited
2026043005010626,SAHAS,48,56,145,616.0,89320.0,2026-04-30,188743334,8021,Trishakti Securities Public Limited,Sri Hari Securities Pvt. Ltd.,2026-04-30 14:00:59.830550,Sahas Urja Limited
2026043005010651,SAHAS,58,56,42,616.0,25872.0,2026-04-30,188743450,8021,Naasa Securities Co. Ltd.,Sri Hari Securities Pvt. Ltd.,2026-04-30 14:01:09.296021,Sahas Urja Limited
2026043005010732,SAHAS,17,13,30,615.9,18477.0,2026-04-30,188744211,8021,ABC Securities Private Limited,Thrive Brokerage House Pvt. Ltd,2026-04-30 14:02:51.821199,Sahas Urja Limited
2026043005010815,SAHAS,53,56,1286,616.0,792176.0,2026-04-30,188744845,8021,Investment Management Nepal Pvt. Ltd.,Sri Hari Securities Pvt. Ltd.,2026-04-30 14:03:54.950075,Sahas Urja Limited
2026043005010816,SAHAS,53,58,214,616.0,131824.0,2026-04-30,188744849,8021,Investment Management Nepal Pvt. Ltd.,Naasa Securities Co. Ltd.,2026-04-30 14:03:54.950494,Sahas Urja Limited
2026043005010880,SAHAS,53,41,3,617.0,1851.0,2026-04-30,188745367,8021,Investment Management Nepal Pvt. Ltd.,Linch Stock Market Ltd.,2026-04-30 14:05:03.984297,Sahas Urja Limited
2026043005010881,SAHAS,17,58,13,615.9,8006.7,2026-04-30,188745369,8021,ABC Securities Private Limited,Naasa Securities Co. Ltd.,2026-04-30 14:05:04.333893,Sahas Urja Limited
2026043005010887,SAHAS,77,58,13,615.5,8001.5,2026-04-30,188745411,8021,Nabil Stock Dealer Ltd.,Naasa Securities Co. Ltd.,2026-04-30 14:05:13.359246,Sahas Urja Limited
2026043005010930,SAHAS,22,58,20,616.0,12320.0,2026-04-30,188745888,8021,Siprabi Securities Pvt. Ltd.,Naasa Securities Co. Ltd.,2026-04-30 14:06:05.989787,Sahas Urja Limited
2026043005011014,SAHAS,58,58,20,616.0,12320.0,2026-04-30,188746598,8021,Naasa Securities Co. Ltd.,Naasa Securities Co. Ltd.,2026-04-30 14:08:01.037937,Sahas Urja Limited
2026043005011068,SAHAS,17,58,10,616.0,6160.0,2026-04-30,188746986,8021,ABC Securities Private Limited,Naasa Securities Co. Ltd.,2026-04-30 14:09:21.187556,Sahas Urja Limited
2026043005011116,SAHAS,58,58,20,616.0,12320.0,2026-04-30,188747326,8021,Naasa Securities Co. Ltd.,Naasa Securities Co. Ltd.,2026-04-30 14:10:08.980201,Sahas Urja Limited
2026043005011121,SAHAS,77,58,12,615.5,7386.0,2026-04-30,188747410,8021,Nabil Stock Dealer Ltd.,Naasa Securities Co. Ltd.,2026-04-30 14:10:21.157275,Sahas Urja Limited
2026043005011122,SAHAS,42,58,15,615.5,9232.5,2026-04-30,188747412,8021,Sani Securities Company Ltd.,Naasa Securities Co. Ltd.,2026-04-30 14:10:21.158059,Sahas Urja Limited
2026043005011123,SAHAS,34,58,60,615.2,36912.0,2026-04-30,188747414,8021,Vision Securities Pvt. Ltd,Naasa Securities Co. Ltd.,2026-04-30 14:10:21.158604,Sahas Urja Limited
2026043005011124,SAHAS,34,58,58,615.2,35681.6,2026-04-30,188747416,8021,Vision Securities Pvt. Ltd,Naasa Securities Co. Ltd.,2026-04-30 14:10:21.159108,Sahas Urja Limited
2026043005011125,SAHAS,34,58,44,615.2,27068.8,2026-04-30,188747418,8021,Vision Securities Pvt. Ltd,Naasa Securities Co. Ltd.,2026-04-30 14:10:21.159730,Sahas Urja Limited
2026043005011126,SAHAS,34,58,61,615.2,37527.2,2026-04-30,188747419,8021,Vision Securities Pvt. Ltd,Naasa Securities Co. Ltd.,2026-04-30 14:10:21.160246,Sahas Urja Limited
2026043005011128,SAHAS,42,58,36,616.0,22176.0,2026-04-30,188747485,8021,Sani Securities Company Ltd.,Naasa Securities Co. Ltd.,2026-04-30 14:10:32.995671,Sahas Urja Limited
2026043005011129,SAHAS,42,58,13,616.0,8008.0,2026-04-30,188747487,8021,Sani Securities Company Ltd.,Naasa Securities Co. Ltd.,2026-04-30 14:10:32.996437,Sahas Urja Limited
2026043005011130,SAHAS,42,56,13,616.9,8019.7,2026-04-30,188747489,8021,Sani Securities Company Ltd.,Sri Hari Securities Pvt. Ltd.,2026-04-30 14:10:32.996961,Sahas Urja Limited
2026043005011131,SAHAS,42,28,343,616.9,211596.7,2026-04-30,188747492,8021,Sani Securities Company Ltd.,Shree Krishna Securities Ltd.,2026-04-30 14:10:32.997465,Sahas Urja Limited
2026043005011178,SAHAS,81,50,100,615.3,61530.0,2026-04-30,188747995,8021,Aakashbhairab Securities Ltd.,Cristal Kanchanjanga Securites Pvt. Ltd.,2026-04-30 14:11:47.086360,Sahas Urja Limited
2026043005011181,SAHAS,81,49,10,615.3,6153.0,2026-04-30,188748023,8021,Aakashbhairab Securities Ltd.,Online Securities Pvt. Ltd.,2026-04-30 14:11:52.921188,Sahas Urja Limited
2026043005011217,SAHAS,81,52,13,615.3,7998.9,2026-04-30,188748677,8021,Aakashbhairab Securities Ltd.,Sundhara Securities Limited,2026-04-30 14:13:08.326498,Sahas Urja Limited
2026043005011247,SAHAS,45,76,13,615.6,8002.8,2026-04-30,188748901,8021,Imperial Securities Company Pvt. Ltd.,Machhapuchchhre Securities Limited,2026-04-30 14:13:33.987398,Sahas Urja Limited
2026043005011298,SAHAS,45,49,10,615.6,6156.0,2026-04-30,188749121,8021,Imperial Securities Company Pvt. Ltd.,Online Securities Pvt. Ltd.,2026-04-30 14:14:10.535968,Sahas Urja Limited
2026043005011350,SAHAS,45,58,13,615.4,8000.2,2026-04-30,188749581,8021,Imperial Securities Company Pvt. Ltd.,Naasa Securities Co. Ltd.,2026-04-30 14:15:10.374417,Sahas Urja Limited
2026043005011398,SAHAS,58,58,13,616.4,8013.2,2026-04-30,188750154,8021,Naasa Securities Co. Ltd.,Naasa Securities Co. Ltd.,2026-04-30 14:16:37.618006,Sahas Urja Limited
2026043005011496,SAHAS,58,49,40,616.4,24656.0,2026-04-30,188751044,8021,Naasa Securities Co. Ltd.,Online Securities Pvt. Ltd.,2026-04-30 14:18:54.525627,Sahas Urja Limited
2026043005011517,SAHAS,45,57,250,616.0,154000.0,2026-04-30,188751291,8021,Imperial Securities Company Pvt. Ltd.,Aryatara Investment & Securities,2026-04-30 14:19:29.991955,Sahas Urja Limited
2026043005011562,SAHAS,45,58,13,616.0,8008.0,2026-04-30,188751811,8021,Imperial Securities Company Pvt. Ltd.,Naasa Securities Co. Ltd.,2026-04-30 14:20:25.500052,Sahas Urja Limited
2026043005011565,SAHAS,58,45,64,616.5,39456.0,2026-04-30,188751858,8021,Naasa Securities Co. Ltd.,Imperial Securities Company Pvt. Ltd.,2026-04-30 14:20:29.228789,Sahas Urja Limited
2026043005011618,SAHAS,47,45,20,616.5,12330.0,2026-04-30,188752324,8021,Neev Securities Pvt. Ltd.,Imperial Securities Company Pvt. Ltd.,2026-04-30 14:21:38.576192,Sahas Urja Limited
2026043005011655,SAHAS,58,45,66,616.5,40689.0,2026-04-30,188753462,8021,Naasa Securities Co. Ltd.,Imperial Securities Company Pvt. Ltd.,2026-04-30 14:22:35.226561,Sahas Urja Limited
2026043005011779,SAHAS,45,48,237,616.0,145992.0,2026-04-30,188754844,8021,Imperial Securities Company Pvt. Ltd.,Trishakti Securities Public Limited,2026-04-30 14:25:04.187717,Sahas Urja Limited
2026043005011791,SAHAS,49,48,15,616.0,9240.0,2026-04-30,188754952,8021,Online Securities Pvt. Ltd.,Trishakti Securities Public Limited,2026-04-30 14:25:17.173403,Sahas Urja Limited
2026043005011813,SAHAS,45,48,48,616.0,29568.0,2026-04-30,188755027,8021,Imperial Securities Company Pvt. Ltd.,Trishakti Securities Public Limited,2026-04-30 14:25:29.847497,Sahas Urja Limited
2026043005011814,SAHAS,45,38,10,616.0,6160.0,2026-04-30,188755029,8021,Imperial Securities Company Pvt. Ltd.,Dipshikha Dhitopatra Karobar Co. Pvt Ltd.,2026-04-30 14:25:29.848356,Sahas Urja Limited
2026043005011826,SAHAS,45,58,13,616.0,8008.0,2026-04-30,188755149,8021,Imperial Securities Company Pvt. Ltd.,Naasa Securities Co. Ltd.,2026-04-30 14:25:46.019958,Sahas Urja Limited
2026043005011856,SAHAS,45,40,261,616.0,160776.0,2026-04-30,188755373,8021,Imperial Securities Company Pvt. Ltd.,Creative Securities Pvt Ltd,2026-04-30 14:26:06.484280,Sahas Urja Limited
2026043005011959,SAHAS,63,45,70,616.5,43155.0,2026-04-30,188756052,8021,Himalayan Brokerage Company Limited,Imperial Securities Company Pvt. Ltd.,2026-04-30 14:27:10.793077,Sahas Urja Limited
2026043005012012,SAHAS,49,45,10,616.5,6165.0,2026-04-30,188756660,8021,Online Securities Pvt. Ltd.,Imperial Securities Company Pvt. Ltd.,2026-04-30 14:28:16.736195,Sahas Urja Limited
2026043005012037,SAHAS,57,45,15,616.5,9247.5,2026-04-30,188756864,8021,Aryatara Investment & Securities,Imperial Securities Company Pvt. Ltd.,2026-04-30 14:28:32.932455,Sahas Urja Limited
2026043005012095,SAHAS,81,45,139,616.5,85693.5,2026-04-30,188757461,8021,Aakashbhairab Securities Ltd.,Imperial Securities Company Pvt. Ltd.,2026-04-30 14:29:23.815749,Sahas Urja Limited
2026043005012096,SAHAS,81,58,13,616.5,8014.5,2026-04-30,188757463,8021,Aakashbhairab Securities Ltd.,Naasa Securities Co. Ltd.,2026-04-30 14:29:23.816203,Sahas Urja Limited
2026043005012097,SAHAS,81,13,50,616.8,30840.0,2026-04-30,188757465,8021,Aakashbhairab Securities Ltd.,Thrive Brokerage House Pvt. Ltd,2026-04-30 14:29:23.816399,Sahas Urja Limited
2026043005012098,SAHAS,81,42,13,616.8,8018.4,2026-04-30,188757467,8021,Aakashbhairab Securities Ltd.,Sani Securities Company Ltd.,2026-04-30 14:29:23.816577,Sahas Urja Limited
2026043005012099,SAHAS,81,28,657,616.8,405237.6,2026-04-30,188757469,8021,Aakashbhairab Securities Ltd.,Shree Krishna Securities Ltd.,2026-04-30 14:29:23.816755,Sahas Urja Limited
2026043005012163,SAHAS,45,56,168,616.0,103488.0,2026-04-30,188757998,8021,Imperial Securities Company Pvt. Ltd.,Sri Hari Securities Pvt. Ltd.,2026-04-30 14:30:04.386547,Sahas Urja Limited
2026043005012164,SAHAS,45,56,20,616.0,12320.0,2026-04-30,188758000,8021,Imperial Securities Company Pvt. Ltd.,Sri Hari Securities Pvt. Ltd.,2026-04-30 14:30:04.386975,Sahas Urja Limited
2026043005012248,SAHAS,41,56,205,616.0,126280.0,2026-04-30,188758862,8021,Linch Stock Market Ltd.,Sri Hari Securities Pvt. Ltd.,2026-04-30 14:31:28.161769,Sahas Urja Limited
2026043005012274,SAHAS,75,56,65,616.0,40040.0,2026-04-30,188759109,8021,N.I.M.B. Stock Markets Limited,Sri Hari Securities Pvt. Ltd.,2026-04-30 14:31:52.867468,Sahas Urja Limited
2026043005012275,SAHAS,75,14,121,617.0,74657.0,2026-04-30,188759111,8021,N.I.M.B. Stock Markets Limited,Nepal Stock House (PVT) Ltd.,2026-04-30 14:31:52.868241,Sahas Urja Limited
2026043005012276,SAHAS,75,49,39,617.0,24063.0,2026-04-30,188759113,8021,N.I.M.B. Stock Markets Limited,Online Securities Pvt. Ltd.,2026-04-30 14:31:52.868799,Sahas Urja Limited
2026043005012277,SAHAS,75,22,10,617.0,6170.0,2026-04-30,188759115,8021,N.I.M.B. Stock Markets Limited,Siprabi Securities Pvt. Ltd.,2026-04-30 14:31:52.869351,Sahas Urja Limited
2026043005012278,SAHAS,75,58,165,617.0,101805.0,2026-04-30,188759118,8021,N.I.M.B. Stock Markets Limited,Naasa Securities Co. Ltd.,2026-04-30 14:31:52.869858,Sahas Urja Limited
2026043005012455,SAHAS,45,58,13,615.4,8000.2,2026-04-30,188761179,8021,Imperial Securities Company Pvt. Ltd.,Naasa Securities Co. Ltd.,2026-04-30 14:34:41.292812,Sahas Urja Limited
2026043005012510,SAHAS,3,34,19,617.0,11723.0,2026-04-30,188761686,8021,Arun Securities (PVT) Ltd.,Vision Securities Pvt. Ltd,2026-04-30 14:35:41.260221,Sahas Urja Limited
2026043005012522,SAHAS,63,34,291,617.0,179547.0,2026-04-30,188761815,8021,Himalayan Brokerage Company Limited,Vision Securities Pvt. Ltd,2026-04-30 14:35:55.560894,Sahas Urja Limited
2026043005012539,SAHAS,10,72,10,617.0,6170.0,2026-04-30,188762007,8021,Pragyan Securities (PVT) Ltd.,Hatemalo Financial Services Private Limited,2026-04-30 14:36:13.723423,Sahas Urja Limited
2026043005012545,SAHAS,63,13,30,617.5,18525.0,2026-04-30,188762122,8021,Himalayan Brokerage Company Limited,Thrive Brokerage House Pvt. Ltd,2026-04-30 14:36:23.530132,Sahas Urja Limited
2026043005012567,SAHAS,26,28,65,617.5,40137.5,2026-04-30,188762424,8021,Asian Securities Private Ltd.,Shree Krishna Securities Ltd.,2026-04-30 14:36:43.243611,Sahas Urja Limited
2026043005012628,SAHAS,63,28,100,617.5,61750.0,2026-04-30,188763018,8021,Himalayan Brokerage Company Limited,Shree Krishna Securities Ltd.,2026-04-30 14:37:42.232335,Sahas Urja Limited
2026043005012652,SAHAS,58,28,10,617.5,6175.0,2026-04-30,188763188,8021,Naasa Securities Co. Ltd.,Shree Krishna Securities Ltd.,2026-04-30 14:37:57.961829,Sahas Urja Limited
2026043005012681,SAHAS,45,28,825,617.1,509107.5,2026-04-30,188763369,8021,Imperial Securities Company Pvt. Ltd.,Shree Krishna Securities Ltd.,2026-04-30 14:38:13.010622,Sahas Urja Limited
2026043005012704,SAHAS,10,7,13,617.5,8027.5,2026-04-30,188763653,8021,Pragyan Securities (PVT) Ltd.,J.F. Securites (PVT) Ltd.,2026-04-30 14:38:37.995590,Sahas Urja Limited
2026043005012721,SAHAS,51,38,100,617.8,61780.0,2026-04-30,188763793,8021,Oxford Securities Pvt. Ltd.,Dipshikha Dhitopatra Karobar Co. Pvt Ltd.,2026-04-30 14:38:49.055198,Sahas Urja Limited
2026043005012722,SAHAS,51,56,400,617.9,247160.0,2026-04-30,188763796,8021,Oxford Securities Pvt. Ltd.,Sri Hari Securities Pvt. Ltd.,2026-04-30 14:38:49.055666,Sahas Urja Limited
2026043005012936,SAHAS,45,17,34,617.6,20998.4,2026-04-30,188765741,8021,Imperial Securities Company Pvt. Ltd.,ABC Securities Private Limited,2026-04-30 14:41:19.887634,Sahas Urja Limited
2026043005013019,SAHAS,45,49,13,617.6,8028.8,2026-04-30,188766381,8021,Imperial Securities Company Pvt. Ltd.,Online Securities Pvt. Ltd.,2026-04-30 14:42:06.010989,Sahas Urja Limited
2026043005013087,SAHAS,45,49,65,617.6,40144.0,2026-04-30,188766847,8021,Imperial Securities Company Pvt. Ltd.,Online Securities Pvt. Ltd.,2026-04-30 14:42:40.123637,Sahas Urja Limited
2026043005013238,SAHAS,45,58,13,617.6,8028.8,2026-04-30,188767997,8021,Imperial Securities Company Pvt. Ltd.,Naasa Securities Co. Ltd.,2026-04-30 14:44:27.236911,Sahas Urja Limited
2026043005013354,SAHAS,45,59,58,617.6,35820.8,2026-04-30,188769059,8021,Imperial Securities Company Pvt. Ltd.,Deevyaa Securities & Stock House Pvt. Ltd,2026-04-30 14:46:21.192420,Sahas Urja Limited
2026043005013355,SAHAS,45,4,50,617.6,30880.0,2026-04-30,188769091,8021,Imperial Securities Company Pvt. Ltd.,Opal Securities Investment (PVT) Ltd.,2026-04-30 14:46:23.075270,Sahas Urja Limited
2026043005013356,SAHAS,54,48,3,615.0,1845.0,2026-04-30,188769093,8021,Sewa Securities Pvt. Ltd.,Trishakti Securities Public Limited,2026-04-30 14:46:23.118795,Sahas Urja Limited
2026043005013434,SAHAS,45,45,13,617.6,8028.8,2026-04-30,188770129,8021,Imperial Securities Company Pvt. Ltd.,Imperial Securities Company Pvt. Ltd.,2026-04-30 14:47:49.627591,Sahas Urja Limited
2026043005013467,SAHAS,67,39,300,617.7,185310.0,2026-04-30,188770525,8021,Property Wiard Limited,Sumeru Securities Pvt. Ltd.,2026-04-30 14:48:25.852375,Sahas Urja Limited
2026043005013484,SAHAS,45,10,300,617.6,185280.0,2026-04-30,188770687,8021,Imperial Securities Company Pvt. Ltd.,Pragyan Securities (PVT) Ltd.,2026-04-30 14:48:43.114149,Sahas Urja Limited
2026043005013545,SAHAS,10,53,261,617.8,161245.8,2026-04-30,188771118,8021,Pragyan Securities (PVT) Ltd.,Investment Management Nepal Pvt. Ltd.,2026-04-30 14:49:13.603353,Sahas Urja Limited
2026043005013546,SAHAS,57,53,15,617.8,9267.0,2026-04-30,188771126,8021,Aryatara Investment & Securities,Investment Management Nepal Pvt. Ltd.,2026-04-30 14:49:14.340111,Sahas Urja Limited
2026043005013591,SAHAS,45,52,13,617.6,8028.8,2026-04-30,188771467,8021,Imperial Securities Company Pvt. Ltd.,Sundhara Securities Limited,2026-04-30 14:49:36.196912,Sahas Urja Limited
2026043005013662,SAHAS,45,49,13,617.6,8028.8,2026-04-30,188772309,8021,Imperial Securities Company Pvt. Ltd.,Online Securities Pvt. Ltd.,2026-04-30 14:50:44.097155,Sahas Urja Limited
2026043005013668,SAHAS,21,53,80,617.8,49424.0,2026-04-30,188772406,8021,Midas Stock Broking Company Private Limited,Investment Management Nepal Pvt. Ltd.,2026-04-30 14:50:51.283196,Sahas Urja Limited
2026043005013695,SAHAS,45,13,92,617.6,56819.2,2026-04-30,188772613,8021,Imperial Securities Company Pvt. Ltd.,Thrive Brokerage House Pvt. Ltd,2026-04-30 14:51:09.623447,Sahas Urja Limited
2026043005013731,SAHAS,45,11,50,617.6,30880.0,2026-04-30,188773149,8021,Imperial Securities Company Pvt. Ltd.,Malla & Malla Stock Broking Company Pvt. Limited,2026-04-30 14:51:48.115058,Sahas Urja Limited
2026043005013732,SAHAS,4,53,144,617.8,88963.2,2026-04-30,188773153,8021,Opal Securities Investment (PVT) Ltd.,Investment Management Nepal Pvt. Ltd.,2026-04-30 14:51:48.971858,Sahas Urja Limited
2026043005013733,SAHAS,4,56,100,617.9,61790.0,2026-04-30,188773155,8021,Opal Securities Investment (PVT) Ltd.,Sri Hari Securities Pvt. Ltd.,2026-04-30 14:51:48.972281,Sahas Urja Limited
2026043005013734,SAHAS,4,34,100,617.9,61790.0,2026-04-30,188773157,8021,Opal Securities Investment (PVT) Ltd.,Vision Securities Pvt. Ltd,2026-04-30 14:51:48.972535,Sahas Urja Limited
2026043005013735,SAHAS,4,8,111,617.9,68586.9,2026-04-30,188773160,8021,Opal Securities Investment (PVT) Ltd.,Brilliant Securities Pvt. Ltd.,2026-04-30 14:51:48.972772,Sahas Urja Limited
2026043005013808,SAHAS,39,56,100,617.7,61770.0,2026-04-30,188773824,8021,Sumeru Securities Pvt. Ltd.,Sri Hari Securities Pvt. Ltd.,2026-04-30 14:52:41.502362,Sahas Urja Limited
2026043005013809,SAHAS,45,56,12,617.6,7411.2,2026-04-30,188773826,8021,Imperial Securities Company Pvt. Ltd.,Sri Hari Securities Pvt. Ltd.,2026-04-30 14:52:41.502751,Sahas Urja Limited
2026043005013810,SAHAS,49,56,55,617.0,33935.0,2026-04-30,188773828,8021,Online Securities Pvt. Ltd.,Sri Hari Securities Pvt. Ltd.,2026-04-30 14:52:41.502937,Sahas Urja Limited
2026043005013811,SAHAS,42,56,10,617.0,6170.0,2026-04-30,188773830,8021,Sani Securities Company Ltd.,Sri Hari Securities Pvt. Ltd.,2026-04-30 14:52:41.503117,Sahas Urja Limited
2026043005013812,SAHAS,41,56,129,616.0,79464.0,2026-04-30,188773832,8021,Linch Stock Market Ltd.,Sri Hari Securities Pvt. Ltd.,2026-04-30 14:52:41.503297,Sahas Urja Limited
2026043005013813,SAHAS,49,56,25,616.0,15400.0,2026-04-30,188773834,8021,Online Securities Pvt. Ltd.,Sri Hari Securities Pvt. Ltd.,2026-04-30 14:52:41.503491,Sahas Urja Limited
2026043005013932,SAHAS,52,56,14,616.0,8624.0,2026-04-30,188774846,8021,Sundhara Securities Limited,Sri Hari Securities Pvt. Ltd.,2026-04-30 14:53:40.421138,Sahas Urja Limited
2026043005013952,SAHAS,45,56,500,616.0,308000.0,2026-04-30,188775092,8021,Imperial Securities Company Pvt. Ltd.,Sri Hari Securities Pvt. Ltd.,2026-04-30 14:53:58.920773,Sahas Urja Limited
2026043005013992,SAHAS,92,56,1155,616.0,711480.0,2026-04-30,188775399,8021,Roadshow securities limited,Sri Hari Securities Pvt. Ltd.,2026-04-30 14:54:13.947808,Sahas Urja Limited
2026043005013993,SAHAS,92,13,500,616.0,308000.0,2026-04-30,188775402,8021,Roadshow securities limited,Thrive Brokerage House Pvt. Ltd,2026-04-30 14:54:13.948224,Sahas Urja Limited
2026043005013998,SAHAS,54,34,3,615.0,1845.0,2026-04-30,188775441,8021,Sewa Securities Pvt. Ltd.,Vision Securities Pvt. Ltd,2026-04-30 14:54:15.731529,Sahas Urja Limited
2026043005014026,SAHAS,41,48,10,616.0,6160.0,2026-04-30,188775622,8021,Linch Stock Market Ltd.,Trishakti Securities Public Limited,2026-04-30 14:54:24.971785,Sahas Urja Limited
2026043005014053,SAHAS,45,48,290,615.5,178495.0,2026-04-30,188775907,8021,Imperial Securities Company Pvt. Ltd.,Trishakti Securities Public Limited,2026-04-30 14:54:39.968611,Sahas Urja Limited
2026043005014082,SAHAS,54,17,13,616.0,8008.0,2026-04-30,188776191,8021,Sewa Securities Pvt. Ltd.,ABC Securities Private Limited,2026-04-30 14:54:53.386694,Sahas Urja Limited
2026043005014083,SAHAS,54,49,130,617.6,80288.0,2026-04-30,188776193,8021,Sewa Securities Pvt. Ltd.,Online Securities Pvt. Ltd.,2026-04-30 14:54:53.387084,Sahas Urja Limited
2026043005014178,SAHAS,42,40,20,617.0,12340.0,2026-04-30,188777032,8021,Sani Securities Company Ltd.,Creative Securities Pvt Ltd,2026-04-30 14:55:40.996603,Sahas Urja Limited
2026043005014387,SAHAS,21,40,16,617.0,9872.0,2026-04-30,188778650,8021,Midas Stock Broking Company Private Limited,Creative Securities Pvt Ltd,2026-04-30 14:56:52.598909,Sahas Urja Limited
2026043005014423,SAHAS,35,59,100,615.6,61560.0,2026-04-30,188778859,8021,Kohinoor Investment & Securities Pvt. Ltd.,Deevyaa Securities & Stock House Pvt. Ltd,2026-04-30 14:57:00.779803,Sahas Urja Limited
2026043005014590,SAHAS,7,52,3,600.0,1800.0,2026-04-30,188780215,8021,J.F. Securites (PVT) Ltd.,Sundhara Securities Limited,2026-04-30 14:57:50.565792,Sahas Urja Limited
2026043005014616,SAHAS,49,22,13,615.7,8004.1,2026-04-30,188780357,8021,Online Securities Pvt. Ltd.,Siprabi Securities Pvt. Ltd.,2026-04-30 14:57:57.356636,Sahas Urja Limited
2026043005014672,SAHAS,45,57,13,616.0,8008.0,2026-04-30,188780973,8021,Imperial Securities Company Pvt. Ltd.,Aryatara Investment & Securities,2026-04-30 14:58:16.812709,Sahas Urja Limited
2026043005014713,SAHAS,45,40,197,616.0,121352.0,2026-04-30,188781491,8021,Imperial Securities Company Pvt. Ltd.,Creative Securities Pvt Ltd,2026-04-30 14:58:35.893368,Sahas Urja Limited
2026043005014714,SAHAS,11,40,16,616.0,9856.0,2026-04-30,188781493,8021,Malla & Malla Stock Broking Company Pvt. Limited,Creative Securities Pvt Ltd,2026-04-30 14:58:35.893763,Sahas Urja Limited
2026043005014715,SAHAS,58,40,52,616.0,32032.0,2026-04-30,188781495,8021,Naasa Securities Co. Ltd.,Creative Securities Pvt Ltd,2026-04-30 14:58:35.893957,Sahas Urja Limited
2026043005014723,SAHAS,11,40,100,616.0,61600.0,2026-04-30,188781614,8021,Malla & Malla Stock Broking Company Pvt. Limited,Creative Securities Pvt Ltd,2026-04-30 14:58:39.337308,Sahas Urja Limited
2026043005014762,SAHAS,49,39,13,615.7,8004.1,2026-04-30,188781947,8021,Online Securities Pvt. Ltd.,Sumeru Securities Pvt. Ltd.,2026-04-30 14:58:47.763704,Sahas Urja Limited
2026043005014796,SAHAS,49,45,60,615.7,36942.0,2026-04-30,188782253,8021,Online Securities Pvt. Ltd.,Imperial Securities Company Pvt. Ltd.,2026-04-30 14:58:57.210639,Sahas Urja Limited
2026043005014846,SAHAS,58,40,25,616.0,15400.0,2026-04-30,188782778,8021,Naasa Securities Co. Ltd.,Creative Securities Pvt Ltd,2026-04-30 14:59:11.724198,Sahas Urja Limited
2026043005014874,SAHAS,42,59,10,615.8,6158.0,2026-04-30,188783010,8021,Sani Securities Company Ltd.,Deevyaa Securities & Stock House Pvt. Ltd,2026-04-30 14:59:16.298635,Sahas Urja Limited
2026043005014875,SAHAS,6,59,90,615.8,55422.0,2026-04-30,188783011,8021,Agrawal Securities (PVT) Ltd.,Deevyaa Securities & Stock House Pvt. Ltd,2026-04-30 14:59:16.298997,Sahas Urja Limited
2026043005014906,SAHAS,49,40,74,616.0,45584.0,2026-04-30,188783265,8021,Online Securities Pvt. Ltd.,Creative Securities Pvt Ltd,2026-04-30 14:59:20.601118,Sahas Urja Limited
2026043005014907,SAHAS,49,38,50,616.0,30800.0,2026-04-30,188783267,8021,Online Securities Pvt. Ltd.,Dipshikha Dhitopatra Karobar Co. Pvt Ltd.,2026-04-30 14:59:20.601481,Sahas Urja Limited
