contract_id,symbol,buyer_member_id,seller_member_id,volume,price,amount,buyer_broker,seller_broker,transaction_time
2026043001000002,SBL,82,4,70,368.0,25760.0,N.M.B. SECURITIES LIMITED,Opal Securities Investment (PVT) Ltd.,2026-04-30 10:46:00.046231
2026043001000003,SBL,82,52,17,368.0,6256.0,N.M.B. SECURITIES LIMITED,Sundhara Securities Limited,2026-04-30 10:46:00.046259
2026043001005807,SBL,75,28,1000,380.0,380000.0,N.I.M.B. Stock Markets Limited,Shree Krishna Securities Ltd.,2026-04-30 11:25:09.385112
2026043001006661,SBL,32,34,40,391.0,15640.0,Premier Securities Company Ltd.,Vision Securities Pvt. Ltd,2026-04-30 11:28:20.322588
2026043001006765,SBL,81,34,200,391.0,78200.0,Aakashbhairab Securities Ltd.,Vision Securities Pvt. Ltd,2026-04-30 11:28:47.490955
2026043001008103,SBL,29,40,100,389.9,38990.0,Trisul Securities & Invt. Ltd.,Creative Securities Pvt Ltd,2026-04-30 11:34:54.219817
2026043001009023,SBL,34,45,109,386.0,42074.0,Vision Securities Pvt. Ltd,Imperial Securities Company Pvt. Ltd.,2026-04-30 11:40:16.227129
2026043001011836,SBL,42,43,124,386.1,47876.4,Sani Securities Company Ltd.,South Asian Bulls Pvt. Ltd.,2026-04-30 11:55:39.469495
2026043001011837,SBL,34,43,106,386.0,40916.0,Vision Securities Pvt. Ltd,South Asian Bulls Pvt. Ltd.,2026-04-30 11:55:39.469861
2026043001011838,SBL,19,43,500,386.0,193000.0,Nepal Investment And Securities Trading Private Limited,South Asian Bulls Pvt. Ltd.,2026-04-30 11:55:39.470118
2026043001012631,SBL,58,10,50,386.0,19300.0,Naasa Securities Co. Ltd.,Pragyan Securities (PVT) Ltd.,2026-04-30 12:00:07.772360
2026043001012632,SBL,38,10,500,386.0,193000.0,Dipshikha Dhitopatra Karobar Co. Pvt Ltd.,Pragyan Securities (PVT) Ltd.,2026-04-30 12:00:07.772726
2026043001012633,SBL,74,10,300,385.1,115530.0,KALASH STOCK MARKET PVT. LTD.,Pragyan Securities (PVT) Ltd.,2026-04-30 12:00:07.772974
2026043001012634,SBL,14,10,40,385.1,15404.0,Nepal Stock House (PVT) Ltd.,Pragyan Securities (PVT) Ltd.,2026-04-30 12:00:07.773230
2026043001012635,SBL,14,10,100,385.0,38500.0,Nepal Stock House (PVT) Ltd.,Pragyan Securities (PVT) Ltd.,2026-04-30 12:00:07.773460
2026043001012636,SBL,35,10,10,385.0,3850.0,Kohinoor Investment & Securities Pvt. Ltd.,Pragyan Securities (PVT) Ltd.,2026-04-30 12:00:07.773695
2026043001012682,SBL,35,10,90,385.0,34650.0,Kohinoor Investment & Securities Pvt. Ltd.,Pragyan Securities (PVT) Ltd.,2026-04-30 12:00:19.603556
2026043001012683,SBL,43,10,250,385.0,96250.0,South Asian Bulls Pvt. Ltd.,Pragyan Securities (PVT) Ltd.,2026-04-30 12:00:19.603889
2026043001012684,SBL,1,10,500,385.0,192500.0,Kumari Securities Private Limited,Pragyan Securities (PVT) Ltd.,2026-04-30 12:00:19.604126
2026043001012685,SBL,1,10,160,385.0,61600.0,Kumari Securities Private Limited,Pragyan Securities (PVT) Ltd.,2026-04-30 12:00:19.604333
2026043001012737,SBL,1,7,51,385.0,19635.0,Kumari Securities Private Limited,J.F. Securites (PVT) Ltd.,2026-04-30 12:00:41.883513
2026043001012770,SBL,1,59,700,385.0,269500.0,Kumari Securities Private Limited,Deevyaa Securities & Stock House Pvt. Ltd,2026-04-30 12:00:58.390651
2026043001014125,SBL,45,74,48,385.2,18489.6,Imperial Securities Company Pvt. Ltd.,KALASH STOCK MARKET PVT. LTD.,2026-04-30 12:09:16.546318
2026043001014126,SBL,1,74,152,385.0,58520.0,Kumari Securities Private Limited,KALASH STOCK MARKET PVT. LTD.,2026-04-30 12:09:16.546438
2026043001014283,SBL,28,29,25,386.5,9662.5,Shree Krishna Securities Ltd.,Trisul Securities & Invt. Ltd.,2026-04-30 12:10:06.092081
2026043001014389,SBL,74,50,50,386.8,19340.0,KALASH STOCK MARKET PVT. LTD.,Cristal Kanchanjanga Securites Pvt. Ltd.,2026-04-30 12:10:46.722870
2026043001014390,SBL,74,85,50,386.8,19340.0,KALASH STOCK MARKET PVT. LTD.,Capital Hub P. Ltd,2026-04-30 12:10:46.723193
2026043001014427,SBL,74,43,100,386.9,38690.0,KALASH STOCK MARKET PVT. LTD.,South Asian Bulls Pvt. Ltd.,2026-04-30 12:11:03.663132
2026043001014557,SBL,42,43,100,386.0,38600.0,Sani Securities Company Ltd.,South Asian Bulls Pvt. Ltd.,2026-04-30 12:11:55.718488
2026043001014833,SBL,13,43,500,386.0,193000.0,Thrive Brokerage House Pvt. Ltd,South Asian Bulls Pvt. Ltd.,2026-04-30 12:13:35.704483
2026043001014876,SBL,1,1,2537,385.0,976745.0,Kumari Securities Private Limited,Kumari Securities Private Limited,2026-04-30 12:13:48.859828
2026043001014877,SBL,29,1,205,385.0,78925.0,Trisul Securities & Invt. Ltd.,Kumari Securities Private Limited,2026-04-30 12:13:48.860003
2026043001014878,SBL,35,1,500,385.0,192500.0,Kohinoor Investment & Securities Pvt. Ltd.,Kumari Securities Private Limited,2026-04-30 12:13:48.860088
2026043001014879,SBL,13,1,958,385.0,368830.0,Thrive Brokerage House Pvt. Ltd,Kumari Securities Private Limited,2026-04-30 12:13:48.860158
2026043001015038,SBL,56,43,3570,386.0,1378020.0,Sri Hari Securities Pvt. Ltd.,South Asian Bulls Pvt. Ltd.,2026-04-30 12:14:52.572142
2026043001015039,SBL,56,49,58,386.0,22388.0,Sri Hari Securities Pvt. Ltd.,Online Securities Pvt. Ltd.,2026-04-30 12:14:52.572478
2026043001015040,SBL,56,1,4372,386.0,1687592.0,Sri Hari Securities Pvt. Ltd.,Kumari Securities Private Limited,2026-04-30 12:14:52.572682
2026043001015734,SBL,11,38,1,386.0,386.0,Malla & Malla Stock Broking Company Pvt. Limited,Dipshikha Dhitopatra Karobar Co. Pvt Ltd.,2026-04-30 12:18:59.429156
2026043001016282,SBL,34,1,100,386.0,38600.0,Vision Securities Pvt. Ltd,Kumari Securities Private Limited,2026-04-30 12:22:51.164640
2026043001016541,SBL,88,1,10,386.0,3860.0,Blue Chip Securities Ltd,Kumari Securities Private Limited,2026-04-30 12:24:34.209885
2026043001016576,SBL,13,14,42,385.0,16170.0,Thrive Brokerage House Pvt. Ltd,Nepal Stock House (PVT) Ltd.,2026-04-30 12:24:50.594291
2026043001016577,SBL,1,14,100,383.0,38300.0,Kumari Securities Private Limited,Nepal Stock House (PVT) Ltd.,2026-04-30 12:24:50.594609
2026043001016578,SBL,58,14,25,383.0,9575.0,Naasa Securities Co. Ltd.,Nepal Stock House (PVT) Ltd.,2026-04-30 12:24:50.594830
2026043001016579,SBL,63,14,630,383.0,241290.0,Himalayan Brokerage Company Limited,Nepal Stock House (PVT) Ltd.,2026-04-30 12:24:50.595062
2026043001016580,SBL,4,14,1950,382.1,745095.0,Opal Securities Investment (PVT) Ltd.,Nepal Stock House (PVT) Ltd.,2026-04-30 12:24:50.595255
2026043001016581,SBL,25,14,150,382.0,57300.0,Sweta Securities Private Limited,Nepal Stock House (PVT) Ltd.,2026-04-30 12:24:50.595489
2026043001016582,SBL,1,14,300,382.0,114600.0,Kumari Securities Private Limited,Nepal Stock House (PVT) Ltd.,2026-04-30 12:24:50.595697
2026043001016583,SBL,49,14,10,382.0,3820.0,Online Securities Pvt. Ltd.,Nepal Stock House (PVT) Ltd.,2026-04-30 12:24:50.595904
2026043001016584,SBL,94,14,1282,382.0,489724.0,K.B.L. Securities Limited ,Nepal Stock House (PVT) Ltd.,2026-04-30 12:24:50.596132
2026043001017190,SBL,42,49,22,385.9,8489.8,Sani Securities Company Ltd.,Online Securities Pvt. Ltd.,2026-04-30 12:28:28.390137
2026043001017191,SBL,42,1,38,386.0,14668.0,Sani Securities Company Ltd.,Kumari Securities Private Limited,2026-04-30 12:28:28.390314
2026043001018765,SBL,42,57,18,385.0,6930.0,Sani Securities Company Ltd.,Aryatara Investment & Securities,2026-04-30 12:39:36.606230
2026043001019084,SBL,42,1,82,385.0,31570.0,Sani Securities Company Ltd.,Kumari Securities Private Limited,2026-04-30 12:42:26.539148
2026043001019085,SBL,54,1,18,385.0,6930.0,Sewa Securities Pvt. Ltd.,Kumari Securities Private Limited,2026-04-30 12:42:26.539492
2026043001019200,SBL,54,49,46,385.0,17710.0,Sewa Securities Pvt. Ltd.,Online Securities Pvt. Ltd.,2026-04-30 12:43:23.361921
2026043001019964,SBL,41,1,50,386.0,19300.0,Linch Stock Market Ltd.,Kumari Securities Private Limited,2026-04-30 12:46:18.788196
2026043001022776,SBL,58,1,150,386.0,57900.0,Naasa Securities Co. Ltd.,Kumari Securities Private Limited,2026-04-30 13:01:08.606710
2026043001022882,SBL,54,1,36,386.0,13896.0,Sewa Securities Pvt. Ltd.,Kumari Securities Private Limited,2026-04-30 13:01:52.037402
2026043001023032,SBL,34,101,900,385.5,346950.0,Vision Securities Pvt. Ltd,APPLE SECURITIES PRIVATE LIMITED,2026-04-30 13:02:39.635384
2026043001023033,SBL,49,101,130,385.2,50076.0,Online Securities Pvt. Ltd.,APPLE SECURITIES PRIVATE LIMITED,2026-04-30 13:02:39.635423
2026043001023034,SBL,34,101,130,385.1,50063.0,Vision Securities Pvt. Ltd,APPLE SECURITIES PRIVATE LIMITED,2026-04-30 13:02:39.635450
2026043001023035,SBL,88,101,840,385.1,323484.0,Blue Chip Securities Ltd,APPLE SECURITIES PRIVATE LIMITED,2026-04-30 13:02:39.635472
2026043001023874,SBL,14,1,11,386.0,4246.0,Nepal Stock House (PVT) Ltd.,Kumari Securities Private Limited,2026-04-30 13:05:35.057653
2026043001024537,SBL,4,1,233,386.0,89938.0,Opal Securities Investment (PVT) Ltd.,Kumari Securities Private Limited,2026-04-30 13:07:10.064819
2026043001024538,SBL,4,1,2000,386.0,772000.0,Opal Securities Investment (PVT) Ltd.,Kumari Securities Private Limited,2026-04-30 13:07:10.065171
2026043001024539,SBL,4,57,1000,386.0,386000.0,Opal Securities Investment (PVT) Ltd.,Aryatara Investment & Securities,2026-04-30 13:07:10.065389
2026043001024540,SBL,4,10,460,387.0,178020.0,Opal Securities Investment (PVT) Ltd.,Pragyan Securities (PVT) Ltd.,2026-04-30 13:07:10.065599
2026043001024541,SBL,4,41,104,387.0,40248.0,Opal Securities Investment (PVT) Ltd.,Linch Stock Market Ltd.,2026-04-30 13:07:10.065801
2026043001024542,SBL,4,1,1000,387.0,387000.0,Opal Securities Investment (PVT) Ltd.,Kumari Securities Private Limited,2026-04-30 13:07:10.066013
2026043001024543,SBL,4,1,1703,387.0,659061.0,Opal Securities Investment (PVT) Ltd.,Kumari Securities Private Limited,2026-04-30 13:07:10.066243
2026043001024881,SBL,10,1,62,387.0,23994.0,Pragyan Securities (PVT) Ltd.,Kumari Securities Private Limited,2026-04-30 13:08:28.795391
2026043001025206,SBL,58,1,10,387.0,3870.0,Naasa Securities Co. Ltd.,Kumari Securities Private Limited,2026-04-30 13:09:35.918009
2026043001025207,SBL,65,1,225,387.0,87075.0,Sharepro Securities Private Limited,Kumari Securities Private Limited,2026-04-30 13:09:36.197377
2026043001025208,SBL,65,85,50,389.1,19455.0,Sharepro Securities Private Limited,Capital Hub P. Ltd,2026-04-30 13:09:36.197623
2026043001025209,SBL,65,50,50,389.1,19455.0,Sharepro Securities Private Limited,Cristal Kanchanjanga Securites Pvt. Ltd.,2026-04-30 13:09:36.197840
2026043001025210,SBL,65,13,674,389.2,262320.8,Sharepro Securities Private Limited,Thrive Brokerage House Pvt. Ltd,2026-04-30 13:09:36.198072
2026043001025211,SBL,65,13,995,389.3,387353.5,Sharepro Securities Private Limited,Thrive Brokerage House Pvt. Ltd,2026-04-30 13:09:36.198284
2026043001025212,SBL,65,19,4795,389.5,1867652.5,Sharepro Securities Private Limited,Nepal Investment And Securities Trading Private Limited,2026-04-30 13:09:36.198488
2026043001025213,SBL,65,43,3211,389.5,1250684.5,Sharepro Securities Private Limited,South Asian Bulls Pvt. Ltd.,2026-04-30 13:09:36.198694
2026043001025257,SBL,65,43,789,389.5,307315.5,Sharepro Securities Private Limited,South Asian Bulls Pvt. Ltd.,2026-04-30 13:09:49.402777
2026043001025258,SBL,65,40,900,389.9,350910.0,Sharepro Securities Private Limited,Creative Securities Pvt Ltd,2026-04-30 13:09:49.403187
2026043001025259,SBL,65,14,300,389.9,116970.0,Sharepro Securities Private Limited,Nepal Stock House (PVT) Ltd.,2026-04-30 13:09:49.403428
2026043001025260,SBL,65,26,65,390.0,25350.0,Sharepro Securities Private Limited,Asian Securities Private Ltd.,2026-04-30 13:09:49.403672
2026043001025261,SBL,65,38,747,390.0,291330.0,Sharepro Securities Private Limited,Dipshikha Dhitopatra Karobar Co. Pvt Ltd.,2026-04-30 13:09:49.403894
2026043001025262,SBL,65,45,132,390.0,51480.0,Sharepro Securities Private Limited,Imperial Securities Company Pvt. Ltd.,2026-04-30 13:09:49.404117
2026043001025263,SBL,65,50,1067,390.0,416130.0,Sharepro Securities Private Limited,Cristal Kanchanjanga Securites Pvt. Ltd.,2026-04-30 13:09:49.404330
2026043001027848,SBL,45,50,15,390.0,5850.0,Imperial Securities Company Pvt. Ltd.,Cristal Kanchanjanga Securites Pvt. Ltd.,2026-04-30 13:21:57.348548
2026043001028421,SBL,11,14,100,388.0,38800.0,Malla & Malla Stock Broking Company Pvt. Limited,Nepal Stock House (PVT) Ltd.,2026-04-30 13:25:48.216094
2026043001028422,SBL,45,14,100,388.0,38800.0,Imperial Securities Company Pvt. Ltd.,Nepal Stock House (PVT) Ltd.,2026-04-30 13:25:48.216286
2026043001029988,SBL,62,85,50,389.7,19485.0,Capital Max Securities Ltd,Capital Hub P. Ltd,2026-04-30 13:41:58.877485
2026043001030258,SBL,4,50,10,389.7,3897.0,Opal Securities Investment (PVT) Ltd.,Cristal Kanchanjanga Securites Pvt. Ltd.,2026-04-30 13:44:36.136704
2026043001030308,SBL,65,50,40,389.7,15588.0,Sharepro Securities Private Limited,Cristal Kanchanjanga Securites Pvt. Ltd.,2026-04-30 13:45:02.116437
2026043001030309,SBL,65,14,327,389.8,127464.6,Sharepro Securities Private Limited,Nepal Stock House (PVT) Ltd.,2026-04-30 13:45:02.116810
2026043001030310,SBL,65,52,40,389.9,15596.0,Sharepro Securities Private Limited,Sundhara Securities Limited,2026-04-30 13:45:02.117073
2026043001030311,SBL,65,58,1893,389.9,738080.7,Sharepro Securities Private Limited,Naasa Securities Co. Ltd.,2026-04-30 13:45:02.117298
2026043001030411,SBL,54,58,107,389.9,41719.3,Sewa Securities Pvt. Ltd.,Naasa Securities Co. Ltd.,2026-04-30 13:45:58.200868
2026043001030412,SBL,54,50,93,390.0,36270.0,Sewa Securities Pvt. Ltd.,Cristal Kanchanjanga Securites Pvt. Ltd.,2026-04-30 13:45:58.201057
2026043001031040,SBL,38,8,20,387.0,7740.0,Dipshikha Dhitopatra Karobar Co. Pvt Ltd.,Brilliant Securities Pvt. Ltd.,2026-04-30 13:51:01.138465
2026043001031041,SBL,85,8,30,387.0,11610.0,Capital Hub P. Ltd,Brilliant Securities Pvt. Ltd.,2026-04-30 13:51:01.138825
2026043001031043,SBL,85,49,119,387.0,46053.0,Capital Hub P. Ltd,Online Securities Pvt. Ltd.,2026-04-30 13:51:01.573208
2026043001031185,SBL,58,50,10,390.0,3900.0,Naasa Securities Co. Ltd.,Cristal Kanchanjanga Securites Pvt. Ltd.,2026-04-30 13:51:52.180723
2026043001031225,SBL,58,50,10,390.0,3900.0,Naasa Securities Co. Ltd.,Cristal Kanchanjanga Securites Pvt. Ltd.,2026-04-30 13:52:15.356841
2026043001031638,SBL,11,57,3,386.0,1158.0,Malla & Malla Stock Broking Company Pvt. Limited,Aryatara Investment & Securities,2026-04-30 13:55:47.855906
2026043001032030,SBL,85,43,100,387.0,38700.0,Capital Hub P. Ltd,South Asian Bulls Pvt. Ltd.,2026-04-30 13:59:42.772115
2026043001032063,SBL,85,21,51,387.0,19737.0,Capital Hub P. Ltd,Midas Stock Broking Company Private Limited,2026-04-30 14:00:00.019326
2026043001032064,SBL,42,21,67,387.0,25929.0,Sani Securities Company Ltd.,Midas Stock Broking Company Private Limited,2026-04-30 14:00:00.019707
2026043001032344,SBL,42,1,183,387.0,70821.0,Sani Securities Company Ltd.,Kumari Securities Private Limited,2026-04-30 14:02:26.403892
2026043001033182,SBL,58,52,10,389.0,3890.0,Naasa Securities Co. Ltd.,Sundhara Securities Limited,2026-04-30 14:11:15.300287
2026043001033674,SBL,58,58,200,388.8,77760.0,Naasa Securities Co. Ltd.,Naasa Securities Co. Ltd.,2026-04-30 14:15:30.660189
2026043001035177,SBL,51,52,40,387.9,15516.0,Oxford Securities Pvt. Ltd.,Sundhara Securities Limited,2026-04-30 14:25:20.388010
2026043001035643,SBL,51,22,33,388.0,12804.0,Oxford Securities Pvt. Ltd.,Siprabi Securities Pvt. Ltd.,2026-04-30 14:28:33.800993
2026043001035968,SBL,51,58,80,388.8,31104.0,Oxford Securities Pvt. Ltd.,Naasa Securities Co. Ltd.,2026-04-30 14:30:15.412918
2026043001036044,SBL,51,56,120,389.2,46704.0,Oxford Securities Pvt. Ltd.,Sri Hari Securities Pvt. Ltd.,2026-04-30 14:30:51.239552
2026043001036196,SBL,51,14,27,389.3,10511.1,Oxford Securities Pvt. Ltd.,Nepal Stock House (PVT) Ltd.,2026-04-30 14:31:53.474058
2026043001036338,SBL,8,14,50,389.3,19465.0,Brilliant Securities Pvt. Ltd.,Nepal Stock House (PVT) Ltd.,2026-04-30 14:32:48.370086
2026043001036455,SBL,51,14,197,389.3,76692.1,Oxford Securities Pvt. Ltd.,Nepal Stock House (PVT) Ltd.,2026-04-30 14:33:32.480931
2026043001036456,SBL,51,85,100,389.4,38940.0,Oxford Securities Pvt. Ltd.,Capital Hub P. Ltd,2026-04-30 14:33:32.481345
2026043001036457,SBL,51,45,1000,389.4,389400.0,Oxford Securities Pvt. Ltd.,Imperial Securities Company Pvt. Ltd.,2026-04-30 14:33:32.481591
2026043001037117,SBL,65,45,1000,389.4,389400.0,Sharepro Securities Private Limited,Imperial Securities Company Pvt. Ltd.,2026-04-30 14:37:40.957102
2026043001037118,SBL,65,1,5000,389.5,1947500.0,Sharepro Securities Private Limited,Kumari Securities Private Limited,2026-04-30 14:37:40.957491
2026043001037599,SBL,51,37,500,389.5,194750.0,Oxford Securities Pvt. Ltd.,Swarna Laxmi Securities Pvt. Ltd.,2026-04-30 14:40:22.237710
2026043001038520,SBL,57,17,16,389.7,6235.2,Aryatara Investment & Securities,ABC Securities Private Limited,2026-04-30 14:46:57.636552
2026043001039350,SBL,35,85,14,389.7,5455.8,Kohinoor Investment & Securities Pvt. Ltd.,Capital Hub P. Ltd,2026-04-30 14:51:53.135657
2026043001039379,SBL,49,43,200,389.1,77820.0,Online Securities Pvt. Ltd.,South Asian Bulls Pvt. Ltd.,2026-04-30 14:52:08.021539
2026043001039593,SBL,49,53,40,389.1,15564.0,Online Securities Pvt. Ltd.,Investment Management Nepal Pvt. Ltd.,2026-04-30 14:53:04.270991
2026043001039639,SBL,49,10,760,389.1,295716.0,Online Securities Pvt. Ltd.,Pragyan Securities (PVT) Ltd.,2026-04-30 14:53:19.167526
2026043001039640,SBL,1,10,240,389.0,93360.0,Kumari Securities Private Limited,Pragyan Securities (PVT) Ltd.,2026-04-30 14:53:19.167979
2026043001039907,SBL,4,52,800,389.5,311600.0,Opal Securities Investment (PVT) Ltd.,Sundhara Securities Limited,2026-04-30 14:54:26.434044
2026043001040383,SBL,14,54,10,389.5,3895.0,Nepal Stock House (PVT) Ltd.,Sewa Securities Pvt. Ltd.,2026-04-30 14:56:27.247947
2026043001040588,SBL,20,85,36,389.7,14029.2,Sipla Securities Private Limited,Capital Hub P. Ltd,2026-04-30 14:57:05.826592
2026043001040589,SBL,20,5,420,389.7,163674.0,Sipla Securities Private Limited,Market Securities & Exchange (PVT) Ltd.,2026-04-30 14:57:05.826826
2026043001040901,SBL,19,29,100,389.8,38980.0,Nepal Investment And Securities Trading Private Limited,Trisul Securities & Invt. Ltd.,2026-04-30 14:58:17.753056
2026043001041142,SBL,51,29,101,389.8,39369.8,Oxford Securities Pvt. Ltd.,Trisul Securities & Invt. Ltd.,2026-04-30 14:58:48.775546
2026043001041143,SBL,51,85,100,389.9,38990.0,Oxford Securities Pvt. Ltd.,Capital Hub P. Ltd,2026-04-30 14:58:48.775763
2026043001041144,SBL,51,16,549,389.9,214055.1,Oxford Securities Pvt. Ltd.,Primo Securities (PVT) Ltd.,2026-04-30 14:58:48.775872
2026043001041250,SBL,20,58,32,389.7,12470.4,Sipla Securities Private Limited,Naasa Securities Co. Ltd.,2026-04-30 14:59:00.212180
2026043001041574,SBL,42,50,11,390.0,4290.0,Sani Securities Company Ltd.,Cristal Kanchanjanga Securites Pvt. Ltd.,2026-04-30 14:59:30.093338
2026043001041630,SBL,20,1,2512,389.7,978926.4,Sipla Securities Private Limited,Kumari Securities Private Limited,2026-04-30 14:59:36.513586
2026043001041631,SBL,1,1,488,389.0,189832.0,Kumari Securities Private Limited,Kumari Securities Private Limited,2026-04-30 14:59:36.514007
2026043001042023,SBL,85,37,200,389.9,77980.0,Capital Hub P. Ltd,Swarna Laxmi Securities Pvt. Ltd.,2026-04-30 14:59:53.337120
