contractId,stockSymbol,buyerMemberId,sellerMemberId,quantity,rate,amount,businessDate,tradeBookId,stockId,buyerBrokerName,sellerBrokerName,transaction_time,securityName
2026043004000168,SHPC,62,32,30,513.0,15390.0,2026-04-30,188627791,591,Capital Max Securities Ltd,Premier Securities Company Ltd.,2026-04-30 11:03:04.022498,Sanima Mai Hydropower Ltd.
2026043004000170,SHPC,60,32,30,510.0,15300.0,2026-04-30,188627873,591,Nagarik Stock Dealer ,Premier Securities Company Ltd.,2026-04-30 11:03:10.270336,Sanima Mai Hydropower Ltd.
2026043004000465,SHPC,41,25,10,509.0,5090.0,2026-04-30,188630538,591,Linch Stock Market Ltd.,Sweta Securities Private Limited,2026-04-30 11:06:55.677567,Sanima Mai Hydropower Ltd.
2026043004000500,SHPC,53,25,56,509.0,28504.0,2026-04-30,188630894,591,Investment Management Nepal Pvt. Ltd.,Sweta Securities Private Limited,2026-04-30 11:07:25.167182,Sanima Mai Hydropower Ltd.
2026043004000615,SHPC,37,90,200,507.0,101400.0,2026-04-30,188632154,591,Swarna Laxmi Securities Pvt. Ltd.,Sajilo Broker Limited,2026-04-30 11:09:24.299702,Sanima Mai Hydropower Ltd.
2026043004000616,SHPC,16,90,100,507.0,50700.0,2026-04-30,188632155,591,Primo Securities (PVT) Ltd.,Sajilo Broker Limited,2026-04-30 11:09:24.299782,Sanima Mai Hydropower Ltd.
2026043004000626,SHPC,35,67,40,510.0,20400.0,2026-04-30,188632368,591,Kohinoor Investment & Securities Pvt. Ltd.,Property Wiard Limited,2026-04-30 11:09:38.787668,Sanima Mai Hydropower Ltd.
2026043004000798,SHPC,49,67,100,510.0,51000.0,2026-04-30,188634108,591,Online Securities Pvt. Ltd.,Property Wiard Limited,2026-04-30 11:11:52.568198,Sanima Mai Hydropower Ltd.
2026043004000851,SHPC,94,67,10,510.0,5100.0,2026-04-30,188634514,591,K.B.L. Securities Limited ,Property Wiard Limited,2026-04-30 11:12:16.113607,Sanima Mai Hydropower Ltd.
2026043004000852,SHPC,4,67,250,510.0,127500.0,2026-04-30,188634522,591,Opal Securities Investment (PVT) Ltd.,Property Wiard Limited,2026-04-30 11:12:16.897829,Sanima Mai Hydropower Ltd.
2026043004000899,SHPC,56,67,100,509.0,50900.0,2026-04-30,188634860,591,Sri Hari Securities Pvt. Ltd.,Property Wiard Limited,2026-04-30 11:12:43.652720,Sanima Mai Hydropower Ltd.
2026043004000900,SHPC,94,67,10,509.0,5090.0,2026-04-30,188634862,591,K.B.L. Securities Limited ,Property Wiard Limited,2026-04-30 11:12:43.652903,Sanima Mai Hydropower Ltd.
2026043004000944,SHPC,53,67,100,509.0,50900.0,2026-04-30,188635380,591,Investment Management Nepal Pvt. Ltd.,Property Wiard Limited,2026-04-30 11:13:22.434522,Sanima Mai Hydropower Ltd.
2026043004000960,SHPC,4,18,40,508.0,20320.0,2026-04-30,188635579,591,Opal Securities Investment (PVT) Ltd.,Sagarmatha Securities Private Limited,2026-04-30 11:13:34.929738,Sanima Mai Hydropower Ltd.
2026043004001139,SHPC,53,67,100,509.0,50900.0,2026-04-30,188637406,591,Investment Management Nepal Pvt. Ltd.,Property Wiard Limited,2026-04-30 11:15:24.515598,Sanima Mai Hydropower Ltd.
2026043004001167,SHPC,4,36,35,508.0,17780.0,2026-04-30,188637778,591,Opal Securities Investment (PVT) Ltd.,Secured Securities Ltd.,2026-04-30 11:15:50.539138,Sanima Mai Hydropower Ltd.
2026043004001168,SHPC,83,36,15,508.0,7620.0,2026-04-30,188637779,591,Sanima Securities Limited,Secured Securities Ltd.,2026-04-30 11:15:50.539232,Sanima Mai Hydropower Ltd.
2026043004001175,SHPC,6,34,500,507.0,253500.0,2026-04-30,188637840,591,Agrawal Securities (PVT) Ltd.,Vision Securities Pvt. Ltd,2026-04-30 11:15:56.357854,Sanima Mai Hydropower Ltd.
2026043004001176,SHPC,17,34,500,506.3,253150.0,2026-04-30,188637842,591,ABC Securities Private Limited,Vision Securities Pvt. Ltd,2026-04-30 11:15:56.357911,Sanima Mai Hydropower Ltd.
2026043004001177,SHPC,34,34,400,506.2,202480.0,2026-04-30,188637844,591,Vision Securities Pvt. Ltd,Vision Securities Pvt. Ltd,2026-04-30 11:15:56.357937,Sanima Mai Hydropower Ltd.
2026043004001178,SHPC,83,34,600,506.1,303660.0,2026-04-30,188637845,591,Sanima Securities Limited,Vision Securities Pvt. Ltd,2026-04-30 11:15:56.357958,Sanima Mai Hydropower Ltd.
2026043004001667,SHPC,83,90,10,506.7,5067.0,2026-04-30,188643242,591,Sanima Securities Limited,Sajilo Broker Limited,2026-04-30 11:21:41.390801,Sanima Mai Hydropower Ltd.
2026043004001668,SHPC,19,90,111,506.5,56221.5,2026-04-30,188643244,591,Nepal Investment And Securities Trading Private Limited,Sajilo Broker Limited,2026-04-30 11:21:41.390848,Sanima Mai Hydropower Ltd.
2026043004001669,SHPC,17,90,379,506.3,191887.7,2026-04-30,188643245,591,ABC Securities Private Limited,Sajilo Broker Limited,2026-04-30 11:21:41.390877,Sanima Mai Hydropower Ltd.
2026043004001670,SHPC,17,49,121,506.3,61262.3,2026-04-30,188643289,591,ABC Securities Private Limited,Online Securities Pvt. Ltd.,2026-04-30 11:21:42.662263,Sanima Mai Hydropower Ltd.
2026043004001909,SHPC,34,34,90,507.2,45648.0,2026-04-30,188645191,591,Vision Securities Pvt. Ltd,Vision Securities Pvt. Ltd,2026-04-30 11:23:31.216518,Sanima Mai Hydropower Ltd.
2026043004001957,SHPC,53,38,100,508.0,50800.0,2026-04-30,188645649,591,Investment Management Nepal Pvt. Ltd.,Dipshikha Dhitopatra Karobar Co. Pvt Ltd.,2026-04-30 11:23:54.853255,Sanima Mai Hydropower Ltd.
2026043004001958,SHPC,53,38,50,508.0,25400.0,2026-04-30,188645652,591,Investment Management Nepal Pvt. Ltd.,Dipshikha Dhitopatra Karobar Co. Pvt Ltd.,2026-04-30 11:23:54.853379,Sanima Mai Hydropower Ltd.
2026043004001975,SHPC,41,67,10,509.0,5090.0,2026-04-30,188645916,591,Linch Stock Market Ltd.,Property Wiard Limited,2026-04-30 11:24:11.645440,Sanima Mai Hydropower Ltd.
2026043004002086,SHPC,26,67,500,509.0,254500.0,2026-04-30,188647132,591,Asian Securities Private Ltd.,Property Wiard Limited,2026-04-30 11:25:32.365116,Sanima Mai Hydropower Ltd.
2026043004002103,SHPC,48,67,50,509.0,25450.0,2026-04-30,188647320,591,Trishakti Securities Public Limited,Property Wiard Limited,2026-04-30 11:25:41.250619,Sanima Mai Hydropower Ltd.
2026043004002106,SHPC,74,67,30,509.0,15270.0,2026-04-30,188647377,591,KALASH STOCK MARKET PVT. LTD.,Property Wiard Limited,2026-04-30 11:25:48.226258,Sanima Mai Hydropower Ltd.
2026043004002107,SHPC,74,67,200,509.0,101800.0,2026-04-30,188647379,591,KALASH STOCK MARKET PVT. LTD.,Property Wiard Limited,2026-04-30 11:25:48.226506,Sanima Mai Hydropower Ltd.
2026043004002159,SHPC,74,28,47,509.0,23923.0,2026-04-30,188648003,591,KALASH STOCK MARKET PVT. LTD.,Shree Krishna Securities Ltd.,2026-04-30 11:26:23.255746,Sanima Mai Hydropower Ltd.
2026043004002206,SHPC,17,67,100,510.0,51000.0,2026-04-30,188648433,591,ABC Securities Private Limited,Property Wiard Limited,2026-04-30 11:26:56.616557,Sanima Mai Hydropower Ltd.
2026043004002207,SHPC,17,66,300,510.0,153000.0,2026-04-30,188648435,591,ABC Securities Private Limited,Miyo Securities Pvt Ltd,2026-04-30 11:26:56.616759,Sanima Mai Hydropower Ltd.
2026043004002208,SHPC,17,34,50,510.0,25500.0,2026-04-30,188648438,591,ABC Securities Private Limited,Vision Securities Pvt. Ltd,2026-04-30 11:26:56.616887,Sanima Mai Hydropower Ltd.
2026043004002489,SHPC,62,59,500,510.0,255000.0,2026-04-30,188651726,591,Capital Max Securities Ltd,Deevyaa Securities & Stock House Pvt. Ltd,2026-04-30 11:30:44.103923,Sanima Mai Hydropower Ltd.
2026043004002512,SHPC,14,59,500,510.0,255000.0,2026-04-30,188651944,591,Nepal Stock House (PVT) Ltd.,Deevyaa Securities & Stock House Pvt. Ltd,2026-04-30 11:31:00.684728,Sanima Mai Hydropower Ltd.
2026043004002621,SHPC,17,3,500,511.0,255500.0,2026-04-30,188652912,591,ABC Securities Private Limited,Arun Securities (PVT) Ltd.,2026-04-30 11:32:11.101012,Sanima Mai Hydropower Ltd.
2026043004002730,SHPC,49,32,200,512.0,102400.0,2026-04-30,188654033,591,Online Securities Pvt. Ltd.,Premier Securities Company Ltd.,2026-04-30 11:33:45.121097,Sanima Mai Hydropower Ltd.
2026043004002731,SHPC,49,37,100,512.0,51200.0,2026-04-30,188654036,591,Online Securities Pvt. Ltd.,Swarna Laxmi Securities Pvt. Ltd.,2026-04-30 11:33:45.121217,Sanima Mai Hydropower Ltd.
2026043004002932,SHPC,58,90,10,511.0,5110.0,2026-04-30,188656105,591,Naasa Securities Co. Ltd.,Sajilo Broker Limited,2026-04-30 11:36:44.501819,Sanima Mai Hydropower Ltd.
2026043004002958,SHPC,49,50,400,510.1,204040.0,2026-04-30,188656384,591,Online Securities Pvt. Ltd.,Cristal Kanchanjanga Securites Pvt. Ltd.,2026-04-30 11:37:05.029274,Sanima Mai Hydropower Ltd.
2026043004002959,SHPC,48,50,160,510.0,81600.0,2026-04-30,188656385,591,Trishakti Securities Public Limited,Cristal Kanchanjanga Securites Pvt. Ltd.,2026-04-30 11:37:05.029549,Sanima Mai Hydropower Ltd.
2026043004003078,SHPC,48,3,140,510.0,71400.0,2026-04-30,188657268,591,Trishakti Securities Public Limited,Arun Securities (PVT) Ltd.,2026-04-30 11:38:19.984679,Sanima Mai Hydropower Ltd.
2026043004003079,SHPC,45,3,250,510.0,127500.0,2026-04-30,188657270,591,Imperial Securities Company Pvt. Ltd.,Arun Securities (PVT) Ltd.,2026-04-30 11:38:19.985014,Sanima Mai Hydropower Ltd.
2026043004003080,SHPC,16,3,110,510.0,56100.0,2026-04-30,188657271,591,Primo Securities (PVT) Ltd.,Arun Securities (PVT) Ltd.,2026-04-30 11:38:19.985188,Sanima Mai Hydropower Ltd.
2026043004003414,SHPC,39,44,100,511.0,51100.0,2026-04-30,188660519,591,Sumeru Securities Pvt. Ltd.,Dynamic Money Managers Securities Pvt. Ltd.,2026-04-30 11:43:17.744637,Sanima Mai Hydropower Ltd.
2026043004003472,SHPC,39,13,900,511.0,459900.0,2026-04-30,188661026,591,Sumeru Securities Pvt. Ltd.,Thrive Brokerage House Pvt. Ltd,2026-04-30 11:44:02.658560,Sanima Mai Hydropower Ltd.
2026043004003473,SHPC,67,13,40,510.0,20400.0,2026-04-30,188661028,591,Property Wiard Limited,Thrive Brokerage House Pvt. Ltd,2026-04-30 11:44:02.658832,Sanima Mai Hydropower Ltd.
2026043004003474,SHPC,16,13,390,510.0,198900.0,2026-04-30,188661030,591,Primo Securities (PVT) Ltd.,Thrive Brokerage House Pvt. Ltd,2026-04-30 11:44:02.659001,Sanima Mai Hydropower Ltd.
2026043004003927,SHPC,57,13,100,510.0,51000.0,2026-04-30,188665286,591,Aryatara Investment & Securities,Thrive Brokerage House Pvt. Ltd,2026-04-30 11:49:27.864512,Sanima Mai Hydropower Ltd.
2026043004005085,SHPC,4,22,100,509.2,50920.0,2026-04-30,188676458,591,Opal Securities Investment (PVT) Ltd.,Siprabi Securities Pvt. Ltd.,2026-04-30 12:05:57.703091,Sanima Mai Hydropower Ltd.
2026043004005086,SHPC,56,22,100,509.1,50910.0,2026-04-30,188676460,591,Sri Hari Securities Pvt. Ltd.,Siprabi Securities Pvt. Ltd.,2026-04-30 12:05:57.703471,Sanima Mai Hydropower Ltd.
2026043004005087,SHPC,14,22,300,509.0,152700.0,2026-04-30,188676461,591,Nepal Stock House (PVT) Ltd.,Siprabi Securities Pvt. Ltd.,2026-04-30 12:05:57.703664,Sanima Mai Hydropower Ltd.
2026043004005096,SHPC,4,17,750,508.8,381600.0,2026-04-30,188676654,591,Opal Securities Investment (PVT) Ltd.,ABC Securities Private Limited,2026-04-30 12:06:20.616264,Sanima Mai Hydropower Ltd.
2026043004005097,SHPC,34,17,250,508.6,127150.0,2026-04-30,188676655,591,Vision Securities Pvt. Ltd,ABC Securities Private Limited,2026-04-30 12:06:20.616636,Sanima Mai Hydropower Ltd.
2026043004005266,SHPC,34,14,10,508.6,5086.0,2026-04-30,188678513,591,Vision Securities Pvt. Ltd,Nepal Stock House (PVT) Ltd.,2026-04-30 12:09:14.886445,Sanima Mai Hydropower Ltd.
2026043004005454,SHPC,34,59,240,508.6,122064.0,2026-04-30,188680259,591,Vision Securities Pvt. Ltd,Deevyaa Securities & Stock House Pvt. Ltd,2026-04-30 12:11:49.472840,Sanima Mai Hydropower Ltd.
2026043004005470,SHPC,74,59,110,508.5,55935.0,2026-04-30,188680503,591,KALASH STOCK MARKET PVT. LTD.,Deevyaa Securities & Stock House Pvt. Ltd,2026-04-30 12:12:13.535092,Sanima Mai Hydropower Ltd.
2026043004005648,SHPC,74,59,390,508.5,198315.0,2026-04-30,188682416,591,KALASH STOCK MARKET PVT. LTD.,Deevyaa Securities & Stock House Pvt. Ltd,2026-04-30 12:15:09.243538,Sanima Mai Hydropower Ltd.
2026043004005649,SHPC,26,59,500,508.1,254050.0,2026-04-30,188682418,591,Asian Securities Private Ltd.,Deevyaa Securities & Stock House Pvt. Ltd,2026-04-30 12:15:09.243957,Sanima Mai Hydropower Ltd.
2026043004005650,SHPC,52,59,100,508.1,50810.0,2026-04-30,188682420,591,Sundhara Securities Limited,Deevyaa Securities & Stock House Pvt. Ltd,2026-04-30 12:15:09.244214,Sanima Mai Hydropower Ltd.
2026043004005651,SHPC,35,59,150,508.0,76200.0,2026-04-30,188682422,591,Kohinoor Investment & Securities Pvt. Ltd.,Deevyaa Securities & Stock House Pvt. Ltd,2026-04-30 12:15:09.244445,Sanima Mai Hydropower Ltd.
2026043004005652,SHPC,58,59,50,508.0,25400.0,2026-04-30,188682424,591,Naasa Securities Co. Ltd.,Deevyaa Securities & Stock House Pvt. Ltd,2026-04-30 12:15:09.244675,Sanima Mai Hydropower Ltd.
2026043004005653,SHPC,4,59,100,508.0,50800.0,2026-04-30,188682426,591,Opal Securities Investment (PVT) Ltd.,Deevyaa Securities & Stock House Pvt. Ltd,2026-04-30 12:15:09.244876,Sanima Mai Hydropower Ltd.
2026043004005654,SHPC,59,59,250,508.0,127000.0,2026-04-30,188682428,591,Deevyaa Securities & Stock House Pvt. Ltd,Deevyaa Securities & Stock House Pvt. Ltd,2026-04-30 12:15:09.245087,Sanima Mai Hydropower Ltd.
2026043004005655,SHPC,1,59,50,508.0,25400.0,2026-04-30,188682430,591,Kumari Securities Private Limited,Deevyaa Securities & Stock House Pvt. Ltd,2026-04-30 12:15:09.245297,Sanima Mai Hydropower Ltd.
2026043004005656,SHPC,6,59,1000,507.6,507600.0,2026-04-30,188682432,591,Agrawal Securities (PVT) Ltd.,Deevyaa Securities & Stock House Pvt. Ltd,2026-04-30 12:15:09.245550,Sanima Mai Hydropower Ltd.
2026043004005657,SHPC,57,59,200,507.4,101480.0,2026-04-30,188682434,591,Aryatara Investment & Securities,Deevyaa Securities & Stock House Pvt. Ltd,2026-04-30 12:15:09.245752,Sanima Mai Hydropower Ltd.
2026043004005658,SHPC,60,59,210,507.4,106554.0,2026-04-30,188682435,591,Nagarik Stock Dealer ,Deevyaa Securities & Stock House Pvt. Ltd,2026-04-30 12:15:09.245985,Sanima Mai Hydropower Ltd.
2026043004005994,SHPC,4,25,250,510.0,127500.0,2026-04-30,188685426,591,Opal Securities Investment (PVT) Ltd.,Sweta Securities Private Limited,2026-04-30 12:19:36.791093,Sanima Mai Hydropower Ltd.
2026043004006222,SHPC,4,25,50,510.0,25500.0,2026-04-30,188686637,591,Opal Securities Investment (PVT) Ltd.,Sweta Securities Private Limited,2026-04-30 12:21:21.179536,Sanima Mai Hydropower Ltd.
2026043004006223,SHPC,4,66,500,510.0,255000.0,2026-04-30,188686639,591,Opal Securities Investment (PVT) Ltd.,Miyo Securities Pvt Ltd,2026-04-30 12:21:21.179736,Sanima Mai Hydropower Ltd.
2026043004006467,SHPC,4,36,53,510.8,27072.4,2026-04-30,188689785,591,Opal Securities Investment (PVT) Ltd.,Secured Securities Ltd.,2026-04-30 12:26:56.069468,Sanima Mai Hydropower Ltd.
2026043004006468,SHPC,4,37,100,510.9,51090.0,2026-04-30,188689787,591,Opal Securities Investment (PVT) Ltd.,Swarna Laxmi Securities Pvt. Ltd.,2026-04-30 12:26:56.069794,Sanima Mai Hydropower Ltd.
2026043004006469,SHPC,4,49,47,512.0,24064.0,2026-04-30,188689790,591,Opal Securities Investment (PVT) Ltd.,Online Securities Pvt. Ltd.,2026-04-30 12:26:56.070018,Sanima Mai Hydropower Ltd.
2026043004006907,SHPC,42,49,16,512.0,8192.0,2026-04-30,188694277,591,Sani Securities Company Ltd.,Online Securities Pvt. Ltd.,2026-04-30 12:35:23.296091,Sanima Mai Hydropower Ltd.
2026043004006908,SHPC,42,36,14,512.8,7179.2,2026-04-30,188694280,591,Sani Securities Company Ltd.,Secured Securities Ltd.,2026-04-30 12:35:23.296299,Sanima Mai Hydropower Ltd.
2026043004007020,SHPC,45,14,250,510.0,127500.0,2026-04-30,188695240,591,Imperial Securities Company Pvt. Ltd.,Nepal Stock House (PVT) Ltd.,2026-04-30 12:37:35.548125,Sanima Mai Hydropower Ltd.
2026043004007021,SHPC,45,14,300,510.0,153000.0,2026-04-30,188695242,591,Imperial Securities Company Pvt. Ltd.,Nepal Stock House (PVT) Ltd.,2026-04-30 12:37:35.548338,Sanima Mai Hydropower Ltd.
2026043004007022,SHPC,45,14,250,510.0,127500.0,2026-04-30,188695243,591,Imperial Securities Company Pvt. Ltd.,Nepal Stock House (PVT) Ltd.,2026-04-30 12:37:35.548414,Sanima Mai Hydropower Ltd.
2026043004007041,SHPC,45,14,100,510.0,51000.0,2026-04-30,188695480,591,Imperial Securities Company Pvt. Ltd.,Nepal Stock House (PVT) Ltd.,2026-04-30 12:38:03.838570,Sanima Mai Hydropower Ltd.
2026043004007247,SHPC,36,22,30,509.9,15297.0,2026-04-30,188697850,591,Secured Securities Ltd.,Siprabi Securities Pvt. Ltd.,2026-04-30 12:43:14.800007,Sanima Mai Hydropower Ltd.
2026043004007293,SHPC,16,22,151,509.9,76994.9,2026-04-30,188698823,591,Primo Securities (PVT) Ltd.,Siprabi Securities Pvt. Ltd.,2026-04-30 12:44:12.135751,Sanima Mai Hydropower Ltd.
2026043004007294,SHPC,16,14,399,510.0,203490.0,2026-04-30,188698826,591,Primo Securities (PVT) Ltd.,Nepal Stock House (PVT) Ltd.,2026-04-30 12:44:12.135962,Sanima Mai Hydropower Ltd.
2026043004007429,SHPC,46,36,76,512.8,38972.8,2026-04-30,188701227,591,Kalika Securities Pvt. Ltd.,Secured Securities Ltd.,2026-04-30 12:48:55.939241,Sanima Mai Hydropower Ltd.
2026043004007430,SHPC,46,37,100,512.8,51280.0,2026-04-30,188701230,591,Kalika Securities Pvt. Ltd.,Swarna Laxmi Securities Pvt. Ltd.,2026-04-30 12:48:55.939639,Sanima Mai Hydropower Ltd.
2026043004007691,SHPC,46,34,115,512.0,58880.0,2026-04-30,188705264,591,Kalika Securities Pvt. Ltd.,Vision Securities Pvt. Ltd,2026-04-30 12:56:34.693748,Sanima Mai Hydropower Ltd.
2026043004007860,SHPC,49,49,9,506.3,4556.7,2026-04-30,188708265,591,Online Securities Pvt. Ltd.,Online Securities Pvt. Ltd.,2026-04-30 13:00:04.208674,Sanima Mai Hydropower Ltd.
2026043004007906,SHPC,49,58,1,508.0,508.0,2026-04-30,188708611,591,Online Securities Pvt. Ltd.,Naasa Securities Co. Ltd.,2026-04-30 13:00:41.859168,Sanima Mai Hydropower Ltd.
2026043004007915,SHPC,48,34,85,512.0,43520.0,2026-04-30,188708757,591,Trishakti Securities Public Limited,Vision Securities Pvt. Ltd,2026-04-30 13:00:53.795461,Sanima Mai Hydropower Ltd.
2026043004007935,SHPC,49,14,1,510.0,510.0,2026-04-30,188709099,591,Online Securities Pvt. Ltd.,Nepal Stock House (PVT) Ltd.,2026-04-30 13:01:15.122842,Sanima Mai Hydropower Ltd.
2026043004007976,SHPC,48,36,10,512.8,5128.0,2026-04-30,188709555,591,Trishakti Securities Public Limited,Secured Securities Ltd.,2026-04-30 13:01:53.615144,Sanima Mai Hydropower Ltd.
2026043004007977,SHPC,48,47,50,512.9,25645.0,2026-04-30,188709557,591,Trishakti Securities Public Limited,Neev Securities Pvt. Ltd.,2026-04-30 13:01:53.615545,Sanima Mai Hydropower Ltd.
2026043004007978,SHPC,48,90,200,513.0,102600.0,2026-04-30,188709559,591,Trishakti Securities Public Limited,Sajilo Broker Limited,2026-04-30 13:01:53.615774,Sanima Mai Hydropower Ltd.
2026043004007996,SHPC,48,10,40,514.0,20560.0,2026-04-30,188709855,591,Trishakti Securities Public Limited,Pragyan Securities (PVT) Ltd.,2026-04-30 13:02:26.945449,Sanima Mai Hydropower Ltd.
2026043004008009,SHPC,48,41,15,514.0,7710.0,2026-04-30,188709971,591,Trishakti Securities Public Limited,Linch Stock Market Ltd.,2026-04-30 13:02:43.257646,Sanima Mai Hydropower Ltd.
2026043004008374,SHPC,49,58,4,514.0,2056.0,2026-04-30,188715305,591,Online Securities Pvt. Ltd.,Naasa Securities Co. Ltd.,2026-04-30 13:08:03.508859,Sanima Mai Hydropower Ltd.
2026043004008565,SHPC,58,37,55,514.0,28270.0,2026-04-30,188717547,591,Naasa Securities Co. Ltd.,Swarna Laxmi Securities Pvt. Ltd.,2026-04-30 13:10:44.107216,Sanima Mai Hydropower Ltd.
2026043004008791,SHPC,58,42,20,514.7,10294.0,2026-04-30,188720049,591,Naasa Securities Co. Ltd.,Sani Securities Company Ltd.,2026-04-30 13:13:40.844792,Sanima Mai Hydropower Ltd.
2026043004008792,SHPC,58,40,480,514.9,247152.0,2026-04-30,188720052,591,Naasa Securities Co. Ltd.,Creative Securities Pvt Ltd,2026-04-30 13:13:40.844880,Sanima Mai Hydropower Ltd.
2026043004008841,SHPC,4,40,20,514.9,10298.0,2026-04-30,188720469,591,Opal Securities Investment (PVT) Ltd.,Creative Securities Pvt Ltd,2026-04-30 13:14:17.471131,Sanima Mai Hydropower Ltd.
2026043004008842,SHPC,4,13,80,514.9,41192.0,2026-04-30,188720472,591,Opal Securities Investment (PVT) Ltd.,Thrive Brokerage House Pvt. Ltd,2026-04-30 13:14:17.471354,Sanima Mai Hydropower Ltd.
2026043004008919,SHPC,59,13,500,514.9,257450.0,2026-04-30,188721252,591,Deevyaa Securities & Stock House Pvt. Ltd,Thrive Brokerage House Pvt. Ltd,2026-04-30 13:15:27.339015,Sanima Mai Hydropower Ltd.
2026043004009010,SHPC,58,13,20,514.9,10298.0,2026-04-30,188722086,591,Naasa Securities Co. Ltd.,Thrive Brokerage House Pvt. Ltd,2026-04-30 13:16:27.502603,Sanima Mai Hydropower Ltd.
2026043004009032,SHPC,94,13,100,514.9,51490.0,2026-04-30,188722378,591,K.B.L. Securities Limited ,Thrive Brokerage House Pvt. Ltd,2026-04-30 13:16:55.248989,Sanima Mai Hydropower Ltd.
2026043004009182,SHPC,4,44,100,514.0,51400.0,2026-04-30,188723836,591,Opal Securities Investment (PVT) Ltd.,Dynamic Money Managers Securities Pvt. Ltd.,2026-04-30 13:18:58.396517,Sanima Mai Hydropower Ltd.
2026043004009183,SHPC,57,44,16,514.0,8224.0,2026-04-30,188723837,591,Aryatara Investment & Securities,Dynamic Money Managers Securities Pvt. Ltd.,2026-04-30 13:18:58.396743,Sanima Mai Hydropower Ltd.
2026043004009212,SHPC,57,29,200,514.0,102800.0,2026-04-30,188724093,591,Aryatara Investment & Securities,Trisul Securities & Invt. Ltd.,2026-04-30 13:19:18.193304,Sanima Mai Hydropower Ltd.
2026043004009760,SHPC,1,32,300,514.3,154290.0,2026-04-30,188728855,591,Kumari Securities Private Limited,Premier Securities Company Ltd.,2026-04-30 13:24:40.268612,Sanima Mai Hydropower Ltd.
2026043004009785,SHPC,1,3,100,514.3,51430.0,2026-04-30,188729080,591,Kumari Securities Private Limited,Arun Securities (PVT) Ltd.,2026-04-30 13:25:00.393443,Sanima Mai Hydropower Ltd.
2026043004009788,SHPC,57,99,34,514.0,17476.0,2026-04-30,188729150,591,Aryatara Investment & Securities,Prabhu Stock Market Limited,2026-04-30 13:25:12.498514,Sanima Mai Hydropower Ltd.
2026043004009789,SHPC,35,99,16,514.0,8224.0,2026-04-30,188729151,591,Kohinoor Investment & Securities Pvt. Ltd.,Prabhu Stock Market Limited,2026-04-30 13:25:12.498860,Sanima Mai Hydropower Ltd.
2026043004009792,SHPC,35,3,34,514.0,17476.0,2026-04-30,188729188,591,Kohinoor Investment & Securities Pvt. Ltd.,Arun Securities (PVT) Ltd.,2026-04-30 13:25:14.937909,Sanima Mai Hydropower Ltd.
2026043004009999,SHPC,57,3,40,514.4,20576.0,2026-04-30,188731454,591,Aryatara Investment & Securities,Arun Securities (PVT) Ltd.,2026-04-30 13:31:15.094104,Sanima Mai Hydropower Ltd.
2026043004010044,SHPC,64,29,50,512.0,25600.0,2026-04-30,188731982,591,SUN SECURITIES PVT LTD,Trisul Securities & Invt. Ltd.,2026-04-30 13:32:55.819891,Sanima Mai Hydropower Ltd.
2026043004010045,SHPC,47,29,200,512.0,102400.0,2026-04-30,188731984,591,Neev Securities Pvt. Ltd.,Trisul Securities & Invt. Ltd.,2026-04-30 13:32:55.820067,Sanima Mai Hydropower Ltd.
2026043004010046,SHPC,58,29,450,512.0,230400.0,2026-04-30,188731985,591,Naasa Securities Co. Ltd.,Trisul Securities & Invt. Ltd.,2026-04-30 13:32:55.820139,Sanima Mai Hydropower Ltd.
2026043004010088,SHPC,88,22,100,514.5,51450.0,2026-04-30,188732666,591,Blue Chip Securities Ltd,Siprabi Securities Pvt. Ltd.,2026-04-30 13:34:48.198160,Sanima Mai Hydropower Ltd.
2026043004010120,SHPC,58,13,50,512.0,25600.0,2026-04-30,188733298,591,Naasa Securities Co. Ltd.,Thrive Brokerage House Pvt. Ltd,2026-04-30 13:36:08.054769,Sanima Mai Hydropower Ltd.
2026043004010121,SHPC,75,13,350,512.0,179200.0,2026-04-30,188733299,591,N.I.M.B. Stock Markets Limited,Thrive Brokerage House Pvt. Ltd,2026-04-30 13:36:08.054968,Sanima Mai Hydropower Ltd.
2026043004011072,SHPC,58,50,500,514.0,257000.0,2026-04-30,188744722,591,Naasa Securities Co. Ltd.,Cristal Kanchanjanga Securites Pvt. Ltd.,2026-04-30 14:03:42.642517,Sanima Mai Hydropower Ltd.
2026043004011330,SHPC,21,7,30,512.0,15360.0,2026-04-30,188747458,591,Midas Stock Broking Company Private Limited,J.F. Securites (PVT) Ltd.,2026-04-30 14:10:30.458652,Sanima Mai Hydropower Ltd.
2026043004011331,SHPC,58,7,20,512.0,10240.0,2026-04-30,188747460,591,Naasa Securities Co. Ltd.,J.F. Securites (PVT) Ltd.,2026-04-30 14:10:30.458943,Sanima Mai Hydropower Ltd.
2026043004011460,SHPC,80,14,10,512.0,5120.0,2026-04-30,188749028,591,Indira securities pvt. ltd,Nepal Stock House (PVT) Ltd.,2026-04-30 14:13:50.656035,Sanima Mai Hydropower Ltd.
2026043004011480,SHPC,57,14,350,512.0,179200.0,2026-04-30,188749331,591,Aryatara Investment & Securities,Nepal Stock House (PVT) Ltd.,2026-04-30 14:14:40.452469,Sanima Mai Hydropower Ltd.
2026043004011494,SHPC,57,46,284,512.0,145408.0,2026-04-30,188749695,591,Aryatara Investment & Securities,Kalika Securities Pvt. Ltd.,2026-04-30 14:15:34.113612,Sanima Mai Hydropower Ltd.
2026043004011559,SHPC,57,29,200,512.0,102400.0,2026-04-30,188750269,591,Aryatara Investment & Securities,Trisul Securities & Invt. Ltd.,2026-04-30 14:16:59.699077,Sanima Mai Hydropower Ltd.
2026043004011708,SHPC,57,22,50,513.9,25695.0,2026-04-30,188751860,591,Aryatara Investment & Securities,Siprabi Securities Pvt. Ltd.,2026-04-30 14:20:29.722408,Sanima Mai Hydropower Ltd.
2026043004011858,SHPC,60,22,100,513.9,51390.0,2026-04-30,188754004,591,Nagarik Stock Dealer ,Siprabi Securities Pvt. Ltd.,2026-04-30 14:23:31.625579,Sanima Mai Hydropower Ltd.
2026043004011946,SHPC,42,90,150,512.0,76800.0,2026-04-30,188754775,591,Sani Securities Company Ltd.,Sajilo Broker Limited,2026-04-30 14:24:51.660501,Sanima Mai Hydropower Ltd.
2026043004012256,SHPC,56,22,150,513.9,77085.0,2026-04-30,188758245,591,Sri Hari Securities Pvt. Ltd.,Siprabi Securities Pvt. Ltd.,2026-04-30 14:30:28.743202,Sanima Mai Hydropower Ltd.
2026043004012257,SHPC,56,50,84,514.0,43176.0,2026-04-30,188758247,591,Sri Hari Securities Pvt. Ltd.,Cristal Kanchanjanga Securites Pvt. Ltd.,2026-04-30 14:30:28.743659,Sanima Mai Hydropower Ltd.
2026043004012258,SHPC,56,29,700,514.0,359800.0,2026-04-30,188758249,591,Sri Hari Securities Pvt. Ltd.,Trisul Securities & Invt. Ltd.,2026-04-30 14:30:28.743930,Sanima Mai Hydropower Ltd.
2026043004012259,SHPC,56,60,66,514.0,33924.0,2026-04-30,188758252,591,Sri Hari Securities Pvt. Ltd.,Nagarik Stock Dealer ,2026-04-30 14:30:28.744164,Sanima Mai Hydropower Ltd.
2026043004012263,SHPC,52,42,15,511.1,7666.5,2026-04-30,188758322,591,Sundhara Securities Limited,Sani Securities Company Ltd.,2026-04-30 14:30:32.272405,Sanima Mai Hydropower Ltd.
2026043004012264,SHPC,43,42,100,511.0,51100.0,2026-04-30,188758324,591,South Asian Bulls Pvt. Ltd.,Sani Securities Company Ltd.,2026-04-30 14:30:32.272869,Sanima Mai Hydropower Ltd.
2026043004012265,SHPC,74,42,135,511.0,68985.0,2026-04-30,188758325,591,KALASH STOCK MARKET PVT. LTD.,Sani Securities Company Ltd.,2026-04-30 14:30:32.273130,Sanima Mai Hydropower Ltd.
2026043004012343,SHPC,58,47,55,511.2,28116.0,2026-04-30,188759139,591,Naasa Securities Co. Ltd.,Neev Securities Pvt. Ltd.,2026-04-30 14:31:54.604848,Sanima Mai Hydropower Ltd.
2026043004012496,SHPC,29,60,15,514.0,7710.0,2026-04-30,188760250,591,Trisul Securities & Invt. Ltd.,Nagarik Stock Dealer ,2026-04-30 14:33:26.352064,Sanima Mai Hydropower Ltd.
2026043004012699,SHPC,49,60,35,514.0,17990.0,2026-04-30,188762150,591,Online Securities Pvt. Ltd.,Nagarik Stock Dealer ,2026-04-30 14:36:25.536160,Sanima Mai Hydropower Ltd.
2026043004012892,SHPC,81,60,154,514.0,79156.0,2026-04-30,188763713,591,Aakashbhairab Securities Ltd.,Nagarik Stock Dealer ,2026-04-30 14:38:41.651607,Sanima Mai Hydropower Ltd.
2026043004012893,SHPC,81,50,846,514.0,434844.0,2026-04-30,188763716,591,Aakashbhairab Securities Ltd.,Cristal Kanchanjanga Securites Pvt. Ltd.,2026-04-30 14:38:41.651995,Sanima Mai Hydropower Ltd.
2026043004013040,SHPC,56,50,100,514.0,51400.0,2026-04-30,188764956,591,Sri Hari Securities Pvt. Ltd.,Cristal Kanchanjanga Securites Pvt. Ltd.,2026-04-30 14:40:14.573136,Sanima Mai Hydropower Ltd.
2026043004013377,SHPC,81,57,40,512.3,20492.0,2026-04-30,188767731,591,Aakashbhairab Securities Ltd.,Aryatara Investment & Securities,2026-04-30 14:43:55.310174,Sanima Mai Hydropower Ltd.
2026043004013431,SHPC,81,60,960,512.3,491808.0,2026-04-30,188768458,591,Aakashbhairab Securities Ltd.,Nagarik Stock Dealer ,2026-04-30 14:45:21.555692,Sanima Mai Hydropower Ltd.
2026043004013432,SHPC,81,60,1140,512.3,584022.0,2026-04-30,188768459,591,Aakashbhairab Securities Ltd.,Nagarik Stock Dealer ,2026-04-30 14:45:21.555893,Sanima Mai Hydropower Ltd.
2026043004013704,SHPC,11,50,54,514.0,27756.0,2026-04-30,188770629,591,Malla & Malla Stock Broking Company Pvt. Limited,Cristal Kanchanjanga Securites Pvt. Ltd.,2026-04-30 14:48:35.883608,Sanima Mai Hydropower Ltd.
2026043004013705,SHPC,11,48,31,514.0,15934.0,2026-04-30,188770632,591,Malla & Malla Stock Broking Company Pvt. Limited,Trishakti Securities Public Limited,2026-04-30 14:48:35.883803,Sanima Mai Hydropower Ltd.
2026043004013733,SHPC,35,57,231,512.3,118341.3,2026-04-30,188770777,591,Kohinoor Investment & Securities Pvt. Ltd.,Aryatara Investment & Securities,2026-04-30 14:48:47.508868,Sanima Mai Hydropower Ltd.
2026043004013774,SHPC,46,33,10,513.9,5139.0,2026-04-30,188771420,591,Kalika Securities Pvt. Ltd.,Dakshinkali Investment & Securities Pvt. Ltd.,2026-04-30 14:49:32.127537,Sanima Mai Hydropower Ltd.
2026043004013921,SHPC,60,49,40,512.6,20504.0,2026-04-30,188772856,591,Nagarik Stock Dealer ,Online Securities Pvt. Ltd.,2026-04-30 14:51:25.135466,Sanima Mai Hydropower Ltd.
2026043004013922,SHPC,5,49,69,512.6,35369.4,2026-04-30,188772858,591,Market Securities & Exchange (PVT) Ltd.,Online Securities Pvt. Ltd.,2026-04-30 14:51:25.135875,Sanima Mai Hydropower Ltd.
2026043004013923,SHPC,47,49,95,512.5,48687.5,2026-04-30,188772860,591,Neev Securities Pvt. Ltd.,Online Securities Pvt. Ltd.,2026-04-30 14:51:25.136118,Sanima Mai Hydropower Ltd.
2026043004013924,SHPC,56,49,100,512.5,51250.0,2026-04-30,188772862,591,Sri Hari Securities Pvt. Ltd.,Online Securities Pvt. Ltd.,2026-04-30 14:51:25.136383,Sanima Mai Hydropower Ltd.
2026043004013925,SHPC,35,49,67,512.3,34324.1,2026-04-30,188772864,591,Kohinoor Investment & Securities Pvt. Ltd.,Online Securities Pvt. Ltd.,2026-04-30 14:51:25.136621,Sanima Mai Hydropower Ltd.
2026043004013926,SHPC,44,49,151,512.3,77357.3,2026-04-30,188772866,591,Dynamic Money Managers Securities Pvt. Ltd.,Online Securities Pvt. Ltd.,2026-04-30 14:51:25.136897,Sanima Mai Hydropower Ltd.
2026043004013927,SHPC,35,49,171,512.3,87603.3,2026-04-30,188772868,591,Kohinoor Investment & Securities Pvt. Ltd.,Online Securities Pvt. Ltd.,2026-04-30 14:51:25.137219,Sanima Mai Hydropower Ltd.
2026043004013956,SHPC,40,33,90,513.9,46251.0,2026-04-30,188773175,591,Creative Securities Pvt Ltd,Dakshinkali Investment & Securities Pvt. Ltd.,2026-04-30 14:51:52.358786,Sanima Mai Hydropower Ltd.
2026043004014129,SHPC,40,44,10,513.9,5139.0,2026-04-30,188774666,591,Creative Securities Pvt Ltd,Dynamic Money Managers Securities Pvt. Ltd.,2026-04-30 14:53:29.313042,Sanima Mai Hydropower Ltd.
2026043004014188,SHPC,62,34,200,513.0,102600.0,2026-04-30,188775223,591,Capital Max Securities Ltd,Vision Securities Pvt. Ltd,2026-04-30 14:54:06.719234,Sanima Mai Hydropower Ltd.
2026043004014285,SHPC,49,29,260,513.0,133380.0,2026-04-30,188776232,591,Online Securities Pvt. Ltd.,Trisul Securities & Invt. Ltd.,2026-04-30 14:54:55.198112,Sanima Mai Hydropower Ltd.
2026043004014426,SHPC,41,3,50,512.7,25635.0,2026-04-30,188777662,591,Linch Stock Market Ltd.,Arun Securities (PVT) Ltd.,2026-04-30 14:56:14.287650,Sanima Mai Hydropower Ltd.
2026043004014427,SHPC,50,3,50,512.6,25630.0,2026-04-30,188777664,591,Cristal Kanchanjanga Securites Pvt. Ltd.,Arun Securities (PVT) Ltd.,2026-04-30 14:56:14.288014,Sanima Mai Hydropower Ltd.
2026043004014428,SHPC,42,3,500,512.5,256250.0,2026-04-30,188777666,591,Sani Securities Company Ltd.,Arun Securities (PVT) Ltd.,2026-04-30 14:56:14.288251,Sanima Mai Hydropower Ltd.
2026043004014429,SHPC,81,3,580,512.5,297250.0,2026-04-30,188777667,591,Aakashbhairab Securities Ltd.,Arun Securities (PVT) Ltd.,2026-04-30 14:56:14.288502,Sanima Mai Hydropower Ltd.
2026043004014457,SHPC,60,29,300,513.0,153900.0,2026-04-30,188777940,591,Nagarik Stock Dealer ,Trisul Securities & Invt. Ltd.,2026-04-30 14:56:28.391248,Sanima Mai Hydropower Ltd.
2026043004014458,SHPC,81,29,60,512.5,30750.0,2026-04-30,188777941,591,Aakashbhairab Securities Ltd.,Trisul Securities & Invt. Ltd.,2026-04-30 14:56:28.391646,Sanima Mai Hydropower Ltd.
2026043004014485,SHPC,58,44,26,513.9,13361.4,2026-04-30,188778255,591,Naasa Securities Co. Ltd.,Dynamic Money Managers Securities Pvt. Ltd.,2026-04-30 14:56:36.660784,Sanima Mai Hydropower Ltd.
2026043004014505,SHPC,58,48,171,513.9,87876.9,2026-04-30,188778463,591,Naasa Securities Co. Ltd.,Trishakti Securities Public Limited,2026-04-30 14:56:45.728520,Sanima Mai Hydropower Ltd.
2026043004014556,SHPC,58,14,348,513.9,178837.2,2026-04-30,188778944,591,Naasa Securities Co. Ltd.,Nepal Stock House (PVT) Ltd.,2026-04-30 14:57:03.322874,Sanima Mai Hydropower Ltd.
2026043004014962,SHPC,63,45,189,513.0,96957.0,2026-04-30,188782216,591,Himalayan Brokerage Company Limited,Imperial Securities Company Pvt. Ltd.,2026-04-30 14:58:56.483465,Sanima Mai Hydropower Ltd.
2026043004014963,SHPC,41,45,10,512.8,5128.0,2026-04-30,188782218,591,Linch Stock Market Ltd.,Imperial Securities Company Pvt. Ltd.,2026-04-30 14:58:56.483502,Sanima Mai Hydropower Ltd.
2026043004014964,SHPC,56,45,100,512.7,51270.0,2026-04-30,188782220,591,Sri Hari Securities Pvt. Ltd.,Imperial Securities Company Pvt. Ltd.,2026-04-30 14:58:56.483527,Sanima Mai Hydropower Ltd.
2026043004014965,SHPC,81,45,36,512.5,18450.0,2026-04-30,188782221,591,Aakashbhairab Securities Ltd.,Imperial Securities Company Pvt. Ltd.,2026-04-30 14:58:56.483552,Sanima Mai Hydropower Ltd.
2026043004014973,SHPC,81,8,324,512.5,166050.0,2026-04-30,188782454,591,Aakashbhairab Securities Ltd.,Brilliant Securities Pvt. Ltd.,2026-04-30 14:59:01.640939,Sanima Mai Hydropower Ltd.
2026043004014974,SHPC,42,8,500,512.5,256250.0,2026-04-30,188782456,591,Sani Securities Company Ltd.,Brilliant Securities Pvt. Ltd.,2026-04-30 14:59:01.641325,Sanima Mai Hydropower Ltd.
2026043004014975,SHPC,41,8,176,512.5,90200.0,2026-04-30,188782457,591,Linch Stock Market Ltd.,Brilliant Securities Pvt. Ltd.,2026-04-30 14:59:01.641552,Sanima Mai Hydropower Ltd.
2026043004015051,SHPC,41,52,24,512.5,12300.0,2026-04-30,188783073,591,Linch Stock Market Ltd.,Sundhara Securities Limited,2026-04-30 14:59:16.925010,Sanima Mai Hydropower Ltd.
2026043004015142,SHPC,58,52,90,512.5,46125.0,2026-04-30,188783881,591,Naasa Securities Co. Ltd.,Sundhara Securities Limited,2026-04-30 14:59:26.876745,Sanima Mai Hydropower Ltd.
2026043004015209,SHPC,44,52,475,512.3,243342.5,2026-04-30,188784299,591,Dynamic Money Managers Securities Pvt. Ltd.,Sundhara Securities Limited,2026-04-30 14:59:34.291824,Sanima Mai Hydropower Ltd.
2026043004015210,SHPC,44,52,25,512.3,12807.5,2026-04-30,188784300,591,Dynamic Money Managers Securities Pvt. Ltd.,Sundhara Securities Limited,2026-04-30 14:59:34.291999,Sanima Mai Hydropower Ltd.
2026043004015224,SHPC,29,52,124,512.5,63550.0,2026-04-30,188784494,591,Trisul Securities & Invt. Ltd.,Sundhara Securities Limited,2026-04-30 14:59:38.323005,Sanima Mai Hydropower Ltd.
2026043004015297,SHPC,60,52,100,512.5,51250.0,2026-04-30,188785013,591,Nagarik Stock Dealer ,Sundhara Securities Limited,2026-04-30 14:59:46.449798,Sanima Mai Hydropower Ltd.
2026043004015356,SHPC,44,41,84,512.3,43033.2,2026-04-30,188786140,591,Dynamic Money Managers Securities Pvt. Ltd.,Linch Stock Market Ltd.,2026-04-30 14:59:56.394981,Sanima Mai Hydropower Ltd.
