contractId,stockSymbol,buyerMemberId,sellerMemberId,quantity,rate,amount,businessDate,tradeBookId,stockId,buyerBrokerName,sellerBrokerName,transaction_time,securityName
2026043003000232,SIFC,44,84,40,530.0,21200.0,2026-04-30,188633191,244,Dynamic Money Managers Securities Pvt. Ltd.,MILKY WAY SHARE BROKER COMPANY LTD ,2026-04-30 11:10:54.965006,Shree Investment Finance Co. Ltd.
2026043003000257,SIFC,44,33,60,530.0,31800.0,2026-04-30,188633416,244,Dynamic Money Managers Securities Pvt. Ltd.,Dakshinkali Investment & Securities Pvt. Ltd.,2026-04-30 11:11:08.344053,Shree Investment Finance Co. Ltd.
2026043003000258,SIFC,42,33,440,530.0,233200.0,2026-04-30,188633417,244,Sani Securities Company Ltd.,Dakshinkali Investment & Securities Pvt. Ltd.,2026-04-30 11:11:08.344150,Shree Investment Finance Co. Ltd.
2026043003000523,SIFC,22,17,50,530.5,26525.0,2026-04-30,188640303,244,Siprabi Securities Pvt. Ltd.,ABC Securities Private Limited,2026-04-30 11:18:32.613941,Shree Investment Finance Co. Ltd.
2026043003000526,SIFC,22,46,50,530.5,26525.0,2026-04-30,188640472,244,Siprabi Securities Pvt. Ltd.,Kalika Securities Pvt. Ltd.,2026-04-30 11:18:44.605224,Shree Investment Finance Co. Ltd.
2026043003000527,SIFC,1,46,90,530.2,47718.0,2026-04-30,188640473,244,Kumari Securities Private Limited,Kalika Securities Pvt. Ltd.,2026-04-30 11:18:44.605283,Shree Investment Finance Co. Ltd.
2026043003000592,SIFC,64,17,100,530.3,53030.0,2026-04-30,188642071,244,SUN SECURITIES PVT LTD,ABC Securities Private Limited,2026-04-30 11:20:32.027152,Shree Investment Finance Co. Ltd.
2026043003000614,SIFC,1,17,10,530.2,5302.0,2026-04-30,188642860,244,Kumari Securities Private Limited,ABC Securities Private Limited,2026-04-30 11:21:17.085577,Shree Investment Finance Co. Ltd.
2026043003000615,SIFC,57,17,40,530.2,21208.0,2026-04-30,188642861,244,Aryatara Investment & Securities,ABC Securities Private Limited,2026-04-30 11:21:17.085687,Shree Investment Finance Co. Ltd.
2026043003000781,SIFC,64,14,100,530.3,53030.0,2026-04-30,188647696,244,SUN SECURITIES PVT LTD,Nepal Stock House (PVT) Ltd.,2026-04-30 11:26:08.711844,Shree Investment Finance Co. Ltd.
2026043003000782,SIFC,57,14,10,530.2,5302.0,2026-04-30,188647698,244,Aryatara Investment & Securities,Nepal Stock House (PVT) Ltd.,2026-04-30 11:26:08.711902,Shree Investment Finance Co. Ltd.
2026043003000783,SIFC,57,14,90,530.2,47718.0,2026-04-30,188647699,244,Aryatara Investment & Securities,Nepal Stock House (PVT) Ltd.,2026-04-30 11:26:08.711938,Shree Investment Finance Co. Ltd.
2026043003000821,SIFC,57,14,10,530.2,5302.0,2026-04-30,188648446,244,Aryatara Investment & Securities,Nepal Stock House (PVT) Ltd.,2026-04-30 11:26:57.703234,Shree Investment Finance Co. Ltd.
2026043003000822,SIFC,58,14,120,530.2,63624.0,2026-04-30,188648448,244,Naasa Securities Co. Ltd.,Nepal Stock House (PVT) Ltd.,2026-04-30 11:26:57.703297,Shree Investment Finance Co. Ltd.
2026043003000823,SIFC,42,14,560,530.0,296800.0,2026-04-30,188648450,244,Sani Securities Company Ltd.,Nepal Stock House (PVT) Ltd.,2026-04-30 11:26:57.703328,Shree Investment Finance Co. Ltd.
2026043003000824,SIFC,35,14,90,530.0,47700.0,2026-04-30,188648451,244,Kohinoor Investment & Securities Pvt. Ltd.,Nepal Stock House (PVT) Ltd.,2026-04-30 11:26:57.703366,Shree Investment Finance Co. Ltd.
2026043003000917,SIFC,42,58,10,540.0,5400.0,2026-04-30,188651354,244,Sani Securities Company Ltd.,Naasa Securities Co. Ltd.,2026-04-30 11:30:15.514741,Shree Investment Finance Co. Ltd.
2026043003001197,SIFC,54,14,10,532.0,5320.0,2026-04-30,188657388,244,Sewa Securities Pvt. Ltd.,Nepal Stock House (PVT) Ltd.,2026-04-30 11:38:24.557199,Shree Investment Finance Co. Ltd.
2026043003001198,SIFC,49,14,180,531.0,95580.0,2026-04-30,188657390,244,Online Securities Pvt. Ltd.,Nepal Stock House (PVT) Ltd.,2026-04-30 11:38:24.557263,Shree Investment Finance Co. Ltd.
2026043003001199,SIFC,35,14,110,530.0,58300.0,2026-04-30,188657392,244,Kohinoor Investment & Securities Pvt. Ltd.,Nepal Stock House (PVT) Ltd.,2026-04-30 11:38:24.557299,Shree Investment Finance Co. Ltd.
2026043003001200,SIFC,58,14,130,530.0,68900.0,2026-04-30,188657394,244,Naasa Securities Co. Ltd.,Nepal Stock House (PVT) Ltd.,2026-04-30 11:38:24.557332,Shree Investment Finance Co. Ltd.
2026043003001201,SIFC,34,14,10,530.0,5300.0,2026-04-30,188657396,244,Vision Securities Pvt. Ltd,Nepal Stock House (PVT) Ltd.,2026-04-30 11:38:24.557361,Shree Investment Finance Co. Ltd.
2026043003001202,SIFC,36,14,500,529.0,264500.0,2026-04-30,188657398,244,Secured Securities Ltd.,Nepal Stock House (PVT) Ltd.,2026-04-30 11:38:24.557392,Shree Investment Finance Co. Ltd.
2026043003001207,SIFC,64,14,60,529.0,31740.0,2026-04-30,188657548,244,SUN SECURITIES PVT LTD,Nepal Stock House (PVT) Ltd.,2026-04-30 11:38:38.954126,Shree Investment Finance Co. Ltd.
2026043003001341,SIFC,64,47,10,530.1,5301.0,2026-04-30,188660417,244,SUN SECURITIES PVT LTD,Neev Securities Pvt. Ltd.,2026-04-30 11:43:05.489644,Shree Investment Finance Co. Ltd.
2026043003001344,SIFC,64,46,30,530.1,15903.0,2026-04-30,188660522,244,SUN SECURITIES PVT LTD,Kalika Securities Pvt. Ltd.,2026-04-30 11:43:17.953924,Shree Investment Finance Co. Ltd.
2026043003001345,SIFC,54,46,10,530.0,5300.0,2026-04-30,188660524,244,Sewa Securities Pvt. Ltd.,Kalika Securities Pvt. Ltd.,2026-04-30 11:43:17.954065,Shree Investment Finance Co. Ltd.
2026043003001346,SIFC,89,46,10,528.5,5285.0,2026-04-30,188660526,244,Global IME Securities Limited,Kalika Securities Pvt. Ltd.,2026-04-30 11:43:17.954172,Shree Investment Finance Co. Ltd.
2026043003001347,SIFC,89,46,10,528.0,5280.0,2026-04-30,188660528,244,Global IME Securities Limited,Kalika Securities Pvt. Ltd.,2026-04-30 11:43:17.954248,Shree Investment Finance Co. Ltd.
2026043003001348,SIFC,57,46,100,528.0,52800.0,2026-04-30,188660530,244,Aryatara Investment & Securities,Kalika Securities Pvt. Ltd.,2026-04-30 11:43:17.954324,Shree Investment Finance Co. Ltd.
2026043003001349,SIFC,58,46,40,528.0,21120.0,2026-04-30,188660531,244,Naasa Securities Co. Ltd.,Kalika Securities Pvt. Ltd.,2026-04-30 11:43:17.954400,Shree Investment Finance Co. Ltd.
2026043003001657,SIFC,44,47,200,535.0,107000.0,2026-04-30,188667502,244,Dynamic Money Managers Securities Pvt. Ltd.,Neev Securities Pvt. Ltd.,2026-04-30 11:52:33.975643,Shree Investment Finance Co. Ltd.
2026043003001781,SIFC,21,14,20,535.0,10700.0,2026-04-30,188670506,244,Midas Stock Broking Company Private Limited,Nepal Stock House (PVT) Ltd.,2026-04-30 11:56:31.380603,Shree Investment Finance Co. Ltd.
2026043003001782,SIFC,64,14,100,529.1,52910.0,2026-04-30,188670508,244,SUN SECURITIES PVT LTD,Nepal Stock House (PVT) Ltd.,2026-04-30 11:56:31.380749,Shree Investment Finance Co. Ltd.
2026043003001783,SIFC,25,14,880,529.0,465520.0,2026-04-30,188670509,244,Sweta Securities Private Limited,Nepal Stock House (PVT) Ltd.,2026-04-30 11:56:31.380848,Shree Investment Finance Co. Ltd.
2026043003001895,SIFC,25,7,100,529.0,52900.0,2026-04-30,188674601,244,Sweta Securities Private Limited,J.F. Securites (PVT) Ltd.,2026-04-30 12:03:03.206931,Shree Investment Finance Co. Ltd.
2026043003002478,SIFC,34,34,44,530.4,23337.6,2026-04-30,188689141,244,Vision Securities Pvt. Ltd,Vision Securities Pvt. Ltd,2026-04-30 12:25:43.412074,Shree Investment Finance Co. Ltd.
2026043003002613,SIFC,34,14,156,530.4,82742.4,2026-04-30,188691294,244,Vision Securities Pvt. Ltd,Nepal Stock House (PVT) Ltd.,2026-04-30 12:30:14.824418,Shree Investment Finance Co. Ltd.
2026043003002614,SIFC,22,14,90,530.3,47727.0,2026-04-30,188691296,244,Siprabi Securities Pvt. Ltd.,Nepal Stock House (PVT) Ltd.,2026-04-30 12:30:14.824624,Shree Investment Finance Co. Ltd.
2026043003002615,SIFC,45,14,100,530.2,53020.0,2026-04-30,188691298,244,Imperial Securities Company Pvt. Ltd.,Nepal Stock House (PVT) Ltd.,2026-04-30 12:30:14.824733,Shree Investment Finance Co. Ltd.
2026043003002616,SIFC,58,14,154,530.0,81620.0,2026-04-30,188691299,244,Naasa Securities Co. Ltd.,Nepal Stock House (PVT) Ltd.,2026-04-30 12:30:14.824829,Shree Investment Finance Co. Ltd.
2026043003002888,SIFC,17,66,50,531.4,26570.0,2026-04-30,188697412,244,ABC Securities Private Limited,Miyo Securities Pvt Ltd,2026-04-30 12:42:13.077228,Shree Investment Finance Co. Ltd.
2026043003002889,SIFC,34,66,126,531.4,66956.4,2026-04-30,188697413,244,Vision Securities Pvt. Ltd,Miyo Securities Pvt Ltd,2026-04-30 12:42:13.077407,Shree Investment Finance Co. Ltd.
2026043003002975,SIFC,44,43,40,535.0,21400.0,2026-04-30,188699751,244,Dynamic Money Managers Securities Pvt. Ltd.,South Asian Bulls Pvt. Ltd.,2026-04-30 12:45:52.424011,Shree Investment Finance Co. Ltd.
2026043003002976,SIFC,44,13,15,535.0,8025.0,2026-04-30,188699754,244,Dynamic Money Managers Securities Pvt. Ltd.,Thrive Brokerage House Pvt. Ltd,2026-04-30 12:45:52.424172,Shree Investment Finance Co. Ltd.
2026043003003193,SIFC,17,1,100,539.0,53900.0,2026-04-30,188705111,244,ABC Securities Private Limited,Kumari Securities Private Limited,2026-04-30 12:56:26.293174,Shree Investment Finance Co. Ltd.
2026043003003194,SIFC,17,17,100,539.0,53900.0,2026-04-30,188705113,244,ABC Securities Private Limited,ABC Securities Private Limited,2026-04-30 12:56:26.293339,Shree Investment Finance Co. Ltd.
2026043003003195,SIFC,17,58,300,540.0,162000.0,2026-04-30,188705116,244,ABC Securities Private Limited,Naasa Securities Co. Ltd.,2026-04-30 12:56:26.293449,Shree Investment Finance Co. Ltd.
2026043003003289,SIFC,49,58,60,540.0,32400.0,2026-04-30,188708038,244,Online Securities Pvt. Ltd.,Naasa Securities Co. Ltd.,2026-04-30 12:59:34.186069,Shree Investment Finance Co. Ltd.
2026043003003357,SIFC,45,14,25,532.1,13302.5,2026-04-30,188709918,244,Imperial Securities Company Pvt. Ltd.,Nepal Stock House (PVT) Ltd.,2026-04-30 13:02:36.173223,Shree Investment Finance Co. Ltd.
2026043003003358,SIFC,34,14,975,532.0,518700.0,2026-04-30,188709919,244,Vision Securities Pvt. Ltd,Nepal Stock House (PVT) Ltd.,2026-04-30 13:02:36.173392,Shree Investment Finance Co. Ltd.
2026043003003416,SIFC,34,1,10,539.9,5399.0,2026-04-30,188711252,244,Vision Securities Pvt. Ltd,Kumari Securities Private Limited,2026-04-30 13:04:04.792186,Shree Investment Finance Co. Ltd.
2026043003004307,SIFC,34,14,25,532.0,13300.0,2026-04-30,188731602,244,Vision Securities Pvt. Ltd,Nepal Stock House (PVT) Ltd.,2026-04-30 13:31:56.174081,Shree Investment Finance Co. Ltd.
2026043003004308,SIFC,34,14,74,531.4,39323.6,2026-04-30,188731604,244,Vision Securities Pvt. Ltd,Nepal Stock House (PVT) Ltd.,2026-04-30 13:31:56.174273,Shree Investment Finance Co. Ltd.
2026043003004309,SIFC,1,14,500,531.0,265500.0,2026-04-30,188731606,244,Kumari Securities Private Limited,Nepal Stock House (PVT) Ltd.,2026-04-30 13:31:56.174385,Shree Investment Finance Co. Ltd.
2026043003004310,SIFC,17,14,50,531.0,26550.0,2026-04-30,188731608,244,ABC Securities Private Limited,Nepal Stock House (PVT) Ltd.,2026-04-30 13:31:56.174486,Shree Investment Finance Co. Ltd.
2026043003004311,SIFC,57,14,200,530.1,106020.0,2026-04-30,188731610,244,Aryatara Investment & Securities,Nepal Stock House (PVT) Ltd.,2026-04-30 13:31:56.174577,Shree Investment Finance Co. Ltd.
2026043003004312,SIFC,58,14,46,530.0,24380.0,2026-04-30,188731612,244,Naasa Securities Co. Ltd.,Nepal Stock House (PVT) Ltd.,2026-04-30 13:31:56.174664,Shree Investment Finance Co. Ltd.
2026043003004313,SIFC,62,14,105,530.0,55650.0,2026-04-30,188731613,244,Capital Max Securities Ltd,Nepal Stock House (PVT) Ltd.,2026-04-30 13:31:56.174762,Shree Investment Finance Co. Ltd.
2026043003004622,SIFC,34,17,10,538.9,5389.0,2026-04-30,188737564,244,Vision Securities Pvt. Ltd,ABC Securities Private Limited,2026-04-30 13:47:15.945709,Shree Investment Finance Co. Ltd.
2026043003004777,SIFC,58,58,3,530.3,1590.9,2026-04-30,188740541,244,Naasa Securities Co. Ltd.,Naasa Securities Co. Ltd.,2026-04-30 13:54:03.846697,Shree Investment Finance Co. Ltd.
2026043003005229,SIFC,58,80,10,535.0,5350.0,2026-04-30,188748582,244,Naasa Securities Co. Ltd.,Indira securities pvt. ltd,2026-04-30 14:12:53.289844,Shree Investment Finance Co. Ltd.
2026043003005230,SIFC,29,80,10,531.9,5319.0,2026-04-30,188748584,244,Trisul Securities & Invt. Ltd.,Indira securities pvt. ltd,2026-04-30 14:12:53.289934,Shree Investment Finance Co. Ltd.
2026043003005231,SIFC,29,80,10,531.8,5318.0,2026-04-30,188748586,244,Trisul Securities & Invt. Ltd.,Indira securities pvt. ltd,2026-04-30 14:12:53.289974,Shree Investment Finance Co. Ltd.
2026043003005232,SIFC,29,80,10,531.7,5317.0,2026-04-30,188748588,244,Trisul Securities & Invt. Ltd.,Indira securities pvt. ltd,2026-04-30 14:12:53.290010,Shree Investment Finance Co. Ltd.
2026043003005233,SIFC,56,80,20,531.6,10632.0,2026-04-30,188748590,244,Sri Hari Securities Pvt. Ltd.,Indira securities pvt. ltd,2026-04-30 14:12:53.290051,Shree Investment Finance Co. Ltd.
2026043003005234,SIFC,34,80,100,531.6,53160.0,2026-04-30,188748592,244,Vision Securities Pvt. Ltd,Indira securities pvt. ltd,2026-04-30 14:12:53.290085,Shree Investment Finance Co. Ltd.
2026043003005235,SIFC,58,80,80,531.6,42528.0,2026-04-30,188748594,244,Naasa Securities Co. Ltd.,Indira securities pvt. ltd,2026-04-30 14:12:53.290123,Shree Investment Finance Co. Ltd.
2026043003005236,SIFC,49,80,975,531.5,518212.5,2026-04-30,188748596,244,Online Securities Pvt. Ltd.,Indira securities pvt. ltd,2026-04-30 14:12:53.290155,Shree Investment Finance Co. Ltd.
2026043003005237,SIFC,62,80,395,530.0,209350.0,2026-04-30,188748598,244,Capital Max Securities Ltd,Indira securities pvt. ltd,2026-04-30 14:12:53.290186,Shree Investment Finance Co. Ltd.
2026043003005238,SIFC,54,80,10,530.0,5300.0,2026-04-30,188748600,244,Sewa Securities Pvt. Ltd.,Indira securities pvt. ltd,2026-04-30 14:12:53.290217,Shree Investment Finance Co. Ltd.
2026043003005240,SIFC,25,80,20,529.0,10580.0,2026-04-30,188748640,244,Sweta Securities Private Limited,Indira securities pvt. ltd,2026-04-30 14:13:05.162487,Shree Investment Finance Co. Ltd.
2026043003005241,SIFC,34,80,200,529.0,105800.0,2026-04-30,188748642,244,Vision Securities Pvt. Ltd,Indira securities pvt. ltd,2026-04-30 14:13:05.162573,Shree Investment Finance Co. Ltd.
2026043003005242,SIFC,58,80,60,529.0,31740.0,2026-04-30,188748643,244,Naasa Securities Co. Ltd.,Indira securities pvt. ltd,2026-04-30 14:13:05.162609,Shree Investment Finance Co. Ltd.
2026043003005694,SIFC,34,17,10,538.9,5389.0,2026-04-30,188757764,244,Vision Securities Pvt. Ltd,ABC Securities Private Limited,2026-04-30 14:29:52.276701,Shree Investment Finance Co. Ltd.
2026043003005771,SIFC,29,28,10,530.2,5302.0,2026-04-30,188759360,244,Trisul Securities & Invt. Ltd.,Shree Krishna Securities Ltd.,2026-04-30 14:32:13.637496,Shree Investment Finance Co. Ltd.
2026043003005772,SIFC,64,28,50,530.2,26510.0,2026-04-30,188759362,244,SUN SECURITIES PVT LTD,Shree Krishna Securities Ltd.,2026-04-30 14:32:13.637661,Shree Investment Finance Co. Ltd.
2026043003005773,SIFC,29,28,10,530.1,5301.0,2026-04-30,188759364,244,Trisul Securities & Invt. Ltd.,Shree Krishna Securities Ltd.,2026-04-30 14:32:13.637775,Shree Investment Finance Co. Ltd.
2026043003005774,SIFC,19,28,50,530.0,26500.0,2026-04-30,188759366,244,Nepal Investment And Securities Trading Private Limited,Shree Krishna Securities Ltd.,2026-04-30 14:32:13.637882,Shree Investment Finance Co. Ltd.
2026043003005775,SIFC,54,28,10,530.0,5300.0,2026-04-30,188759368,244,Sewa Securities Pvt. Ltd.,Shree Krishna Securities Ltd.,2026-04-30 14:32:13.637984,Shree Investment Finance Co. Ltd.
2026043003005776,SIFC,29,28,10,529.2,5292.0,2026-04-30,188759370,244,Trisul Securities & Invt. Ltd.,Shree Krishna Securities Ltd.,2026-04-30 14:32:13.638110,Shree Investment Finance Co. Ltd.
2026043003005777,SIFC,64,28,100,529.1,52910.0,2026-04-30,188759372,244,SUN SECURITIES PVT LTD,Shree Krishna Securities Ltd.,2026-04-30 14:32:13.638233,Shree Investment Finance Co. Ltd.
2026043003005778,SIFC,58,28,40,529.0,21160.0,2026-04-30,188759374,244,Naasa Securities Co. Ltd.,Shree Krishna Securities Ltd.,2026-04-30 14:32:13.638337,Shree Investment Finance Co. Ltd.
2026043003005779,SIFC,26,28,200,528.2,105640.0,2026-04-30,188759376,244,Asian Securities Private Ltd.,Shree Krishna Securities Ltd.,2026-04-30 14:32:13.638443,Shree Investment Finance Co. Ltd.
2026043003005780,SIFC,25,28,20,528.1,10562.0,2026-04-30,188759377,244,Sweta Securities Private Limited,Shree Krishna Securities Ltd.,2026-04-30 14:32:13.638561,Shree Investment Finance Co. Ltd.
2026043003005976,SIFC,28,80,100,532.0,53200.0,2026-04-30,188763362,244,Shree Krishna Securities Ltd.,Indira securities pvt. ltd,2026-04-30 14:38:12.843182,Shree Investment Finance Co. Ltd.
2026043003005977,SIFC,29,80,10,530.1,5301.0,2026-04-30,188763364,244,Trisul Securities & Invt. Ltd.,Indira securities pvt. ltd,2026-04-30 14:38:12.843280,Shree Investment Finance Co. Ltd.
2026043003005978,SIFC,36,80,150,530.0,79500.0,2026-04-30,188763366,244,Secured Securities Ltd.,Indira securities pvt. ltd,2026-04-30 14:38:12.843336,Shree Investment Finance Co. Ltd.
2026043003005979,SIFC,28,80,340,530.0,180200.0,2026-04-30,188763367,244,Shree Krishna Securities Ltd.,Indira securities pvt. ltd,2026-04-30 14:38:12.843373,Shree Investment Finance Co. Ltd.
2026043003006590,SIFC,28,77,60,537.0,32220.0,2026-04-30,188773622,244,Shree Krishna Securities Ltd.,Nabil Stock Dealer Ltd.,2026-04-30 14:52:27.095676,Shree Investment Finance Co. Ltd.
2026043003006669,SIFC,54,77,40,537.0,21480.0,2026-04-30,188775404,244,Sewa Securities Pvt. Ltd.,Nabil Stock Dealer Ltd.,2026-04-30 14:54:14.443968,Shree Investment Finance Co. Ltd.
2026043003006851,SIFC,13,17,300,534.0,160200.0,2026-04-30,188777790,244,Thrive Brokerage House Pvt. Ltd,ABC Securities Private Limited,2026-04-30 14:56:22.012465,Shree Investment Finance Co. Ltd.
2026043003006852,SIFC,75,17,15,533.0,7995.0,2026-04-30,188777792,244,N.I.M.B. Stock Markets Limited,ABC Securities Private Limited,2026-04-30 14:56:22.012647,Shree Investment Finance Co. Ltd.
2026043003006853,SIFC,34,17,200,530.1,106020.0,2026-04-30,188777794,244,Vision Securities Pvt. Ltd,ABC Securities Private Limited,2026-04-30 14:56:22.012767,Shree Investment Finance Co. Ltd.
2026043003006854,SIFC,35,17,200,530.0,106000.0,2026-04-30,188777796,244,Kohinoor Investment & Securities Pvt. Ltd.,ABC Securities Private Limited,2026-04-30 14:56:22.012882,Shree Investment Finance Co. Ltd.
2026043003006855,SIFC,54,17,15,530.0,7950.0,2026-04-30,188777797,244,Sewa Securities Pvt. Ltd.,ABC Securities Private Limited,2026-04-30 14:56:22.012992,Shree Investment Finance Co. Ltd.
2026043003007045,SIFC,54,37,10,530.0,5300.0,2026-04-30,188780242,244,Sewa Securities Pvt. Ltd.,Swarna Laxmi Securities Pvt. Ltd.,2026-04-30 14:57:52.585835,Shree Investment Finance Co. Ltd.
2026043003007326,SIFC,64,37,50,529.0,26450.0,2026-04-30,188784255,244,SUN SECURITIES PVT LTD,Swarna Laxmi Securities Pvt. Ltd.,2026-04-30 14:59:32.939384,Shree Investment Finance Co. Ltd.
2026043003007453,SIFC,13,37,100,530.0,53000.0,2026-04-30,188786198,244,Thrive Brokerage House Pvt. Ltd,Swarna Laxmi Securities Pvt. Ltd.,2026-04-30 14:59:56.860718,Shree Investment Finance Co. Ltd.
