contractId,stockSymbol,buyerMemberId,sellerMemberId,quantity,rate,amount,businessDate,tradeBookId,stockId,buyerBrokerName,sellerBrokerName,transaction_time,securityName
2026043004000103,UPCL,13,39,100,369.0,36900.0,2026-04-30,188626984,2810,Thrive Brokerage House Pvt. Ltd,Sumeru Securities Pvt. Ltd.,2026-04-30 11:01:55.951210,UNIVERSAL POWER COMPANY LTD
2026043004000104,UPCL,6,39,100,369.0,36900.0,2026-04-30,188626985,2810,Agrawal Securities (PVT) Ltd.,Sumeru Securities Pvt. Ltd.,2026-04-30 11:01:55.951305,UNIVERSAL POWER COMPANY LTD
2026043004000475,UPCL,58,49,100,369.0,36900.0,2026-04-30,188630634,2810,Naasa Securities Co. Ltd.,Online Securities Pvt. Ltd.,2026-04-30 11:07:06.142017,UNIVERSAL POWER COMPANY LTD
2026043004000476,UPCL,57,49,50,368.1,18405.0,2026-04-30,188630636,2810,Aryatara Investment & Securities,Online Securities Pvt. Ltd.,2026-04-30 11:07:06.142121,UNIVERSAL POWER COMPANY LTD
2026043004000477,UPCL,16,49,170,368.1,62577.0,2026-04-30,188630637,2810,Primo Securities (PVT) Ltd.,Online Securities Pvt. Ltd.,2026-04-30 11:07:06.142158,UNIVERSAL POWER COMPANY LTD
2026043004000569,UPCL,4,45,100,368.8,36880.0,2026-04-30,188631537,2810,Opal Securities Investment (PVT) Ltd.,Imperial Securities Company Pvt. Ltd.,2026-04-30 11:08:29.934650,UNIVERSAL POWER COMPANY LTD
2026043004000770,UPCL,5,45,50,370.0,18500.0,2026-04-30,188633709,2810,Market Securities & Exchange (PVT) Ltd.,Imperial Securities Company Pvt. Ltd.,2026-04-30 11:11:28.771334,UNIVERSAL POWER COMPANY LTD
2026043004000789,UPCL,5,80,50,370.0,18500.0,2026-04-30,188633980,2810,Market Securities & Exchange (PVT) Ltd.,Indira securities pvt. ltd,2026-04-30 11:11:46.008168,UNIVERSAL POWER COMPANY LTD
2026043004000904,UPCL,42,80,100,370.0,37000.0,2026-04-30,188634902,2810,Sani Securities Company Ltd.,Indira securities pvt. ltd,2026-04-30 11:12:46.124642,UNIVERSAL POWER COMPANY LTD
2026043004000924,UPCL,49,45,50,369.0,18450.0,2026-04-30,188635195,2810,Online Securities Pvt. Ltd.,Imperial Securities Company Pvt. Ltd.,2026-04-30 11:13:08.687697,UNIVERSAL POWER COMPANY LTD
2026043004001110,UPCL,38,14,300,369.0,110700.0,2026-04-30,188637021,2810,Dipshikha Dhitopatra Karobar Co. Pvt Ltd.,Nepal Stock House (PVT) Ltd.,2026-04-30 11:15:00.818462,UNIVERSAL POWER COMPANY LTD
2026043004001111,UPCL,38,46,545,369.0,201105.0,2026-04-30,188637029,2810,Dipshikha Dhitopatra Karobar Co. Pvt Ltd.,Kalika Securities Pvt. Ltd.,2026-04-30 11:15:01.055374,UNIVERSAL POWER COMPANY LTD
2026043004001151,UPCL,38,26,155,369.0,57195.0,2026-04-30,188637596,2810,Dipshikha Dhitopatra Karobar Co. Pvt Ltd.,Asian Securities Private Ltd.,2026-04-30 11:15:34.808602,UNIVERSAL POWER COMPANY LTD
2026043004001152,UPCL,37,26,100,369.0,36900.0,2026-04-30,188637598,2810,Swarna Laxmi Securities Pvt. Ltd.,Asian Securities Private Ltd.,2026-04-30 11:15:34.808777,UNIVERSAL POWER COMPANY LTD
2026043004001200,UPCL,57,52,58,368.9,21396.2,2026-04-30,188638137,2810,Aryatara Investment & Securities,Sundhara Securities Limited,2026-04-30 11:16:15.090152,UNIVERSAL POWER COMPANY LTD
2026043004001282,UPCL,7,26,47,369.0,17343.0,2026-04-30,188639312,2810,J.F. Securites (PVT) Ltd.,Asian Securities Private Ltd.,2026-04-30 11:17:22.010807,UNIVERSAL POWER COMPANY LTD
2026043004001480,UPCL,57,45,42,368.9,15493.8,2026-04-30,188641332,2810,Aryatara Investment & Securities,Imperial Securities Company Pvt. Ltd.,2026-04-30 11:19:43.062635,UNIVERSAL POWER COMPANY LTD
2026043004001481,UPCL,4,45,100,368.8,36880.0,2026-04-30,188641334,2810,Opal Securities Investment (PVT) Ltd.,Imperial Securities Company Pvt. Ltd.,2026-04-30 11:19:43.062813,UNIVERSAL POWER COMPANY LTD
2026043004001482,UPCL,17,45,158,368.5,58223.0,2026-04-30,188641335,2810,ABC Securities Private Limited,Imperial Securities Company Pvt. Ltd.,2026-04-30 11:19:43.062859,UNIVERSAL POWER COMPANY LTD
2026043004001642,UPCL,17,45,50,368.5,18425.0,2026-04-30,188643009,2810,ABC Securities Private Limited,Imperial Securities Company Pvt. Ltd.,2026-04-30 11:21:25.030676,UNIVERSAL POWER COMPANY LTD
2026043004001766,UPCL,4,80,200,368.6,73720.0,2026-04-30,188644104,2810,Opal Securities Investment (PVT) Ltd.,Indira securities pvt. ltd,2026-04-30 11:22:31.417383,UNIVERSAL POWER COMPANY LTD
2026043004001767,UPCL,17,80,292,368.5,107602.0,2026-04-30,188644106,2810,ABC Securities Private Limited,Indira securities pvt. ltd,2026-04-30 11:22:31.417583,UNIVERSAL POWER COMPANY LTD
2026043004001768,UPCL,21,80,25,368.5,9212.5,2026-04-30,188644108,2810,Midas Stock Broking Company Private Limited,Indira securities pvt. ltd,2026-04-30 11:22:31.417712,UNIVERSAL POWER COMPANY LTD
2026043004001769,UPCL,42,80,40,368.5,14740.0,2026-04-30,188644110,2810,Sani Securities Company Ltd.,Indira securities pvt. ltd,2026-04-30 11:22:31.417833,UNIVERSAL POWER COMPANY LTD
2026043004001770,UPCL,34,80,30,368.5,11055.0,2026-04-30,188644112,2810,Vision Securities Pvt. Ltd,Indira securities pvt. ltd,2026-04-30 11:22:31.417953,UNIVERSAL POWER COMPANY LTD
2026043004001771,UPCL,16,80,330,368.1,121473.0,2026-04-30,188644114,2810,Primo Securities (PVT) Ltd.,Indira securities pvt. ltd,2026-04-30 11:22:31.418077,UNIVERSAL POWER COMPANY LTD
2026043004001772,UPCL,1,80,433,368.0,159344.0,2026-04-30,188644115,2810,Kumari Securities Private Limited,Indira securities pvt. ltd,2026-04-30 11:22:31.418195,UNIVERSAL POWER COMPANY LTD
2026043004002020,UPCL,1,4,67,368.0,24656.0,2026-04-30,188646412,2810,Kumari Securities Private Limited,Opal Securities Investment (PVT) Ltd.,2026-04-30 11:24:46.027473,UNIVERSAL POWER COMPANY LTD
2026043004002021,UPCL,42,4,100,368.0,36800.0,2026-04-30,188646414,2810,Sani Securities Company Ltd.,Opal Securities Investment (PVT) Ltd.,2026-04-30 11:24:46.027522,UNIVERSAL POWER COMPANY LTD
2026043004002022,UPCL,53,4,100,368.0,36800.0,2026-04-30,188646416,2810,Investment Management Nepal Pvt. Ltd.,Opal Securities Investment (PVT) Ltd.,2026-04-30 11:24:46.027545,UNIVERSAL POWER COMPANY LTD
2026043004002023,UPCL,71,4,100,368.0,36800.0,2026-04-30,188646418,2810,SHUBHAKAMANA SECURITIES PVT. LTD,Opal Securities Investment (PVT) Ltd.,2026-04-30 11:24:46.027573,UNIVERSAL POWER COMPANY LTD
2026043004002024,UPCL,58,4,50,367.0,18350.0,2026-04-30,188646420,2810,Naasa Securities Co. Ltd.,Opal Securities Investment (PVT) Ltd.,2026-04-30 11:24:46.027601,UNIVERSAL POWER COMPANY LTD
2026043004002025,UPCL,58,4,100,367.0,36700.0,2026-04-30,188646422,2810,Naasa Securities Co. Ltd.,Opal Securities Investment (PVT) Ltd.,2026-04-30 11:24:46.027622,UNIVERSAL POWER COMPANY LTD
2026043004002026,UPCL,49,4,20,367.0,7340.0,2026-04-30,188646424,2810,Online Securities Pvt. Ltd.,Opal Securities Investment (PVT) Ltd.,2026-04-30 11:24:46.027643,UNIVERSAL POWER COMPANY LTD
2026043004002027,UPCL,58,4,30,367.0,11010.0,2026-04-30,188646426,2810,Naasa Securities Co. Ltd.,Opal Securities Investment (PVT) Ltd.,2026-04-30 11:24:46.027730,UNIVERSAL POWER COMPANY LTD
2026043004002028,UPCL,58,4,100,367.0,36700.0,2026-04-30,188646428,2810,Naasa Securities Co. Ltd.,Opal Securities Investment (PVT) Ltd.,2026-04-30 11:24:46.027771,UNIVERSAL POWER COMPANY LTD
2026043004002029,UPCL,17,4,333,366.0,121878.0,2026-04-30,188646429,2810,ABC Securities Private Limited,Opal Securities Investment (PVT) Ltd.,2026-04-30 11:24:46.027794,UNIVERSAL POWER COMPANY LTD
2026043004002032,UPCL,17,4,167,366.0,61122.0,2026-04-30,188646556,2810,ABC Securities Private Limited,Opal Securities Investment (PVT) Ltd.,2026-04-30 11:24:52.574468,UNIVERSAL POWER COMPANY LTD
2026043004002033,UPCL,21,4,300,366.0,109800.0,2026-04-30,188646558,2810,Midas Stock Broking Company Private Limited,Opal Securities Investment (PVT) Ltd.,2026-04-30 11:24:52.574560,UNIVERSAL POWER COMPANY LTD
2026043004002034,UPCL,49,4,20,366.0,7320.0,2026-04-30,188646560,2810,Online Securities Pvt. Ltd.,Opal Securities Investment (PVT) Ltd.,2026-04-30 11:24:52.574623,UNIVERSAL POWER COMPANY LTD
2026043004002035,UPCL,38,4,13,365.9,4756.7,2026-04-30,188646561,2810,Dipshikha Dhitopatra Karobar Co. Pvt Ltd.,Opal Securities Investment (PVT) Ltd.,2026-04-30 11:24:52.574689,UNIVERSAL POWER COMPANY LTD
2026043004002194,UPCL,58,34,10,368.0,3680.0,2026-04-30,188648326,2810,Naasa Securities Co. Ltd.,Vision Securities Pvt. Ltd,2026-04-30 11:26:50.088074,UNIVERSAL POWER COMPANY LTD
2026043004002308,UPCL,100,34,490,368.0,180320.0,2026-04-30,188649796,2810,Sunrise Securities Limited,Vision Securities Pvt. Ltd,2026-04-30 11:28:28.979748,UNIVERSAL POWER COMPANY LTD
2026043004002495,UPCL,6,47,150,368.9,55335.0,2026-04-30,188651775,2810,Agrawal Securities (PVT) Ltd.,Neev Securities Pvt. Ltd.,2026-04-30 11:30:48.389576,UNIVERSAL POWER COMPANY LTD
2026043004002496,UPCL,6,26,198,369.0,73062.0,2026-04-30,188651777,2810,Agrawal Securities (PVT) Ltd.,Asian Securities Private Ltd.,2026-04-30 11:30:48.389751,UNIVERSAL POWER COMPANY LTD
2026043004002497,UPCL,6,72,84,369.0,30996.0,2026-04-30,188651779,2810,Agrawal Securities (PVT) Ltd.,Hatemalo Financial Services Private Limited,2026-04-30 11:30:48.389811,UNIVERSAL POWER COMPANY LTD
2026043004002511,UPCL,71,44,500,369.1,184550.0,2026-04-30,188651938,2810,SHUBHAKAMANA SECURITIES PVT. LTD,Dynamic Money Managers Securities Pvt. Ltd.,2026-04-30 11:31:00.269141,UNIVERSAL POWER COMPANY LTD
2026043004002632,UPCL,100,44,500,369.9,184950.0,2026-04-30,188653012,2810,Sunrise Securities Limited,Dynamic Money Managers Securities Pvt. Ltd.,2026-04-30 11:32:20.137163,UNIVERSAL POWER COMPANY LTD
2026043004002673,UPCL,6,66,38,369.1,14025.8,2026-04-30,188653294,2810,Agrawal Securities (PVT) Ltd.,Miyo Securities Pvt Ltd,2026-04-30 11:32:45.271004,UNIVERSAL POWER COMPANY LTD
2026043004002674,UPCL,6,66,45,369.0,16605.0,2026-04-30,188653295,2810,Agrawal Securities (PVT) Ltd.,Miyo Securities Pvt Ltd,2026-04-30 11:32:45.271279,UNIVERSAL POWER COMPANY LTD
2026043004003017,UPCL,6,62,23,369.0,8487.0,2026-04-30,188656788,2810,Agrawal Securities (PVT) Ltd.,Capital Max Securities Ltd,2026-04-30 11:37:39.043232,UNIVERSAL POWER COMPANY LTD
2026043004003018,UPCL,16,62,30,369.0,11070.0,2026-04-30,188656790,2810,Primo Securities (PVT) Ltd.,Capital Max Securities Ltd,2026-04-30 11:37:39.043370,UNIVERSAL POWER COMPANY LTD
2026043004003019,UPCL,4,62,53,369.0,19557.0,2026-04-30,188656791,2810,Opal Securities Investment (PVT) Ltd.,Capital Max Securities Ltd,2026-04-30 11:37:39.043432,UNIVERSAL POWER COMPANY LTD
2026043004003070,UPCL,49,44,500,369.9,184950.0,2026-04-30,188657135,2810,Online Securities Pvt. Ltd.,Dynamic Money Managers Securities Pvt. Ltd.,2026-04-30 11:38:06.234125,UNIVERSAL POWER COMPANY LTD
2026043004003071,UPCL,49,91,100,370.0,37000.0,2026-04-30,188657137,2810,Online Securities Pvt. Ltd.,Citizens Share Broker Limited,2026-04-30 11:38:06.234382,UNIVERSAL POWER COMPANY LTD
2026043004003072,UPCL,49,57,700,370.0,259000.0,2026-04-30,188657140,2810,Online Securities Pvt. Ltd.,Aryatara Investment & Securities,2026-04-30 11:38:06.234542,UNIVERSAL POWER COMPANY LTD
2026043004003074,UPCL,4,49,1000,369.0,369000.0,2026-04-30,188657157,2810,Opal Securities Investment (PVT) Ltd.,Online Securities Pvt. Ltd.,2026-04-30 11:38:08.638204,UNIVERSAL POWER COMPANY LTD
2026043004003163,UPCL,4,52,297,369.0,109593.0,2026-04-30,188657866,2810,Opal Securities Investment (PVT) Ltd.,Sundhara Securities Limited,2026-04-30 11:39:16.808631,UNIVERSAL POWER COMPANY LTD
2026043004003191,UPCL,49,57,300,370.0,111000.0,2026-04-30,188658139,2810,Online Securities Pvt. Ltd.,Aryatara Investment & Securities,2026-04-30 11:39:41.366929,UNIVERSAL POWER COMPANY LTD
2026043004003192,UPCL,49,58,25,370.0,9250.0,2026-04-30,188658141,2810,Online Securities Pvt. Ltd.,Naasa Securities Co. Ltd.,2026-04-30 11:39:41.367058,UNIVERSAL POWER COMPANY LTD
2026043004003427,UPCL,13,38,100,371.0,37100.0,2026-04-30,188660690,2810,Thrive Brokerage House Pvt. Ltd,Dipshikha Dhitopatra Karobar Co. Pvt Ltd.,2026-04-30 11:43:31.013137,UNIVERSAL POWER COMPANY LTD
2026043004003787,UPCL,49,38,500,372.4,186200.0,2026-04-30,188664013,2810,Online Securities Pvt. Ltd.,Dipshikha Dhitopatra Karobar Co. Pvt Ltd.,2026-04-30 11:47:48.785946,UNIVERSAL POWER COMPANY LTD
2026043004003788,UPCL,49,44,435,372.5,162037.5,2026-04-30,188664016,2810,Online Securities Pvt. Ltd.,Dynamic Money Managers Securities Pvt. Ltd.,2026-04-30 11:47:48.786112,UNIVERSAL POWER COMPANY LTD
2026043004003920,UPCL,76,34,100,371.0,37100.0,2026-04-30,188665270,2810,Machhapuchchhre Securities Limited,Vision Securities Pvt. Ltd,2026-04-30 11:49:27.570260,UNIVERSAL POWER COMPANY LTD
2026043004003921,UPCL,65,34,1000,370.1,370100.0,2026-04-30,188665272,2810,Sharepro Securities Private Limited,Vision Securities Pvt. Ltd,2026-04-30 11:49:27.570572,UNIVERSAL POWER COMPANY LTD
2026043004003922,UPCL,1,34,50,370.0,18500.0,2026-04-30,188665274,2810,Kumari Securities Private Limited,Vision Securities Pvt. Ltd,2026-04-30 11:49:27.570756,UNIVERSAL POWER COMPANY LTD
2026043004003923,UPCL,16,34,136,370.0,50320.0,2026-04-30,188665276,2810,Primo Securities (PVT) Ltd.,Vision Securities Pvt. Ltd,2026-04-30 11:49:27.570942,UNIVERSAL POWER COMPANY LTD
2026043004003924,UPCL,63,34,100,369.1,36910.0,2026-04-30,188665278,2810,Himalayan Brokerage Company Limited,Vision Securities Pvt. Ltd,2026-04-30 11:49:27.571127,UNIVERSAL POWER COMPANY LTD
2026043004003925,UPCL,57,34,100,369.0,36900.0,2026-04-30,188665280,2810,Aryatara Investment & Securities,Vision Securities Pvt. Ltd,2026-04-30 11:49:27.571332,UNIVERSAL POWER COMPANY LTD
2026043004003926,UPCL,67,34,500,368.0,184000.0,2026-04-30,188665282,2810,Property Wiard Limited,Vision Securities Pvt. Ltd,2026-04-30 11:49:27.571512,UNIVERSAL POWER COMPANY LTD
2026043004003934,UPCL,38,34,75,367.2,27540.0,2026-04-30,188665478,2810,Dipshikha Dhitopatra Karobar Co. Pvt Ltd.,Vision Securities Pvt. Ltd,2026-04-30 11:49:47.003258,UNIVERSAL POWER COMPANY LTD
2026043004003935,UPCL,44,34,300,367.0,110100.0,2026-04-30,188665480,2810,Dynamic Money Managers Securities Pvt. Ltd.,Vision Securities Pvt. Ltd,2026-04-30 11:49:47.003565,UNIVERSAL POWER COMPANY LTD
2026043004003936,UPCL,57,34,64,367.0,23488.0,2026-04-30,188665482,2810,Aryatara Investment & Securities,Vision Securities Pvt. Ltd,2026-04-30 11:49:47.003744,UNIVERSAL POWER COMPANY LTD
2026043004003937,UPCL,57,34,100,367.0,36700.0,2026-04-30,188665484,2810,Aryatara Investment & Securities,Vision Securities Pvt. Ltd,2026-04-30 11:49:47.003914,UNIVERSAL POWER COMPANY LTD
2026043004003938,UPCL,35,34,20,367.0,7340.0,2026-04-30,188665486,2810,Kohinoor Investment & Securities Pvt. Ltd.,Vision Securities Pvt. Ltd,2026-04-30 11:49:47.004078,UNIVERSAL POWER COMPANY LTD
2026043004003939,UPCL,34,34,50,367.0,18350.0,2026-04-30,188665488,2810,Vision Securities Pvt. Ltd,Vision Securities Pvt. Ltd,2026-04-30 11:49:47.004244,UNIVERSAL POWER COMPANY LTD
2026043004003940,UPCL,36,34,1000,366.5,366500.0,2026-04-30,188665490,2810,Secured Securities Ltd.,Vision Securities Pvt. Ltd,2026-04-30 11:49:47.004453,UNIVERSAL POWER COMPANY LTD
2026043004003941,UPCL,39,34,660,366.4,241824.0,2026-04-30,188665492,2810,Sumeru Securities Pvt. Ltd.,Vision Securities Pvt. Ltd,2026-04-30 11:49:47.004616,UNIVERSAL POWER COMPANY LTD
2026043004003942,UPCL,52,34,300,366.3,109890.0,2026-04-30,188665494,2810,Sundhara Securities Limited,Vision Securities Pvt. Ltd,2026-04-30 11:49:47.004781,UNIVERSAL POWER COMPANY LTD
2026043004003943,UPCL,60,34,390,366.3,142857.0,2026-04-30,188665496,2810,Nagarik Stock Dealer ,Vision Securities Pvt. Ltd,2026-04-30 11:49:47.004944,UNIVERSAL POWER COMPANY LTD
2026043004003944,UPCL,100,34,1000,366.2,366200.0,2026-04-30,188665498,2810,Sunrise Securities Limited,Vision Securities Pvt. Ltd,2026-04-30 11:49:47.005118,UNIVERSAL POWER COMPANY LTD
2026043004003945,UPCL,4,34,100,366.1,36610.0,2026-04-30,188665500,2810,Opal Securities Investment (PVT) Ltd.,Vision Securities Pvt. Ltd,2026-04-30 11:49:47.005282,UNIVERSAL POWER COMPANY LTD
2026043004003946,UPCL,35,34,500,366.0,183000.0,2026-04-30,188665502,2810,Kohinoor Investment & Securities Pvt. Ltd.,Vision Securities Pvt. Ltd,2026-04-30 11:49:47.005456,UNIVERSAL POWER COMPANY LTD
2026043004003947,UPCL,39,34,50,366.0,18300.0,2026-04-30,188665504,2810,Sumeru Securities Pvt. Ltd.,Vision Securities Pvt. Ltd,2026-04-30 11:49:47.005614,UNIVERSAL POWER COMPANY LTD
2026043004003948,UPCL,53,34,150,366.0,54900.0,2026-04-30,188665506,2810,Investment Management Nepal Pvt. Ltd.,Vision Securities Pvt. Ltd,2026-04-30 11:49:47.005775,UNIVERSAL POWER COMPANY LTD
2026043004003949,UPCL,58,34,250,366.0,91500.0,2026-04-30,188665508,2810,Naasa Securities Co. Ltd.,Vision Securities Pvt. Ltd,2026-04-30 11:49:47.005942,UNIVERSAL POWER COMPANY LTD
2026043004003950,UPCL,38,34,87,365.9,31833.3,2026-04-30,188665510,2810,Dipshikha Dhitopatra Karobar Co. Pvt Ltd.,Vision Securities Pvt. Ltd,2026-04-30 11:49:47.006091,UNIVERSAL POWER COMPANY LTD
2026043004003951,UPCL,84,34,2000,365.5,731000.0,2026-04-30,188665512,2810,MILKY WAY SHARE BROKER COMPANY LTD ,Vision Securities Pvt. Ltd,2026-04-30 11:49:47.006239,UNIVERSAL POWER COMPANY LTD
2026043004003952,UPCL,1,34,50,365.5,18275.0,2026-04-30,188665514,2810,Kumari Securities Private Limited,Vision Securities Pvt. Ltd,2026-04-30 11:49:47.006407,UNIVERSAL POWER COMPANY LTD
2026043004003953,UPCL,49,34,200,365.5,73100.0,2026-04-30,188665516,2810,Online Securities Pvt. Ltd.,Vision Securities Pvt. Ltd,2026-04-30 11:49:47.006560,UNIVERSAL POWER COMPANY LTD
2026043004003954,UPCL,58,34,20,365.4,7308.0,2026-04-30,188665518,2810,Naasa Securities Co. Ltd.,Vision Securities Pvt. Ltd,2026-04-30 11:49:47.006705,UNIVERSAL POWER COMPANY LTD
2026043004003955,UPCL,52,34,500,365.3,182650.0,2026-04-30,188665520,2810,Sundhara Securities Limited,Vision Securities Pvt. Ltd,2026-04-30 11:49:47.006850,UNIVERSAL POWER COMPANY LTD
2026043004003956,UPCL,29,34,148,365.2,54049.6,2026-04-30,188665521,2810,Trisul Securities & Invt. Ltd.,Vision Securities Pvt. Ltd,2026-04-30 11:49:47.006990,UNIVERSAL POWER COMPANY LTD
2026043004003996,UPCL,41,6,100,370.0,37000.0,2026-04-30,188666116,2810,Linch Stock Market Ltd.,Agrawal Securities (PVT) Ltd.,2026-04-30 11:50:37.774028,UNIVERSAL POWER COMPANY LTD
2026043004003997,UPCL,67,6,100,366.0,36600.0,2026-04-30,188666118,2810,Property Wiard Limited,Agrawal Securities (PVT) Ltd.,2026-04-30 11:50:37.774276,UNIVERSAL POWER COMPANY LTD
2026043004003998,UPCL,29,6,80,365.2,29216.0,2026-04-30,188666119,2810,Trisul Securities & Invt. Ltd.,Agrawal Securities (PVT) Ltd.,2026-04-30 11:50:37.774463,UNIVERSAL POWER COMPANY LTD
2026043004004042,UPCL,85,38,10,370.0,3700.0,2026-04-30,188666936,2810,Capital Hub P. Ltd,Dipshikha Dhitopatra Karobar Co. Pvt Ltd.,2026-04-30 11:51:41.909011,UNIVERSAL POWER COMPANY LTD
2026043004004665,UPCL,6,38,9,360.0,3240.0,2026-04-30,188671725,2810,Agrawal Securities (PVT) Ltd.,Dipshikha Dhitopatra Karobar Co. Pvt Ltd.,2026-04-30 11:58:18.951071,UNIVERSAL POWER COMPANY LTD
2026043004004917,UPCL,42,39,500,368.0,184000.0,2026-04-30,188674524,2810,Sani Securities Company Ltd.,Sumeru Securities Pvt. Ltd.,2026-04-30 12:02:54.135770,UNIVERSAL POWER COMPANY LTD
2026043004005149,UPCL,45,26,26,366.1,9518.6,2026-04-30,188677215,2810,Imperial Securities Company Pvt. Ltd.,Asian Securities Private Ltd.,2026-04-30 12:07:13.500337,UNIVERSAL POWER COMPANY LTD
2026043004005293,UPCL,45,14,58,366.1,21233.8,2026-04-30,188679083,2810,Imperial Securities Company Pvt. Ltd.,Nepal Stock House (PVT) Ltd.,2026-04-30 12:10:03.072761,UNIVERSAL POWER COMPANY LTD
2026043004005691,UPCL,45,25,64,366.6,23462.4,2026-04-30,188682733,2810,Imperial Securities Company Pvt. Ltd.,Sweta Securities Private Limited,2026-04-30 12:15:39.031559,UNIVERSAL POWER COMPANY LTD
2026043004005770,UPCL,45,44,352,366.6,129043.2,2026-04-30,188683678,2810,Imperial Securities Company Pvt. Ltd.,Dynamic Money Managers Securities Pvt. Ltd.,2026-04-30 12:17:01.016411,UNIVERSAL POWER COMPANY LTD
2026043004005771,UPCL,42,44,213,366.6,78085.8,2026-04-30,188683679,2810,Sani Securities Company Ltd.,Dynamic Money Managers Securities Pvt. Ltd.,2026-04-30 12:17:01.016756,UNIVERSAL POWER COMPANY LTD
2026043004005792,UPCL,42,44,500,366.6,183300.0,2026-04-30,188683961,2810,Sani Securities Company Ltd.,Dynamic Money Managers Securities Pvt. Ltd.,2026-04-30 12:17:30.957782,UNIVERSAL POWER COMPANY LTD
2026043004005890,UPCL,44,74,10,367.0,3670.0,2026-04-30,188684726,2810,Dynamic Money Managers Securities Pvt. Ltd.,KALASH STOCK MARKET PVT. LTD.,2026-04-30 12:18:31.940841,UNIVERSAL POWER COMPANY LTD
2026043004006059,UPCL,42,52,287,366.6,105214.2,2026-04-30,188685720,2810,Sani Securities Company Ltd.,Sundhara Securities Limited,2026-04-30 12:20:01.833424,UNIVERSAL POWER COMPANY LTD
2026043004006060,UPCL,42,52,213,366.6,78085.8,2026-04-30,188685721,2810,Sani Securities Company Ltd.,Sundhara Securities Limited,2026-04-30 12:20:01.833698,UNIVERSAL POWER COMPANY LTD
2026043004006233,UPCL,6,74,234,367.0,85878.0,2026-04-30,188686718,2810,Agrawal Securities (PVT) Ltd.,KALASH STOCK MARKET PVT. LTD.,2026-04-30 12:21:31.332027,UNIVERSAL POWER COMPANY LTD
2026043004006285,UPCL,41,74,50,367.0,18350.0,2026-04-30,188687216,2810,Linch Stock Market Ltd.,KALASH STOCK MARKET PVT. LTD.,2026-04-30 12:22:20.177594,UNIVERSAL POWER COMPANY LTD
2026043004006486,UPCL,36,52,58,367.6,21320.8,2026-04-30,188690051,2810,Secured Securities Ltd.,Sundhara Securities Limited,2026-04-30 12:27:24.507616,UNIVERSAL POWER COMPANY LTD
2026043004006487,UPCL,36,13,58,367.8,21332.4,2026-04-30,188690053,2810,Secured Securities Ltd.,Thrive Brokerage House Pvt. Ltd,2026-04-30 12:27:24.507838,UNIVERSAL POWER COMPANY LTD
2026043004006583,UPCL,36,18,384,367.8,141235.2,2026-04-30,188691266,2810,Secured Securities Ltd.,Sagarmatha Securities Private Limited,2026-04-30 12:30:10.787971,UNIVERSAL POWER COMPANY LTD
2026043004006584,UPCL,42,18,161,366.6,59022.6,2026-04-30,188691267,2810,Sani Securities Company Ltd.,Sagarmatha Securities Private Limited,2026-04-30 12:30:10.788014,UNIVERSAL POWER COMPANY LTD
2026043004006801,UPCL,51,6,10,367.0,3670.0,2026-04-30,188693190,2810,Oxford Securities Pvt. Ltd.,Agrawal Securities (PVT) Ltd.,2026-04-30 12:33:18.798665,UNIVERSAL POWER COMPANY LTD
2026043004006802,UPCL,86,6,490,367.0,179830.0,2026-04-30,188693191,2810,Stoxkarts Securities Limited,Agrawal Securities (PVT) Ltd.,2026-04-30 12:33:18.798902,UNIVERSAL POWER COMPANY LTD
2026043004006896,UPCL,56,63,10,368.0,3680.0,2026-04-30,188694137,2810,Sri Hari Securities Pvt. Ltd.,Himalayan Brokerage Company Limited,2026-04-30 12:35:06.561347,UNIVERSAL POWER COMPANY LTD
2026043004006897,UPCL,56,58,262,368.0,96416.0,2026-04-30,188694139,2810,Sri Hari Securities Pvt. Ltd.,Naasa Securities Co. Ltd.,2026-04-30 12:35:06.561680,UNIVERSAL POWER COMPANY LTD
2026043004007118,UPCL,34,61,18,367.8,6620.4,2026-04-30,188696397,2810,Vision Securities Pvt. Ltd,BHOLE GANESH SECURITIES LTD,2026-04-30 12:39:51.020289,UNIVERSAL POWER COMPANY LTD
2026043004007289,UPCL,56,50,200,369.9,73980.0,2026-04-30,188698805,2810,Sri Hari Securities Pvt. Ltd.,Cristal Kanchanjanga Securites Pvt. Ltd.,2026-04-30 12:44:09.861272,UNIVERSAL POWER COMPANY LTD
2026043004007290,UPCL,56,49,600,370.0,222000.0,2026-04-30,188698807,2810,Sri Hari Securities Pvt. Ltd.,Online Securities Pvt. Ltd.,2026-04-30 12:44:09.861485,UNIVERSAL POWER COMPANY LTD
2026043004007291,UPCL,56,45,200,370.0,74000.0,2026-04-30,188698809,2810,Sri Hari Securities Pvt. Ltd.,Imperial Securities Company Pvt. Ltd.,2026-04-30 12:44:09.861588,UNIVERSAL POWER COMPANY LTD
2026043004007292,UPCL,56,56,225,370.0,83250.0,2026-04-30,188698811,2810,Sri Hari Securities Pvt. Ltd.,Sri Hari Securities Pvt. Ltd.,2026-04-30 12:44:09.861661,UNIVERSAL POWER COMPANY LTD
2026043004007363,UPCL,49,21,227,370.0,83990.0,2026-04-30,188700126,2810,Online Securities Pvt. Ltd.,Midas Stock Broking Company Private Limited,2026-04-30 12:46:25.463357,UNIVERSAL POWER COMPANY LTD
2026043004007395,UPCL,56,21,53,370.0,19610.0,2026-04-30,188700618,2810,Sri Hari Securities Pvt. Ltd.,Midas Stock Broking Company Private Limited,2026-04-30 12:47:48.937086,UNIVERSAL POWER COMPANY LTD
2026043004007490,UPCL,86,21,20,370.0,7400.0,2026-04-30,188702037,2810,Stoxkarts Securities Limited,Midas Stock Broking Company Private Limited,2026-04-30 12:50:37.524089,UNIVERSAL POWER COMPANY LTD
2026043004007592,UPCL,44,34,85,371.0,31535.0,2026-04-30,188703572,2810,Dynamic Money Managers Securities Pvt. Ltd.,Vision Securities Pvt. Ltd,2026-04-30 12:53:49.613135,UNIVERSAL POWER COMPANY LTD
2026043004007607,UPCL,86,34,570,371.0,211470.0,2026-04-30,188703722,2810,Stoxkarts Securities Limited,Vision Securities Pvt. Ltd,2026-04-30 12:54:11.804654,UNIVERSAL POWER COMPANY LTD
2026043004007709,UPCL,17,7,500,370.9,185450.0,2026-04-30,188705346,2810,ABC Securities Private Limited,J.F. Securites (PVT) Ltd.,2026-04-30 12:56:41.637013,UNIVERSAL POWER COMPANY LTD
2026043004007748,UPCL,58,34,28,371.0,10388.0,2026-04-30,188706020,2810,Naasa Securities Co. Ltd.,Vision Securities Pvt. Ltd,2026-04-30 12:57:38.258777,UNIVERSAL POWER COMPANY LTD
2026043004007785,UPCL,57,34,317,371.0,117607.0,2026-04-30,188707130,2810,Aryatara Investment & Securities,Vision Securities Pvt. Ltd,2026-04-30 12:58:28.441921,UNIVERSAL POWER COMPANY LTD
2026043004007934,UPCL,16,39,25,371.0,9275.0,2026-04-30,188709096,2810,Primo Securities (PVT) Ltd.,Sumeru Securities Pvt. Ltd.,2026-04-30 13:01:13.972519,UNIVERSAL POWER COMPANY LTD
2026043004007973,UPCL,56,39,450,371.0,166950.0,2026-04-30,188709474,2810,Sri Hari Securities Pvt. Ltd.,Sumeru Securities Pvt. Ltd.,2026-04-30 13:01:50.545450,UNIVERSAL POWER COMPANY LTD
2026043004007993,UPCL,57,53,20,370.0,7400.0,2026-04-30,188709830,2810,Aryatara Investment & Securities,Investment Management Nepal Pvt. Ltd.,2026-04-30 13:02:23.343974,UNIVERSAL POWER COMPANY LTD
2026043004007994,UPCL,62,53,778,370.0,287860.0,2026-04-30,188709831,2810,Capital Max Securities Ltd,Investment Management Nepal Pvt. Ltd.,2026-04-30 13:02:23.344403,UNIVERSAL POWER COMPANY LTD
2026043004008061,UPCL,44,39,517,371.0,191807.0,2026-04-30,188710760,2810,Dynamic Money Managers Securities Pvt. Ltd.,Sumeru Securities Pvt. Ltd.,2026-04-30 13:03:29.244509,UNIVERSAL POWER COMPANY LTD
2026043004008372,UPCL,8,17,100,371.9,37190.0,2026-04-30,188715246,2810,Brilliant Securities Pvt. Ltd.,ABC Securities Private Limited,2026-04-30 13:08:00.348742,UNIVERSAL POWER COMPANY LTD
2026043004008427,UPCL,91,17,400,371.9,148760.0,2026-04-30,188715977,2810,Citizens Share Broker Limited,ABC Securities Private Limited,2026-04-30 13:09:05.215924,UNIVERSAL POWER COMPANY LTD
2026043004008428,UPCL,91,42,25,371.9,9297.5,2026-04-30,188715980,2810,Citizens Share Broker Limited,Sani Securities Company Ltd.,2026-04-30 13:09:05.216114,UNIVERSAL POWER COMPANY LTD
2026043004008461,UPCL,3,38,200,372.0,74400.0,2026-04-30,188716305,2810,Arun Securities (PVT) Ltd.,Dipshikha Dhitopatra Karobar Co. Pvt Ltd.,2026-04-30 13:09:24.984470,UNIVERSAL POWER COMPANY LTD
2026043004008462,UPCL,3,57,68,372.0,25296.0,2026-04-30,188716308,2810,Arun Securities (PVT) Ltd.,Aryatara Investment & Securities,2026-04-30 13:09:24.984825,UNIVERSAL POWER COMPANY LTD
2026043004008693,UPCL,37,57,432,372.0,160704.0,2026-04-30,188719049,2810,Swarna Laxmi Securities Pvt. Ltd.,Aryatara Investment & Securities,2026-04-30 13:12:25.765267,UNIVERSAL POWER COMPANY LTD
2026043004008694,UPCL,37,35,68,372.0,25296.0,2026-04-30,188719052,2810,Swarna Laxmi Securities Pvt. Ltd.,Kohinoor Investment & Securities Pvt. Ltd.,2026-04-30 13:12:25.765718,UNIVERSAL POWER COMPANY LTD
2026043004008872,UPCL,49,45,20,371.0,7420.0,2026-04-30,188720718,2810,Online Securities Pvt. Ltd.,Imperial Securities Company Pvt. Ltd.,2026-04-30 13:14:42.603622,UNIVERSAL POWER COMPANY LTD
2026043004009109,UPCL,29,45,480,371.0,178080.0,2026-04-30,188722945,2810,Trisul Securities & Invt. Ltd.,Imperial Securities Company Pvt. Ltd.,2026-04-30 13:17:39.223697,UNIVERSAL POWER COMPANY LTD
2026043004009111,UPCL,70,35,79,372.0,29388.0,2026-04-30,188722951,2810,Infinity Securities Limited,Kohinoor Investment & Securities Pvt. Ltd.,2026-04-30 13:17:39.765623,UNIVERSAL POWER COMPANY LTD
2026043004009213,UPCL,58,44,72,371.5,26748.0,2026-04-30,188724102,2810,Naasa Securities Co. Ltd.,Dynamic Money Managers Securities Pvt. Ltd.,2026-04-30 13:19:18.765933,UNIVERSAL POWER COMPANY LTD
2026043004009427,UPCL,38,62,100,371.2,37120.0,2026-04-30,188725690,2810,Dipshikha Dhitopatra Karobar Co. Pvt Ltd.,Capital Max Securities Ltd,2026-04-30 13:20:28.270153,UNIVERSAL POWER COMPANY LTD
2026043004009471,UPCL,70,62,300,371.1,111330.0,2026-04-30,188725941,2810,Infinity Securities Limited,Capital Max Securities Ltd,2026-04-30 13:20:42.690697,UNIVERSAL POWER COMPANY LTD
2026043004009540,UPCL,36,81,18,371.2,6681.6,2026-04-30,188726462,2810,Secured Securities Ltd.,Aakashbhairab Securities Ltd.,2026-04-30 13:21:10.140942,UNIVERSAL POWER COMPANY LTD
2026043004009541,UPCL,70,81,82,371.1,30430.2,2026-04-30,188726463,2810,Infinity Securities Limited,Aakashbhairab Securities Ltd.,2026-04-30 13:21:10.141301,UNIVERSAL POWER COMPANY LTD
2026043004009559,UPCL,70,32,39,371.1,14472.9,2026-04-30,188726624,2810,Infinity Securities Limited,Premier Securities Company Ltd.,2026-04-30 13:21:23.351794,UNIVERSAL POWER COMPANY LTD
2026043004009560,UPCL,29,32,461,371.0,171031.0,2026-04-30,188726625,2810,Trisul Securities & Invt. Ltd.,Premier Securities Company Ltd.,2026-04-30 13:21:23.351999,UNIVERSAL POWER COMPANY LTD
2026043004009562,UPCL,29,39,289,371.0,107219.0,2026-04-30,188726646,2810,Trisul Securities & Invt. Ltd.,Sumeru Securities Pvt. Ltd.,2026-04-30 13:21:25.742317,UNIVERSAL POWER COMPANY LTD
2026043004009563,UPCL,34,39,200,371.0,74200.0,2026-04-30,188726648,2810,Vision Securities Pvt. Ltd,Sumeru Securities Pvt. Ltd.,2026-04-30 13:21:25.742529,UNIVERSAL POWER COMPANY LTD
2026043004009564,UPCL,57,39,50,371.0,18550.0,2026-04-30,188726650,2810,Aryatara Investment & Securities,Sumeru Securities Pvt. Ltd.,2026-04-30 13:21:25.742612,UNIVERSAL POWER COMPANY LTD
2026043004009616,UPCL,49,39,150,370.2,55530.0,2026-04-30,188727172,2810,Online Securities Pvt. Ltd.,Sumeru Securities Pvt. Ltd.,2026-04-30 13:22:02.079139,UNIVERSAL POWER COMPANY LTD
2026043004009899,UPCL,48,39,15,370.2,5553.0,2026-04-30,188730316,2810,Trishakti Securities Public Limited,Sumeru Securities Pvt. Ltd.,2026-04-30 13:28:09.180796,UNIVERSAL POWER COMPANY LTD
2026043004009939,UPCL,48,58,12,370.1,4441.2,2026-04-30,188730820,2810,Trishakti Securities Public Limited,Naasa Securities Co. Ltd.,2026-04-30 13:29:34.047676,UNIVERSAL POWER COMPANY LTD
2026043004009990,UPCL,48,58,12,370.1,4441.2,2026-04-30,188731282,2810,Trishakti Securities Public Limited,Naasa Securities Co. Ltd.,2026-04-30 13:30:47.556143,UNIVERSAL POWER COMPANY LTD
2026043004009997,UPCL,49,64,200,369.0,73800.0,2026-04-30,188731389,2810,Online Securities Pvt. Ltd.,SUN SECURITIES PVT LTD,2026-04-30 13:31:10.604046,UNIVERSAL POWER COMPANY LTD
2026043004010038,UPCL,60,18,4,363.0,1452.0,2026-04-30,188731901,2810,Nagarik Stock Dealer ,Sagarmatha Securities Private Limited,2026-04-30 13:32:47.347421,UNIVERSAL POWER COMPANY LTD
2026043004010081,UPCL,14,58,100,370.1,37010.0,2026-04-30,188732500,2810,Nepal Stock House (PVT) Ltd.,Naasa Securities Co. Ltd.,2026-04-30 13:34:23.194553,UNIVERSAL POWER COMPANY LTD
2026043004010305,UPCL,60,44,8,359.0,2872.0,2026-04-30,188735485,2810,Nagarik Stock Dealer ,Dynamic Money Managers Securities Pvt. Ltd.,2026-04-30 13:41:55.660302,UNIVERSAL POWER COMPANY LTD
2026043004010313,UPCL,32,45,10,369.2,3692.0,2026-04-30,188735643,2810,Premier Securities Company Ltd.,Imperial Securities Company Pvt. Ltd.,2026-04-30 13:42:16.096272,UNIVERSAL POWER COMPANY LTD
2026043004010417,UPCL,62,58,369,370.1,136566.9,2026-04-30,188736850,2810,Capital Max Securities Ltd,Naasa Securities Co. Ltd.,2026-04-30 13:45:43.818230,UNIVERSAL POWER COMPANY LTD
2026043004010468,UPCL,49,39,296,370.2,109579.2,2026-04-30,188737117,2810,Online Securities Pvt. Ltd.,Sumeru Securities Pvt. Ltd.,2026-04-30 13:46:11.423678,UNIVERSAL POWER COMPANY LTD
2026043004010469,UPCL,49,42,100,370.9,37090.0,2026-04-30,188737119,2810,Online Securities Pvt. Ltd.,Sani Securities Company Ltd.,2026-04-30 13:46:11.424078,UNIVERSAL POWER COMPANY LTD
2026043004010605,UPCL,60,52,361,372.0,134292.0,2026-04-30,188738711,2810,Nagarik Stock Dealer ,Sundhara Securities Limited,2026-04-30 13:50:13.219848,UNIVERSAL POWER COMPANY LTD
2026043004010606,UPCL,60,42,100,372.0,37200.0,2026-04-30,188738713,2810,Nagarik Stock Dealer ,Sani Securities Company Ltd.,2026-04-30 13:50:13.220053,UNIVERSAL POWER COMPANY LTD
2026043004010607,UPCL,60,38,48,372.0,17856.0,2026-04-30,188738715,2810,Nagarik Stock Dealer ,Dipshikha Dhitopatra Karobar Co. Pvt Ltd.,2026-04-30 13:50:13.220138,UNIVERSAL POWER COMPANY LTD
2026043004010608,UPCL,60,13,300,372.9,111870.0,2026-04-30,188738717,2810,Nagarik Stock Dealer ,Thrive Brokerage House Pvt. Ltd,2026-04-30 13:50:13.220223,UNIVERSAL POWER COMPANY LTD
2026043004010609,UPCL,60,32,1000,373.0,373000.0,2026-04-30,188738719,2810,Nagarik Stock Dealer ,Premier Securities Company Ltd.,2026-04-30 13:50:13.220307,UNIVERSAL POWER COMPANY LTD
2026043004010610,UPCL,60,58,30,373.0,11190.0,2026-04-30,188738721,2810,Nagarik Stock Dealer ,Naasa Securities Co. Ltd.,2026-04-30 13:50:13.220402,UNIVERSAL POWER COMPANY LTD
2026043004010703,UPCL,49,38,50,370.5,18525.0,2026-04-30,188740121,2810,Online Securities Pvt. Ltd.,Dipshikha Dhitopatra Karobar Co. Pvt Ltd.,2026-04-30 13:53:00.924512,UNIVERSAL POWER COMPANY LTD
2026043004010704,UPCL,49,35,117,370.5,43348.5,2026-04-30,188740137,2810,Online Securities Pvt. Ltd.,Kohinoor Investment & Securities Pvt. Ltd.,2026-04-30 13:53:04.371102,UNIVERSAL POWER COMPANY LTD
2026043004010783,UPCL,58,11,4,368.0,1472.0,2026-04-30,188741155,2810,Naasa Securities Co. Ltd.,Malla & Malla Stock Broking Company Pvt. Limited,2026-04-30 13:55:21.023566,UNIVERSAL POWER COMPANY LTD
2026043004010787,UPCL,58,74,1,367.0,367.0,2026-04-30,188741195,2810,Naasa Securities Co. Ltd.,KALASH STOCK MARKET PVT. LTD.,2026-04-30 13:55:29.617068,UNIVERSAL POWER COMPANY LTD
2026043004010955,UPCL,49,49,150,372.0,55800.0,2026-04-30,188743632,2810,Online Securities Pvt. Ltd.,Online Securities Pvt. Ltd.,2026-04-30 14:01:39.704289,UNIVERSAL POWER COMPANY LTD
2026043004010956,UPCL,40,49,100,371.0,37100.0,2026-04-30,188743634,2810,Creative Securities Pvt Ltd,Online Securities Pvt. Ltd.,2026-04-30 14:01:39.704530,UNIVERSAL POWER COMPANY LTD
2026043004010957,UPCL,25,49,250,371.0,92750.0,2026-04-30,188743635,2810,Sweta Securities Private Limited,Online Securities Pvt. Ltd.,2026-04-30 14:01:39.704623,UNIVERSAL POWER COMPANY LTD
2026043004011064,UPCL,32,39,100,371.1,37110.0,2026-04-30,188744590,2810,Premier Securities Company Ltd.,Sumeru Securities Pvt. Ltd.,2026-04-30 14:03:27.588886,UNIVERSAL POWER COMPANY LTD
2026043004011065,UPCL,25,39,35,371.0,12985.0,2026-04-30,188744591,2810,Sweta Securities Private Limited,Sumeru Securities Pvt. Ltd.,2026-04-30 14:03:27.589369,UNIVERSAL POWER COMPANY LTD
2026043004011419,UPCL,70,13,43,371.5,15974.5,2026-04-30,188748501,2810,Infinity Securities Limited,Thrive Brokerage House Pvt. Ltd,2026-04-30 14:12:36.164594,UNIVERSAL POWER COMPANY LTD
2026043004011469,UPCL,70,68,77,371.5,28605.5,2026-04-30,188749103,2810,Infinity Securities Limited,Elite Stock House Limited,2026-04-30 14:14:07.577402,UNIVERSAL POWER COMPANY LTD
2026043004011564,UPCL,36,99,45,373.0,16785.0,2026-04-30,188750337,2810,Secured Securities Ltd.,Prabhu Stock Market Limited,2026-04-30 14:17:11.189674,UNIVERSAL POWER COMPANY LTD
2026043004011565,UPCL,36,43,200,373.0,74600.0,2026-04-30,188750339,2810,Secured Securities Ltd.,South Asian Bulls Pvt. Ltd.,2026-04-30 14:17:11.189918,UNIVERSAL POWER COMPANY LTD
2026043004011639,UPCL,36,59,205,373.0,76465.0,2026-04-30,188751100,2810,Secured Securities Ltd.,Deevyaa Securities & Stock House Pvt. Ltd,2026-04-30 14:19:00.560018,UNIVERSAL POWER COMPANY LTD
2026043004011640,UPCL,60,59,245,373.0,91385.0,2026-04-30,188751101,2810,Nagarik Stock Dealer ,Deevyaa Securities & Stock House Pvt. Ltd,2026-04-30 14:19:00.560422,UNIVERSAL POWER COMPANY LTD
2026043004011648,UPCL,58,45,10,373.6,3736.0,2026-04-30,188751174,2810,Naasa Securities Co. Ltd.,Imperial Securities Company Pvt. Ltd.,2026-04-30 14:19:12.370248,UNIVERSAL POWER COMPANY LTD
2026043004011719,UPCL,36,21,17,372.5,6332.5,2026-04-30,188752044,2810,Secured Securities Ltd.,Midas Stock Broking Company Private Limited,2026-04-30 14:20:57.506548,UNIVERSAL POWER COMPANY LTD
2026043004011791,UPCL,70,21,41,371.5,15231.5,2026-04-30,188753369,2810,Infinity Securities Limited,Midas Stock Broking Company Private Limited,2026-04-30 14:22:26.212740,UNIVERSAL POWER COMPANY LTD
2026043004011968,UPCL,70,58,39,371.5,14488.5,2026-04-30,188754983,2810,Infinity Securities Limited,Naasa Securities Co. Ltd.,2026-04-30 14:25:23.772480,UNIVERSAL POWER COMPANY LTD
2026043004011975,UPCL,32,58,10,371.1,3711.0,2026-04-30,188755091,2810,Premier Securities Company Ltd.,Naasa Securities Co. Ltd.,2026-04-30 14:25:38.064738,UNIVERSAL POWER COMPANY LTD
2026043004012001,UPCL,25,58,100,371.0,37100.0,2026-04-30,188755303,2810,Sweta Securities Private Limited,Naasa Securities Co. Ltd.,2026-04-30 14:26:00.748291,UNIVERSAL POWER COMPANY LTD
2026043004012053,UPCL,42,52,500,372.0,186000.0,2026-04-30,188756175,2810,Sani Securities Company Ltd.,Sundhara Securities Limited,2026-04-30 14:27:26.938173,UNIVERSAL POWER COMPANY LTD
2026043004012090,UPCL,38,45,100,372.0,37200.0,2026-04-30,188756468,2810,Dipshikha Dhitopatra Karobar Co. Pvt Ltd.,Imperial Securities Company Pvt. Ltd.,2026-04-30 14:27:59.916383,UNIVERSAL POWER COMPANY LTD
2026043004012499,UPCL,74,45,490,372.0,182280.0,2026-04-30,188760301,2810,KALASH STOCK MARKET PVT. LTD.,Imperial Securities Company Pvt. Ltd.,2026-04-30 14:33:31.026604,UNIVERSAL POWER COMPANY LTD
2026043004012500,UPCL,74,65,10,372.0,3720.0,2026-04-30,188760304,2810,KALASH STOCK MARKET PVT. LTD.,Sharepro Securities Private Limited,2026-04-30 14:33:31.026982,UNIVERSAL POWER COMPANY LTD
2026043004012522,UPCL,29,58,200,371.2,74240.0,2026-04-30,188760643,2810,Trisul Securities & Invt. Ltd.,Naasa Securities Co. Ltd.,2026-04-30 14:33:57.729425,UNIVERSAL POWER COMPANY LTD
2026043004012539,UPCL,62,69,272,371.3,100993.6,2026-04-30,188760826,2810,Capital Max Securities Ltd,INDEX SECURITIES LIMITED,2026-04-30 14:34:11.377282,UNIVERSAL POWER COMPANY LTD
2026043004012540,UPCL,94,69,200,371.1,74220.0,2026-04-30,188760828,2810,K.B.L. Securities Limited ,INDEX SECURITIES LIMITED,2026-04-30 14:34:11.377581,UNIVERSAL POWER COMPANY LTD
2026043004012541,UPCL,25,69,115,371.0,42665.0,2026-04-30,188760830,2810,Sweta Securities Private Limited,INDEX SECURITIES LIMITED,2026-04-30 14:34:11.377679,UNIVERSAL POWER COMPANY LTD
2026043004012542,UPCL,77,69,500,370.8,185400.0,2026-04-30,188760832,2810,Nabil Stock Dealer Ltd.,INDEX SECURITIES LIMITED,2026-04-30 14:34:11.377779,UNIVERSAL POWER COMPANY LTD
2026043004012543,UPCL,101,69,184,370.8,68227.2,2026-04-30,188760834,2810,APPLE SECURITIES PRIVATE LIMITED,INDEX SECURITIES LIMITED,2026-04-30 14:34:11.377862,UNIVERSAL POWER COMPANY LTD
2026043004012544,UPCL,63,69,158,370.8,58586.4,2026-04-30,188760836,2810,Himalayan Brokerage Company Limited,INDEX SECURITIES LIMITED,2026-04-30 14:34:11.377944,UNIVERSAL POWER COMPANY LTD
2026043004012545,UPCL,44,69,971,370.8,360046.8,2026-04-30,188760837,2810,Dynamic Money Managers Securities Pvt. Ltd.,INDEX SECURITIES LIMITED,2026-04-30 14:34:11.378027,UNIVERSAL POWER COMPANY LTD
2026043004012675,UPCL,67,65,57,371.0,21147.0,2026-04-30,188761983,2810,Property Wiard Limited,Sharepro Securities Private Limited,2026-04-30 14:36:10.741605,UNIVERSAL POWER COMPANY LTD
2026043004012681,UPCL,62,52,10,372.0,3720.0,2026-04-30,188762016,2810,Capital Max Securities Ltd,Sundhara Securities Limited,2026-04-30 14:36:14.734999,UNIVERSAL POWER COMPANY LTD
2026043004012993,UPCL,62,96,700,371.1,259770.0,2026-04-30,188764564,2810,Capital Max Securities Ltd,Himalayan Securities Limited,2026-04-30 14:39:48.321007,UNIVERSAL POWER COMPANY LTD
2026043004012994,UPCL,67,96,43,371.0,15953.0,2026-04-30,188764566,2810,Property Wiard Limited,Himalayan Securities Limited,2026-04-30 14:39:48.321230,UNIVERSAL POWER COMPANY LTD
2026043004012995,UPCL,68,96,1000,371.0,371000.0,2026-04-30,188764568,2810,Elite Stock House Limited,Himalayan Securities Limited,2026-04-30 14:39:48.321333,UNIVERSAL POWER COMPANY LTD
2026043004012996,UPCL,44,96,83,370.8,30776.4,2026-04-30,188764570,2810,Dynamic Money Managers Securities Pvt. Ltd.,Himalayan Securities Limited,2026-04-30 14:39:48.321417,UNIVERSAL POWER COMPANY LTD
2026043004012997,UPCL,44,96,790,370.8,292932.0,2026-04-30,188764572,2810,Dynamic Money Managers Securities Pvt. Ltd.,Himalayan Securities Limited,2026-04-30 14:39:48.321502,UNIVERSAL POWER COMPANY LTD
2026043004012998,UPCL,35,96,237,370.8,87879.6,2026-04-30,188764574,2810,Kohinoor Investment & Securities Pvt. Ltd.,Himalayan Securities Limited,2026-04-30 14:39:48.321612,UNIVERSAL POWER COMPANY LTD
2026043004012999,UPCL,42,96,147,370.7,54492.9,2026-04-30,188764575,2810,Sani Securities Company Ltd.,Himalayan Securities Limited,2026-04-30 14:39:48.321697,UNIVERSAL POWER COMPANY LTD
2026043004013001,UPCL,42,69,553,370.7,204997.1,2026-04-30,188764596,2810,Sani Securities Company Ltd.,INDEX SECURITIES LIMITED,2026-04-30 14:39:50.337493,UNIVERSAL POWER COMPANY LTD
2026043004013002,UPCL,34,69,447,370.7,165702.9,2026-04-30,188764597,2810,Vision Securities Pvt. Ltd,INDEX SECURITIES LIMITED,2026-04-30 14:39:50.337924,UNIVERSAL POWER COMPANY LTD
2026043004013007,UPCL,34,69,93,370.7,34475.1,2026-04-30,188764702,2810,Vision Securities Pvt. Ltd,INDEX SECURITIES LIMITED,2026-04-30 14:39:55.969234,UNIVERSAL POWER COMPANY LTD
2026043004013008,UPCL,57,69,20,370.1,7402.0,2026-04-30,188764704,2810,Aryatara Investment & Securities,INDEX SECURITIES LIMITED,2026-04-30 14:39:55.969662,UNIVERSAL POWER COMPANY LTD
2026043004013009,UPCL,58,69,94,370.0,34780.0,2026-04-30,188764706,2810,Naasa Securities Co. Ltd.,INDEX SECURITIES LIMITED,2026-04-30 14:39:55.969911,UNIVERSAL POWER COMPANY LTD
2026043004013010,UPCL,57,69,293,370.0,108410.0,2026-04-30,188764707,2810,Aryatara Investment & Securities,INDEX SECURITIES LIMITED,2026-04-30 14:39:55.970155,UNIVERSAL POWER COMPANY LTD
2026043004013379,UPCL,57,53,207,370.0,76590.0,2026-04-30,188767788,2810,Aryatara Investment & Securities,Investment Management Nepal Pvt. Ltd.,2026-04-30 14:44:05.043252,UNIVERSAL POWER COMPANY LTD
2026043004013380,UPCL,39,53,18,370.0,6660.0,2026-04-30,188767789,2810,Sumeru Securities Pvt. Ltd.,Investment Management Nepal Pvt. Ltd.,2026-04-30 14:44:05.043641,UNIVERSAL POWER COMPANY LTD
2026043004013401,UPCL,39,44,32,370.0,11840.0,2026-04-30,188768028,2810,Sumeru Securities Pvt. Ltd.,Dynamic Money Managers Securities Pvt. Ltd.,2026-04-30 14:44:31.701148,UNIVERSAL POWER COMPANY LTD
2026043004013402,UPCL,41,44,50,370.0,18500.0,2026-04-30,188768030,2810,Linch Stock Market Ltd.,Dynamic Money Managers Securities Pvt. Ltd.,2026-04-30 14:44:31.701658,UNIVERSAL POWER COMPANY LTD
2026043004013403,UPCL,4,44,18,370.0,6660.0,2026-04-30,188768031,2810,Opal Securities Investment (PVT) Ltd.,Dynamic Money Managers Securities Pvt. Ltd.,2026-04-30 14:44:31.701901,UNIVERSAL POWER COMPANY LTD
2026043004013406,UPCL,22,38,48,370.0,17760.0,2026-04-30,188768068,2810,Siprabi Securities Pvt. Ltd.,Dipshikha Dhitopatra Karobar Co. Pvt Ltd.,2026-04-30 14:44:37.777067,UNIVERSAL POWER COMPANY LTD
2026043004013407,UPCL,35,38,61,370.0,22570.0,2026-04-30,188768069,2810,Kohinoor Investment & Securities Pvt. Ltd.,Dipshikha Dhitopatra Karobar Co. Pvt Ltd.,2026-04-30 14:44:37.777293,UNIVERSAL POWER COMPANY LTD
2026043004013425,UPCL,35,52,1490,370.0,551300.0,2026-04-30,188768317,2810,Kohinoor Investment & Securities Pvt. Ltd.,Sundhara Securities Limited,2026-04-30 14:45:08.483014,UNIVERSAL POWER COMPANY LTD
2026043004013471,UPCL,35,57,40,370.0,14800.0,2026-04-30,188768633,2810,Kohinoor Investment & Securities Pvt. Ltd.,Aryatara Investment & Securities,2026-04-30 14:45:38.210741,UNIVERSAL POWER COMPANY LTD
2026043004013476,UPCL,35,44,150,370.0,55500.0,2026-04-30,188768681,2810,Kohinoor Investment & Securities Pvt. Ltd.,Dynamic Money Managers Securities Pvt. Ltd.,2026-04-30 14:45:44.870065,UNIVERSAL POWER COMPANY LTD
2026043004013521,UPCL,35,38,259,370.0,95830.0,2026-04-30,188769098,2810,Kohinoor Investment & Securities Pvt. Ltd.,Dipshikha Dhitopatra Karobar Co. Pvt Ltd.,2026-04-30 14:46:24.796022,UNIVERSAL POWER COMPANY LTD
2026043004013522,UPCL,16,38,191,370.0,70670.0,2026-04-30,188769099,2810,Primo Securities (PVT) Ltd.,Dipshikha Dhitopatra Karobar Co. Pvt Ltd.,2026-04-30 14:46:24.796474,UNIVERSAL POWER COMPANY LTD
2026043004013595,UPCL,16,44,100,370.0,37000.0,2026-04-30,188769827,2810,Primo Securities (PVT) Ltd.,Dynamic Money Managers Securities Pvt. Ltd.,2026-04-30 14:47:18.176203,UNIVERSAL POWER COMPANY LTD
2026043004013688,UPCL,16,42,100,370.0,37000.0,2026-04-30,188770511,2810,Primo Securities (PVT) Ltd.,Sani Securities Company Ltd.,2026-04-30 14:48:25.568788,UNIVERSAL POWER COMPANY LTD
2026043004013732,UPCL,62,44,50,370.1,18505.0,2026-04-30,188770765,2810,Capital Max Securities Ltd,Dynamic Money Managers Securities Pvt. Ltd.,2026-04-30 14:48:46.723738,UNIVERSAL POWER COMPANY LTD
2026043004013735,UPCL,62,42,50,370.1,18505.0,2026-04-30,188770819,2810,Capital Max Securities Ltd,Sani Securities Company Ltd.,2026-04-30 14:48:51.869984,UNIVERSAL POWER COMPANY LTD
2026043004013892,UPCL,48,44,50,370.5,18525.0,2026-04-30,188772608,2810,Trishakti Securities Public Limited,Dynamic Money Managers Securities Pvt. Ltd.,2026-04-30 14:51:09.063953,UNIVERSAL POWER COMPANY LTD
2026043004014059,UPCL,69,14,1000,371.0,371000.0,2026-04-30,188774060,2810,INDEX SECURITIES LIMITED,Nepal Stock House (PVT) Ltd.,2026-04-30 14:52:53.464466,UNIVERSAL POWER COMPANY LTD
2026043004014519,UPCL,71,34,11,370.4,4074.4,2026-04-30,188778651,2810,SHUBHAKAMANA SECURITIES PVT. LTD,Vision Securities Pvt. Ltd,2026-04-30 14:56:52.669544,UNIVERSAL POWER COMPANY LTD
2026043004014520,UPCL,71,81,489,370.4,181125.6,2026-04-30,188778658,2810,SHUBHAKAMANA SECURITIES PVT. LTD,Aakashbhairab Securities Ltd.,2026-04-30 14:56:53.261714,UNIVERSAL POWER COMPANY LTD
2026043004014521,UPCL,63,81,11,370.2,4072.2,2026-04-30,188778659,2810,Himalayan Brokerage Company Limited,Aakashbhairab Securities Ltd.,2026-04-30 14:56:53.262088,UNIVERSAL POWER COMPANY LTD
2026043004014558,UPCL,46,32,150,370.5,55575.0,2026-04-30,188778958,2810,Kalika Securities Pvt. Ltd.,Premier Securities Company Ltd.,2026-04-30 14:57:04.379292,UNIVERSAL POWER COMPANY LTD
2026043004014559,UPCL,63,32,527,370.2,195095.4,2026-04-30,188778960,2810,Himalayan Brokerage Company Limited,Premier Securities Company Ltd.,2026-04-30 14:57:04.379493,UNIVERSAL POWER COMPANY LTD
2026043004014560,UPCL,62,32,65,370.1,24056.5,2026-04-30,188778961,2810,Capital Max Securities Ltd,Premier Securities Company Ltd.,2026-04-30 14:57:04.379577,UNIVERSAL POWER COMPANY LTD
2026043004014651,UPCL,62,38,100,370.1,37010.0,2026-04-30,188779537,2810,Capital Max Securities Ltd,Dipshikha Dhitopatra Karobar Co. Pvt Ltd.,2026-04-30 14:57:24.573876,UNIVERSAL POWER COMPANY LTD
2026043004014773,UPCL,45,21,500,370.2,185100.0,2026-04-30,188780462,2810,Imperial Securities Company Pvt. Ltd.,Midas Stock Broking Company Private Limited,2026-04-30 14:58:01.485850,UNIVERSAL POWER COMPANY LTD
2026043004014774,UPCL,62,21,35,370.1,12953.5,2026-04-30,188780464,2810,Capital Max Securities Ltd,Midas Stock Broking Company Private Limited,2026-04-30 14:58:01.486027,UNIVERSAL POWER COMPANY LTD
2026043004014775,UPCL,60,21,210,370.1,77721.0,2026-04-30,188780465,2810,Nagarik Stock Dealer ,Midas Stock Broking Company Private Limited,2026-04-30 14:58:01.486111,UNIVERSAL POWER COMPANY LTD
2026043004015039,UPCL,34,38,10,371.9,3719.0,2026-04-30,188782910,2810,Vision Securities Pvt. Ltd,Dipshikha Dhitopatra Karobar Co. Pvt Ltd.,2026-04-30 14:59:13.444261,UNIVERSAL POWER COMPANY LTD
2026043004015108,UPCL,59,48,200,370.5,74100.0,2026-04-30,188783721,2810,Deevyaa Securities & Stock House Pvt. Ltd,Trishakti Securities Public Limited,2026-04-30 14:59:25.104121,UNIVERSAL POWER COMPANY LTD
2026043004015132,UPCL,59,95,300,370.5,111150.0,2026-04-30,188783824,2810,Deevyaa Securities & Stock House Pvt. Ltd,Magnet Securities and Investment Company Private Limited,2026-04-30 14:59:26.266752,UNIVERSAL POWER COMPANY LTD
2026043004015133,UPCL,60,95,50,370.2,18510.0,2026-04-30,188783826,2810,Nagarik Stock Dealer ,Magnet Securities and Investment Company Private Limited,2026-04-30 14:59:26.266932,UNIVERSAL POWER COMPANY LTD
2026043004015134,UPCL,45,95,14,370.1,5181.4,2026-04-30,188783828,2810,Imperial Securities Company Pvt. Ltd.,Magnet Securities and Investment Company Private Limited,2026-04-30 14:59:26.267062,UNIVERSAL POWER COMPANY LTD
2026043004015135,UPCL,16,95,136,370.0,50320.0,2026-04-30,188783830,2810,Primo Securities (PVT) Ltd.,Magnet Securities and Investment Company Private Limited,2026-04-30 14:59:26.267156,UNIVERSAL POWER COMPANY LTD
2026043004015136,UPCL,39,95,200,370.0,74000.0,2026-04-30,188783832,2810,Sumeru Securities Pvt. Ltd.,Magnet Securities and Investment Company Private Limited,2026-04-30 14:59:26.267243,UNIVERSAL POWER COMPANY LTD
2026043004015137,UPCL,59,95,100,369.3,36930.0,2026-04-30,188783833,2810,Deevyaa Securities & Stock House Pvt. Ltd,Magnet Securities and Investment Company Private Limited,2026-04-30 14:59:26.267344,UNIVERSAL POWER COMPANY LTD
2026043004015192,UPCL,14,38,10,371.0,3710.0,2026-04-30,188784182,2810,Nepal Stock House (PVT) Ltd.,Dipshikha Dhitopatra Karobar Co. Pvt Ltd.,2026-04-30 14:59:31.755503,UNIVERSAL POWER COMPANY LTD
2026043004015397,UPCL,60,38,90,371.0,33390.0,2026-04-30,188786425,2810,Nagarik Stock Dealer ,Dipshikha Dhitopatra Karobar Co. Pvt Ltd.,2026-04-30 14:59:58.029243,UNIVERSAL POWER COMPANY LTD
2026043004015398,UPCL,60,38,290,371.9,107851.0,2026-04-30,188786427,2810,Nagarik Stock Dealer ,Dipshikha Dhitopatra Karobar Co. Pvt Ltd.,2026-04-30 14:59:58.029422,UNIVERSAL POWER COMPANY LTD
2026043004015399,UPCL,60,6,500,371.9,185950.0,2026-04-30,188786429,2810,Nagarik Stock Dealer ,Agrawal Securities (PVT) Ltd.,2026-04-30 14:59:58.029510,UNIVERSAL POWER COMPANY LTD
2026043004015400,UPCL,60,35,280,372.0,104160.0,2026-04-30,188786431,2810,Nagarik Stock Dealer ,Kohinoor Investment & Securities Pvt. Ltd.,2026-04-30 14:59:58.029596,UNIVERSAL POWER COMPANY LTD
2026043004015401,UPCL,60,62,1000,372.0,372000.0,2026-04-30,188786433,2810,Nagarik Stock Dealer ,Capital Max Securities Ltd,2026-04-30 14:59:58.029673,UNIVERSAL POWER COMPANY LTD
2026043004015402,UPCL,60,58,60,372.0,22320.0,2026-04-30,188786435,2810,Nagarik Stock Dealer ,Naasa Securities Co. Ltd.,2026-04-30 14:59:58.029759,UNIVERSAL POWER COMPANY LTD
2026043004015403,UPCL,60,92,300,372.0,111600.0,2026-04-30,188786439,2810,Nagarik Stock Dealer ,Roadshow securities limited,2026-04-30 14:59:58.029840,UNIVERSAL POWER COMPANY LTD
2026043004015404,UPCL,60,39,310,372.0,115320.0,2026-04-30,188786441,2810,Nagarik Stock Dealer ,Sumeru Securities Pvt. Ltd.,2026-04-30 14:59:58.029929,UNIVERSAL POWER COMPANY LTD
2026043004015405,UPCL,60,21,700,372.1,260470.0,2026-04-30,188786445,2810,Nagarik Stock Dealer ,Midas Stock Broking Company Private Limited,2026-04-30 14:59:58.030016,UNIVERSAL POWER COMPANY LTD
2026043004015406,UPCL,60,59,50,372.5,18625.0,2026-04-30,188786447,2810,Nagarik Stock Dealer ,Deevyaa Securities & Stock House Pvt. Ltd,2026-04-30 14:59:58.030096,UNIVERSAL POWER COMPANY LTD
2026043004015407,UPCL,60,41,50,372.8,18640.0,2026-04-30,188786449,2810,Nagarik Stock Dealer ,Linch Stock Market Ltd.,2026-04-30 14:59:58.030180,UNIVERSAL POWER COMPANY LTD
2026043004015408,UPCL,60,34,30,373.0,11190.0,2026-04-30,188786451,2810,Nagarik Stock Dealer ,Vision Securities Pvt. Ltd,2026-04-30 14:59:58.030262,UNIVERSAL POWER COMPANY LTD
2026043004015409,UPCL,60,6,100,373.0,37300.0,2026-04-30,188786453,2810,Nagarik Stock Dealer ,Agrawal Securities (PVT) Ltd.,2026-04-30 14:59:58.030343,UNIVERSAL POWER COMPANY LTD
2026043004015410,UPCL,60,72,570,373.9,213123.0,2026-04-30,188786455,2810,Nagarik Stock Dealer ,Hatemalo Financial Services Private Limited,2026-04-30 14:59:58.030422,UNIVERSAL POWER COMPANY LTD
2026043004015411,UPCL,60,34,670,374.0,250580.0,2026-04-30,188786458,2810,Nagarik Stock Dealer ,Vision Securities Pvt. Ltd,2026-04-30 14:59:58.030510,UNIVERSAL POWER COMPANY LTD
