Date,S.N.,Contract ID,Symbol,Buyer Broker,Seller Broker,volume,rate,amount,transaction_time
2025-07-31,166539,2025073101000518,HBL,Sani Securities Company Ltd.,SHUBHAKAMANA SECURITIES PVT. LTD,90,236.0,21240.0,2025-07-31 11:04:36.552481
2025-07-31,163815,2025073101001456,HBL,Imperial Securities Company Pvt. Ltd.,Naasa Securities Co. Ltd.,20,239.0,4780.0,2025-07-31 11:08:55.101940
2025-07-31,163618,2025073101001507,HBL,Kohinoor Investment & Securities Pvt. Ltd.,Naasa Securities Co. Ltd.,58,239.0,13862.0,2025-07-31 11:09:11.145357
2025-07-31,163617,2025073101001508,HBL,Kohinoor Investment & Securities Pvt. Ltd.,Oxford Securities Pvt. Ltd.,42,239.0,10038.0,2025-07-31 11:09:11.145510
2025-07-31,163404,2025073101001587,HBL,Naasa Securities Co. Ltd.,Oxford Securities Pvt. Ltd.,42,239.0,10038.0,2025-07-31 11:09:31.462858
2025-07-31,163276,2025073101001632,HBL,Imperial Securities Company Pvt. Ltd.,Oxford Securities Pvt. Ltd.,10,239.0,2390.0,2025-07-31 11:09:42.128938
2025-07-31,163253,2025073101001639,HBL,Siprabi Securities Pvt. Ltd.,Oxford Securities Pvt. Ltd.,25,239.0,5975.0,2025-07-31 11:09:45.245496
2025-07-31,162909,2025073101001744,HBL,Imperial Securities Company Pvt. Ltd.,Hatemalo Financial Services Private Limited,20,238.0,4760.0,2025-07-31 11:10:13.009870
2025-07-31,162865,2025073101001763,HBL,Imperial Securities Company Pvt. Ltd.,Oxford Securities Pvt. Ltd.,10,239.0,2390.0,2025-07-31 11:10:16.568181
2025-07-31,162533,2025073101001880,HBL,Agrawal Securities (PVT) Ltd.,Aryatara Investment & Securities,45,238.5,10732.5,2025-07-31 11:10:42.816049
2025-07-31,162477,2025073101001895,HBL,Nepal Investment And Securities Trading Private Limited,Hatemalo Financial Services Private Limited,70,237.0,16590.0,2025-07-31 11:10:47.069108
2025-07-31,162476,2025073101001896,HBL,Imperial Securities Company Pvt. Ltd.,Hatemalo Financial Services Private Limited,20,237.0,4740.0,2025-07-31 11:10:47.069308
2025-07-31,161985,2025073101002080,HBL,Primo Securities (PVT) Ltd.,Hatemalo Financial Services Private Limited,10,236.0,2360.0,2025-07-31 11:11:25.128622
2025-07-31,160004,2025073101002724,HBL,Sani Securities Company Ltd.,Sundhara Securities Limited,25,236.0,5900.0,2025-07-31 11:14:04.607442
2025-07-31,160003,2025073101002725,HBL,Naasa Securities Co. Ltd.,Sundhara Securities Limited,100,236.0,23600.0,2025-07-31 11:14:04.607606
2025-07-31,160002,2025073101002726,HBL,Imperial Securities Company Pvt. Ltd.,Sundhara Securities Limited,20,236.0,4720.0,2025-07-31 11:14:04.607720
2025-07-31,159670,2025073101002812,HBL,Capital Max Securities Ltd,Sundhara Securities Limited,100,236.0,23600.0,2025-07-31 11:14:31.105142
2025-07-31,158728,2025073101003105,HBL,Dipshikha Dhitopatra Karobar Co. Pvt Ltd.,Sundhara Securities Limited,60,236.0,14160.0,2025-07-31 11:15:43.336226
2025-07-31,158162,2025073101003296,HBL,Kohinoor Investment & Securities Pvt. Ltd.,Sundhara Securities Limited,150,236.0,35400.0,2025-07-31 11:16:25.791112
2025-07-31,157971,2025073101003367,HBL,Online Securities Pvt. Ltd.,Sundhara Securities Limited,45,236.0,10620.0,2025-07-31 11:16:37.503481
2025-07-31,155800,2025073101004055,HBL,Online Securities Pvt. Ltd.,Citizens Share Broker Limited,50,236.0,11800.0,2025-07-31 11:19:07.100888
2025-07-31,155344,2025073101004223,HBL,Online Securities Pvt. Ltd.,Kohinoor Investment & Securities Pvt. Ltd.,43,237.0,10191.0,2025-07-31 11:19:43.479131
2025-07-31,155343,2025073101004224,HBL,Online Securities Pvt. Ltd.,Oxford Securities Pvt. Ltd.,871,237.0,206427.0,2025-07-31 11:19:43.479240
2025-07-31,154226,2025073101004687,HBL,Capital Hub P. Ltd,Global IME Securities Limited,14,238.0,3332.0,2025-07-31 11:21:07.121183
2025-07-31,154225,2025073101004688,HBL,Capital Hub P. Ltd,Investment Management Nepal Pvt. Ltd.,900,238.0,214200.0,2025-07-31 11:21:07.121280
2025-07-31,154224,2025073101004689,HBL,Capital Hub P. Ltd,ABC Securities Private Limited,40,238.0,9520.0,2025-07-31 11:21:07.121327
2025-07-31,153111,2025073101005116,HBL,Kumari Securities Private Limited,Investment Management Nepal Pvt. Ltd.,100,238.0,23800.0,2025-07-31 11:22:39.997296
2025-07-31,152801,2025073101005254,HBL,Online Securities Pvt. Ltd.,Neev Securities Pvt. Ltd.,86,237.0,20382.0,2025-07-31 11:23:01.506573
2025-07-31,152297,2025073101005435,HBL,Online Securities Pvt. Ltd.,Neev Securities Pvt. Ltd.,414,237.0,98118.0,2025-07-31 11:23:48.245567
2025-07-31,152296,2025073101005436,HBL,Online Securities Pvt. Ltd.,Sani Securities Company Ltd.,10,237.0,2370.0,2025-07-31 11:23:48.245680
2025-07-31,152295,2025073101005437,HBL,Online Securities Pvt. Ltd.,Investment Management Nepal Pvt. Ltd.,600,238.0,142800.0,2025-07-31 11:23:48.245736
2025-07-31,150579,2025073101006179,HBL,Online Securities Pvt. Ltd.,Aryatara Investment & Securities,1000,238.0,238000.0,2025-07-31 11:26:17.396857
2025-07-31,150118,2025073101006420,HBL,Online Securities Pvt. Ltd.,Investment Management Nepal Pvt. Ltd.,700,238.0,166600.0,2025-07-31 11:26:44.755994
2025-07-31,149848,2025073101006518,HBL,Online Securities Pvt. Ltd.,Naasa Securities Co. Ltd.,40,238.0,9520.0,2025-07-31 11:26:57.565968
2025-07-31,149764,2025073101006558,HBL,Online Securities Pvt. Ltd.,Online Securities Pvt. Ltd.,150,238.0,35700.0,2025-07-31 11:27:03.179295
2025-07-31,149385,2025073101006677,HBL,Siprabi Securities Pvt. Ltd.,Naasa Securities Co. Ltd.,400,238.4,95360.0,2025-07-31 11:27:25.730583
2025-07-31,149138,2025073101006781,HBL,Deevyaa Securities & Stock House Pvt. Ltd,Naasa Securities Co. Ltd.,10,238.4,2384.0,2025-07-31 11:27:41.545748
2025-07-31,149107,2025073101006798,HBL,Online Securities Pvt. Ltd.,Investment Management Nepal Pvt. Ltd.,899,238.0,213962.0,2025-07-31 11:27:43.098998
2025-07-31,147396,2025073101007509,HBL,Sundhara Securities Limited,Aryatara Investment & Securities,20,238.3,4766.0,2025-07-31 11:29:33.161903
2025-07-31,147121,2025073101007623,HBL,Dakshinkali Investment & Securities Pvt. Ltd.,Aryatara Investment & Securities,490,238.3,116767.0,2025-07-31 11:29:54.994774
2025-07-31,146588,2025073101007905,HBL,Online Securities Pvt. Ltd.,Naasa Securities Co. Ltd.,6687,238.0,1591506.0,2025-07-31 11:30:36.853776
2025-07-31,146587,2025073101007906,HBL,ABC Securities Private Limited,Naasa Securities Co. Ltd.,50,238.0,11900.0,2025-07-31 11:30:36.853898
2025-07-31,146586,2025073101007907,HBL,Naasa Securities Co. Ltd.,Naasa Securities Co. Ltd.,50,238.0,11900.0,2025-07-31 11:30:36.853944
2025-07-31,145781,2025073101008262,HBL,Shree Krishna Securities Ltd.,Aryatara Investment & Securities,10,238.0,2380.0,2025-07-31 11:31:31.386681
2025-07-31,142534,2025073101009670,HBL,Sri Hari Securities Pvt. Ltd.,Thrive Brokerage House Pvt. Ltd,30,238.3,7149.0,2025-07-31 11:35:11.046983
2025-07-31,140968,2025073101010554,HBL,Sani Securities Company Ltd.,Opal Securities Investment (PVT) Ltd.,50,238.3,11915.0,2025-07-31 11:36:59.465852
2025-07-31,140967,2025073101010555,HBL,Aryatara Investment & Securities,Opal Securities Investment (PVT) Ltd.,20,238.0,4760.0,2025-07-31 11:36:59.465945
2025-07-31,140966,2025073101010556,HBL,Linch Stock Market Ltd.,Opal Securities Investment (PVT) Ltd.,10,238.0,2380.0,2025-07-31 11:36:59.466020
2025-07-31,140965,2025073101010557,HBL,Imperial Securities Company Pvt. Ltd.,Opal Securities Investment (PVT) Ltd.,10,238.0,2380.0,2025-07-31 11:36:59.466121
2025-07-31,140964,2025073101010558,HBL,Sani Securities Company Ltd.,Opal Securities Investment (PVT) Ltd.,110,236.3,25993.0,2025-07-31 11:36:59.466196
2025-07-31,140086,2025073101011067,HBL,Naasa Securities Co. Ltd.,Naasa Securities Co. Ltd.,20,238.5,4770.0,2025-07-31 11:38:04.803407
2025-07-31,137716,2025073101012493,HBL,Dipshikha Dhitopatra Karobar Co. Pvt Ltd.,Opal Securities Investment (PVT) Ltd.,10,238.0,2380.0,2025-07-31 11:40:44.557911
2025-07-31,137715,2025073101012494,HBL,Online Securities Pvt. Ltd.,Opal Securities Investment (PVT) Ltd.,140,236.4,33096.0,2025-07-31 11:40:44.558198
2025-07-31,135460,2025073101013756,HBL,Online Securities Pvt. Ltd.,Dipshikha Dhitopatra Karobar Co. Pvt Ltd.,25,236.4,5910.0,2025-07-31 11:43:33.743204
2025-07-31,131323,2025073101015879,HBL,Online Securities Pvt. Ltd.,Naasa Securities Co. Ltd.,19,236.4,4491.6,2025-07-31 11:48:17.607389
2025-07-31,130135,2025073101016424,HBL,Online Securities Pvt. Ltd.,Naasa Securities Co. Ltd.,10,236.4,2364.0,2025-07-31 11:49:42.729041
2025-07-31,127023,2025073101018058,HBL,Online Securities Pvt. Ltd.,Trishakti Securities Public Limited,306,236.4,72338.4,2025-07-31 11:53:20.170584
2025-07-31,127022,2025073101018059,HBL,Nepal Investment And Securities Trading Private Limited,Trishakti Securities Public Limited,100,236.4,23640.0,2025-07-31 11:53:20.170829
2025-07-31,126888,2025073101018128,HBL,Sani Securities Company Ltd.,Linch Stock Market Ltd.,90,236.3,21267.0,2025-07-31 11:53:30.469443
2025-07-31,126887,2025073101018129,HBL,Sani Securities Company Ltd.,Linch Stock Market Ltd.,160,236.2,37792.0,2025-07-31 11:53:30.469575
2025-07-31,126886,2025073101018130,HBL,Sani Securities Company Ltd.,Linch Stock Market Ltd.,255,236.2,60231.0,2025-07-31 11:53:30.469646
2025-07-31,126885,2025073101018131,HBL,Primo Securities (PVT) Ltd.,Linch Stock Market Ltd.,20,236.1,4722.0,2025-07-31 11:53:30.469701
2025-07-31,126735,2025073101018207,HBL,Primo Securities (PVT) Ltd.,Naasa Securities Co. Ltd.,231,236.1,54539.1,2025-07-31 11:53:39.188893
2025-07-31,126530,2025073101018310,HBL,Primo Securities (PVT) Ltd.,Himalayan Brokerage Company Limited,749,236.1,176838.9,2025-07-31 11:53:56.866822
2025-07-31,126529,2025073101018311,HBL,Imperial Securities Company Pvt. Ltd.,Himalayan Brokerage Company Limited,251,236.1,59261.1,2025-07-31 11:53:56.867122
2025-07-31,126465,2025073101018343,HBL,Imperial Securities Company Pvt. Ltd.,Naasa Securities Co. Ltd.,49,236.1,11568.9,2025-07-31 11:54:03.663331
2025-07-31,126464,2025073101018344,HBL,Thrive Brokerage House Pvt. Ltd,Naasa Securities Co. Ltd.,20,236.1,4722.0,2025-07-31 11:54:03.663471
2025-07-31,126252,2025073101018457,HBL,Premier Securities Company Ltd.,Naasa Securities Co. Ltd.,31,236.0,7316.0,2025-07-31 11:54:21.958366
2025-07-31,126082,2025073101018542,HBL,Premier Securities Company Ltd.,Swarna Laxmi Securities Pvt. Ltd.,269,236.0,63484.0,2025-07-31 11:54:34.367361
2025-07-31,126081,2025073101018543,HBL,Trishakti Securities Public Limited,Swarna Laxmi Securities Pvt. Ltd.,500,236.0,118000.0,2025-07-31 11:54:34.367489
2025-07-31,126080,2025073101018544,HBL,Trishakti Securities Public Limited,Swarna Laxmi Securities Pvt. Ltd.,231,236.0,54516.0,2025-07-31 11:54:34.367553
2025-07-31,125444,2025073101018881,HBL,Oxford Securities Pvt. Ltd.,Vision Securities Pvt. Ltd,200,236.1,47220.0,2025-07-31 11:55:18.108375
2025-07-31,125336,2025073101018922,HBL,Oxford Securities Pvt. Ltd.,Aryatara Investment & Securities,100,236.1,23610.0,2025-07-31 11:55:24.713353
2025-07-31,124088,2025073101019595,HBL,Vision Securities Pvt. Ltd,Aryatara Investment & Securities,10,236.3,2363.0,2025-07-31 11:57:16.868281
2025-07-31,123366,2025073101019963,HBL,Vision Securities Pvt. Ltd,Aryatara Investment & Securities,10,236.3,2363.0,2025-07-31 11:58:27.935773
2025-07-31,123349,2025073101019967,HBL,Oxford Securities Pvt. Ltd.,K.B.L. Securities Limited ,200,236.1,47220.0,2025-07-31 11:58:29.045717
2025-07-31,123348,2025073101019968,HBL,Vision Securities Pvt. Ltd,K.B.L. Securities Limited ,30,236.1,7083.0,2025-07-31 11:58:29.045984
2025-07-31,123347,2025073101019969,HBL,Imperial Securities Company Pvt. Ltd.,K.B.L. Securities Limited ,1000,236.0,236000.0,2025-07-31 11:58:29.046172
2025-07-31,123346,2025073101019970,HBL,Siprabi Securities Pvt. Ltd.,K.B.L. Securities Limited ,100,236.0,23600.0,2025-07-31 11:58:29.046337
2025-07-31,123345,2025073101019971,HBL,Imperial Securities Company Pvt. Ltd.,K.B.L. Securities Limited ,20,235.6,4712.0,2025-07-31 11:58:29.046502
2025-07-31,123344,2025073101019972,HBL,Linch Stock Market Ltd.,K.B.L. Securities Limited ,421,235.5,99145.5,2025-07-31 11:58:29.046674
2025-07-31,123089,2025073101020108,HBL,Linch Stock Market Ltd.,K.B.L. Securities Limited ,10,235.5,2355.0,2025-07-31 11:58:49.087242
2025-07-31,121400,2025073101020994,HBL,Midas Stock Broking Company Private Limited,Sani Securities Company Ltd.,46,236.0,10856.0,2025-07-31 12:01:01.718313
2025-07-31,120858,2025073101021241,HBL,Naasa Securities Co. Ltd.,South Asian Bulls Pvt. Ltd.,20,236.0,4720.0,2025-07-31 12:01:47.854902
2025-07-31,120820,2025073101021251,HBL,Midas Stock Broking Company Private Limited,South Asian Bulls Pvt. Ltd.,130,236.0,30680.0,2025-07-31 12:01:49.862151
2025-07-31,120413,2025073101021454,HBL,Midas Stock Broking Company Private Limited,Sani Securities Company Ltd.,20,236.0,4720.0,2025-07-31 12:02:22.232683
2025-07-31,120381,2025073101021474,HBL,Sweta Securities Private Limited,Investment Management Nepal Pvt. Ltd.,20,235.6,4712.0,2025-07-31 12:02:24.156524
2025-07-31,120380,2025073101021475,HBL,Linch Stock Market Ltd.,Investment Management Nepal Pvt. Ltd.,83,235.5,19546.5,2025-07-31 12:02:24.156681
2025-07-31,120296,2025073101021484,HBL,Linch Stock Market Ltd.,Naasa Securities Co. Ltd.,10,235.5,2355.0,2025-07-31 12:02:28.117876
2025-07-31,120161,2025073101021533,HBL,Online Securities Pvt. Ltd.,Sani Securities Company Ltd.,10,236.0,2360.0,2025-07-31 12:02:40.035535
2025-07-31,119201,2025073101021914,HBL,Online Securities Pvt. Ltd.,Sani Securities Company Ltd.,55,236.0,12980.0,2025-07-31 12:04:05.555541
2025-07-31,118104,2025073101022409,HBL,Sweta Securities Private Limited,Thrive Brokerage House Pvt. Ltd,20,235.6,4712.0,2025-07-31 12:05:44.316238
2025-07-31,118103,2025073101022410,HBL,Linch Stock Market Ltd.,Thrive Brokerage House Pvt. Ltd,230,235.5,54165.0,2025-07-31 12:05:44.316395
2025-07-31,117820,2025073101022556,HBL,Linch Stock Market Ltd.,Nepal Stock House (PVT) Ltd.,1246,235.5,293433.0,2025-07-31 12:06:12.931413
2025-07-31,117819,2025073101022557,HBL,Sri Hari Securities Pvt. Ltd.,Nepal Stock House (PVT) Ltd.,200,235.5,47100.0,2025-07-31 12:06:12.931708
2025-07-31,117818,2025073101022558,HBL,Kohinoor Investment & Securities Pvt. Ltd.,Nepal Stock House (PVT) Ltd.,10,235.5,2355.0,2025-07-31 12:06:12.931886
2025-07-31,117817,2025073101022559,HBL,Aryatara Investment & Securities,Nepal Stock House (PVT) Ltd.,500,235.4,117700.0,2025-07-31 12:06:12.932071
2025-07-31,117816,2025073101022560,HBL,Premier Securities Company Ltd.,Nepal Stock House (PVT) Ltd.,100,235.3,23530.0,2025-07-31 12:06:12.932242
2025-07-31,117815,2025073101022561,HBL,Opal Securities Investment (PVT) Ltd.,Nepal Stock House (PVT) Ltd.,500,235.2,117600.0,2025-07-31 12:06:12.932417
2025-07-31,117814,2025073101022562,HBL,Sani Securities Company Ltd.,Nepal Stock House (PVT) Ltd.,444,235.1,104384.4,2025-07-31 12:06:12.932580
2025-07-31,116270,2025073101023308,HBL,Nepal Investment And Securities Trading Private Limited,Naasa Securities Co. Ltd.,50,235.5,11775.0,2025-07-31 12:08:30.114482
2025-07-31,115740,2025073101023508,HBL,Midas Stock Broking Company Private Limited,Sani Securities Company Ltd.,18,236.0,4248.0,2025-07-31 12:09:15.388672
2025-07-31,115329,2025073101023705,HBL,Naasa Securities Co. Ltd.,Bhrikuti Stock Broking Co. Pvt. Ltd.,10,236.0,2360.0,2025-07-31 12:09:56.437712
2025-07-31,113043,2025073101024650,HBL,Primo Securities (PVT) Ltd.,Sani Securities Company Ltd.,23,235.2,5409.6,2025-07-31 12:13:24.468727
2025-07-31,113042,2025073101024651,HBL,Sani Securities Company Ltd.,Sani Securities Company Ltd.,56,235.1,13165.6,2025-07-31 12:13:24.468884
2025-07-31,113041,2025073101024652,HBL,Linch Stock Market Ltd.,Sani Securities Company Ltd.,11,235.1,2586.1,2025-07-31 12:13:24.468945
2025-07-31,112308,2025073101024961,HBL,Pragyan Securities (PVT) Ltd.,Bhrikuti Stock Broking Co. Pvt. Ltd.,10,236.0,2360.0,2025-07-31 12:14:31.794975
2025-07-31,112291,2025073101024969,HBL,Siprabi Securities Pvt. Ltd.,Bhrikuti Stock Broking Co. Pvt. Ltd.,23,236.0,5428.0,2025-07-31 12:14:33.810072
2025-07-31,112290,2025073101024970,HBL,Siprabi Securities Pvt. Ltd.,Nepal Investment And Securities Trading Private Limited,11,236.0,2596.0,2025-07-31 12:14:33.810226
2025-07-31,111972,2025073101025132,HBL,Siprabi Securities Pvt. Ltd.,Sweta Securities Private Limited,574,236.0,135464.0,2025-07-31 12:15:03.183076
2025-07-31,111157,2025073101025488,HBL,Siprabi Securities Pvt. Ltd.,Trisul Securities & Invt. Ltd.,205,236.0,48380.0,2025-07-31 12:16:17.997257
2025-07-31,110370,2025073101025782,HBL,Bhrikuti Stock Broking Co. Pvt. Ltd.,Aryatara Investment & Securities,10,236.3,2363.0,2025-07-31 12:17:27.728209
2025-07-31,110207,2025073101025852,HBL,Trisul Securities & Invt. Ltd.,Aryatara Investment & Securities,40,236.3,9452.0,2025-07-31 12:17:42.320714
2025-07-31,109744,2025073101026030,HBL,Siprabi Securities Pvt. Ltd.,Vision Securities Pvt. Ltd,187,236.0,44132.0,2025-07-31 12:18:25.497901
2025-07-31,109272,2025073101026177,HBL,Linch Stock Market Ltd.,Vision Securities Pvt. Ltd,40,236.0,9440.0,2025-07-31 12:19:19.366813
2025-07-31,109271,2025073101026178,HBL,Linch Stock Market Ltd.,Aryatara Investment & Securities,10,236.3,2363.0,2025-07-31 12:19:19.367021
2025-07-31,108913,2025073101026360,HBL,Sani Securities Company Ltd.,Aryatara Investment & Securities,11,236.3,2599.3,2025-07-31 12:19:56.401199
2025-07-31,108263,2025073101026663,HBL,Siprabi Securities Pvt. Ltd.,Agrawal Securities (PVT) Ltd.,10,235.3,2353.0,2025-07-31 12:21:06.259115
2025-07-31,108262,2025073101026664,HBL,Linch Stock Market Ltd.,Agrawal Securities (PVT) Ltd.,89,235.1,20923.9,2025-07-31 12:21:06.259408
2025-07-31,108261,2025073101026665,HBL,Nabil Stock Dealer Ltd.,Agrawal Securities (PVT) Ltd.,20,235.0,4700.0,2025-07-31 12:21:06.259640
2025-07-31,108260,2025073101026666,HBL,Sani Securities Company Ltd.,Agrawal Securities (PVT) Ltd.,50,235.0,11750.0,2025-07-31 12:21:06.259826
2025-07-31,108259,2025073101026667,HBL,Imperial Securities Company Pvt. Ltd.,Agrawal Securities (PVT) Ltd.,100,235.0,23500.0,2025-07-31 12:21:06.260001
2025-07-31,108258,2025073101026668,HBL,Imperial Securities Company Pvt. Ltd.,Agrawal Securities (PVT) Ltd.,20,235.0,4700.0,2025-07-31 12:21:06.260198
2025-07-31,108257,2025073101026669,HBL,Aryatara Investment & Securities,Agrawal Securities (PVT) Ltd.,100,235.0,23500.0,2025-07-31 12:21:06.260369
2025-07-31,108256,2025073101026670,HBL,Dipshikha Dhitopatra Karobar Co. Pvt Ltd.,Agrawal Securities (PVT) Ltd.,300,235.0,70500.0,2025-07-31 12:21:06.260552
2025-07-31,108255,2025073101026671,HBL,Aryatara Investment & Securities,Agrawal Securities (PVT) Ltd.,40,235.0,9400.0,2025-07-31 12:21:06.260723
2025-07-31,108254,2025073101026672,HBL,Aryatara Investment & Securities,Agrawal Securities (PVT) Ltd.,25,235.0,5875.0,2025-07-31 12:21:06.260884
2025-07-31,108253,2025073101026673,HBL,Capital Max Securities Ltd,Agrawal Securities (PVT) Ltd.,20,235.0,4700.0,2025-07-31 12:21:06.261061
2025-07-31,108252,2025073101026674,HBL,Oxford Securities Pvt. Ltd.,Agrawal Securities (PVT) Ltd.,50,235.0,11750.0,2025-07-31 12:21:06.261223
2025-07-31,108251,2025073101026675,HBL,ABC Securities Private Limited,Agrawal Securities (PVT) Ltd.,20,235.0,4700.0,2025-07-31 12:21:06.261381
2025-07-31,108250,2025073101026676,HBL,Malla & Malla Stock Broking Company Pvt. Limited,Agrawal Securities (PVT) Ltd.,20,235.0,4700.0,2025-07-31 12:21:06.261538
2025-07-31,108249,2025073101026677,HBL,BHOLE GANESH SECURITIES LTD,Agrawal Securities (PVT) Ltd.,50,235.0,11750.0,2025-07-31 12:21:06.261711
2025-07-31,108248,2025073101026678,HBL,Naasa Securities Co. Ltd.,Agrawal Securities (PVT) Ltd.,90,235.0,21150.0,2025-07-31 12:21:06.261867
2025-07-31,107498,2025073101026999,HBL,Agrawal Securities (PVT) Ltd.,Imperial Securities Company Pvt. Ltd.,25,234.6,5865.0,2025-07-31 12:22:29.374072
2025-07-31,107409,2025073101027030,HBL,Kumari Securities Private Limited,Imperial Securities Company Pvt. Ltd.,90,234.6,21114.0,2025-07-31 12:22:43.879515
2025-07-31,105108,2025073101028027,HBL,Premier Securities Company Ltd.,Imperial Securities Company Pvt. Ltd.,50,234.2,11710.0,2025-07-31 12:26:18.637692
2025-07-31,105027,2025073101028061,HBL,Cristal Kanchanjanga Securites Pvt. Ltd.,Shree Krishna Securities Ltd.,91,234.0,21294.0,2025-07-31 12:26:29.031214
2025-07-31,104571,2025073101028208,HBL,Linch Stock Market Ltd.,Imperial Securities Company Pvt. Ltd.,526,234.2,123189.2,2025-07-31 12:27:15.496235
2025-07-31,101693,2025073101029258,HBL,Machhapuchchhre Securities Limited,Agrawal Securities (PVT) Ltd.,10,235.0,2350.0,2025-07-31 12:31:02.384928
2025-07-31,99981,2025073101029995,HBL,J.F. Securites (PVT) Ltd.,ABC Securities Private Limited,20,234.2,4684.0,2025-07-31 12:33:34.138960
2025-07-31,99980,2025073101029996,HBL,Nepal Stock House (PVT) Ltd.,ABC Securities Private Limited,70,234.2,16394.0,2025-07-31 12:33:34.139137
2025-07-31,99979,2025073101029997,HBL,Naasa Securities Co. Ltd.,ABC Securities Private Limited,100,234.2,23420.0,2025-07-31 12:33:34.139225
2025-07-31,99978,2025073101029998,HBL,Vision Securities Pvt. Ltd,ABC Securities Private Limited,500,234.1,117050.0,2025-07-31 12:33:34.139288
2025-07-31,99977,2025073101029999,HBL,Linch Stock Market Ltd.,ABC Securities Private Limited,15,234.1,3511.5,2025-07-31 12:33:34.139349
2025-07-31,99976,2025073101030000,HBL,Kumari Securities Private Limited,ABC Securities Private Limited,192,234.1,44947.2,2025-07-31 12:33:34.139417
2025-07-31,99930,2025073101030020,HBL,Dipshikha Dhitopatra Karobar Co. Pvt Ltd.,Agrawal Securities (PVT) Ltd.,986,235.0,231710.0,2025-07-31 12:33:38.289767
2025-07-31,99929,2025073101030021,HBL,Dipshikha Dhitopatra Karobar Co. Pvt Ltd.,Sani Securities Company Ltd.,10,235.0,2350.0,2025-07-31 12:33:38.290074
2025-07-31,99749,2025073101030113,HBL,Machhapuchchhre Securities Limited,Sani Securities Company Ltd.,10,236.0,2360.0,2025-07-31 12:33:50.637013
2025-07-31,97357,2025073101031079,HBL,Aryatara Investment & Securities,Himalayan Brokerage Company Limited,40,235.0,9400.0,2025-07-31 12:36:45.805327
2025-07-31,97356,2025073101031080,HBL,Siprabi Securities Pvt. Ltd.,Himalayan Brokerage Company Limited,360,235.0,84600.0,2025-07-31 12:36:45.805521
2025-07-31,97040,2025073101031201,HBL,Machhapuchchhre Securities Limited,Sumeru Securities Pvt. Ltd.,10,236.3,2363.0,2025-07-31 12:37:08.925678
2025-07-31,95910,2025073101031663,HBL,Siprabi Securities Pvt. Ltd.,Secured Securities Ltd.,131,235.0,30785.0,2025-07-31 12:39:06.552262
2025-07-31,94708,2025073101032165,HBL,Naasa Securities Co. Ltd.,Aryatara Investment & Securities,40,235.0,9400.0,2025-07-31 12:41:28.859334
2025-07-31,94707,2025073101032166,HBL,Dipshikha Dhitopatra Karobar Co. Pvt Ltd.,Aryatara Investment & Securities,60,235.0,14100.0,2025-07-31 12:41:28.859496
2025-07-31,94264,2025073101032341,HBL,Machhapuchchhre Securities Limited,Premier Securities Company Ltd.,10,236.0,2360.0,2025-07-31 12:42:21.438208
2025-07-31,93595,2025073101032605,HBL,Linch Stock Market Ltd.,Premier Securities Company Ltd.,70,236.0,16520.0,2025-07-31 12:43:37.614470
2025-07-31,92743,2025073101032956,HBL,Dipshikha Dhitopatra Karobar Co. Pvt Ltd.,Vision Securities Pvt. Ltd,26,235.0,6110.0,2025-07-31 12:45:07.704905
2025-07-31,91994,2025073101033201,HBL,Dipshikha Dhitopatra Karobar Co. Pvt Ltd.,Secured Securities Ltd.,150,235.0,35250.0,2025-07-31 12:46:24.814420
2025-07-31,91860,2025073101033251,HBL,Machhapuchchhre Securities Limited,Thrive Brokerage House Pvt. Ltd,10,236.0,2360.0,2025-07-31 12:46:35.869735
2025-07-31,90022,2025073101033958,HBL,Vision Securities Pvt. Ltd,Midas Stock Broking Company Private Limited,20,235.5,4710.0,2025-07-31 12:49:46.457325
2025-07-31,90021,2025073101033959,HBL,Swarna Laxmi Securities Pvt. Ltd.,Midas Stock Broking Company Private Limited,120,235.1,28212.0,2025-07-31 12:49:46.457506
2025-07-31,90020,2025073101033960,HBL,Dipshikha Dhitopatra Karobar Co. Pvt Ltd.,Midas Stock Broking Company Private Limited,297,235.0,69795.0,2025-07-31 12:49:46.457576
2025-07-31,89979,2025073101033977,HBL,Dipshikha Dhitopatra Karobar Co. Pvt Ltd.,Primo Securities (PVT) Ltd.,33,235.9,7784.7,2025-07-31 12:49:53.115110
2025-07-31,89395,2025073101034277,HBL,Naasa Securities Co. Ltd.,Naasa Securities Co. Ltd.,26,235.2,6115.2,2025-07-31 12:50:57.088551
2025-07-31,89247,2025073101034354,HBL,Naasa Securities Co. Ltd.,Aryatara Investment & Securities,14,235.2,3292.8,2025-07-31 12:51:12.255464
2025-07-31,89246,2025073101034355,HBL,Dipshikha Dhitopatra Karobar Co. Pvt Ltd.,Aryatara Investment & Securities,467,235.0,109745.0,2025-07-31 12:51:12.255810
2025-07-31,89245,2025073101034356,HBL,Siprabi Securities Pvt. Ltd.,Aryatara Investment & Securities,10,235.0,2350.0,2025-07-31 12:51:12.256016
2025-07-31,89244,2025073101034357,HBL,Sundhara Securities Limited,Aryatara Investment & Securities,352,235.0,82720.0,2025-07-31 12:51:12.256264
2025-07-31,88962,2025073101034460,HBL,Sundhara Securities Limited,Online Securities Pvt. Ltd.,200,235.0,47000.0,2025-07-31 12:51:44.439437
2025-07-31,88409,2025073101034709,HBL,Siprabi Securities Pvt. Ltd.,Sani Securities Company Ltd.,27,235.1,6347.7,2025-07-31 12:52:51.022873
2025-07-31,88408,2025073101034710,HBL,Sundhara Securities Limited,Sani Securities Company Ltd.,27,235.0,6345.0,2025-07-31 12:52:51.022999
2025-07-31,88255,2025073101034763,HBL,Sundhara Securities Limited,Deevyaa Securities & Stock House Pvt. Ltd,100,235.0,23500.0,2025-07-31 12:53:09.834172
2025-07-31,87137,2025073101035202,HBL,Sundhara Securities Limited,Malla & Malla Stock Broking Company Pvt. Limited,14,235.0,3290.0,2025-07-31 12:55:45.420191
2025-07-31,86766,2025073101035391,HBL,Sundhara Securities Limited,Nepal Stock House (PVT) Ltd.,207,235.0,48645.0,2025-07-31 12:56:34.925003
2025-07-31,86765,2025073101035392,HBL,Opal Securities Investment (PVT) Ltd.,Nepal Stock House (PVT) Ltd.,10,235.0,2350.0,2025-07-31 12:56:34.925320
2025-07-31,86764,2025073101035393,HBL,Asian Securities Private Ltd.,Nepal Stock House (PVT) Ltd.,93,235.0,21855.0,2025-07-31 12:56:34.925579
2025-07-31,86139,2025073101035687,HBL,Primo Securities (PVT) Ltd.,Himalayan Securities Limited,262,234.6,61465.2,2025-07-31 12:58:05.671079
2025-07-31,85581,2025073101035933,HBL,South Asian Bulls Pvt. Ltd.,Capital Max Securities Ltd,50,235.0,11750.0,2025-07-31 12:59:27.480373
2025-07-31,83946,2025073101036578,HBL,Capital Max Securities Ltd,Vision Securities Pvt. Ltd,1,235.0,235.0,2025-07-31 13:03:23.075046
2025-07-31,83902,2025073101036598,HBL,Primo Securities (PVT) Ltd.,J.F. Securites (PVT) Ltd.,20,234.6,4692.0,2025-07-31 13:03:28.996370
2025-07-31,83692,2025073101036693,HBL,Primo Securities (PVT) Ltd.,Aryatara Investment & Securities,11,234.6,2580.6,2025-07-31 13:04:05.440754
2025-07-31,82860,2025073101037055,HBL,Primo Securities (PVT) Ltd.,Primo Securities (PVT) Ltd.,207,234.6,48562.2,2025-07-31 13:06:12.780889
2025-07-31,82375,2025073101037227,HBL,Naasa Securities Co. Ltd.,Primo Securities (PVT) Ltd.,193,234.5,45258.5,2025-07-31 13:07:18.975506
2025-07-31,81287,2025073101037643,HBL,Vision Securities Pvt. Ltd,Nepal Stock House (PVT) Ltd.,10,234.6,2346.0,2025-07-31 13:09:56.587650
2025-07-31,81231,2025073101037669,HBL,Naasa Securities Co. Ltd.,Naasa Securities Co. Ltd.,18,235.0,4230.0,2025-07-31 13:10:04.846545
2025-07-31,80928,2025073101037774,HBL,Naasa Securities Co. Ltd.,Himalayan Securities Limited,10,235.0,2350.0,2025-07-31 13:10:52.748068
2025-07-31,80565,2025073101037929,HBL,Naasa Securities Co. Ltd.,Opal Securities Investment (PVT) Ltd.,52,235.0,12220.0,2025-07-31 13:11:41.984069
2025-07-31,80564,2025073101037930,HBL,Siprabi Securities Pvt. Ltd.,Opal Securities Investment (PVT) Ltd.,13,235.0,3055.0,2025-07-31 13:11:41.984115
2025-07-31,80563,2025073101037931,HBL,Sani Securities Company Ltd.,Opal Securities Investment (PVT) Ltd.,25,235.0,5875.0,2025-07-31 13:11:41.984140
2025-07-31,80562,2025073101037932,HBL,Naasa Securities Co. Ltd.,Opal Securities Investment (PVT) Ltd.,110,234.5,25795.0,2025-07-31 13:11:41.984204
2025-07-31,80543,2025073101037937,HBL,Agrawal Securities (PVT) Ltd.,Online Securities Pvt. Ltd.,10,235.8,2358.0,2025-07-31 13:11:44.878729
2025-07-31,80365,2025073101038009,HBL,Capital Max Securities Ltd,Imperial Securities Company Pvt. Ltd.,1,235.0,235.0,2025-07-31 13:12:10.955480
2025-07-31,78736,2025073101038679,HBL,Naasa Securities Co. Ltd.,Trisul Securities & Invt. Ltd.,117,234.5,27436.5,2025-07-31 13:15:44.046262
2025-07-31,78735,2025073101038680,HBL,South Asian Bulls Pvt. Ltd.,Trisul Securities & Invt. Ltd.,30,234.5,7035.0,2025-07-31 13:15:44.046520
2025-07-31,78734,2025073101038681,HBL,Primo Securities (PVT) Ltd.,Trisul Securities & Invt. Ltd.,62,234.5,14539.0,2025-07-31 13:15:44.046598
2025-07-31,77736,2025073101039054,HBL,Trisul Securities & Invt. Ltd.,Online Securities Pvt. Ltd.,10,235.8,2358.0,2025-07-31 13:17:30.611000
2025-07-31,76710,2025073101039372,HBL,Sri Hari Securities Pvt. Ltd.,Deevyaa Securities & Stock House Pvt. Ltd,15,235.8,3537.0,2025-07-31 13:19:37.718780
2025-07-31,76709,2025073101039373,HBL,Vision Securities Pvt. Ltd,Deevyaa Securities & Stock House Pvt. Ltd,100,235.0,23500.0,2025-07-31 13:19:37.719020
2025-07-31,76708,2025073101039374,HBL,Primo Securities (PVT) Ltd.,Deevyaa Securities & Stock House Pvt. Ltd,188,234.5,44086.0,2025-07-31 13:19:37.719128
2025-07-31,76707,2025073101039375,HBL,Dynamic Money Managers Securities Pvt. Ltd.,Deevyaa Securities & Stock House Pvt. Ltd,880,234.5,206360.0,2025-07-31 13:19:37.719209
2025-07-31,76706,2025073101039376,HBL,Sundhara Securities Limited,Deevyaa Securities & Stock House Pvt. Ltd,50,234.5,11725.0,2025-07-31 13:19:37.719283
2025-07-31,76705,2025073101039377,HBL,Vision Securities Pvt. Ltd,Deevyaa Securities & Stock House Pvt. Ltd,500,234.5,117250.0,2025-07-31 13:19:37.719355
2025-07-31,76704,2025073101039378,HBL,Asian Securities Private Ltd.,Deevyaa Securities & Stock House Pvt. Ltd,200,234.3,46860.0,2025-07-31 13:19:37.719428
2025-07-31,76703,2025073101039379,HBL,Imperial Securities Company Pvt. Ltd.,Deevyaa Securities & Stock House Pvt. Ltd,2000,234.3,468600.0,2025-07-31 13:19:37.719501
2025-07-31,76702,2025073101039380,HBL,Sundhara Securities Limited,Deevyaa Securities & Stock House Pvt. Ltd,50,234.3,11715.0,2025-07-31 13:19:37.719593
2025-07-31,76701,2025073101039381,HBL,Primo Securities (PVT) Ltd.,Deevyaa Securities & Stock House Pvt. Ltd,1000,234.2,234200.0,2025-07-31 13:19:37.719665
2025-07-31,76700,2025073101039382,HBL,ABC Securities Private Limited,Deevyaa Securities & Stock House Pvt. Ltd,50,234.2,11710.0,2025-07-31 13:19:37.719734
2025-07-31,76699,2025073101039383,HBL,Kumari Securities Private Limited,Deevyaa Securities & Stock House Pvt. Ltd,108,234.1,25282.8,2025-07-31 13:19:37.719808
2025-07-31,76698,2025073101039384,HBL,Kumari Securities Private Limited,Deevyaa Securities & Stock House Pvt. Ltd,1000,234.1,234100.0,2025-07-31 13:19:37.719877
2025-07-31,76697,2025073101039385,HBL,Imperial Securities Company Pvt. Ltd.,Deevyaa Securities & Stock House Pvt. Ltd,100,234.1,23410.0,2025-07-31 13:19:37.719947
2025-07-31,76696,2025073101039386,HBL,Cristal Kanchanjanga Securites Pvt. Ltd.,Deevyaa Securities & Stock House Pvt. Ltd,209,234.0,48906.0,2025-07-31 13:19:37.720018
2025-07-31,76695,2025073101039387,HBL,Neev Securities Pvt. Ltd.,Deevyaa Securities & Stock House Pvt. Ltd,200,234.0,46800.0,2025-07-31 13:19:37.720129
2025-07-31,76694,2025073101039388,HBL,Naasa Securities Co. Ltd.,Deevyaa Securities & Stock House Pvt. Ltd,20,234.0,4680.0,2025-07-31 13:19:37.720201
2025-07-31,76693,2025073101039389,HBL,Malla & Malla Stock Broking Company Pvt. Limited,Deevyaa Securities & Stock House Pvt. Ltd,100,234.0,23400.0,2025-07-31 13:19:37.720273
2025-07-31,76692,2025073101039390,HBL,Online Securities Pvt. Ltd.,Deevyaa Securities & Stock House Pvt. Ltd,10,234.0,2340.0,2025-07-31 13:19:37.720342
2025-07-31,76691,2025073101039391,HBL,Linch Stock Market Ltd.,Deevyaa Securities & Stock House Pvt. Ltd,12,234.0,2808.0,2025-07-31 13:19:37.720410
2025-07-31,76690,2025073101039392,HBL,J.F. Securites (PVT) Ltd.,Deevyaa Securities & Stock House Pvt. Ltd,74,234.0,17316.0,2025-07-31 13:19:37.720487
2025-07-31,76689,2025073101039393,HBL,Primo Securities (PVT) Ltd.,Deevyaa Securities & Stock House Pvt. Ltd,427,234.0,99918.0,2025-07-31 13:19:37.720556
2025-07-31,76688,2025073101039394,HBL,Secured Securities Ltd.,Deevyaa Securities & Stock House Pvt. Ltd,62,234.0,14508.0,2025-07-31 13:19:37.720617
2025-07-31,76687,2025073101039395,HBL,J.F. Securites (PVT) Ltd.,Deevyaa Securities & Stock House Pvt. Ltd,20,234.0,4680.0,2025-07-31 13:19:37.720692
2025-07-31,76686,2025073101039396,HBL,Trishakti Securities Public Limited,Deevyaa Securities & Stock House Pvt. Ltd,615,234.0,143910.0,2025-07-31 13:19:37.720759
2025-07-31,76297,2025073101039553,HBL,Naasa Securities Co. Ltd.,Nepal Stock House (PVT) Ltd.,10,235.0,2350.0,2025-07-31 13:20:31.959845
2025-07-31,76296,2025073101039554,HBL,Nepal Stock House (PVT) Ltd.,Nepal Stock House (PVT) Ltd.,170,234.5,39865.0,2025-07-31 13:20:31.960032
2025-07-31,75179,2025073101040101,HBL,Vision Securities Pvt. Ltd,Primo Securities (PVT) Ltd.,10,235.9,2359.0,2025-07-31 13:22:14.840502
2025-07-31,74860,2025073101040256,HBL,Infinity Securities Limited,Primo Securities (PVT) Ltd.,10,235.9,2359.0,2025-07-31 13:22:49.355619
2025-07-31,74445,2025073101040377,HBL,Capital Max Securities Ltd,Primo Securities (PVT) Ltd.,20,235.9,4718.0,2025-07-31 13:23:41.401398
2025-07-31,72697,2025073101041009,HBL,Nepal Stock House (PVT) Ltd.,Agrawal Securities (PVT) Ltd.,105,234.5,24622.5,2025-07-31 13:26:46.584060
2025-07-31,72159,2025073101041224,HBL,Naasa Securities Co. Ltd.,Primo Securities (PVT) Ltd.,10,235.9,2359.0,2025-07-31 13:27:39.908202
2025-07-31,71927,2025073101041319,HBL,Sani Securities Company Ltd.,Primo Securities (PVT) Ltd.,10,235.9,2359.0,2025-07-31 13:27:58.357852
2025-07-31,71309,2025073101041521,HBL,Trisul Securities & Invt. Ltd.,Primo Securities (PVT) Ltd.,468,235.9,110401.2,2025-07-31 13:28:57.442038
2025-07-31,70554,2025073101041760,HBL,Himalayan Brokerage Company Limited,South Asian Bulls Pvt. Ltd.,80,235.0,18800.0,2025-07-31 13:29:38.413709
2025-07-31,69917,2025073101041904,HBL,Dynamic Money Managers Securities Pvt. Ltd.,Primo Securities (PVT) Ltd.,90,235.9,21231.0,2025-07-31 13:30:27.986726
2025-07-31,69561,2025073101042006,HBL,Linch Stock Market Ltd.,Primo Securities (PVT) Ltd.,349,235.9,82329.1,2025-07-31 13:30:59.129362
2025-07-31,68408,2025073101042350,HBL,Naasa Securities Co. Ltd.,Hatemalo Financial Services Private Limited,21,235.9,4953.9,2025-07-31 13:32:36.379083
2025-07-31,68372,2025073101042362,HBL,Sani Securities Company Ltd.,Hatemalo Financial Services Private Limited,50,235.9,11795.0,2025-07-31 13:32:39.378151
2025-07-31,68228,2025073101042399,HBL,Trishakti Securities Public Limited,Hatemalo Financial Services Private Limited,200,235.5,47100.0,2025-07-31 13:32:55.508444
2025-07-31,68225,2025073101042402,HBL,Nepal Stock House (PVT) Ltd.,Hatemalo Financial Services Private Limited,220,235.9,51898.0,2025-07-31 13:32:55.696926
2025-07-31,67581,2025073101042652,HBL,Secured Securities Ltd.,Hatemalo Financial Services Private Limited,21,235.9,4953.9,2025-07-31 13:34:00.329215
2025-07-31,67533,2025073101042663,HBL,Linch Stock Market Ltd.,Hatemalo Financial Services Private Limited,179,235.9,42226.1,2025-07-31 13:34:04.494011
2025-07-31,67532,2025073101042664,HBL,Linch Stock Market Ltd.,Thrive Brokerage House Pvt. Ltd,872,236.0,205792.0,2025-07-31 13:34:04.494210
2025-07-31,67531,2025073101042665,HBL,Linch Stock Market Ltd.,Aryatara Investment & Securities,49,236.0,11564.0,2025-07-31 13:34:04.494286
2025-07-31,67240,2025073101042755,HBL,Nepal Stock House (PVT) Ltd.,Hatemalo Financial Services Private Limited,100,235.6,23560.0,2025-07-31 13:34:35.680322
2025-07-31,66873,2025073101042859,HBL,Naasa Securities Co. Ltd.,Linch Stock Market Ltd.,10,235.6,2356.0,2025-07-31 13:35:20.491667
2025-07-31,66272,2025073101043058,HBL,Linch Stock Market Ltd.,Hatemalo Financial Services Private Limited,10,235.9,2359.0,2025-07-31 13:36:25.577209
2025-07-31,66271,2025073101043059,HBL,Linch Stock Market Ltd.,Hatemalo Financial Services Private Limited,70,235.9,16513.0,2025-07-31 13:36:25.577419
2025-07-31,65915,2025073101043166,HBL,Naasa Securities Co. Ltd.,Hatemalo Financial Services Private Limited,50,235.9,11795.0,2025-07-31 13:37:02.338596
2025-07-31,65209,2025073101043461,HBL,J.F. Securites (PVT) Ltd.,Hatemalo Financial Services Private Limited,20,235.9,4718.0,2025-07-31 13:38:19.432867
2025-07-31,65090,2025073101043484,HBL,Trishakti Securities Public Limited,Hatemalo Financial Services Private Limited,50,235.9,11795.0,2025-07-31 13:38:32.834127
2025-07-31,64804,2025073101043577,HBL,Trishakti Securities Public Limited,Hatemalo Financial Services Private Limited,20,235.9,4718.0,2025-07-31 13:39:02.160573
2025-07-31,64320,2025073101043837,HBL,Trishakti Securities Public Limited,Hatemalo Financial Services Private Limited,30,235.9,7077.0,2025-07-31 13:39:53.349700
2025-07-31,64011,2025073101043960,HBL,Linch Stock Market Ltd.,Nepal Stock House (PVT) Ltd.,300,235.6,70680.0,2025-07-31 13:40:35.051923
2025-07-31,64010,2025073101043961,HBL,Vision Securities Pvt. Ltd,Nepal Stock House (PVT) Ltd.,500,235.6,117800.0,2025-07-31 13:40:35.052126
2025-07-31,64009,2025073101043962,HBL,Trishakti Securities Public Limited,Nepal Stock House (PVT) Ltd.,300,235.5,70650.0,2025-07-31 13:40:35.052208
2025-07-31,64008,2025073101043963,HBL,Property Wiard Limited,Nepal Stock House (PVT) Ltd.,100,235.1,23510.0,2025-07-31 13:40:35.052284
2025-07-31,64007,2025073101043964,HBL,Himalayan Brokerage Company Limited,Nepal Stock House (PVT) Ltd.,20,235.0,4700.0,2025-07-31 13:40:35.052359
2025-07-31,64006,2025073101043965,HBL,Naasa Securities Co. Ltd.,Nepal Stock House (PVT) Ltd.,100,235.0,23500.0,2025-07-31 13:40:35.052434
2025-07-31,64005,2025073101043966,HBL,ABC Securities Private Limited,Nepal Stock House (PVT) Ltd.,174,235.0,40890.0,2025-07-31 13:40:35.052537
2025-07-31,63996,2025073101043967,HBL,Miyo Securities Pvt Ltd,Hatemalo Financial Services Private Limited,30,235.9,7077.0,2025-07-31 13:40:36.898583
2025-07-31,63948,2025073101043980,HBL,Trishakti Securities Public Limited,Hatemalo Financial Services Private Limited,20,235.9,4718.0,2025-07-31 13:40:41.680625
2025-07-31,63947,2025073101043981,HBL,Himalayan Brokerage Company Limited,Aryatara Investment & Securities,451,236.0,106436.0,2025-07-31 13:40:41.886879
2025-07-31,63946,2025073101043982,HBL,Himalayan Brokerage Company Limited,Aryatara Investment & Securities,100,236.0,23600.0,2025-07-31 13:40:41.887252
2025-07-31,63945,2025073101043983,HBL,Himalayan Brokerage Company Limited,Agrawal Securities (PVT) Ltd.,10,236.0,2360.0,2025-07-31 13:40:41.887492
2025-07-31,63944,2025073101043984,HBL,Himalayan Brokerage Company Limited,Premier Securities Company Ltd.,12,236.0,2832.0,2025-07-31 13:40:41.887712
2025-07-31,63943,2025073101043985,HBL,Himalayan Brokerage Company Limited,Oxford Securities Pvt. Ltd.,427,236.0,100772.0,2025-07-31 13:40:41.887928
2025-07-31,63939,2025073101043987,HBL,Naasa Securities Co. Ltd.,Oxford Securities Pvt. Ltd.,30,236.0,7080.0,2025-07-31 13:40:42.795838
2025-07-31,63147,2025073101044342,HBL,Vision Securities Pvt. Ltd,Oxford Securities Pvt. Ltd.,40,236.0,9440.0,2025-07-31 13:41:48.645815
2025-07-31,62379,2025073101044566,HBL,Trishakti Securities Public Limited,Hatemalo Financial Services Private Limited,11,235.9,2594.9,2025-07-31 13:42:38.575702
2025-07-31,59930,2025073101045326,HBL,Sani Securities Company Ltd.,Oxford Securities Pvt. Ltd.,60,236.0,14160.0,2025-07-31 13:45:33.690350
2025-07-31,59840,2025073101045348,HBL,Midas Stock Broking Company Private Limited,Oxford Securities Pvt. Ltd.,63,236.0,14868.0,2025-07-31 13:45:42.909580
2025-07-31,57949,2025073101046024,HBL,Trishakti Securities Public Limited,Secured Securities Ltd.,19,235.9,4482.1,2025-07-31 13:49:30.176768
2025-07-31,57948,2025073101046025,HBL,ABC Securities Private Limited,Secured Securities Ltd.,1826,235.0,429110.0,2025-07-31 13:49:30.176989
2025-07-31,57947,2025073101046026,HBL,Naasa Securities Co. Ltd.,Secured Securities Ltd.,100,235.0,23500.0,2025-07-31 13:49:30.177073
2025-07-31,57946,2025073101046027,HBL,Nepal Stock House (PVT) Ltd.,Secured Securities Ltd.,20,235.0,4700.0,2025-07-31 13:49:30.177149
2025-07-31,57945,2025073101046028,HBL,Indira securities pvt. ltd,Secured Securities Ltd.,200,235.0,47000.0,2025-07-31 13:49:30.177221
2025-07-31,57944,2025073101046029,HBL,Opal Securities Investment (PVT) Ltd.,Secured Securities Ltd.,35,235.0,8225.0,2025-07-31 13:49:30.177296
2025-07-31,56824,2025073101046494,HBL,K.B.L. Securities Limited ,Swarna Laxmi Securities Pvt. Ltd.,20,235.9,4718.0,2025-07-31 13:51:51.325901
2025-07-31,55845,2025073101046803,HBL,Malla & Malla Stock Broking Company Pvt. Limited,Dipshikha Dhitopatra Karobar Co. Pvt Ltd.,500,235.5,117750.0,2025-07-31 13:53:49.959019
2025-07-31,55844,2025073101046804,HBL,Opal Securities Investment (PVT) Ltd.,Dipshikha Dhitopatra Karobar Co. Pvt Ltd.,71,235.0,16685.0,2025-07-31 13:53:49.959081
2025-07-31,55843,2025073101046805,HBL,Online Securities Pvt. Ltd.,Dipshikha Dhitopatra Karobar Co. Pvt Ltd.,109,235.0,25615.0,2025-07-31 13:53:49.959105
2025-07-31,55788,2025073101046829,HBL,Online Securities Pvt. Ltd.,Dipshikha Dhitopatra Karobar Co. Pvt Ltd.,10,235.0,2350.0,2025-07-31 13:53:58.002468
2025-07-31,55753,2025073101046841,HBL,Machhapuchchhre Securities Limited,Swarna Laxmi Securities Pvt. Ltd.,10,235.9,2359.0,2025-07-31 13:54:02.833703
2025-07-31,55582,2025073101046898,HBL,Online Securities Pvt. Ltd.,Dipshikha Dhitopatra Karobar Co. Pvt Ltd.,10,235.0,2350.0,2025-07-31 13:54:26.276888
2025-07-31,55273,2025073101047006,HBL,Online Securities Pvt. Ltd.,Naasa Securities Co. Ltd.,84,235.0,19740.0,2025-07-31 13:55:12.904930
2025-07-31,55272,2025073101047007,HBL,Deevyaa Securities & Stock House Pvt. Ltd,Naasa Securities Co. Ltd.,20,235.0,4700.0,2025-07-31 13:55:12.905136
2025-07-31,55271,2025073101047008,HBL,Trishakti Securities Public Limited,Naasa Securities Co. Ltd.,55,235.0,12925.0,2025-07-31 13:55:12.905217
2025-07-31,55102,2025073101047092,HBL,Thrive Brokerage House Pvt. Ltd,Naasa Securities Co. Ltd.,1000,235.0,235000.0,2025-07-31 13:55:31.831207
2025-07-31,54951,2025073101047150,HBL,Imperial Securities Company Pvt. Ltd.,Naasa Securities Co. Ltd.,100,235.0,23500.0,2025-07-31 13:55:59.164906
2025-07-31,54452,2025073101047316,HBL,Nepal Investment And Securities Trading Private Limited,Naasa Securities Co. Ltd.,100,235.0,23500.0,2025-07-31 13:57:08.777095
2025-07-31,54029,2025073101047446,HBL,Nepal Stock House (PVT) Ltd.,Midas Stock Broking Company Private Limited,25,234.5,5862.5,2025-07-31 13:58:04.055530
2025-07-31,54028,2025073101047447,HBL,Primo Securities (PVT) Ltd.,Midas Stock Broking Company Private Limited,45,234.5,10552.5,2025-07-31 13:58:04.055986
2025-07-31,54027,2025073101047448,HBL,Sundhara Securities Limited,Midas Stock Broking Company Private Limited,10,234.5,2345.0,2025-07-31 13:58:04.056250
2025-07-31,53750,2025073101047549,HBL,Sundhara Securities Limited,Swarna Laxmi Securities Pvt. Ltd.,40,234.5,9380.0,2025-07-31 13:58:46.427940
2025-07-31,53749,2025073101047550,HBL,Aryatara Investment & Securities,Swarna Laxmi Securities Pvt. Ltd.,15,234.5,3517.5,2025-07-31 13:58:46.427984
2025-07-31,53748,2025073101047551,HBL,Miyo Securities Pvt Ltd,Swarna Laxmi Securities Pvt. Ltd.,25,234.2,5855.0,2025-07-31 13:58:46.428012
2025-07-31,53747,2025073101047552,HBL,Imperial Securities Company Pvt. Ltd.,Swarna Laxmi Securities Pvt. Ltd.,90,234.1,21069.0,2025-07-31 13:58:46.428053
2025-07-31,53436,2025073101047652,HBL,Nepal Investment And Securities Trading Private Limited,Naasa Securities Co. Ltd.,100,235.0,23500.0,2025-07-31 13:59:29.469218
2025-07-31,53301,2025073101047693,HBL,ABC Securities Private Limited,Naasa Securities Co. Ltd.,541,235.0,127135.0,2025-07-31 13:59:47.880400
2025-07-31,53300,2025073101047694,HBL,ABC Securities Private Limited,Kumari Securities Private Limited,459,235.0,107865.0,2025-07-31 13:59:47.880604
2025-07-31,52670,2025073101047915,HBL,Kumari Securities Private Limited,Kumari Securities Private Limited,541,235.0,127135.0,2025-07-31 14:01:05.678294
2025-07-31,52320,2025073101048024,HBL,Kumari Securities Private Limited,Kohinoor Investment & Securities Pvt. Ltd.,360,235.0,84600.0,2025-07-31 14:01:48.467932
2025-07-31,52232,2025073101048067,HBL,Kumari Securities Private Limited,Dakshinkali Investment & Securities Pvt. Ltd.,43,235.0,10105.0,2025-07-31 14:01:57.778678
2025-07-31,51678,2025073101048253,HBL,Kumari Securities Private Limited,Kumari Securities Private Limited,56,235.0,13160.0,2025-07-31 14:03:08.576844
2025-07-31,51552,2025073101048289,HBL,Kohinoor Investment & Securities Pvt. Ltd.,Kumari Securities Private Limited,595,235.0,139825.0,2025-07-31 14:03:25.060103
2025-07-31,50390,2025073101048647,HBL,Sumeru Securities Pvt. Ltd.,Kumari Securities Private Limited,200,235.0,47000.0,2025-07-31 14:05:57.028588
2025-07-31,49990,2025073101048772,HBL,Imperial Securities Company Pvt. Ltd.,Kumari Securities Private Limited,30,235.0,7050.0,2025-07-31 14:06:45.995017
2025-07-31,49646,2025073101048882,HBL,Sundhara Securities Limited,Kumari Securities Private Limited,15,235.0,3525.0,2025-07-31 14:07:34.813256
2025-07-31,49082,2025073101049083,HBL,Premier Securities Company Ltd.,Kumari Securities Private Limited,15,235.0,3525.0,2025-07-31 14:08:51.326598
2025-07-31,48606,2025073101049219,HBL,Dakshinkali Investment & Securities Pvt. Ltd.,Kumari Securities Private Limited,50,235.0,11750.0,2025-07-31 14:09:49.582384
2025-07-31,48410,2025073101049291,HBL,Deevyaa Securities & Stock House Pvt. Ltd,Naasa Securities Co. Ltd.,38,234.4,8907.2,2025-07-31 14:10:22.326011
2025-07-31,48180,2025073101049389,HBL,Premier Securities Company Ltd.,Kumari Securities Private Limited,39,235.0,9165.0,2025-07-31 14:11:02.042660
2025-07-31,48147,2025073101049394,HBL,Naasa Securities Co. Ltd.,Oxford Securities Pvt. Ltd.,10,236.0,2360.0,2025-07-31 14:11:08.176374
2025-07-31,47382,2025073101049807,HBL,Dipshikha Dhitopatra Karobar Co. Pvt Ltd.,Oxford Securities Pvt. Ltd.,85,236.0,20060.0,2025-07-31 14:12:11.037354
2025-07-31,46925,2025073101049960,HBL,Premier Securities Company Ltd.,South Asian Bulls Pvt. Ltd.,10,235.0,2350.0,2025-07-31 14:13:30.774940
2025-07-31,46733,2025073101050015,HBL,Premier Securities Company Ltd.,Oxford Securities Pvt. Ltd.,51,236.0,12036.0,2025-07-31 14:13:57.027100
2025-07-31,46605,2025073101050057,HBL,Capital Max Securities Ltd,Oxford Securities Pvt. Ltd.,32,236.0,7552.0,2025-07-31 14:14:15.269514
2025-07-31,46604,2025073101050058,HBL,Capital Max Securities Ltd,Online Securities Pvt. Ltd.,69,236.0,16284.0,2025-07-31 14:14:15.269736
2025-07-31,46603,2025073101050059,HBL,Capital Max Securities Ltd,BHOLE GANESH SECURITIES LTD,99,236.0,23364.0,2025-07-31 14:14:15.269821
2025-07-31,46344,2025073101050136,HBL,Sewa Securities Pvt. Ltd.,Linch Stock Market Ltd.,6,231.3,1387.8,2025-07-31 14:14:53.263880
2025-07-31,45941,2025073101050268,HBL,Thrive Brokerage House Pvt. Ltd,BHOLE GANESH SECURITIES LTD,11,236.0,2596.0,2025-07-31 14:15:45.829857
2025-07-31,45940,2025073101050269,HBL,Thrive Brokerage House Pvt. Ltd,Nagarik Stock Dealer ,489,236.0,115404.0,2025-07-31 14:15:45.830256
2025-07-31,45830,2025073101050295,HBL,Sewa Securities Pvt. Ltd.,Naasa Securities Co. Ltd.,3,231.3,693.9,2025-07-31 14:15:55.610734
2025-07-31,45692,2025073101050346,HBL,Sewa Securities Pvt. Ltd.,Imperial Securities Company Pvt. Ltd.,9,231.5,2083.5,2025-07-31 14:16:17.678260
2025-07-31,44766,2025073101050621,HBL,Sewa Securities Pvt. Ltd.,Dynamic Money Managers Securities Pvt. Ltd.,8,233.0,1864.0,2025-07-31 14:18:00.181125
2025-07-31,43218,2025073101051065,HBL,Sani Securities Company Ltd.,Nagarik Stock Dealer ,20,236.0,4720.0,2025-07-31 14:21:21.574894
2025-07-31,43121,2025073101051111,HBL,Sewa Securities Pvt. Ltd.,Naasa Securities Co. Ltd.,8,231.3,1850.4,2025-07-31 14:21:31.238665
2025-07-31,41821,2025073101051492,HBL,Siprabi Securities Pvt. Ltd.,ABC Securities Private Limited,10,235.0,2350.0,2025-07-31 14:23:44.933752
2025-07-31,40413,2025073101052103,HBL,Pragyan Securities (PVT) Ltd.,Capital Max Securities Ltd,300,234.6,70380.0,2025-07-31 14:25:50.248175
2025-07-31,40412,2025073101052104,HBL,Naasa Securities Co. Ltd.,Capital Max Securities Ltd,50,234.5,11725.0,2025-07-31 14:25:50.248393
2025-07-31,40411,2025073101052105,HBL,Kohinoor Investment & Securities Pvt. Ltd.,Capital Max Securities Ltd,300,234.5,70350.0,2025-07-31 14:25:50.248478
2025-07-31,40410,2025073101052106,HBL,Sundhara Securities Limited,Capital Max Securities Ltd,50,234.5,11725.0,2025-07-31 14:25:50.248561
2025-07-31,40409,2025073101052107,HBL,Aryatara Investment & Securities,Capital Max Securities Ltd,118,234.5,27671.0,2025-07-31 14:25:50.248646
2025-07-31,40408,2025073101052108,HBL,Deevyaa Securities & Stock House Pvt. Ltd,Capital Max Securities Ltd,274,234.4,64225.6,2025-07-31 14:25:50.248726
2025-07-31,40407,2025073101052109,HBL,Sundhara Securities Limited,Capital Max Securities Ltd,50,234.4,11720.0,2025-07-31 14:25:50.248809
2025-07-31,40406,2025073101052110,HBL,Thrive Brokerage House Pvt. Ltd,Capital Max Securities Ltd,200,234.3,46860.0,2025-07-31 14:25:50.248890
2025-07-31,40405,2025073101052111,HBL,Arun Securities (PVT) Ltd.,Capital Max Securities Ltd,50,234.3,11715.0,2025-07-31 14:25:50.248969
2025-07-31,40404,2025073101052112,HBL,Sundhara Securities Limited,Capital Max Securities Ltd,50,234.3,11715.0,2025-07-31 14:25:50.249055
2025-07-31,40403,2025073101052113,HBL,Property Wiard Limited,Capital Max Securities Ltd,50,234.2,11710.0,2025-07-31 14:25:50.249140
2025-07-31,40402,2025073101052114,HBL,Imperial Securities Company Pvt. Ltd.,Capital Max Securities Ltd,734,234.1,171829.4,2025-07-31 14:25:50.249216
2025-07-31,38817,2025073101052616,HBL,Imperial Securities Company Pvt. Ltd.,Naasa Securities Co. Ltd.,176,234.1,41201.6,2025-07-31 14:28:10.605446
2025-07-31,38816,2025073101052617,HBL,Sani Securities Company Ltd.,Naasa Securities Co. Ltd.,250,234.1,58525.0,2025-07-31 14:28:10.605665
2025-07-31,38815,2025073101052618,HBL,Arun Securities (PVT) Ltd.,Naasa Securities Co. Ltd.,38,234.0,8892.0,2025-07-31 14:28:10.605755
2025-07-31,38814,2025073101052619,HBL,Deevyaa Securities & Stock House Pvt. Ltd,Naasa Securities Co. Ltd.,258,234.0,60372.0,2025-07-31 14:28:10.605837
2025-07-31,38813,2025073101052620,HBL,Aryatara Investment & Securities,Naasa Securities Co. Ltd.,1000,234.0,234000.0,2025-07-31 14:28:10.605918
2025-07-31,38812,2025073101052621,HBL,Imperial Securities Company Pvt. Ltd.,Naasa Securities Co. Ltd.,20,234.0,4680.0,2025-07-31 14:28:10.606004
2025-07-31,38811,2025073101052622,HBL,Naasa Securities Co. Ltd.,Naasa Securities Co. Ltd.,35,234.0,8190.0,2025-07-31 14:28:10.606096
2025-07-31,38810,2025073101052623,HBL,Primo Securities (PVT) Ltd.,Naasa Securities Co. Ltd.,20,234.0,4680.0,2025-07-31 14:28:10.606175
2025-07-31,38809,2025073101052624,HBL,ABC Securities Private Limited,Naasa Securities Co. Ltd.,203,234.0,47502.0,2025-07-31 14:28:10.606257
2025-07-31,37648,2025073101052988,HBL,Secured Securities Ltd.,Nagarik Stock Dealer ,10,234.9,2349.0,2025-07-31 14:29:54.489829
2025-07-31,37617,2025073101052993,HBL,Sundhara Securities Limited,Vision Securities Pvt. Ltd,12,234.6,2815.2,2025-07-31 14:29:57.447721
2025-07-31,37441,2025073101053045,HBL,Arun Securities (PVT) Ltd.,Nagarik Stock Dealer ,20,234.9,4698.0,2025-07-31 14:30:15.469080
2025-07-31,37390,2025073101053056,HBL,Sundhara Securities Limited,Capital Max Securities Ltd,88,234.6,20644.8,2025-07-31 14:30:21.042998
2025-07-31,37389,2025073101053057,HBL,ABC Securities Private Limited,Capital Max Securities Ltd,1797,234.0,420498.0,2025-07-31 14:30:21.043230
2025-07-31,37388,2025073101053058,HBL,Dakshinkali Investment & Securities Pvt. Ltd.,Capital Max Securities Ltd,50,234.0,11700.0,2025-07-31 14:30:21.043319
2025-07-31,37387,2025073101053059,HBL,Thrive Brokerage House Pvt. Ltd,Capital Max Securities Ltd,2000,234.0,468000.0,2025-07-31 14:30:21.043401
2025-07-31,37386,2025073101053060,HBL,Kohinoor Investment & Securities Pvt. Ltd.,Capital Max Securities Ltd,40,234.0,9360.0,2025-07-31 14:30:21.043478
2025-07-31,37385,2025073101053061,HBL,South Asian Bulls Pvt. Ltd.,Capital Max Securities Ltd,90,234.0,21060.0,2025-07-31 14:30:21.043557
2025-07-31,36161,2025073101053490,HBL,Miyo Securities Pvt Ltd,Deevyaa Securities & Stock House Pvt. Ltd,20,234.1,4682.0,2025-07-31 14:32:09.071440
2025-07-31,36160,2025073101053491,HBL,South Asian Bulls Pvt. Ltd.,Deevyaa Securities & Stock House Pvt. Ltd,280,234.0,65520.0,2025-07-31 14:32:09.071676
2025-07-31,35106,2025073101053915,HBL,South Asian Bulls Pvt. Ltd.,ABC Securities Private Limited,200,234.0,46800.0,2025-07-31 14:33:28.760450
2025-07-31,35010,2025073101053945,HBL,South Asian Bulls Pvt. Ltd.,Premier Securities Company Ltd.,88,234.0,20592.0,2025-07-31 14:33:35.590708
2025-07-31,34518,2025073101054153,HBL,South Asian Bulls Pvt. Ltd.,Nepal Investment And Securities Trading Private Limited,342,234.0,80028.0,2025-07-31 14:34:08.306327
2025-07-31,34517,2025073101054154,HBL,Midas Stock Broking Company Private Limited,Nepal Investment And Securities Trading Private Limited,20,234.0,4680.0,2025-07-31 14:34:08.306528
2025-07-31,34516,2025073101054155,HBL,Elite Stock House Limited,Nepal Investment And Securities Trading Private Limited,400,234.0,93600.0,2025-07-31 14:34:08.306618
2025-07-31,34515,2025073101054156,HBL,South Asian Bulls Pvt. Ltd.,Nepal Investment And Securities Trading Private Limited,100,234.0,23400.0,2025-07-31 14:34:08.306704
2025-07-31,34514,2025073101054157,HBL,Investment Management Nepal Pvt. Ltd.,Nepal Investment And Securities Trading Private Limited,50,234.0,11700.0,2025-07-31 14:34:08.306791
2025-07-31,34513,2025073101054158,HBL,Capital Max Securities Ltd,Nepal Investment And Securities Trading Private Limited,100,234.0,23400.0,2025-07-31 14:34:08.306875
2025-07-31,34512,2025073101054159,HBL,Aryatara Investment & Securities,Nepal Investment And Securities Trading Private Limited,20,234.0,4680.0,2025-07-31 14:34:08.306959
2025-07-31,34380,2025073101054218,HBL,Nepal Stock House (PVT) Ltd.,Nepal Investment And Securities Trading Private Limited,40,234.0,9360.0,2025-07-31 14:34:13.334525
2025-07-31,33373,2025073101054511,HBL,Oxford Securities Pvt. Ltd.,Vision Securities Pvt. Ltd,60,233.7,14022.0,2025-07-31 14:35:24.075333
2025-07-31,32605,2025073101054706,HBL,Oxford Securities Pvt. Ltd.,Sundhara Securities Limited,40,233.7,9348.0,2025-07-31 14:36:19.454755
2025-07-31,32604,2025073101054707,HBL,Aryatara Investment & Securities,Sundhara Securities Limited,100,233.7,23370.0,2025-07-31 14:36:19.454962
2025-07-31,32603,2025073101054708,HBL,Sweta Securities Private Limited,Sundhara Securities Limited,364,233.5,84994.0,2025-07-31 14:36:19.455061
2025-07-31,32308,2025073101054854,HBL,Online Securities Pvt. Ltd.,Trishakti Securities Public Limited,1000,233.6,233600.0,2025-07-31 14:36:37.271069
2025-07-31,31671,2025073101055086,HBL,Sewa Securities Pvt. Ltd.,Sharepro Securities Private Limited,20,233.6,4672.0,2025-07-31 14:37:27.072383
2025-07-31,31496,2025073101055163,HBL,Sweta Securities Private Limited,Nepal Investment And Securities Trading Private Limited,636,233.5,148506.0,2025-07-31 14:37:37.367072
2025-07-31,31495,2025073101055164,HBL,Malla & Malla Stock Broking Company Pvt. Limited,Nepal Investment And Securities Trading Private Limited,100,233.5,23350.0,2025-07-31 14:37:37.367473
2025-07-31,31494,2025073101055165,HBL,Online Securities Pvt. Ltd.,Nepal Investment And Securities Trading Private Limited,500,233.5,116750.0,2025-07-31 14:37:37.367778
2025-07-31,31493,2025073101055166,HBL,SUN SECURITIES PVT LTD,Nepal Investment And Securities Trading Private Limited,500,233.5,116750.0,2025-07-31 14:37:37.368016
2025-07-31,31492,2025073101055167,HBL,Agrawal Securities (PVT) Ltd.,Nepal Investment And Securities Trading Private Limited,100,233.5,23350.0,2025-07-31 14:37:37.368283
2025-07-31,31491,2025073101055168,HBL,Vision Securities Pvt. Ltd,Nepal Investment And Securities Trading Private Limited,50,233.5,11675.0,2025-07-31 14:37:37.368515
2025-07-31,31490,2025073101055169,HBL,Online Securities Pvt. Ltd.,Nepal Investment And Securities Trading Private Limited,204,233.5,47634.0,2025-07-31 14:37:37.368728
2025-07-31,31485,2025073101055172,HBL,Online Securities Pvt. Ltd.,Sharepro Securities Private Limited,80,233.6,18688.0,2025-07-31 14:37:37.805514
2025-07-31,30935,2025073101055351,HBL,Online Securities Pvt. Ltd.,Linch Stock Market Ltd.,20,233.6,4672.0,2025-07-31 14:38:25.040420
2025-07-31,30934,2025073101055352,HBL,Online Securities Pvt. Ltd.,Linch Stock Market Ltd.,1382,233.6,322835.2,2025-07-31 14:38:25.040623
2025-07-31,30189,2025073101055532,HBL,Imperial Securities Company Pvt. Ltd.,Sharepro Securities Private Limited,10,233.9,2339.0,2025-07-31 14:39:19.785753
2025-07-31,30065,2025073101055581,HBL,Dynamic Money Managers Securities Pvt. Ltd.,Sharepro Securities Private Limited,90,233.9,21051.0,2025-07-31 14:39:32.440751
2025-07-31,29809,2025073101055647,HBL,Dynamic Money Managers Securities Pvt. Ltd.,Nepal Investment And Securities Trading Private Limited,1910,233.9,446749.0,2025-07-31 14:39:56.172889
2025-07-31,28941,2025073101055988,HBL,Kumari Securities Private Limited,Midas Stock Broking Company Private Limited,500,233.9,116950.0,2025-07-31 14:41:09.472952
2025-07-31,28940,2025073101055989,HBL,Kumari Securities Private Limited,Nepal Investment And Securities Trading Private Limited,1028,234.0,240552.0,2025-07-31 14:41:09.473176
2025-07-31,28939,2025073101055990,HBL,Kumari Securities Private Limited,Sumeru Securities Pvt. Ltd.,100,234.0,23400.0,2025-07-31 14:41:09.473258
2025-07-31,28818,2025073101056023,HBL,Kumari Securities Private Limited,Imperial Securities Company Pvt. Ltd.,372,234.0,87048.0,2025-07-31 14:41:17.353230
2025-07-31,28817,2025073101056024,HBL,Property Wiard Limited,Imperial Securities Company Pvt. Ltd.,25,233.8,5845.0,2025-07-31 14:41:17.353433
2025-07-31,28816,2025073101056025,HBL,Sumeru Securities Pvt. Ltd.,Imperial Securities Company Pvt. Ltd.,150,233.7,35055.0,2025-07-31 14:41:17.353519
2025-07-31,28815,2025073101056026,HBL,Oxford Securities Pvt. Ltd.,Imperial Securities Company Pvt. Ltd.,100,233.7,23370.0,2025-07-31 14:41:17.353604
2025-07-31,28814,2025073101056027,HBL,Online Securities Pvt. Ltd.,Imperial Securities Company Pvt. Ltd.,109,233.6,25462.4,2025-07-31 14:41:17.353684
2025-07-31,28200,2025073101056218,HBL,Online Securities Pvt. Ltd.,Nepal Investment And Securities Trading Private Limited,509,233.6,118902.4,2025-07-31 14:42:10.839625
2025-07-31,28199,2025073101056219,HBL,Online Securities Pvt. Ltd.,Nepal Investment And Securities Trading Private Limited,1991,233.6,465097.6,2025-07-31 14:42:10.839836
2025-07-31,27809,2025073101056370,HBL,Primo Securities (PVT) Ltd.,Imperial Securities Company Pvt. Ltd.,10,233.9,2339.0,2025-07-31 14:42:39.672421
2025-07-31,27652,2025073101056416,HBL,Sani Securities Company Ltd.,Imperial Securities Company Pvt. Ltd.,10,233.9,2339.0,2025-07-31 14:42:50.627323
2025-07-31,27584,2025073101056439,HBL,Sundhara Securities Limited,Imperial Securities Company Pvt. Ltd.,60,233.9,14034.0,2025-07-31 14:42:57.451082
2025-07-31,27388,2025073101056522,HBL,Sundhara Securities Limited,Nepal Investment And Securities Trading Private Limited,40,234.0,9360.0,2025-07-31 14:43:13.191537
2025-07-31,25690,2025073101056958,HBL,Imperial Securities Company Pvt. Ltd.,Premier Securities Company Ltd.,19,234.0,4446.0,2025-07-31 14:44:57.307882
2025-07-31,24710,2025073101057237,HBL,Dipshikha Dhitopatra Karobar Co. Pvt Ltd.,Premier Securities Company Ltd.,481,234.0,112554.0,2025-07-31 14:45:50.755867
2025-07-31,24393,2025073101057401,HBL,Dipshikha Dhitopatra Karobar Co. Pvt Ltd.,Asian Securities Private Ltd.,14,234.0,3276.0,2025-07-31 14:46:05.064032
2025-07-31,23946,2025073101057546,HBL,Sweta Securities Private Limited,Sundhara Securities Limited,10,234.0,2340.0,2025-07-31 14:46:30.603538
2025-07-31,22700,2025073101057851,HBL,Property Wiard Limited,Imperial Securities Company Pvt. Ltd.,25,233.5,5837.5,2025-07-31 14:47:31.176783
2025-07-31,22699,2025073101057852,HBL,Kumari Securities Private Limited,Imperial Securities Company Pvt. Ltd.,75,233.5,17512.5,2025-07-31 14:47:31.177182
2025-07-31,20344,2025073101058561,HBL,Nepal Stock House (PVT) Ltd.,Sundhara Securities Limited,63,234.0,14742.0,2025-07-31 14:49:10.145586
2025-07-31,20343,2025073101058562,HBL,Nepal Stock House (PVT) Ltd.,Vision Securities Pvt. Ltd,43,234.0,10062.0,2025-07-31 14:49:10.145800
2025-07-31,20342,2025073101058563,HBL,Nepal Stock House (PVT) Ltd.,Nepal Investment And Securities Trading Private Limited,10,234.0,2340.0,2025-07-31 14:49:10.145890
2025-07-31,20341,2025073101058564,HBL,Nepal Stock House (PVT) Ltd.,Naasa Securities Co. Ltd.,20,234.0,4680.0,2025-07-31 14:49:10.145977
2025-07-31,20100,2025073101058620,HBL,Nepal Stock House (PVT) Ltd.,Nagarik Stock Dealer ,264,234.0,61776.0,2025-07-31 14:49:20.797321
2025-07-31,19724,2025073101058705,HBL,Kumari Securities Private Limited,Kohinoor Investment & Securities Pvt. Ltd.,1925,233.5,449487.5,2025-07-31 14:49:35.091133
2025-07-31,19723,2025073101058706,HBL,South Asian Bulls Pvt. Ltd.,Kohinoor Investment & Securities Pvt. Ltd.,500,233.5,116750.0,2025-07-31 14:49:35.091539
2025-07-31,19722,2025073101058707,HBL,Sundhara Securities Limited,Kohinoor Investment & Securities Pvt. Ltd.,100,233.5,23350.0,2025-07-31 14:49:35.091906
2025-07-31,19721,2025073101058708,HBL,Dipshikha Dhitopatra Karobar Co. Pvt Ltd.,Kohinoor Investment & Securities Pvt. Ltd.,20,233.5,4670.0,2025-07-31 14:49:35.092277
2025-07-31,19720,2025073101058709,HBL,Swarna Laxmi Securities Pvt. Ltd.,Kohinoor Investment & Securities Pvt. Ltd.,550,233.4,128370.0,2025-07-31 14:49:35.092619
2025-07-31,19719,2025073101058710,HBL,Imperial Securities Company Pvt. Ltd.,Kohinoor Investment & Securities Pvt. Ltd.,50,233.4,11670.0,2025-07-31 14:49:35.092959
2025-07-31,19718,2025073101058711,HBL,Oxford Securities Pvt. Ltd.,Kohinoor Investment & Securities Pvt. Ltd.,100,233.4,23340.0,2025-07-31 14:49:35.093302
2025-07-31,19717,2025073101058712,HBL,Oxford Securities Pvt. Ltd.,Kohinoor Investment & Securities Pvt. Ltd.,800,233.3,186640.0,2025-07-31 14:49:35.093626
2025-07-31,19716,2025073101058713,HBL,Naasa Securities Co. Ltd.,Kohinoor Investment & Securities Pvt. Ltd.,20,233.3,4666.0,2025-07-31 14:49:35.093946
2025-07-31,19715,2025073101058714,HBL,Deevyaa Securities & Stock House Pvt. Ltd,Kohinoor Investment & Securities Pvt. Ltd.,30,233.3,6999.0,2025-07-31 14:49:35.094273
2025-07-31,19714,2025073101058715,HBL,Trishakti Securities Public Limited,Kohinoor Investment & Securities Pvt. Ltd.,905,233.3,211136.5,2025-07-31 14:49:35.094590
2025-07-31,19585,2025073101058764,HBL,Dipshikha Dhitopatra Karobar Co. Pvt Ltd.,Nagarik Stock Dealer ,15,234.0,3510.0,2025-07-31 14:49:38.990333
2025-07-31,19543,2025073101058772,HBL,Trishakti Securities Public Limited,Oxford Securities Pvt. Ltd.,176,233.3,41060.8,2025-07-31 14:49:40.525723
2025-07-31,18472,2025073101059097,HBL,Oxford Securities Pvt. Ltd.,Aryatara Investment & Securities,55,233.1,12820.5,2025-07-31 14:50:26.720953
2025-07-31,18336,2025073101059161,HBL,Property Wiard Limited,Nagarik Stock Dealer ,500,234.0,117000.0,2025-07-31 14:50:33.336287
2025-07-31,17905,2025073101059287,HBL,Oxford Securities Pvt. Ltd.,Naasa Securities Co. Ltd.,145,233.1,33799.5,2025-07-31 14:50:51.606388
2025-07-31,17715,2025073101059347,HBL,Oxford Securities Pvt. Ltd.,Kohinoor Investment & Securities Pvt. Ltd.,160,233.1,37296.0,2025-07-31 14:50:59.793481
2025-07-31,17017,2025073101059584,HBL,Online Securities Pvt. Ltd.,Nepal Investment And Securities Trading Private Limited,460,233.2,107272.0,2025-07-31 14:51:26.539591
2025-07-31,15363,2025073101060111,HBL,Sweta Securities Private Limited,Aryatara Investment & Securities,18,233.4,4201.2,2025-07-31 14:52:31.493527
2025-07-31,15362,2025073101060112,HBL,Kumari Securities Private Limited,Aryatara Investment & Securities,353,233.3,82354.9,2025-07-31 14:52:31.493705
2025-07-31,15038,2025073101060202,HBL,Kumari Securities Private Limited,Sumeru Securities Pvt. Ltd.,83,233.3,19363.9,2025-07-31 14:52:44.089545
2025-07-31,14883,2025073101060235,HBL,Kumari Securities Private Limited,Primo Securities (PVT) Ltd.,40,233.7,9348.0,2025-07-31 14:52:49.756846
2025-07-31,14445,2025073101060346,HBL,Secured Securities Ltd.,Primo Securities (PVT) Ltd.,60,233.7,14022.0,2025-07-31 14:53:04.552067
2025-07-31,14444,2025073101060347,HBL,Secured Securities Ltd.,Sumeru Securities Pvt. Ltd.,100,233.7,23370.0,2025-07-31 14:53:04.552255
2025-07-31,14443,2025073101060348,HBL,Secured Securities Ltd.,Nagarik Stock Dealer ,840,234.0,196560.0,2025-07-31 14:53:04.552336
2025-07-31,13715,2025073101060554,HBL,Secured Securities Ltd.,Nagarik Stock Dealer ,100,234.0,23400.0,2025-07-31 14:53:31.023133
2025-07-31,13708,2025073101060556,HBL,Kohinoor Investment & Securities Pvt. Ltd.,Nagarik Stock Dealer ,50,234.0,11700.0,2025-07-31 14:53:31.074158
2025-07-31,12348,2025073101060959,HBL,Market Securities & Exchange (PVT) Ltd.,Nagarik Stock Dealer ,50,234.0,11700.0,2025-07-31 14:54:25.993334
2025-07-31,11988,2025073101061043,HBL,Opal Securities Investment (PVT) Ltd.,Nepal Investment And Securities Trading Private Limited,18,233.6,4204.8,2025-07-31 14:54:38.034223
2025-07-31,11685,2025073101061127,HBL,Opal Securities Investment (PVT) Ltd.,Agrawal Securities (PVT) Ltd.,84,233.6,19622.4,2025-07-31 14:54:52.293750
2025-07-31,11424,2025073101061218,HBL,Opal Securities Investment (PVT) Ltd.,Sani Securities Company Ltd.,398,233.6,92972.8,2025-07-31 14:55:00.994796
2025-07-31,11423,2025073101061219,HBL,Kumari Securities Private Limited,Sani Securities Company Ltd.,64,233.3,14931.2,2025-07-31 14:55:00.994844
2025-07-31,11422,2025073101061220,HBL,Online Securities Pvt. Ltd.,Sani Securities Company Ltd.,38,233.2,8861.6,2025-07-31 14:55:00.994869
2025-07-31,11170,2025073101061268,HBL,Online Securities Pvt. Ltd.,J.F. Securites (PVT) Ltd.,10,233.2,2332.0,2025-07-31 14:55:09.279711
2025-07-31,10813,2025073101061395,HBL,Imperial Securities Company Pvt. Ltd.,Kumari Securities Private Limited,70,233.5,16345.0,2025-07-31 14:55:21.619822
2025-07-31,10404,2025073101061519,HBL,Sewa Securities Pvt. Ltd.,Vision Securities Pvt. Ltd,50,233.6,11680.0,2025-07-31 14:55:36.758148
2025-07-31,10271,2025073101061573,HBL,Online Securities Pvt. Ltd.,Arun Securities (PVT) Ltd.,300,233.2,69960.0,2025-07-31 14:55:40.808869
2025-07-31,9972,2025073101061672,HBL,Online Securities Pvt. Ltd.,Aryatara Investment & Securities,500,233.2,116600.0,2025-07-31 14:55:52.178411
2025-07-31,9644,2025073101061756,HBL,Online Securities Pvt. Ltd.,Nagarik Stock Dealer ,142,233.2,33114.4,2025-07-31 14:56:05.894221
2025-07-31,9531,2025073101061797,HBL,Online Securities Pvt. Ltd.,Premier Securities Company Ltd.,559,233.2,130358.8,2025-07-31 14:56:09.055581
2025-07-31,9530,2025073101061798,HBL,Oxford Securities Pvt. Ltd.,Premier Securities Company Ltd.,495,233.1,115384.5,2025-07-31 14:56:09.055936
2025-07-31,9529,2025073101061799,HBL,Kumari Securities Private Limited,Premier Securities Company Ltd.,696,233.1,162237.6,2025-07-31 14:56:09.056197
2025-07-31,9231,2025073101061873,HBL,Kumari Securities Private Limited,Premier Securities Company Ltd.,800,233.1,186480.0,2025-07-31 14:56:19.182941
2025-07-31,8884,2025073101062007,HBL,Kumari Securities Private Limited,Premier Securities Company Ltd.,500,233.1,116550.0,2025-07-31 14:56:31.307664
2025-07-31,8510,2025073101062151,HBL,Sani Securities Company Ltd.,Sharepro Securities Private Limited,200,233.1,46620.0,2025-07-31 14:56:42.962376
2025-07-31,7487,2025073101062539,HBL,Midas Stock Broking Company Private Limited,Sri Hari Securities Pvt. Ltd.,10,233.1,2331.0,2025-07-31 14:57:17.778448
2025-07-31,7037,2025073101062704,HBL,Dipshikha Dhitopatra Karobar Co. Pvt Ltd.,Sri Hari Securities Pvt. Ltd.,335,233.1,78088.5,2025-07-31 14:57:32.661161
2025-07-31,6969,2025073101062719,HBL,Dipshikha Dhitopatra Karobar Co. Pvt Ltd.,Dipshikha Dhitopatra Karobar Co. Pvt Ltd.,50,233.1,11655.0,2025-07-31 14:57:34.697589
2025-07-31,6884,2025073101062735,HBL,Dipshikha Dhitopatra Karobar Co. Pvt Ltd.,Dakshinkali Investment & Securities Pvt. Ltd.,125,233.1,29137.5,2025-07-31 14:57:37.550159
2025-07-31,6883,2025073101062736,HBL,J.F. Securites (PVT) Ltd.,Dakshinkali Investment & Securities Pvt. Ltd.,75,233.0,17475.0,2025-07-31 14:57:37.550515
2025-07-31,6882,2025073101062737,HBL,Siprabi Securities Pvt. Ltd.,Dakshinkali Investment & Securities Pvt. Ltd.,165,233.0,38445.0,2025-07-31 14:57:37.550765
2025-07-31,6679,2025073101062798,HBL,Siprabi Securities Pvt. Ltd.,Secured Securities Ltd.,250,233.0,58250.0,2025-07-31 14:57:42.630924
2025-07-31,6008,2025073101062988,HBL,Siprabi Securities Pvt. Ltd.,Himalayan Brokerage Company Limited,85,233.0,19805.0,2025-07-31 14:58:01.622993
2025-07-31,6007,2025073101062989,HBL,Kumari Securities Private Limited,Himalayan Brokerage Company Limited,50,233.0,11650.0,2025-07-31 14:58:01.623208
2025-07-31,6006,2025073101062990,HBL,Oxford Securities Pvt. Ltd.,Himalayan Brokerage Company Limited,65,233.0,15145.0,2025-07-31 14:58:01.623286
2025-07-31,5667,2025073101063099,HBL,Siprabi Securities Pvt. Ltd.,Secured Securities Ltd.,10,233.5,2335.0,2025-07-31 14:58:12.528257
2025-07-31,5666,2025073101063100,HBL,Oxford Securities Pvt. Ltd.,Secured Securities Ltd.,35,233.0,8155.0,2025-07-31 14:58:12.528671
2025-07-31,5665,2025073101063101,HBL,Primo Securities (PVT) Ltd.,Secured Securities Ltd.,100,233.0,23300.0,2025-07-31 14:58:12.528913
2025-07-31,5664,2025073101063102,HBL,Sundhara Securities Limited,Secured Securities Ltd.,20,233.0,4660.0,2025-07-31 14:58:12.529139
2025-07-31,5663,2025073101063103,HBL,Linch Stock Market Ltd.,Secured Securities Ltd.,100,233.0,23300.0,2025-07-31 14:58:12.529362
2025-07-31,5662,2025073101063104,HBL,Nepal Stock House (PVT) Ltd.,Secured Securities Ltd.,10,233.0,2330.0,2025-07-31 14:58:12.529573
2025-07-31,5661,2025073101063105,HBL,J.F. Securites (PVT) Ltd.,Secured Securities Ltd.,225,233.0,52425.0,2025-07-31 14:58:12.529802
2025-07-31,4424,2025073101063439,HBL,Imperial Securities Company Pvt. Ltd.,Vision Securities Pvt. Ltd,10,233.6,2336.0,2025-07-31 14:58:43.295461
2025-07-31,2927,2025073101063940,HBL,Imperial Securities Company Pvt. Ltd.,Neev Securities Pvt. Ltd.,30,233.5,7005.0,2025-07-31 14:59:16.051751
2025-07-31,1793,2025073101064289,HBL,Capital Max Securities Ltd,Creative Securities Pvt Ltd,10,233.2,2332.0,2025-07-31 14:59:33.179527
2025-07-31,1792,2025073101064290,HBL,Kumari Securities Private Limited,Creative Securities Pvt Ltd,940,233.1,219114.0,2025-07-31 14:59:33.179681
2025-07-31,1030,2025073101064500,HBL,Sani Securities Company Ltd.,Neev Securities Pvt. Ltd.,100,233.5,23350.0,2025-07-31 14:59:44.152603
