Date,S.N.,Contract ID,Symbol,Buyer Broker,Seller Broker,volume,rate,amount,transaction_time
2025-07-31,163875,2025073103001112,JFL,Sani Securities Company Ltd.,Oxford Securities Pvt. Ltd.,10,517.0,5170.0,2025-07-31 11:08:50.600405
2025-07-31,163874,2025073103001113,JFL,Naasa Securities Co. Ltd.,Oxford Securities Pvt. Ltd.,23,516.0,11868.0,2025-07-31 11:08:50.600463
2025-07-31,162442,2025073103001411,JFL,Dakshinkali Investment & Securities Pvt. Ltd.,J.F. Securites (PVT) Ltd.,30,515.0,15450.0,2025-07-31 11:10:49.570909
2025-07-31,161444,2025073103001592,JFL,Dakshinkali Investment & Securities Pvt. Ltd.,J.F. Securites (PVT) Ltd.,10,515.0,5150.0,2025-07-31 11:12:06.411626
2025-07-31,161290,2025073103001619,JFL,Nepal Investment And Securities Trading Private Limited,Vision Securities Pvt. Ltd,19,514.2,9769.8,2025-07-31 11:12:17.229786
2025-07-31,158969,2025073103002094,JFL,Midas Stock Broking Company Private Limited,J.F. Securites (PVT) Ltd.,10,515.0,5150.0,2025-07-31 11:15:22.638198
2025-07-31,158968,2025073103002095,JFL,Midas Stock Broking Company Private Limited,Kohinoor Investment & Securities Pvt. Ltd.,150,515.5,77325.0,2025-07-31 11:15:22.638366
2025-07-31,158967,2025073103002096,JFL,Midas Stock Broking Company Private Limited,Oxford Securities Pvt. Ltd.,40,516.0,20640.0,2025-07-31 11:15:22.638483
2025-07-31,157863,2025073103002300,JFL,Vision Securities Pvt. Ltd,Oxford Securities Pvt. Ltd.,27,516.0,13932.0,2025-07-31 11:16:44.810596
2025-07-31,156371,2025073103002626,JFL,Opal Securities Investment (PVT) Ltd.,Kohinoor Investment & Securities Pvt. Ltd.,10,516.5,5165.0,2025-07-31 11:18:24.570374
2025-07-31,155943,2025073103002679,JFL,Opal Securities Investment (PVT) Ltd.,Kohinoor Investment & Securities Pvt. Ltd.,10,516.5,5165.0,2025-07-31 11:18:56.743415
2025-07-31,152673,2025073103003241,JFL,Capital Max Securities Ltd,Premier Securities Company Ltd.,145,519.5,75327.5,2025-07-31 11:23:14.698823
2025-07-31,150693,2025073103003539,JFL,Stoxkarts Securities Limited,Aryatara Investment & Securities,20,520.0,10400.0,2025-07-31 11:26:11.295274
2025-07-31,150363,2025073103003568,JFL,S.P.S.A. Securities Limited,J.F. Securites (PVT) Ltd.,15,524.0,7860.0,2025-07-31 11:26:29.876680
2025-07-31,150224,2025073103003580,JFL,Stoxkarts Securities Limited,South Asian Bulls Pvt. Ltd.,80,520.0,41600.0,2025-07-31 11:26:38.896548
2025-07-31,150223,2025073103003581,JFL,Kohinoor Investment & Securities Pvt. Ltd.,South Asian Bulls Pvt. Ltd.,11,520.0,5720.0,2025-07-31 11:26:38.896630
2025-07-31,148669,2025073103003860,JFL,Sani Securities Company Ltd.,Secured Securities Ltd.,200,517.1,103420.0,2025-07-31 11:28:09.184213
2025-07-31,148668,2025073103003861,JFL,Sweta Securities Private Limited,Secured Securities Ltd.,200,517.0,103400.0,2025-07-31 11:28:09.184321
2025-07-31,148667,2025073103003862,JFL,Dakshinkali Investment & Securities Pvt. Ltd.,Secured Securities Ltd.,100,516.6,51660.0,2025-07-31 11:28:09.184370
2025-07-31,147427,2025073103004059,JFL,Opal Securities Investment (PVT) Ltd.,Aryatara Investment & Securities,30,516.5,15495.0,2025-07-31 11:29:31.614210
2025-07-31,142708,2025073103004726,JFL,Nepal Stock House (PVT) Ltd.,J.F. Securites (PVT) Ltd.,20,519.0,10380.0,2025-07-31 11:35:00.564453
2025-07-31,138633,2025073103005150,JFL,Dipshikha Dhitopatra Karobar Co. Pvt Ltd.,Aryatara Investment & Securities,40,519.0,20760.0,2025-07-31 11:39:42.225878
2025-07-31,138632,2025073103005151,JFL,Cristal Kanchanjanga Securites Pvt. Ltd.,Aryatara Investment & Securities,25,519.0,12975.0,2025-07-31 11:39:42.226004
2025-07-31,135312,2025073103005538,JFL,Nepal Investment And Securities Trading Private Limited,Sani Securities Company Ltd.,50,517.2,25860.0,2025-07-31 11:43:47.170305
2025-07-31,135311,2025073103005539,JFL,Neev Securities Pvt. Ltd.,Sani Securities Company Ltd.,159,517.1,82218.9,2025-07-31 11:43:47.170425
2025-07-31,129187,2025073103006431,JFL,Dipshikha Dhitopatra Karobar Co. Pvt Ltd.,Trishakti Securities Public Limited,20,518.9,10378.0,2025-07-31 11:50:52.560779
2025-07-31,129171,2025073103006435,JFL,Neev Securities Pvt. Ltd.,Online Securities Pvt. Ltd.,10,517.1,5171.0,2025-07-31 11:50:53.294070
2025-07-31,128577,2025073103006515,JFL,Aryatara Investment & Securities,Aryatara Investment & Securities,35,519.0,18165.0,2025-07-31 11:51:34.671981
2025-07-31,128576,2025073103006516,JFL,Aryatara Investment & Securities,Roadshow securities limited,465,519.0,241335.0,2025-07-31 11:51:34.672120
2025-07-31,127955,2025073103006593,JFL,Neev Securities Pvt. Ltd.,Creative Securities Pvt Ltd,31,517.1,16030.1,2025-07-31 11:52:11.295767
2025-07-31,127954,2025073103006594,JFL,Linch Stock Market Ltd.,Creative Securities Pvt Ltd,50,517.0,25850.0,2025-07-31 11:52:11.295883
2025-07-31,127953,2025073103006595,JFL,Dipshikha Dhitopatra Karobar Co. Pvt Ltd.,Creative Securities Pvt Ltd,50,517.0,25850.0,2025-07-31 11:52:11.295930
2025-07-31,126853,2025073103006769,JFL,Kohinoor Investment & Securities Pvt. Ltd.,Dakshinkali Investment & Securities Pvt. Ltd.,10,517.0,5170.0,2025-07-31 11:53:31.383011
2025-07-31,126852,2025073103006770,JFL,Opal Securities Investment (PVT) Ltd.,Dakshinkali Investment & Securities Pvt. Ltd.,30,516.5,15495.0,2025-07-31 11:53:31.383147
2025-07-31,125376,2025073103007017,JFL,Opal Securities Investment (PVT) Ltd.,Vision Securities Pvt. Ltd,120,516.5,61980.0,2025-07-31 11:55:22.137710
2025-07-31,125375,2025073103007018,JFL,Secured Securities Ltd.,Vision Securities Pvt. Ltd,100,516.5,51650.0,2025-07-31 11:55:22.137927
2025-07-31,125374,2025073103007019,JFL,Imperial Securities Company Pvt. Ltd.,Vision Securities Pvt. Ltd,500,516.0,258000.0,2025-07-31 11:55:22.138099
2025-07-31,125373,2025073103007020,JFL,Linch Stock Market Ltd.,Vision Securities Pvt. Ltd,30,516.0,15480.0,2025-07-31 11:55:22.138247
2025-07-31,125038,2025073103007058,JFL,Linch Stock Market Ltd.,Linch Stock Market Ltd.,20,516.0,10320.0,2025-07-31 11:55:49.480076
2025-07-31,125037,2025073103007059,JFL,Trishakti Securities Public Limited,Linch Stock Market Ltd.,180,516.0,92880.0,2025-07-31 11:55:49.480213
2025-07-31,123522,2025073103007262,JFL,Trishakti Securities Public Limited,Siprabi Securities Pvt. Ltd.,120,516.0,61920.0,2025-07-31 11:58:13.257345
2025-07-31,121480,2025073103007586,JFL,Dipshikha Dhitopatra Karobar Co. Pvt Ltd.,Aryatara Investment & Securities,50,515.1,25755.0,2025-07-31 12:00:53.611565
2025-07-31,121479,2025073103007587,JFL,Sani Securities Company Ltd.,Aryatara Investment & Securities,45,515.0,23175.0,2025-07-31 12:00:53.611817
2025-07-31,119848,2025073103007825,JFL,Sani Securities Company Ltd.,Kohinoor Investment & Securities Pvt. Ltd.,50,515.0,25750.0,2025-07-31 12:03:02.364004
2025-07-31,119391,2025073103007954,JFL,Sweta Securities Private Limited,Siprabi Securities Pvt. Ltd.,80,516.0,41280.0,2025-07-31 12:03:45.306401
2025-07-31,118402,2025073103008088,JFL,Dipshikha Dhitopatra Karobar Co. Pvt Ltd.,Naasa Securities Co. Ltd.,10,516.0,5160.0,2025-07-31 12:05:12.882601
2025-07-31,115523,2025073103008505,JFL,Premier Securities Company Ltd.,Naasa Securities Co. Ltd.,30,516.0,15480.0,2025-07-31 12:09:35.901619
2025-07-31,115441,2025073103008523,JFL,Vision Securities Pvt. Ltd,Naasa Securities Co. Ltd.,30,516.0,15480.0,2025-07-31 12:09:45.941305
2025-07-31,112837,2025073103008952,JFL,Vision Securities Pvt. Ltd,Imperial Securities Company Pvt. Ltd.,220,516.0,113520.0,2025-07-31 12:13:41.770299
2025-07-31,112836,2025073103008953,JFL,Sri Hari Securities Pvt. Ltd.,Imperial Securities Company Pvt. Ltd.,200,515.0,103000.0,2025-07-31 12:13:41.770418
2025-07-31,112835,2025073103008954,JFL,Imperial Securities Company Pvt. Ltd.,Imperial Securities Company Pvt. Ltd.,50,515.0,25750.0,2025-07-31 12:13:41.770466
2025-07-31,112834,2025073103008955,JFL,Dipshikha Dhitopatra Karobar Co. Pvt Ltd.,Imperial Securities Company Pvt. Ltd.,10,515.0,5150.0,2025-07-31 12:13:41.770511
2025-07-31,111122,2025073103009228,JFL,Naasa Securities Co. Ltd.,Imperial Securities Company Pvt. Ltd.,35,515.0,18025.0,2025-07-31 12:16:20.721533
2025-07-31,109886,2025073103009463,JFL,Vision Securities Pvt. Ltd,Imperial Securities Company Pvt. Ltd.,100,515.0,51500.0,2025-07-31 12:18:13.413310
2025-07-31,108830,2025073103009678,JFL,Vision Securities Pvt. Ltd,Imperial Securities Company Pvt. Ltd.,200,515.0,103000.0,2025-07-31 12:20:04.345397
2025-07-31,108027,2025073103009835,JFL,Dipshikha Dhitopatra Karobar Co. Pvt Ltd.,Imperial Securities Company Pvt. Ltd.,40,515.0,20600.0,2025-07-31 12:21:33.285314
2025-07-31,107084,2025073103009986,JFL,Naasa Securities Co. Ltd.,Imperial Securities Company Pvt. Ltd.,50,514.6,25730.0,2025-07-31 12:23:24.212311
2025-07-31,107083,2025073103009987,JFL,Nepal Stock House (PVT) Ltd.,Imperial Securities Company Pvt. Ltd.,50,514.1,25705.0,2025-07-31 12:23:24.212432
2025-07-31,107082,2025073103009988,JFL,Naasa Securities Co. Ltd.,Imperial Securities Company Pvt. Ltd.,10,514.0,5140.0,2025-07-31 12:23:24.212482
2025-07-31,106770,2025073103010037,JFL,Naasa Securities Co. Ltd.,Bhrikuti Stock Broking Co. Pvt. Ltd.,150,514.0,77100.0,2025-07-31 12:23:54.829134
2025-07-31,106361,2025073103010090,JFL,Naasa Securities Co. Ltd.,Imperial Securities Company Pvt. Ltd.,840,514.0,431760.0,2025-07-31 12:24:33.340905
2025-07-31,106360,2025073103010091,JFL,Imperial Securities Company Pvt. Ltd.,Imperial Securities Company Pvt. Ltd.,200,514.0,102800.0,2025-07-31 12:24:33.341040
2025-07-31,106359,2025073103010092,JFL,Kumari Securities Private Limited,Imperial Securities Company Pvt. Ltd.,100,514.0,51400.0,2025-07-31 12:24:33.341092
2025-07-31,106358,2025073103010093,JFL,Imperial Securities Company Pvt. Ltd.,Imperial Securities Company Pvt. Ltd.,50,514.0,25700.0,2025-07-31 12:24:33.341171
2025-07-31,105165,2025073103010370,JFL,Capital Max Securities Ltd,Imperial Securities Company Pvt. Ltd.,11,514.0,5654.0,2025-07-31 12:26:13.142140
2025-07-31,102157,2025073103010838,JFL,Nepal Stock House (PVT) Ltd.,Imperial Securities Company Pvt. Ltd.,69,513.0,35397.0,2025-07-31 12:30:23.027458
2025-07-31,101221,2025073103011017,JFL,Kohinoor Investment & Securities Pvt. Ltd.,ABC Securities Private Limited,400,513.1,205240.0,2025-07-31 12:31:45.406185
2025-07-31,101220,2025073103011018,JFL,Nepal Stock House (PVT) Ltd.,ABC Securities Private Limited,31,513.0,15903.0,2025-07-31 12:31:45.406422
2025-07-31,101219,2025073103011019,JFL,Nepal Investment And Securities Trading Private Limited,ABC Securities Private Limited,30,512.1,15363.0,2025-07-31 12:31:45.406575
2025-07-31,101218,2025073103011020,JFL,Nepal Investment And Securities Trading Private Limited,ABC Securities Private Limited,20,512.1,10242.0,2025-07-31 12:31:45.406740
2025-07-31,101217,2025073103011021,JFL,Nepal Stock House (PVT) Ltd.,ABC Securities Private Limited,200,512.1,102420.0,2025-07-31 12:31:45.406882
2025-07-31,101216,2025073103011022,JFL,Neev Securities Pvt. Ltd.,ABC Securities Private Limited,500,512.1,256050.0,2025-07-31 12:31:45.407043
2025-07-31,101215,2025073103011023,JFL,Sani Securities Company Ltd.,ABC Securities Private Limited,100,512.0,51200.0,2025-07-31 12:31:45.407195
2025-07-31,101214,2025073103011024,JFL,Siprabi Securities Pvt. Ltd.,ABC Securities Private Limited,100,512.0,51200.0,2025-07-31 12:31:45.407334
2025-07-31,101213,2025073103011025,JFL,Kohinoor Investment & Securities Pvt. Ltd.,ABC Securities Private Limited,50,512.0,25600.0,2025-07-31 12:31:45.407474
2025-07-31,101212,2025073103011026,JFL,South Asian Bulls Pvt. Ltd.,ABC Securities Private Limited,90,511.0,45990.0,2025-07-31 12:31:45.407606
2025-07-31,101211,2025073103011027,JFL,Indira securities pvt. ltd,ABC Securities Private Limited,150,511.0,76650.0,2025-07-31 12:31:45.407755
2025-07-31,101210,2025073103011028,JFL,Imperial Securities Company Pvt. Ltd.,ABC Securities Private Limited,38,511.0,19418.0,2025-07-31 12:31:45.407897
2025-07-31,101209,2025073103011029,JFL,Nepal Stock House (PVT) Ltd.,ABC Securities Private Limited,50,510.1,25505.0,2025-07-31 12:31:45.408046
2025-07-31,101208,2025073103011030,JFL,Sani Securities Company Ltd.,ABC Securities Private Limited,10,510.0,5100.0,2025-07-31 12:31:45.408182
2025-07-31,101207,2025073103011031,JFL,Online Securities Pvt. Ltd.,ABC Securities Private Limited,131,510.0,66810.0,2025-07-31 12:31:45.408316
2025-07-31,98189,2025073103011550,JFL,Imperial Securities Company Pvt. Ltd.,Dakshinkali Investment & Securities Pvt. Ltd.,100,515.0,51500.0,2025-07-31 12:35:51.934378
2025-07-31,98134,2025073103011565,JFL,Online Securities Pvt. Ltd.,Dakshinkali Investment & Securities Pvt. Ltd.,30,515.0,15450.0,2025-07-31 12:35:59.918620
2025-07-31,96413,2025073103011838,JFL,Sani Securities Company Ltd.,Dakshinkali Investment & Securities Pvt. Ltd.,10,515.0,5150.0,2025-07-31 12:38:16.063821
2025-07-31,95795,2025073103011948,JFL,Dynamic Money Managers Securities Pvt. Ltd.,Vision Securities Pvt. Ltd,185,514.9,95256.5,2025-07-31 12:39:17.220998
2025-07-31,95393,2025073103012025,JFL,Sani Securities Company Ltd.,Vision Securities Pvt. Ltd,300,514.9,154470.0,2025-07-31 12:40:05.851990
2025-07-31,95266,2025073103012044,JFL,ABC Securities Private Limited,Vision Securities Pvt. Ltd,15,514.9,7723.5,2025-07-31 12:40:17.316334
2025-07-31,95179,2025073103012065,JFL,Dipshikha Dhitopatra Karobar Co. Pvt Ltd.,Dakshinkali Investment & Securities Pvt. Ltd.,100,515.0,51500.0,2025-07-31 12:40:27.794341
2025-07-31,95021,2025073103012091,JFL,Sani Securities Company Ltd.,Dakshinkali Investment & Securities Pvt. Ltd.,42,515.0,21630.0,2025-07-31 12:40:48.459600
2025-07-31,94995,2025073103012094,JFL,ABC Securities Private Limited,Dakshinkali Investment & Securities Pvt. Ltd.,85,515.0,43775.0,2025-07-31 12:40:51.569709
2025-07-31,93390,2025073103012370,JFL,Primo Securities (PVT) Ltd.,Dakshinkali Investment & Securities Pvt. Ltd.,100,515.0,51500.0,2025-07-31 12:44:04.275214
2025-07-31,92078,2025073103012580,JFL,Swarna Laxmi Securities Pvt. Ltd.,Dakshinkali Investment & Securities Pvt. Ltd.,433,515.0,222995.0,2025-07-31 12:46:15.182357
2025-07-31,92077,2025073103012581,JFL,Swarna Laxmi Securities Pvt. Ltd.,Sewa Securities Pvt. Ltd.,17,515.0,8755.0,2025-07-31 12:46:15.182487
2025-07-31,91082,2025073103012762,JFL,Bhrikuti Stock Broking Co. Pvt. Ltd.,Sewa Securities Pvt. Ltd.,10,515.0,5150.0,2025-07-31 12:47:56.943747
2025-07-31,86992,2025073103013478,JFL,Sani Securities Company Ltd.,Sani Securities Company Ltd.,10,514.0,5140.0,2025-07-31 12:56:05.513753
2025-07-31,86049,2025073103013659,JFL,Naasa Securities Co. Ltd.,Sani Securities Company Ltd.,10,514.0,5140.0,2025-07-31 12:58:18.377961
2025-07-31,82431,2025073103014405,JFL,Sweta Securities Private Limited,Sani Securities Company Ltd.,80,514.0,41120.0,2025-07-31 13:07:12.961733
2025-07-31,81988,2025073103014500,JFL,Dakshinkali Investment & Securities Pvt. Ltd.,Sundhara Securities Limited,100,515.0,51500.0,2025-07-31 13:08:12.729078
2025-07-31,81965,2025073103014511,JFL,Swarna Laxmi Securities Pvt. Ltd.,Sundhara Securities Limited,415,515.0,213725.0,2025-07-31 13:08:17.371638
2025-07-31,81622,2025073103014584,JFL,Dipshikha Dhitopatra Karobar Co. Pvt Ltd.,Sani Securities Company Ltd.,200,517.0,103400.0,2025-07-31 13:09:06.855009
2025-07-31,81385,2025073103014673,JFL,Sani Securities Company Ltd.,Sewa Securities Pvt. Ltd.,50,517.5,25875.0,2025-07-31 13:09:42.421478
2025-07-31,80205,2025073103014950,JFL,Sumeru Securities Pvt. Ltd.,Sani Securities Company Ltd.,5,514.0,2570.0,2025-07-31 13:12:33.167000
2025-07-31,80163,2025073103014965,JFL,Naasa Securities Co. Ltd.,Kalika Securities Pvt. Ltd.,38,517.0,19646.0,2025-07-31 13:12:39.151080
2025-07-31,80111,2025073103014974,JFL,Swarna Laxmi Securities Pvt. Ltd.,South Asian Bulls Pvt. Ltd.,50,517.5,25875.0,2025-07-31 13:12:48.683185
2025-07-31,79827,2025073103015023,JFL,Naasa Securities Co. Ltd.,Investment Management Nepal Pvt. Ltd.,19,517.8,9838.2,2025-07-31 13:13:31.239568
2025-07-31,79802,2025073103015027,JFL,Swarna Laxmi Securities Pvt. Ltd.,Investment Management Nepal Pvt. Ltd.,85,517.8,44013.0,2025-07-31 13:13:36.808719
2025-07-31,79719,2025073103015061,JFL,Sumeru Securities Pvt. Ltd.,Imperial Securities Company Pvt. Ltd.,5,516.0,2580.0,2025-07-31 13:13:45.459770
2025-07-31,79516,2025073103015101,JFL,Aryatara Investment & Securities,Investment Management Nepal Pvt. Ltd.,110,517.8,56958.0,2025-07-31 13:14:08.263690
2025-07-31,79008,2025073103015176,JFL,Sumeru Securities Pvt. Ltd.,Capital Max Securities Ltd,4,516.0,2064.0,2025-07-31 13:15:05.723682
2025-07-31,78118,2025073103015387,JFL,Sumeru Securities Pvt. Ltd.,Investment Management Nepal Pvt. Ltd.,8,517.8,4142.4,2025-07-31 13:16:56.071000
2025-07-31,77543,2025073103015573,JFL,Swarna Laxmi Securities Pvt. Ltd.,Agrawal Securities (PVT) Ltd.,30,517.9,15537.0,2025-07-31 13:17:47.407825
2025-07-31,77542,2025073103015574,JFL,Swarna Laxmi Securities Pvt. Ltd.,Online Securities Pvt. Ltd.,150,518.0,77700.0,2025-07-31 13:17:47.407976
2025-07-31,77541,2025073103015575,JFL,Swarna Laxmi Securities Pvt. Ltd.,Dynamic Money Managers Securities Pvt. Ltd.,320,518.0,165760.0,2025-07-31 13:17:47.408054
2025-07-31,77241,2025073103015644,JFL,Vision Securities Pvt. Ltd,Dynamic Money Managers Securities Pvt. Ltd.,411,518.0,212898.0,2025-07-31 13:18:28.632196
2025-07-31,77240,2025073103015645,JFL,Vision Securities Pvt. Ltd,Siprabi Securities Pvt. Ltd.,50,518.0,25900.0,2025-07-31 13:18:28.632400
2025-07-31,77239,2025073103015646,JFL,Vision Securities Pvt. Ltd,Dipshikha Dhitopatra Karobar Co. Pvt Ltd.,439,518.0,227402.0,2025-07-31 13:18:28.632474
2025-07-31,77122,2025073103015689,JFL,Vision Securities Pvt. Ltd,Dipshikha Dhitopatra Karobar Co. Pvt Ltd.,100,518.0,51800.0,2025-07-31 13:18:42.744953
2025-07-31,77076,2025073103015709,JFL,Sani Securities Company Ltd.,Dipshikha Dhitopatra Karobar Co. Pvt Ltd.,100,518.0,51800.0,2025-07-31 13:18:48.597233
2025-07-31,76975,2025073103015741,JFL,Vision Securities Pvt. Ltd,Dipshikha Dhitopatra Karobar Co. Pvt Ltd.,160,518.0,82880.0,2025-07-31 13:19:02.897823
2025-07-31,76844,2025073103015777,JFL,Citizens Share Broker Limited,Dipshikha Dhitopatra Karobar Co. Pvt Ltd.,26,518.0,13468.0,2025-07-31 13:19:18.953439
2025-07-31,76843,2025073103015778,JFL,Citizens Share Broker Limited,Aryatara Investment & Securities,20,518.2,10364.0,2025-07-31 13:19:18.953555
2025-07-31,76842,2025073103015779,JFL,Citizens Share Broker Limited,Dynamic Money Managers Securities Pvt. Ltd.,300,520.0,156000.0,2025-07-31 13:19:18.953609
2025-07-31,76841,2025073103015780,JFL,Citizens Share Broker Limited,Online Securities Pvt. Ltd.,40,520.0,20800.0,2025-07-31 13:19:18.953675
2025-07-31,76840,2025073103015781,JFL,Citizens Share Broker Limited,Linch Stock Market Ltd.,34,520.0,17680.0,2025-07-31 13:19:18.953724
2025-07-31,76648,2025073103015834,JFL,Sumeru Securities Pvt. Ltd.,Swarna Laxmi Securities Pvt. Ltd.,3,519.0,1557.0,2025-07-31 13:19:42.800953
2025-07-31,75359,2025073103016085,JFL,Imperial Securities Company Pvt. Ltd.,Vision Securities Pvt. Ltd,60,522.0,31320.0,2025-07-31 13:21:55.703851
2025-07-31,75358,2025073103016086,JFL,Imperial Securities Company Pvt. Ltd.,South Asian Bulls Pvt. Ltd.,40,522.0,20880.0,2025-07-31 13:21:55.704161
2025-07-31,75127,2025073103016119,JFL,Midas Stock Broking Company Private Limited,South Asian Bulls Pvt. Ltd.,10,522.0,5220.0,2025-07-31 13:22:23.738340
2025-07-31,74680,2025073103016209,JFL,Creative Securities Pvt Ltd,Sri Hari Securities Pvt. Ltd.,100,522.9,52290.0,2025-07-31 13:23:10.803180
2025-07-31,74602,2025073103016227,JFL,Imperial Securities Company Pvt. Ltd.,Pragyan Securities (PVT) Ltd.,100,523.0,52300.0,2025-07-31 13:23:20.436326
2025-07-31,74189,2025073103016357,JFL,Dakshinkali Investment & Securities Pvt. Ltd.,Nepal Stock House (PVT) Ltd.,50,522.1,26105.0,2025-07-31 13:24:06.381206
2025-07-31,74188,2025073103016358,JFL,Dakshinkali Investment & Securities Pvt. Ltd.,Nepal Stock House (PVT) Ltd.,50,521.1,26055.0,2025-07-31 13:24:06.381483
2025-07-31,74186,2025073103016359,JFL,Sweta Securities Private Limited,Nepal Stock House (PVT) Ltd.,30,521.0,15630.0,2025-07-31 13:24:06.381683
2025-07-31,73665,2025073103016466,JFL,Midas Stock Broking Company Private Limited,Nepal Stock House (PVT) Ltd.,265,520.0,137800.0,2025-07-31 13:25:08.652351
2025-07-31,73616,2025073103016474,JFL,Imperial Securities Company Pvt. Ltd.,Nepal Stock House (PVT) Ltd.,200,520.0,104000.0,2025-07-31 13:25:16.100256
2025-07-31,73524,2025073103016495,JFL,Sri Hari Securities Pvt. Ltd.,Nepal Stock House (PVT) Ltd.,100,520.0,52000.0,2025-07-31 13:25:28.131937
2025-07-31,73467,2025073103016507,JFL,Dakshinkali Investment & Securities Pvt. Ltd.,Nepal Stock House (PVT) Ltd.,104,520.0,54080.0,2025-07-31 13:25:34.778114
2025-07-31,72578,2025073103016701,JFL,Siprabi Securities Pvt. Ltd.,Sweta Securities Private Limited,80,523.9,41912.0,2025-07-31 13:26:59.600714
2025-07-31,72577,2025073103016702,JFL,Siprabi Securities Pvt. Ltd.,South Asian Bulls Pvt. Ltd.,20,524.0,10480.0,2025-07-31 13:26:59.600875
2025-07-31,70113,2025073103017337,JFL,Naasa Securities Co. Ltd.,South Asian Bulls Pvt. Ltd.,20,523.9,10478.0,2025-07-31 13:30:12.667304
2025-07-31,69686,2025073103017474,JFL,Sani Securities Company Ltd.,South Asian Bulls Pvt. Ltd.,30,523.9,15717.0,2025-07-31 13:30:47.282425
2025-07-31,69685,2025073103017475,JFL,Sani Securities Company Ltd.,South Asian Bulls Pvt. Ltd.,55,524.0,28820.0,2025-07-31 13:30:47.282666
2025-07-31,69684,2025073103017476,JFL,Sani Securities Company Ltd.,Sani Securities Company Ltd.,15,524.0,7860.0,2025-07-31 13:30:47.282825
2025-07-31,69458,2025073103017535,JFL,Vision Securities Pvt. Ltd,Sani Securities Company Ltd.,50,524.0,26200.0,2025-07-31 13:31:06.491369
2025-07-31,69448,2025073103017542,JFL,Sundhara Securities Limited,Dakshinkali Investment & Securities Pvt. Ltd.,21,523.9,11001.9,2025-07-31 13:31:07.301549
2025-07-31,69042,2025073103017614,JFL,Sani Securities Company Ltd.,Sani Securities Company Ltd.,100,524.0,52400.0,2025-07-31 13:31:36.115946
2025-07-31,68506,2025073103017713,JFL,Investment Management Nepal Pvt. Ltd.,Trishakti Securities Public Limited,50,523.9,26195.0,2025-07-31 13:32:25.566959
2025-07-31,68042,2025073103017819,JFL,Cristal Kanchanjanga Securites Pvt. Ltd.,Trishakti Securities Public Limited,29,522.0,15138.0,2025-07-31 13:33:18.308122
2025-07-31,68041,2025073103017820,JFL,ABC Securities Private Limited,Trishakti Securities Public Limited,41,522.0,21402.0,2025-07-31 13:33:18.308303
2025-07-31,67725,2025073103017937,JFL,ABC Securities Private Limited,Naasa Securities Co. Ltd.,39,522.0,20358.0,2025-07-31 13:33:49.274608
2025-07-31,67130,2025073103018058,JFL,Naasa Securities Co. Ltd.,Swarna Laxmi Securities Pvt. Ltd.,20,522.0,10440.0,2025-07-31 13:34:48.872498
2025-07-31,65869,2025073103018360,JFL,Siprabi Securities Pvt. Ltd.,Swarna Laxmi Securities Pvt. Ltd.,180,522.0,93960.0,2025-07-31 13:37:07.013591
2025-07-31,62751,2025073103019009,JFL,Sani Securities Company Ltd.,Naasa Securities Co. Ltd.,161,522.0,84042.0,2025-07-31 13:42:13.788564
2025-07-31,62722,2025073103019011,JFL,Sani Securities Company Ltd.,Aryatara Investment & Securities,200,522.0,104400.0,2025-07-31 13:42:15.880446
2025-07-31,62504,2025073103019058,JFL,Sani Securities Company Ltd.,Kohinoor Investment & Securities Pvt. Ltd.,139,522.0,72558.0,2025-07-31 13:42:29.523035
2025-07-31,62503,2025073103019059,JFL,Malla & Malla Stock Broking Company Pvt. Limited,Kohinoor Investment & Securities Pvt. Ltd.,61,522.0,31842.0,2025-07-31 13:42:29.523168
2025-07-31,62361,2025073103019100,JFL,Capital Max Securities Ltd,Roadshow securities limited,35,523.0,18305.0,2025-07-31 13:42:39.277450
2025-07-31,62360,2025073103019101,JFL,Capital Max Securities Ltd,Dynamic Money Managers Securities Pvt. Ltd.,65,523.0,33995.0,2025-07-31 13:42:39.277619
2025-07-31,62028,2025073103019179,JFL,Dipshikha Dhitopatra Karobar Co. Pvt Ltd.,Dakshinkali Investment & Securities Pvt. Ltd.,50,523.0,26150.0,2025-07-31 13:42:58.959113
2025-07-31,61745,2025073103019247,JFL,Dipshikha Dhitopatra Karobar Co. Pvt Ltd.,Nepal Investment And Securities Trading Private Limited,50,523.0,26150.0,2025-07-31 13:43:12.400731
2025-07-31,61549,2025073103019311,JFL,Linch Stock Market Ltd.,Nepal Investment And Securities Trading Private Limited,10,523.0,5230.0,2025-07-31 13:43:26.596599
2025-07-31,61320,2025073103019364,JFL,Malla & Malla Stock Broking Company Pvt. Limited,Dipshikha Dhitopatra Karobar Co. Pvt Ltd.,39,522.0,20358.0,2025-07-31 13:43:42.286041
2025-07-31,61319,2025073103019365,JFL,Vision Securities Pvt. Ltd,Dipshikha Dhitopatra Karobar Co. Pvt Ltd.,61,522.0,31842.0,2025-07-31 13:43:42.286207
2025-07-31,61311,2025073103019367,JFL,Vision Securities Pvt. Ltd,Oxford Securities Pvt. Ltd.,19,522.0,9918.0,2025-07-31 13:43:43.998470
2025-07-31,60955,2025073103019445,JFL,Dipshikha Dhitopatra Karobar Co. Pvt Ltd.,Oxford Securities Pvt. Ltd.,81,521.0,42201.0,2025-07-31 13:44:10.208514
2025-07-31,60852,2025073103019470,JFL,Dipshikha Dhitopatra Karobar Co. Pvt Ltd.,Vision Securities Pvt. Ltd,119,521.0,61999.0,2025-07-31 13:44:18.635909
2025-07-31,60851,2025073103019471,JFL,J.F. Securites (PVT) Ltd.,Vision Securities Pvt. Ltd,200,520.0,104000.0,2025-07-31 13:44:18.636062
2025-07-31,60850,2025073103019472,JFL,Oxford Securities Pvt. Ltd.,Vision Securities Pvt. Ltd,200,520.0,104000.0,2025-07-31 13:44:18.636116
2025-07-31,60849,2025073103019473,JFL,Nagarik Stock Dealer ,Vision Securities Pvt. Ltd,566,520.0,294320.0,2025-07-31 13:44:18.636172
2025-07-31,60209,2025073103019618,JFL,Online Securities Pvt. Ltd.,Dynamic Money Managers Securities Pvt. Ltd.,30,522.0,15660.0,2025-07-31 13:45:09.668839
2025-07-31,59993,2025073103019665,JFL,Nagarik Stock Dealer ,Citizens Share Broker Limited,420,520.0,218400.0,2025-07-31 13:45:28.337945
2025-07-31,59207,2025073103019928,JFL,Nagarik Stock Dealer ,Sani Securities Company Ltd.,14,520.0,7280.0,2025-07-31 13:46:39.001195
2025-07-31,59206,2025073103019929,JFL,Naasa Securities Co. Ltd.,Sani Securities Company Ltd.,15,520.0,7800.0,2025-07-31 13:46:39.001361
2025-07-31,58364,2025073103020128,JFL,Naasa Securities Co. Ltd.,Sani Securities Company Ltd.,20,520.0,10400.0,2025-07-31 13:48:23.983705
2025-07-31,58343,2025073103020131,JFL,Malla & Malla Stock Broking Company Pvt. Limited,Sani Securities Company Ltd.,51,520.0,26520.0,2025-07-31 13:48:27.723385
2025-07-31,57803,2025073103020259,JFL,Capital Max Securities Ltd,Dynamic Money Managers Securities Pvt. Ltd.,30,522.0,15660.0,2025-07-31 13:49:43.116497
2025-07-31,57802,2025073103020260,JFL,Capital Max Securities Ltd,Trishakti Securities Public Limited,80,522.0,41760.0,2025-07-31 13:49:43.116696
2025-07-31,57801,2025073103020261,JFL,Capital Max Securities Ltd,Linch Stock Market Ltd.,40,522.0,20880.0,2025-07-31 13:49:43.116756
2025-07-31,57356,2025073103020377,JFL,Imperial Securities Company Pvt. Ltd.,Linch Stock Market Ltd.,460,522.0,240120.0,2025-07-31 13:50:46.476780
2025-07-31,57355,2025073103020378,JFL,Imperial Securities Company Pvt. Ltd.,Nepal Investment And Securities Trading Private Limited,540,523.0,282420.0,2025-07-31 13:50:46.476825
2025-07-31,56267,2025073103020619,JFL,Malla & Malla Stock Broking Company Pvt. Limited,Sani Securities Company Ltd.,300,520.3,156090.0,2025-07-31 13:53:00.039218
2025-07-31,56182,2025073103020647,JFL,Trishakti Securities Public Limited,Cristal Kanchanjanga Securites Pvt. Ltd.,50,522.0,26100.0,2025-07-31 13:53:12.835017
2025-07-31,55849,2025073103020793,JFL,Naasa Securities Co. Ltd.,Nepal Investment And Securities Trading Private Limited,400,523.0,209200.0,2025-07-31 13:53:49.205660
2025-07-31,55777,2025073103020812,JFL,Trishakti Securities Public Limited,Sri Hari Securities Pvt. Ltd.,100,523.8,52380.0,2025-07-31 13:53:59.155478
2025-07-31,55735,2025073103020826,JFL,Trishakti Securities Public Limited,Sweta Securities Private Limited,50,523.8,26190.0,2025-07-31 13:54:05.500868
2025-07-31,54902,2025073103021044,JFL,Dipshikha Dhitopatra Karobar Co. Pvt Ltd.,Sweta Securities Private Limited,50,522.9,26145.0,2025-07-31 13:56:05.291404
2025-07-31,54760,2025073103021088,JFL,Dakshinkali Investment & Securities Pvt. Ltd.,Asian Securities Private Ltd.,100,523.9,52390.0,2025-07-31 13:56:28.038555
2025-07-31,54735,2025073103021102,JFL,ABC Securities Private Limited,Asian Securities Private Ltd.,150,523.9,78585.0,2025-07-31 13:56:29.962835
2025-07-31,54734,2025073103021103,JFL,ABC Securities Private Limited,Primo Securities (PVT) Ltd.,25,523.9,13097.5,2025-07-31 13:56:29.962981
2025-07-31,54730,2025073103021105,JFL,KALASH STOCK MARKET PVT. LTD.,Sani Securities Company Ltd.,335,524.0,175540.0,2025-07-31 13:56:31.168754
2025-07-31,54729,2025073103021106,JFL,KALASH STOCK MARKET PVT. LTD.,Arun Securities (PVT) Ltd.,165,524.0,86460.0,2025-07-31 13:56:31.168846
2025-07-31,54593,2025073103021143,JFL,Vision Securities Pvt. Ltd,Arun Securities (PVT) Ltd.,235,524.0,123140.0,2025-07-31 13:56:46.338247
2025-07-31,54592,2025073103021144,JFL,Vision Securities Pvt. Ltd,Midas Stock Broking Company Private Limited,25,524.0,13100.0,2025-07-31 13:56:46.338407
2025-07-31,54543,2025073103021156,JFL,Naasa Securities Co. Ltd.,Midas Stock Broking Company Private Limited,48,524.0,25152.0,2025-07-31 13:56:54.781812
2025-07-31,54542,2025073103021157,JFL,Naasa Securities Co. Ltd.,Sewa Securities Pvt. Ltd.,1795,524.0,940580.0,2025-07-31 13:56:54.781975
2025-07-31,54490,2025073103021173,JFL,Dipshikha Dhitopatra Karobar Co. Pvt Ltd.,Oxford Securities Pvt. Ltd.,200,525.0,105000.0,2025-07-31 13:57:02.045473
2025-07-31,54489,2025073103021174,JFL,Dipshikha Dhitopatra Karobar Co. Pvt Ltd.,Online Securities Pvt. Ltd.,10,525.0,5250.0,2025-07-31 13:57:02.045762
2025-07-31,54488,2025073103021175,JFL,Dipshikha Dhitopatra Karobar Co. Pvt Ltd.,Naasa Securities Co. Ltd.,80,525.0,42000.0,2025-07-31 13:57:02.045937
2025-07-31,54487,2025073103021176,JFL,Dipshikha Dhitopatra Karobar Co. Pvt Ltd.,Hatemalo Financial Services Private Limited,160,525.0,84000.0,2025-07-31 13:57:02.046131
2025-07-31,54378,2025073103021218,JFL,Vision Securities Pvt. Ltd,Hatemalo Financial Services Private Limited,40,525.0,21000.0,2025-07-31 13:57:18.652241
2025-07-31,54377,2025073103021219,JFL,Vision Securities Pvt. Ltd,Sweta Securities Private Limited,100,525.0,52500.0,2025-07-31 13:57:18.652376
2025-07-31,54376,2025073103021220,JFL,Vision Securities Pvt. Ltd,Shree Krishna Securities Ltd.,50,525.0,26250.0,2025-07-31 13:57:18.652438
2025-07-31,54375,2025073103021221,JFL,Vision Securities Pvt. Ltd,Indira securities pvt. ltd,310,525.0,162750.0,2025-07-31 13:57:18.652497
2025-07-31,54354,2025073103021225,JFL,Naasa Securities Co. Ltd.,Indira securities pvt. ltd,48,525.0,25200.0,2025-07-31 13:57:19.345742
2025-07-31,54346,2025073103021226,JFL,ABC Securities Private Limited,Indira securities pvt. ltd,126,525.0,66150.0,2025-07-31 13:57:20.480260
2025-07-31,54329,2025073103021229,JFL,Sri Hari Securities Pvt. Ltd.,Indira securities pvt. ltd,216,525.0,113400.0,2025-07-31 13:57:24.433537
2025-07-31,54328,2025073103021230,JFL,Sri Hari Securities Pvt. Ltd.,Naasa Securities Co. Ltd.,100,525.0,52500.0,2025-07-31 13:57:24.433830
2025-07-31,54216,2025073103021262,JFL,Imperial Securities Company Pvt. Ltd.,Aryatara Investment & Securities,100,525.3,52530.0,2025-07-31 13:57:41.075235
2025-07-31,54215,2025073103021263,JFL,Imperial Securities Company Pvt. Ltd.,Oxford Securities Pvt. Ltd.,100,525.3,52530.0,2025-07-31 13:57:41.075397
2025-07-31,54194,2025073103021266,JFL,Sri Hari Securities Pvt. Ltd.,Oxford Securities Pvt. Ltd.,100,525.3,52530.0,2025-07-31 13:57:44.568317
2025-07-31,54102,2025073103021326,JFL,Sri Hari Securities Pvt. Ltd.,Trishakti Securities Public Limited,84,525.3,44125.2,2025-07-31 13:57:52.313597
2025-07-31,54101,2025073103021327,JFL,Imperial Securities Company Pvt. Ltd.,Trishakti Securities Public Limited,16,525.0,8400.0,2025-07-31 13:57:52.313784
2025-07-31,54100,2025073103021328,JFL,Trishakti Securities Public Limited,Sani Securities Company Ltd.,200,526.0,105200.0,2025-07-31 13:57:52.316557
2025-07-31,54017,2025073103021356,JFL,Naasa Securities Co. Ltd.,Sani Securities Company Ltd.,39,526.0,20514.0,2025-07-31 13:58:05.810793
2025-07-31,54011,2025073103021359,JFL,Kohinoor Investment & Securities Pvt. Ltd.,Sani Securities Company Ltd.,500,526.0,263000.0,2025-07-31 13:58:07.279719
2025-07-31,54010,2025073103021360,JFL,Dakshinkali Investment & Securities Pvt. Ltd.,Sani Securities Company Ltd.,261,526.0,137286.0,2025-07-31 13:58:07.432583
2025-07-31,54009,2025073103021361,JFL,Dakshinkali Investment & Securities Pvt. Ltd.,Sani Securities Company Ltd.,500,526.0,263000.0,2025-07-31 13:58:07.432677
2025-07-31,54008,2025073103021362,JFL,Dakshinkali Investment & Securities Pvt. Ltd.,Aryatara Investment & Securities,1000,526.9,526900.0,2025-07-31 13:58:07.432766
2025-07-31,54007,2025073103021363,JFL,Dakshinkali Investment & Securities Pvt. Ltd.,J.F. Securites (PVT) Ltd.,50,527.0,26350.0,2025-07-31 13:58:07.432843
2025-07-31,54006,2025073103021364,JFL,Dakshinkali Investment & Securities Pvt. Ltd.,Secured Securities Ltd.,689,527.0,363103.0,2025-07-31 13:58:07.432918
2025-07-31,53887,2025073103021405,JFL,Nagarik Stock Dealer ,Secured Securities Ltd.,311,527.0,163897.0,2025-07-31 13:58:27.649856
2025-07-31,53886,2025073103021406,JFL,Nagarik Stock Dealer ,Ashutosh Brokerage & Securities (PVT) Ltd.,50,527.0,26350.0,2025-07-31 13:58:27.650179
2025-07-31,53885,2025073103021407,JFL,Nagarik Stock Dealer ,Vision Securities Pvt. Ltd,500,527.4,263700.0,2025-07-31 13:58:27.650388
2025-07-31,53769,2025073103021426,JFL,Vision Securities Pvt. Ltd,Aryatara Investment & Securities,10,528.1,5281.0,2025-07-31 13:58:41.563854
2025-07-31,53768,2025073103021427,JFL,Vision Securities Pvt. Ltd,Naasa Securities Co. Ltd.,50,529.0,26450.0,2025-07-31 13:58:41.563982
2025-07-31,53767,2025073103021428,JFL,Vision Securities Pvt. Ltd,Primo Securities (PVT) Ltd.,140,529.3,74102.0,2025-07-31 13:58:41.564047
2025-07-31,53675,2025073103021468,JFL,Property Wiard Limited,Primo Securities (PVT) Ltd.,360,529.3,190548.0,2025-07-31 13:58:56.536626
2025-07-31,53674,2025073103021469,JFL,Property Wiard Limited,Aryatara Investment & Securities,140,530.0,74200.0,2025-07-31 13:58:56.536769
2025-07-31,53673,2025073103021470,JFL,Property Wiard Limited,Aryatara Investment & Securities,100,530.0,53000.0,2025-07-31 13:58:56.536827
2025-07-31,53672,2025073103021471,JFL,Property Wiard Limited,Aryatara Investment & Securities,82,530.0,43460.0,2025-07-31 13:58:56.536882
2025-07-31,53671,2025073103021472,JFL,Property Wiard Limited,Sri Hari Securities Pvt. Ltd.,318,530.0,168540.0,2025-07-31 13:58:56.536934
2025-07-31,53566,2025073103021511,JFL,Creative Securities Pvt Ltd,Sri Hari Securities Pvt. Ltd.,200,530.0,106000.0,2025-07-31 13:59:12.016980
2025-07-31,53525,2025073103021520,JFL,Sani Securities Company Ltd.,Sri Hari Securities Pvt. Ltd.,25,530.0,13250.0,2025-07-31 13:59:17.094955
2025-07-31,53474,2025073103021534,JFL,Imperial Securities Company Pvt. Ltd.,Sri Hari Securities Pvt. Ltd.,442,530.0,234260.0,2025-07-31 13:59:22.931519
2025-07-31,53473,2025073103021535,JFL,Imperial Securities Company Pvt. Ltd.,Dipshikha Dhitopatra Karobar Co. Pvt Ltd.,60,530.0,31800.0,2025-07-31 13:59:22.931663
2025-07-31,53472,2025073103021536,JFL,Imperial Securities Company Pvt. Ltd.,Kohinoor Investment & Securities Pvt. Ltd.,28,530.0,14840.0,2025-07-31 13:59:22.931716
2025-07-31,53457,2025073103021539,JFL,Infinity Securities Limited,Kohinoor Investment & Securities Pvt. Ltd.,22,530.0,11660.0,2025-07-31 13:59:25.085842
2025-07-31,53355,2025073103021573,JFL,Oxford Securities Pvt. Ltd.,Linch Stock Market Ltd.,50,532.0,26600.0,2025-07-31 13:59:42.008522
2025-07-31,53354,2025073103021574,JFL,Oxford Securities Pvt. Ltd.,Naasa Securities Co. Ltd.,20,532.0,10640.0,2025-07-31 13:59:42.008755
2025-07-31,53353,2025073103021575,JFL,Oxford Securities Pvt. Ltd.,Linch Stock Market Ltd.,50,532.0,26600.0,2025-07-31 13:59:42.008900
2025-07-31,53269,2025073103021613,JFL,Imperial Securities Company Pvt. Ltd.,Pragyan Securities (PVT) Ltd.,90,532.4,47916.0,2025-07-31 13:59:53.399416
2025-07-31,53252,2025073103021621,JFL,Kalika Securities Pvt. Ltd.,Pragyan Securities (PVT) Ltd.,10,532.4,5324.0,2025-07-31 13:59:55.749585
2025-07-31,53121,2025073103021662,JFL,Imperial Securities Company Pvt. Ltd.,Creative Securities Pvt Ltd,35,533.0,18655.0,2025-07-31 14:00:09.563593
2025-07-31,53048,2025073103021684,JFL,Oxford Securities Pvt. Ltd.,Imperial Securities Company Pvt. Ltd.,100,533.4,53340.0,2025-07-31 14:00:20.205695
2025-07-31,52949,2025073103021727,JFL,Imperial Securities Company Pvt. Ltd.,Dakshinkali Investment & Securities Pvt. Ltd.,100,533.9,53390.0,2025-07-31 14:00:33.990594
2025-07-31,52948,2025073103021728,JFL,Imperial Securities Company Pvt. Ltd.,Oxford Securities Pvt. Ltd.,50,534.0,26700.0,2025-07-31 14:00:33.990728
2025-07-31,52830,2025073103021767,JFL,Sweta Securities Private Limited,Oxford Securities Pvt. Ltd.,50,534.0,26700.0,2025-07-31 14:00:47.284915
2025-07-31,52829,2025073103021768,JFL,Sweta Securities Private Limited,Secured Securities Ltd.,250,534.0,133500.0,2025-07-31 14:00:47.285048
2025-07-31,52824,2025073103021771,JFL,Naasa Securities Co. Ltd.,Secured Securities Ltd.,20,534.0,10680.0,2025-07-31 14:00:48.466173
2025-07-31,52683,2025073103021801,JFL,Kumari Securities Private Limited,Secured Securities Ltd.,300,534.0,160200.0,2025-07-31 14:01:03.664416
2025-07-31,52667,2025073103021805,JFL,Capital Max Securities Ltd,Secured Securities Ltd.,30,534.0,16020.0,2025-07-31 14:01:06.126719
2025-07-31,52558,2025073103021840,JFL,Sani Securities Company Ltd.,Nepal Investment And Securities Trading Private Limited,30,534.4,16032.0,2025-07-31 14:01:18.758636
2025-07-31,52453,2025073103021871,JFL,Sani Securities Company Ltd.,Sweta Securities Private Limited,60,534.4,32064.0,2025-07-31 14:01:29.432593
2025-07-31,52452,2025073103021872,JFL,Capital Max Securities Ltd,Sweta Securities Private Limited,240,534.0,128160.0,2025-07-31 14:01:29.432822
2025-07-31,52441,2025073103021879,JFL,Capital Max Securities Ltd,Aryatara Investment & Securities,60,534.0,32040.0,2025-07-31 14:01:30.880209
2025-07-31,52440,2025073103021880,JFL,Thrive Brokerage House Pvt. Ltd,Aryatara Investment & Securities,100,534.0,53400.0,2025-07-31 14:01:30.880337
2025-07-31,52421,2025073103021890,JFL,Kalika Securities Pvt. Ltd.,Aryatara Investment & Securities,50,533.5,26675.0,2025-07-31 14:01:32.765044
2025-07-31,52376,2025073103021905,JFL,Oxford Securities Pvt. Ltd.,Aryatara Investment & Securities,90,533.5,48015.0,2025-07-31 14:01:40.663058
2025-07-31,52338,2025073103021916,JFL,Vision Securities Pvt. Ltd,Aryatara Investment & Securities,100,533.5,53350.0,2025-07-31 14:01:45.527325
2025-07-31,52334,2025073103021919,JFL,Opal Securities Investment (PVT) Ltd.,Aryatara Investment & Securities,100,533.5,53350.0,2025-07-31 14:01:46.771109
2025-07-31,52269,2025073103021927,JFL,Ashutosh Brokerage & Securities (PVT) Ltd.,Aryatara Investment & Securities,50,533.5,26675.0,2025-07-31 14:01:53.193523
2025-07-31,52263,2025073103021929,JFL,Naasa Securities Co. Ltd.,ABC Securities Private Limited,40,533.0,21320.0,2025-07-31 14:01:55.084728
2025-07-31,52262,2025073103021930,JFL,Kalika Securities Pvt. Ltd.,ABC Securities Private Limited,70,532.4,37268.0,2025-07-31 14:01:55.084797
2025-07-31,52261,2025073103021931,JFL,Sundhara Securities Limited,ABC Securities Private Limited,40,532.4,21296.0,2025-07-31 14:01:55.084829
2025-07-31,52172,2025073103021964,JFL,Trishakti Securities Public Limited,Capital Max Securities Ltd,30,533.0,15990.0,2025-07-31 14:02:06.222679
2025-07-31,52167,2025073103021967,JFL,Sundhara Securities Limited,Sani Securities Company Ltd.,10,532.4,5324.0,2025-07-31 14:02:07.472057
2025-07-31,52162,2025073103021968,JFL,Sundhara Securities Limited,Trishakti Securities Public Limited,50,532.4,26620.0,2025-07-31 14:02:08.237375
2025-07-31,52161,2025073103021969,JFL,Nagarik Stock Dealer ,Trishakti Securities Public Limited,139,528.0,73392.0,2025-07-31 14:02:08.237440
2025-07-31,52160,2025073103021970,JFL,Elite Stock House Limited,Trishakti Securities Public Limited,211,525.2,110817.2,2025-07-31 14:02:08.237471
2025-07-31,52143,2025073103021973,JFL,Trishakti Securities Public Limited,Capital Max Securities Ltd,10,533.0,5330.0,2025-07-31 14:02:10.260455
2025-07-31,52142,2025073103021974,JFL,Trishakti Securities Public Limited,Aryatara Investment & Securities,50,533.5,26675.0,2025-07-31 14:02:10.260579
2025-07-31,52003,2025073103022020,JFL,Kalika Securities Pvt. Ltd.,Kohinoor Investment & Securities Pvt. Ltd.,50,535.0,26750.0,2025-07-31 14:02:26.463983
2025-07-31,51985,2025073103022024,JFL,Trishakti Securities Public Limited,ABC Securities Private Limited,40,533.5,21340.0,2025-07-31 14:02:29.545258
2025-07-31,51828,2025073103022060,JFL,Kalika Securities Pvt. Ltd.,Trishakti Securities Public Limited,20,533.0,10660.0,2025-07-31 14:02:49.102632
2025-07-31,51790,2025073103022064,JFL,Dipshikha Dhitopatra Karobar Co. Pvt Ltd.,Trishakti Securities Public Limited,20,533.0,10660.0,2025-07-31 14:02:52.948926
2025-07-31,51559,2025073103022149,JFL,Dipshikha Dhitopatra Karobar Co. Pvt Ltd.,Sweta Securities Private Limited,280,533.0,149240.0,2025-07-31 14:03:23.970204
2025-07-31,51558,2025073103022150,JFL,Kalika Securities Pvt. Ltd.,Sweta Securities Private Limited,120,533.0,63960.0,2025-07-31 14:03:23.970353
2025-07-31,51434,2025073103022168,JFL,Kalika Securities Pvt. Ltd.,ABC Securities Private Limited,40,533.5,21340.0,2025-07-31 14:03:33.047298
2025-07-31,51363,2025073103022192,JFL,Dakshinkali Investment & Securities Pvt. Ltd.,ABC Securities Private Limited,420,533.5,224070.0,2025-07-31 14:03:42.864679
2025-07-31,51362,2025073103022193,JFL,Dakshinkali Investment & Securities Pvt. Ltd.,Kohinoor Investment & Securities Pvt. Ltd.,50,535.0,26750.0,2025-07-31 14:03:42.864771
2025-07-31,51361,2025073103022194,JFL,Dakshinkali Investment & Securities Pvt. Ltd.,Primo Securities (PVT) Ltd.,30,535.0,16050.0,2025-07-31 14:03:42.864837
2025-07-31,51220,2025073103022228,JFL,Kalika Securities Pvt. Ltd.,Primo Securities (PVT) Ltd.,20,535.0,10700.0,2025-07-31 14:04:05.073679
2025-07-31,51219,2025073103022229,JFL,Kalika Securities Pvt. Ltd.,Linch Stock Market Ltd.,20,535.0,10700.0,2025-07-31 14:04:05.073924
2025-07-31,51205,2025073103022231,JFL,J.F. Securites (PVT) Ltd.,Trishakti Securities Public Limited,60,533.1,31986.0,2025-07-31 14:04:07.183056
2025-07-31,51200,2025073103022234,JFL,KALASH STOCK MARKET PVT. LTD.,South Asian Bulls Pvt. Ltd.,100,534.9,53490.0,2025-07-31 14:04:08.191704
2025-07-31,51199,2025073103022235,JFL,KALASH STOCK MARKET PVT. LTD.,Linch Stock Market Ltd.,100,535.0,53500.0,2025-07-31 14:04:08.191842
2025-07-31,51121,2025073103022260,JFL,Kalika Securities Pvt. Ltd.,Asian Securities Private Ltd.,80,533.0,42640.0,2025-07-31 14:04:18.112080
2025-07-31,51120,2025073103022261,JFL,Opal Securities Investment (PVT) Ltd.,Asian Securities Private Ltd.,220,533.0,117260.0,2025-07-31 14:04:18.112220
2025-07-31,50958,2025073103022308,JFL,Opal Securities Investment (PVT) Ltd.,Sweta Securities Private Limited,200,533.0,106600.0,2025-07-31 14:04:40.537849
2025-07-31,50888,2025073103022322,JFL,Kalika Securities Pvt. Ltd.,Asian Securities Private Ltd.,110,534.9,58839.0,2025-07-31 14:04:50.332077
2025-07-31,50865,2025073103022330,JFL,Dynamic Money Managers Securities Pvt. Ltd.,Asian Securities Private Ltd.,190,534.9,101631.0,2025-07-31 14:04:53.820188
2025-07-31,50864,2025073103022331,JFL,Dynamic Money Managers Securities Pvt. Ltd.,Linch Stock Market Ltd.,10,535.0,5350.0,2025-07-31 14:04:53.820314
2025-07-31,50732,2025073103022363,JFL,Online Securities Pvt. Ltd.,Sani Securities Company Ltd.,100,534.0,53400.0,2025-07-31 14:05:09.950326
2025-07-31,50594,2025073103022384,JFL,J.F. Securites (PVT) Ltd.,Asian Securities Private Ltd.,50,533.5,26675.0,2025-07-31 14:05:24.711306
2025-07-31,50593,2025073103022385,JFL,Opal Securities Investment (PVT) Ltd.,Asian Securities Private Ltd.,250,533.0,133250.0,2025-07-31 14:05:24.711436
2025-07-31,50550,2025073103022395,JFL,Sri Hari Securities Pvt. Ltd.,Sani Securities Company Ltd.,50,534.0,26700.0,2025-07-31 14:05:31.515439
2025-07-31,50540,2025073103022400,JFL,Opal Securities Investment (PVT) Ltd.,Sri Hari Securities Pvt. Ltd.,30,533.0,15990.0,2025-07-31 14:05:33.601627
2025-07-31,50239,2025073103022476,JFL,Trishakti Securities Public Limited,Sani Securities Company Ltd.,300,534.0,160200.0,2025-07-31 14:06:16.176803
2025-07-31,50183,2025073103022489,JFL,Kalika Securities Pvt. Ltd.,Sani Securities Company Ltd.,50,534.0,26700.0,2025-07-31 14:06:23.703476
2025-07-31,50118,2025073103022518,JFL,Dipshikha Dhitopatra Karobar Co. Pvt Ltd.,J.F. Securites (PVT) Ltd.,100,533.5,53350.0,2025-07-31 14:06:33.251871
2025-07-31,50017,2025073103022539,JFL,Kalika Securities Pvt. Ltd.,J.F. Securites (PVT) Ltd.,30,533.0,15990.0,2025-07-31 14:06:42.908003
2025-07-31,49783,2025073103022599,JFL,Online Securities Pvt. Ltd.,J.F. Securites (PVT) Ltd.,100,533.0,53300.0,2025-07-31 14:07:17.424987
2025-07-31,49607,2025073103022647,JFL,Kalika Securities Pvt. Ltd.,Siprabi Securities Pvt. Ltd.,30,533.0,15990.0,2025-07-31 14:07:41.130331
2025-07-31,49593,2025073103022649,JFL,Nepal Investment And Securities Trading Private Limited,Aryatara Investment & Securities,18,534.0,9612.0,2025-07-31 14:07:44.590183
2025-07-31,49522,2025073103022664,JFL,Kalika Securities Pvt. Ltd.,Asian Securities Private Ltd.,20,533.0,10660.0,2025-07-31 14:07:54.062634
2025-07-31,49365,2025073103022731,JFL,Kalika Securities Pvt. Ltd.,Asian Securities Private Ltd.,20,533.0,10660.0,2025-07-31 14:08:12.864770
2025-07-31,48552,2025073103022935,JFL,Kalika Securities Pvt. Ltd.,Sri Hari Securities Pvt. Ltd.,20,532.9,10658.0,2025-07-31 14:09:58.380539
2025-07-31,48475,2025073103022948,JFL,Kalika Securities Pvt. Ltd.,Asian Securities Private Ltd.,10,533.0,5330.0,2025-07-31 14:10:09.971597
2025-07-31,47388,2025073103023133,JFL,Dakshinkali Investment & Securities Pvt. Ltd.,Swarna Laxmi Securities Pvt. Ltd.,200,532.0,106400.0,2025-07-31 14:12:10.484841
2025-07-31,47387,2025073103023134,JFL,Dakshinkali Investment & Securities Pvt. Ltd.,Dipshikha Dhitopatra Karobar Co. Pvt Ltd.,50,532.0,26600.0,2025-07-31 14:12:10.484913
2025-07-31,47372,2025073103023142,JFL,Aryatara Investment & Securities,N.M.B. SECURITIES LIMITED,200,532.0,106400.0,2025-07-31 14:12:11.315629
2025-07-31,47371,2025073103023143,JFL,Aryatara Investment & Securities,Aryatara Investment & Securities,82,532.8,43689.6,2025-07-31 14:12:11.315766
2025-07-31,47370,2025073103023144,JFL,Aryatara Investment & Securities,Aryatara Investment & Securities,98,532.9,52224.2,2025-07-31 14:12:11.315831
2025-07-31,47113,2025073103023221,JFL,Dakshinkali Investment & Securities Pvt. Ltd.,Naasa Securities Co. Ltd.,300,532.0,159600.0,2025-07-31 14:12:54.781254
2025-07-31,46904,2025073103023289,JFL,Dakshinkali Investment & Securities Pvt. Ltd.,Naasa Securities Co. Ltd.,37,532.0,19684.0,2025-07-31 14:13:33.004511
2025-07-31,46903,2025073103023290,JFL,Dakshinkali Investment & Securities Pvt. Ltd.,Primo Securities (PVT) Ltd.,163,532.0,86716.0,2025-07-31 14:13:33.004797
2025-07-31,46552,2025073103023367,JFL,Dakshinkali Investment & Securities Pvt. Ltd.,Primo Securities (PVT) Ltd.,100,532.0,53200.0,2025-07-31 14:14:21.292596
2025-07-31,46517,2025073103023377,JFL,South Asian Bulls Pvt. Ltd.,Primo Securities (PVT) Ltd.,37,532.0,19684.0,2025-07-31 14:14:29.004090
2025-07-31,46303,2025073103023446,JFL,Dakshinkali Investment & Securities Pvt. Ltd.,Aryatara Investment & Securities,200,532.9,106580.0,2025-07-31 14:15:01.679614
2025-07-31,46274,2025073103023449,JFL,South Asian Bulls Pvt. Ltd.,Sri Hari Securities Pvt. Ltd.,40,532.0,21280.0,2025-07-31 14:15:05.738798
2025-07-31,45927,2025073103023527,JFL,Vision Securities Pvt. Ltd,Dipshikha Dhitopatra Karobar Co. Pvt Ltd.,200,532.0,106400.0,2025-07-31 14:15:48.270090
2025-07-31,45420,2025073103023638,JFL,Aryatara Investment & Securities,Capital Max Securities Ltd,46,532.8,24508.8,2025-07-31 14:16:48.661566
2025-07-31,45419,2025073103023639,JFL,Aryatara Investment & Securities,Aryatara Investment & Securities,15,532.9,7993.5,2025-07-31 14:16:48.661770
2025-07-31,45418,2025073103023640,JFL,Aryatara Investment & Securities,Dakshinkali Investment & Securities Pvt. Ltd.,100,532.9,53290.0,2025-07-31 14:16:48.661833
2025-07-31,45417,2025073103023641,JFL,Aryatara Investment & Securities,Sri Hari Securities Pvt. Ltd.,10,532.9,5329.0,2025-07-31 14:16:48.661899
2025-07-31,45416,2025073103023642,JFL,Aryatara Investment & Securities,Dipshikha Dhitopatra Karobar Co. Pvt Ltd.,100,532.9,53290.0,2025-07-31 14:16:48.661954
2025-07-31,45415,2025073103023643,JFL,Aryatara Investment & Securities,Dipshikha Dhitopatra Karobar Co. Pvt Ltd.,100,533.0,53300.0,2025-07-31 14:16:48.662012
2025-07-31,45308,2025073103023682,JFL,Aryatara Investment & Securities,Malla & Malla Stock Broking Company Pvt. Limited,129,533.0,68757.0,2025-07-31 14:17:00.167996
2025-07-31,45307,2025073103023683,JFL,Sani Securities Company Ltd.,Malla & Malla Stock Broking Company Pvt. Limited,171,532.0,90972.0,2025-07-31 14:17:00.168178
2025-07-31,44590,2025073103023829,JFL,Sani Securities Company Ltd.,Aryatara Investment & Securities,13,532.0,6916.0,2025-07-31 14:18:22.041681
2025-07-31,43910,2025073103024018,JFL,Dakshinkali Investment & Securities Pvt. Ltd.,Aryatara Investment & Securities,100,532.0,53200.0,2025-07-31 14:19:49.488988
2025-07-31,43710,2025073103024067,JFL,Dakshinkali Investment & Securities Pvt. Ltd.,Aryatara Investment & Securities,37,532.0,19684.0,2025-07-31 14:20:17.778151
2025-07-31,43709,2025073103024068,JFL,Dakshinkali Investment & Securities Pvt. Ltd.,Aryatara Investment & Securities,213,532.0,113316.0,2025-07-31 14:20:17.778478
2025-07-31,43520,2025073103024123,JFL,Dakshinkali Investment & Securities Pvt. Ltd.,Aryatara Investment & Securities,32,532.0,17024.0,2025-07-31 14:20:43.929798
2025-07-31,43519,2025073103024124,JFL,Dakshinkali Investment & Securities Pvt. Ltd.,Thrive Brokerage House Pvt. Ltd,68,532.0,36176.0,2025-07-31 14:20:43.929952
2025-07-31,43450,2025073103024127,JFL,Arun Securities (PVT) Ltd.,Thrive Brokerage House Pvt. Ltd,32,532.0,17024.0,2025-07-31 14:20:51.502849
2025-07-31,43449,2025073103024128,JFL,Arun Securities (PVT) Ltd.,Sani Securities Company Ltd.,10,532.0,5320.0,2025-07-31 14:20:51.503001
2025-07-31,43448,2025073103024129,JFL,Arun Securities (PVT) Ltd.,Naasa Securities Co. Ltd.,200,532.0,106400.0,2025-07-31 14:20:51.503076
2025-07-31,43285,2025073103024178,JFL,Arun Securities (PVT) Ltd.,Thrive Brokerage House Pvt. Ltd,50,532.0,26600.0,2025-07-31 14:21:13.247239
2025-07-31,42969,2025073103024267,JFL,Arun Securities (PVT) Ltd.,Sri Hari Securities Pvt. Ltd.,100,532.0,53200.0,2025-07-31 14:21:52.951625
2025-07-31,42703,2025073103024311,JFL,Arun Securities (PVT) Ltd.,Dipshikha Dhitopatra Karobar Co. Pvt Ltd.,100,532.0,53200.0,2025-07-31 14:22:20.469154
2025-07-31,42140,2025073103024510,JFL,Agrawal Securities (PVT) Ltd.,Capital Max Securities Ltd,59,531.5,31358.5,2025-07-31 14:23:12.556510
2025-07-31,42107,2025073103024525,JFL,Agrawal Securities (PVT) Ltd.,Kohinoor Investment & Securities Pvt. Ltd.,200,531.5,106300.0,2025-07-31 14:23:15.242439
2025-07-31,42078,2025073103024527,JFL,Sani Securities Company Ltd.,Dipshikha Dhitopatra Karobar Co. Pvt Ltd.,50,532.0,26600.0,2025-07-31 14:23:19.199524
2025-07-31,42077,2025073103024528,JFL,Sani Securities Company Ltd.,ABC Securities Private Limited,30,532.0,15960.0,2025-07-31 14:23:19.199811
2025-07-31,42010,2025073103024566,JFL,Agrawal Securities (PVT) Ltd.,Vision Securities Pvt. Ltd,41,531.5,21791.5,2025-07-31 14:23:24.749921
2025-07-31,42009,2025073103024567,JFL,Dipshikha Dhitopatra Karobar Co. Pvt Ltd.,Vision Securities Pvt. Ltd,188,531.1,99846.8,2025-07-31 14:23:24.750214
2025-07-31,42008,2025073103024568,JFL,Aryatara Investment & Securities,Vision Securities Pvt. Ltd,100,528.3,52830.0,2025-07-31 14:23:24.750402
2025-07-31,42007,2025073103024569,JFL,Elite Stock House Limited,Vision Securities Pvt. Ltd,589,528.2,311109.8,2025-07-31 14:23:24.750599
2025-07-31,42006,2025073103024570,JFL,Naasa Securities Co. Ltd.,Vision Securities Pvt. Ltd,82,528.2,43312.4,2025-07-31 14:23:24.750779
2025-07-31,41297,2025073103024686,JFL,Nepal Stock House (PVT) Ltd.,R.B.B. Securities Company Ltd,16,531.5,8504.0,2025-07-31 14:24:21.733145
2025-07-31,39141,2025073103025104,JFL,Dakshinkali Investment & Securities Pvt. Ltd.,Aryatara Investment & Securities,250,529.1,132275.0,2025-07-31 14:27:44.287915
2025-07-31,39140,2025073103025105,JFL,Arun Securities (PVT) Ltd.,Aryatara Investment & Securities,200,529.0,105800.0,2025-07-31 14:27:44.288100
2025-07-31,39139,2025073103025106,JFL,Online Securities Pvt. Ltd.,Aryatara Investment & Securities,30,529.0,15870.0,2025-07-31 14:27:44.288193
2025-07-31,39138,2025073103025107,JFL,Nepal Stock House (PVT) Ltd.,Aryatara Investment & Securities,17,528.3,8981.1,2025-07-31 14:27:44.288259
2025-07-31,39137,2025073103025108,JFL,Arun Securities (PVT) Ltd.,Aryatara Investment & Securities,18,528.0,9504.0,2025-07-31 14:27:44.288322
2025-07-31,39136,2025073103025109,JFL,Online Securities Pvt. Ltd.,Aryatara Investment & Securities,100,527.0,52700.0,2025-07-31 14:27:44.288383
2025-07-31,39135,2025073103025110,JFL,Kohinoor Investment & Securities Pvt. Ltd.,Aryatara Investment & Securities,100,527.0,52700.0,2025-07-31 14:27:44.288444
2025-07-31,39134,2025073103025111,JFL,Naasa Securities Co. Ltd.,Aryatara Investment & Securities,16,527.0,8432.0,2025-07-31 14:27:44.288503
2025-07-31,39133,2025073103025112,JFL,Online Securities Pvt. Ltd.,Aryatara Investment & Securities,30,526.0,15780.0,2025-07-31 14:27:44.288564
2025-07-31,39132,2025073103025113,JFL,Cristal Kanchanjanga Securites Pvt. Ltd.,Aryatara Investment & Securities,25,526.0,13150.0,2025-07-31 14:27:44.288624
2025-07-31,39131,2025073103025114,JFL,Sundhara Securities Limited,Aryatara Investment & Securities,100,525.1,52510.0,2025-07-31 14:27:44.288687
2025-07-31,39130,2025073103025115,JFL,Aryatara Investment & Securities,Aryatara Investment & Securities,300,525.0,157500.0,2025-07-31 14:27:44.288748
2025-07-31,39129,2025073103025116,JFL,Capital Max Securities Ltd,Aryatara Investment & Securities,114,525.0,59850.0,2025-07-31 14:27:44.288808
2025-07-31,38437,2025073103025249,JFL,Dakshinkali Investment & Securities Pvt. Ltd.,Imperial Securities Company Pvt. Ltd.,50,525.1,26255.0,2025-07-31 14:28:44.695344
2025-07-31,38071,2025073103025334,JFL,Vision Securities Pvt. Ltd,Linch Stock Market Ltd.,70,528.0,36960.0,2025-07-31 14:29:16.939029
2025-07-31,37817,2025073103025395,JFL,Dakshinkali Investment & Securities Pvt. Ltd.,Opal Securities Investment (PVT) Ltd.,200,525.1,105020.0,2025-07-31 14:29:35.950196
2025-07-31,37816,2025073103025396,JFL,Capital Max Securities Ltd,Opal Securities Investment (PVT) Ltd.,216,525.0,113400.0,2025-07-31 14:29:35.950262
2025-07-31,37815,2025073103025397,JFL,Nepal Stock House (PVT) Ltd.,Opal Securities Investment (PVT) Ltd.,84,525.0,44100.0,2025-07-31 14:29:35.950294
2025-07-31,37680,2025073103025414,JFL,Nepal Stock House (PVT) Ltd.,Siprabi Securities Pvt. Ltd.,110,525.0,57750.0,2025-07-31 14:29:49.438789
2025-07-31,37651,2025073103025416,JFL,Kohinoor Investment & Securities Pvt. Ltd.,Opal Securities Investment (PVT) Ltd.,150,525.0,78750.0,2025-07-31 14:29:54.050766
2025-07-31,37650,2025073103025417,JFL,Arun Securities (PVT) Ltd.,Opal Securities Investment (PVT) Ltd.,100,525.0,52500.0,2025-07-31 14:29:54.050806
2025-07-31,37649,2025073103025418,JFL,Dynamic Money Managers Securities Pvt. Ltd.,Opal Securities Investment (PVT) Ltd.,200,525.0,105000.0,2025-07-31 14:29:54.050831
2025-07-31,37248,2025073103025499,JFL,Dynamic Money Managers Securities Pvt. Ltd.,Naasa Securities Co. Ltd.,100,525.0,52500.0,2025-07-31 14:30:32.852599
2025-07-31,36994,2025073103025558,JFL,Dynamic Money Managers Securities Pvt. Ltd.,Primo Securities (PVT) Ltd.,215,525.0,112875.0,2025-07-31 14:30:54.245780
2025-07-31,35846,2025073103025823,JFL,Online Securities Pvt. Ltd.,Shree Krishna Securities Ltd.,20,525.0,10500.0,2025-07-31 14:32:35.099419
2025-07-31,35490,2025073103025882,JFL,Online Securities Pvt. Ltd.,Primo Securities (PVT) Ltd.,10,525.0,5250.0,2025-07-31 14:33:02.811254
2025-07-31,35489,2025073103025883,JFL,Aryatara Investment & Securities,Primo Securities (PVT) Ltd.,50,525.0,26250.0,2025-07-31 14:33:02.811430
2025-07-31,35390,2025073103025921,JFL,Indira securities pvt. ltd,Primo Securities (PVT) Ltd.,10,525.0,5250.0,2025-07-31 14:33:12.796072
2025-07-31,34446,2025073103026077,JFL,Dynamic Money Managers Securities Pvt. Ltd.,Naasa Securities Co. Ltd.,24,529.0,12696.0,2025-07-31 14:34:10.527095
2025-07-31,34445,2025073103026078,JFL,Dynamic Money Managers Securities Pvt. Ltd.,Primo Securities (PVT) Ltd.,15,529.0,7935.0,2025-07-31 14:34:10.527263
2025-07-31,34154,2025073103026110,JFL,Dynamic Money Managers Securities Pvt. Ltd.,R.B.B. Securities Company Ltd,61,529.0,32269.0,2025-07-31 14:34:26.540353
2025-07-31,32289,2025073103026512,JFL,Naasa Securities Co. Ltd.,Elite Stock House Limited,20,524.0,10480.0,2025-07-31 14:36:39.207416
2025-07-31,32288,2025073103026513,JFL,Naasa Securities Co. Ltd.,Elite Stock House Limited,119,523.1,62248.9,2025-07-31 14:36:39.207607
2025-07-31,32287,2025073103026514,JFL,Online Securities Pvt. Ltd.,Elite Stock House Limited,61,523.1,31909.1,2025-07-31 14:36:39.207686
2025-07-31,32186,2025073103026545,JFL,Sweta Securities Private Limited,Property Wiard Limited,300,523.2,156960.0,2025-07-31 14:36:49.553781
2025-07-31,32185,2025073103026546,JFL,Online Securities Pvt. Ltd.,Property Wiard Limited,439,523.1,229640.9,2025-07-31 14:36:49.554215
2025-07-31,32184,2025073103026547,JFL,Nagarik Stock Dealer ,Property Wiard Limited,211,523.1,110374.1,2025-07-31 14:36:49.554482
2025-07-31,31891,2025073103026591,JFL,Nagarik Stock Dealer ,R.B.B. Securities Company Ltd,47,523.1,24585.7,2025-07-31 14:37:10.787335
2025-07-31,31890,2025073103026592,JFL,Naasa Securities Co. Ltd.,R.B.B. Securities Company Ltd,66,523.1,34524.6,2025-07-31 14:37:10.787660
2025-07-31,31729,2025073103026620,JFL,Imperial Securities Company Pvt. Ltd.,R.B.B. Securities Company Ltd,175,523.1,91542.5,2025-07-31 14:37:22.093746
2025-07-31,31450,2025073103026648,JFL,Dipshikha Dhitopatra Karobar Co. Pvt Ltd.,R.B.B. Securities Company Ltd,135,523.0,70605.0,2025-07-31 14:37:40.881289
2025-07-31,30743,2025073103026813,JFL,Vision Securities Pvt. Ltd,Bhrikuti Stock Broking Co. Pvt. Ltd.,50,528.5,26425.0,2025-07-31 14:38:34.296793
2025-07-31,30570,2025073103026870,JFL,Naasa Securities Co. Ltd.,Kalika Securities Pvt. Ltd.,30,528.5,15855.0,2025-07-31 14:38:48.142344
2025-07-31,29974,2025073103027004,JFL,Kohinoor Investment & Securities Pvt. Ltd.,Kohinoor Investment & Securities Pvt. Ltd.,200,523.1,104620.0,2025-07-31 14:39:40.227514
2025-07-31,29973,2025073103027005,JFL,Dipshikha Dhitopatra Karobar Co. Pvt Ltd.,Kohinoor Investment & Securities Pvt. Ltd.,300,523.0,156900.0,2025-07-31 14:39:40.227563
2025-07-31,28752,2025073103027261,JFL,Online Securities Pvt. Ltd.,Neev Securities Pvt. Ltd.,10,523.6,5236.0,2025-07-31 14:41:22.232217
2025-07-31,27757,2025073103027463,JFL,Online Securities Pvt. Ltd.,Dipshikha Dhitopatra Karobar Co. Pvt Ltd.,400,523.6,209440.0,2025-07-31 14:42:42.803088
2025-07-31,26989,2025073103027614,JFL,Online Securities Pvt. Ltd.,Naasa Securities Co. Ltd.,10,524.0,5240.0,2025-07-31 14:43:46.807279
2025-07-31,26988,2025073103027615,JFL,Online Securities Pvt. Ltd.,Naasa Securities Co. Ltd.,25,523.6,13090.0,2025-07-31 14:43:46.807461
2025-07-31,26537,2025073103027726,JFL,Aryatara Investment & Securities,Naasa Securities Co. Ltd.,65,523.5,34027.5,2025-07-31 14:44:11.267906
2025-07-31,26217,2025073103027786,JFL,Aryatara Investment & Securities,Naasa Securities Co. Ltd.,35,523.5,18322.5,2025-07-31 14:44:30.412670
2025-07-31,26216,2025073103027787,JFL,Sweta Securities Private Limited,Naasa Securities Co. Ltd.,300,523.1,156930.0,2025-07-31 14:44:30.413015
2025-07-31,26215,2025073103027788,JFL,Dipshikha Dhitopatra Karobar Co. Pvt Ltd.,Naasa Securities Co. Ltd.,65,523.0,33995.0,2025-07-31 14:44:30.413257
2025-07-31,24915,2025073103028102,JFL,Vision Securities Pvt. Ltd,Naasa Securities Co. Ltd.,19,525.0,9975.0,2025-07-31 14:45:40.327432
2025-07-31,20325,2025073103028999,JFL,Capital Max Securities Ltd,Linch Stock Market Ltd.,40,523.3,20932.0,2025-07-31 14:49:11.064313
2025-07-31,18890,2025073103029261,JFL,Capital Max Securities Ltd,Agrawal Securities (PVT) Ltd.,340,523.3,177922.0,2025-07-31 14:50:06.424673
2025-07-31,18889,2025073103029262,JFL,Vision Securities Pvt. Ltd,Agrawal Securities (PVT) Ltd.,160,523.1,83696.0,2025-07-31 14:50:06.424899
2025-07-31,18440,2025073103029364,JFL,Vision Securities Pvt. Ltd,Aryatara Investment & Securities,40,523.1,20924.0,2025-07-31 14:50:28.822171
2025-07-31,18439,2025073103029365,JFL,Dipshikha Dhitopatra Karobar Co. Pvt Ltd.,Aryatara Investment & Securities,960,523.0,502080.0,2025-07-31 14:50:28.822635
2025-07-31,17275,2025073103029599,JFL,Dipshikha Dhitopatra Karobar Co. Pvt Ltd.,Agrawal Securities (PVT) Ltd.,500,523.0,261500.0,2025-07-31 14:51:17.201949
2025-07-31,16956,2025073103029654,JFL,Naasa Securities Co. Ltd.,Imperial Securities Company Pvt. Ltd.,50,523.1,26155.0,2025-07-31 14:51:29.297541
2025-07-31,16924,2025073103029664,JFL,Nepal Investment And Securities Trading Private Limited,Imperial Securities Company Pvt. Ltd.,50,524.0,26200.0,2025-07-31 14:51:30.564149
2025-07-31,16433,2025073103029763,JFL,Naasa Securities Co. Ltd.,Linch Stock Market Ltd.,100,523.1,52310.0,2025-07-31 14:51:49.693396
2025-07-31,16054,2025073103029830,JFL,Naasa Securities Co. Ltd.,Nepal Investment And Securities Trading Private Limited,107,523.1,55971.7,2025-07-31 14:52:06.806878
2025-07-31,16053,2025073103029831,JFL,Dipshikha Dhitopatra Karobar Co. Pvt Ltd.,Nepal Investment And Securities Trading Private Limited,393,523.0,205539.0,2025-07-31 14:52:06.807069
2025-07-31,15244,2025073103030016,JFL,Kalika Securities Pvt. Ltd.,Secured Securities Ltd.,200,523.1,104620.0,2025-07-31 14:52:35.483458
2025-07-31,15089,2025073103030053,JFL,Kalika Securities Pvt. Ltd.,Imperial Securities Company Pvt. Ltd.,15,523.1,7846.5,2025-07-31 14:52:42.043688
2025-07-31,15088,2025073103030054,JFL,Dipshikha Dhitopatra Karobar Co. Pvt Ltd.,Imperial Securities Company Pvt. Ltd.,285,523.0,149055.0,2025-07-31 14:52:42.043894
2025-07-31,14799,2025073103030103,JFL,Dipshikha Dhitopatra Karobar Co. Pvt Ltd.,Asian Securities Private Ltd.,1200,523.0,627600.0,2025-07-31 14:52:52.875979
2025-07-31,13838,2025073103030302,JFL,Dipshikha Dhitopatra Karobar Co. Pvt Ltd.,Primo Securities (PVT) Ltd.,11,523.0,5753.0,2025-07-31 14:53:26.986982
2025-07-31,13540,2025073103030362,JFL,Thrive Brokerage House Pvt. Ltd,Naasa Securities Co. Ltd.,100,523.1,52310.0,2025-07-31 14:53:38.375681
2025-07-31,13350,2025073103030395,JFL,Dipshikha Dhitopatra Karobar Co. Pvt Ltd.,Nepal Stock House (PVT) Ltd.,1151,523.0,601973.0,2025-07-31 14:53:44.836763
2025-07-31,13349,2025073103030396,JFL,Aryatara Investment & Securities,Nepal Stock House (PVT) Ltd.,25,523.0,13075.0,2025-07-31 14:53:44.836947
2025-07-31,11290,2025073103030864,JFL,Arun Securities (PVT) Ltd.,Imperial Securities Company Pvt. Ltd.,90,522.5,47025.0,2025-07-31 14:55:06.121879
2025-07-31,11289,2025073103030865,JFL,South Asian Bulls Pvt. Ltd.,Imperial Securities Company Pvt. Ltd.,41,522.2,21410.2,2025-07-31 14:55:06.122304
2025-07-31,11288,2025073103030866,JFL,Arun Securities (PVT) Ltd.,Imperial Securities Company Pvt. Ltd.,100,522.0,52200.0,2025-07-31 14:55:06.122529
2025-07-31,11287,2025073103030867,JFL,Neev Securities Pvt. Ltd.,Imperial Securities Company Pvt. Ltd.,69,522.0,36018.0,2025-07-31 14:55:06.122737
2025-07-31,11203,2025073103030890,JFL,Midas Stock Broking Company Private Limited,Sumeru Securities Pvt. Ltd.,340,522.9,177786.0,2025-07-31 14:55:08.435518
2025-07-31,11101,2025073103030901,JFL,Neev Securities Pvt. Ltd.,Nepal Stock House (PVT) Ltd.,431,522.0,224982.0,2025-07-31 14:55:11.454434
2025-07-31,11100,2025073103030902,JFL,Dipshikha Dhitopatra Karobar Co. Pvt Ltd.,Nepal Stock House (PVT) Ltd.,50,522.0,26100.0,2025-07-31 14:55:11.454656
2025-07-31,10999,2025073103030919,JFL,Vision Securities Pvt. Ltd,Nepal Stock House (PVT) Ltd.,50,522.0,26100.0,2025-07-31 14:55:14.172291
2025-07-31,9625,2025073103031230,JFL,Aryatara Investment & Securities,Nepal Stock House (PVT) Ltd.,100,522.0,52200.0,2025-07-31 14:56:06.393107
2025-07-31,9420,2025073103031258,JFL,Sani Securities Company Ltd.,Premier Securities Company Ltd.,50,521.0,26050.0,2025-07-31 14:56:13.085485
2025-07-31,9419,2025073103031259,JFL,Aryatara Investment & Securities,Premier Securities Company Ltd.,50,521.0,26050.0,2025-07-31 14:56:13.085661
2025-07-31,8781,2025073103031399,JFL,Aryatara Investment & Securities,Imperial Securities Company Pvt. Ltd.,30,521.0,15630.0,2025-07-31 14:56:36.549724
2025-07-31,8635,2025073103031415,JFL,Naasa Securities Co. Ltd.,Nepal Stock House (PVT) Ltd.,57,522.0,29754.0,2025-07-31 14:56:39.868695
2025-07-31,8279,2025073103031489,JFL,Aryatara Investment & Securities,Cristal Kanchanjanga Securites Pvt. Ltd.,20,521.0,10420.0,2025-07-31 14:56:51.004809
2025-07-31,8171,2025073103031498,JFL,Nepal Stock House (PVT) Ltd.,Cristal Kanchanjanga Securites Pvt. Ltd.,80,521.0,41680.0,2025-07-31 14:56:55.893899
2025-07-31,7704,2025073103031551,JFL,Nepal Stock House (PVT) Ltd.,Dipshikha Dhitopatra Karobar Co. Pvt Ltd.,20,521.0,10420.0,2025-07-31 14:57:10.042246
2025-07-31,6370,2025073103031845,JFL,Aryatara Investment & Securities,Dipshikha Dhitopatra Karobar Co. Pvt Ltd.,30,521.0,15630.0,2025-07-31 14:57:49.382272
2025-07-31,6123,2025073103031904,JFL,Aryatara Investment & Securities,Linch Stock Market Ltd.,180,521.1,93798.0,2025-07-31 14:57:57.796472
2025-07-31,6122,2025073103031905,JFL,Sundhara Securities Limited,Linch Stock Market Ltd.,50,520.1,26005.0,2025-07-31 14:57:57.796528
2025-07-31,6121,2025073103031906,JFL,Arun Securities (PVT) Ltd.,Linch Stock Market Ltd.,70,520.0,36400.0,2025-07-31 14:57:57.796563
2025-07-31,5954,2025073103031929,JFL,Arun Securities (PVT) Ltd.,Sri Hari Securities Pvt. Ltd.,30,520.0,15600.0,2025-07-31 14:58:03.679227
2025-07-31,5953,2025073103031930,JFL,Kumari Securities Private Limited,Sri Hari Securities Pvt. Ltd.,11,520.0,5720.0,2025-07-31 14:58:03.679411
2025-07-31,5952,2025073103031931,JFL,Dipshikha Dhitopatra Karobar Co. Pvt Ltd.,Sri Hari Securities Pvt. Ltd.,100,520.0,52000.0,2025-07-31 14:58:03.679488
2025-07-31,5951,2025073103031932,JFL,Online Securities Pvt. Ltd.,Sri Hari Securities Pvt. Ltd.,19,520.0,9880.0,2025-07-31 14:58:03.679556
2025-07-31,5301,2025073103032058,JFL,Capital Max Securities Ltd,Asian Securities Private Ltd.,90,520.2,46818.0,2025-07-31 14:58:21.621628
2025-07-31,5300,2025073103032059,JFL,Online Securities Pvt. Ltd.,Asian Securities Private Ltd.,81,520.0,42120.0,2025-07-31 14:58:21.621828
2025-07-31,5299,2025073103032060,JFL,Imperial Securities Company Pvt. Ltd.,Asian Securities Private Ltd.,179,520.0,93080.0,2025-07-31 14:58:21.621913
2025-07-31,4595,2025073103032186,JFL,Kumari Securities Private Limited,Nepal Stock House (PVT) Ltd.,136,522.0,70992.0,2025-07-31 14:58:39.494104
2025-07-31,4594,2025073103032187,JFL,Kumari Securities Private Limited,Kohinoor Investment & Securities Pvt. Ltd.,50,522.0,26100.0,2025-07-31 14:58:39.494265
2025-07-31,4593,2025073103032188,JFL,Kumari Securities Private Limited,Kohinoor Investment & Securities Pvt. Ltd.,50,522.0,26100.0,2025-07-31 14:58:39.494337
2025-07-31,3919,2025073103032286,JFL,Kumari Securities Private Limited,Secured Securities Ltd.,20,522.0,10440.0,2025-07-31 14:58:55.055861
2025-07-31,3458,2025073103032392,JFL,Kumari Securities Private Limited,Shree Krishna Securities Ltd.,150,522.0,78300.0,2025-07-31 14:59:05.189804
2025-07-31,3305,2025073103032411,JFL,Kumari Securities Private Limited,Roadshow securities limited,300,522.0,156600.0,2025-07-31 14:59:08.719647
2025-07-31,1826,2025073103032695,JFL,Kumari Securities Private Limited,Aryatara Investment & Securities,200,522.0,104400.0,2025-07-31 14:59:32.783746
2025-07-31,1783,2025073103032703,JFL,Imperial Securities Company Pvt. Ltd.,Sumeru Securities Pvt. Ltd.,100,522.9,52290.0,2025-07-31 14:59:33.392824
2025-07-31,178,2025073103033003,JFL,Kumari Securities Private Limited,Kohinoor Investment & Securities Pvt. Ltd.,99,522.0,51678.0,2025-07-31 14:59:57.387136
2025-07-31,177,2025073103033004,JFL,Agrawal Securities (PVT) Ltd.,Kohinoor Investment & Securities Pvt. Ltd.,101,522.0,52722.0,2025-07-31 14:59:57.387323
