Date,S.N.,Contract ID,Symbol,Buyer Broker,Seller Broker,volume,rate,amount,transaction_time
2025-07-31,167968,2025073104000145,KPCL,SHUBHAKAMANA SECURITIES PVT. LTD,Nepal Stock House (PVT) Ltd.,10,637.1,6371.0,2025-07-31 11:01:46.096815
2025-07-31,165252,2025073104000557,KPCL,Midas Stock Broking Company Private Limited,Naasa Securities Co. Ltd.,20,630.0,12600.0,2025-07-31 11:06:39.895223
2025-07-31,164881,2025073104000626,KPCL,Siprabi Securities Pvt. Ltd.,Trishakti Securities Public Limited,50,635.0,31750.0,2025-07-31 11:07:18.063115
2025-07-31,164726,2025073104000651,KPCL,Midas Stock Broking Company Private Limited,Nepal Stock House (PVT) Ltd.,40,630.0,25200.0,2025-07-31 11:07:31.435784
2025-07-31,164321,2025073104000701,KPCL,Midas Stock Broking Company Private Limited,Prabhu Stock Market Limited,440,630.0,277200.0,2025-07-31 11:08:07.890718
2025-07-31,164320,2025073104000702,KPCL,Dipshikha Dhitopatra Karobar Co. Pvt Ltd.,Prabhu Stock Market Limited,50,630.0,31500.0,2025-07-31 11:08:07.890831
2025-07-31,163953,2025073104000772,KPCL,Vision Securities Pvt. Ltd,Trisul Securities & Invt. Ltd.,19,625.0,11875.0,2025-07-31 11:08:44.988886
2025-07-31,163828,2025073104000811,KPCL,Vision Securities Pvt. Ltd,K.B.L. Securities Limited ,28,625.0,17500.0,2025-07-31 11:08:54.061856
2025-07-31,163329,2025073104000951,KPCL,Vision Securities Pvt. Ltd,Vision Securities Pvt. Ltd,60,625.0,37500.0,2025-07-31 11:09:36.784906
2025-07-31,162538,2025073104001120,KPCL,Vision Securities Pvt. Ltd,Malla & Malla Stock Broking Company Pvt. Limited,50,625.0,31250.0,2025-07-31 11:10:42.290819
2025-07-31,162227,2025073104001177,KPCL,Vision Securities Pvt. Ltd,INDEX SECURITIES LIMITED,140,625.0,87500.0,2025-07-31 11:11:07.285158
2025-07-31,161699,2025073104001292,KPCL,Midas Stock Broking Company Private Limited,Sri Hari Securities Pvt. Ltd.,500,622.0,311000.0,2025-07-31 11:11:46.597991
2025-07-31,161030,2025073104001425,KPCL,Secured Securities Ltd.,Sajilo Broker Limited,100,623.0,62300.0,2025-07-31 11:12:38.131921
2025-07-31,161029,2025073104001426,KPCL,Sharepro Securities Private Limited,Sajilo Broker Limited,100,622.0,62200.0,2025-07-31 11:12:38.132065
2025-07-31,160599,2025073104001473,KPCL,Linch Stock Market Ltd.,Trishakti Securities Public Limited,20,623.0,12460.0,2025-07-31 11:13:18.542018
2025-07-31,160397,2025073104001513,KPCL,Aryatara Investment & Securities,Trishakti Securities Public Limited,80,623.0,49840.0,2025-07-31 11:13:30.259261
2025-07-31,159590,2025073104001651,KPCL,Secured Securities Ltd.,Capital Hub P. Ltd,20,623.0,12460.0,2025-07-31 11:14:37.211701
2025-07-31,159388,2025073104001683,KPCL,Secured Securities Ltd.,Trishakti Securities Public Limited,10,625.0,6250.0,2025-07-31 11:14:49.879000
2025-07-31,159171,2025073104001709,KPCL,Secured Securities Ltd.,Trishakti Securities Public Limited,190,625.0,118750.0,2025-07-31 11:15:07.220013
2025-07-31,159024,2025073104001740,KPCL,Secured Securities Ltd.,Trishakti Securities Public Limited,10,629.9,6299.0,2025-07-31 11:15:17.871382
2025-07-31,158076,2025073104001874,KPCL,Asian Securities Private Ltd.,Trishakti Securities Public Limited,90,629.9,56691.0,2025-07-31 11:16:30.678044
2025-07-31,158075,2025073104001875,KPCL,Asian Securities Private Ltd.,Secured Securities Ltd.,10,629.9,6299.0,2025-07-31 11:16:30.678152
2025-07-31,157866,2025073104001917,KPCL,Asian Securities Private Ltd.,Prabhu Stock Market Limited,10,630.0,6300.0,2025-07-31 11:16:44.742174
2025-07-31,157865,2025073104001918,KPCL,Asian Securities Private Ltd.,Capital Hub P. Ltd,10,630.0,6300.0,2025-07-31 11:16:44.742306
2025-07-31,157864,2025073104001919,KPCL,Asian Securities Private Ltd.,Agrawal Securities (PVT) Ltd.,280,630.0,176400.0,2025-07-31 11:16:44.742389
2025-07-31,157300,2025073104001998,KPCL,Naasa Securities Co. Ltd.,Trishakti Securities Public Limited,50,627.1,31355.0,2025-07-31 11:17:17.539789
2025-07-31,157299,2025073104001999,KPCL,Naasa Securities Co. Ltd.,Trishakti Securities Public Limited,50,627.0,31350.0,2025-07-31 11:17:17.539914
2025-07-31,156932,2025073104002079,KPCL,Dipshikha Dhitopatra Karobar Co. Pvt Ltd.,Trishakti Securities Public Limited,100,629.8,62980.0,2025-07-31 11:17:44.242506
2025-07-31,156931,2025073104002080,KPCL,Dipshikha Dhitopatra Karobar Co. Pvt Ltd.,Agrawal Securities (PVT) Ltd.,620,630.0,390600.0,2025-07-31 11:17:44.242639
2025-07-31,156774,2025073104002136,KPCL,Dipshikha Dhitopatra Karobar Co. Pvt Ltd.,Agrawal Securities (PVT) Ltd.,100,630.0,63000.0,2025-07-31 11:17:54.401707
2025-07-31,156703,2025073104002144,KPCL,Kumari Securities Private Limited,Secured Securities Ltd.,25,627.1,15677.5,2025-07-31 11:17:59.688952
2025-07-31,156213,2025073104002231,KPCL,Naasa Securities Co. Ltd.,Agrawal Securities (PVT) Ltd.,1000,630.0,630000.0,2025-07-31 11:18:36.003131
2025-07-31,155727,2025073104002323,KPCL,Naasa Securities Co. Ltd.,Trishakti Securities Public Limited,100,630.0,63000.0,2025-07-31 11:19:12.488747
2025-07-31,154485,2025073104002523,KPCL,Naasa Securities Co. Ltd.,Trishakti Securities Public Limited,10,634.9,6349.0,2025-07-31 11:20:47.155472
2025-07-31,154323,2025073104002540,KPCL,Primo Securities (PVT) Ltd.,Kumari Securities Private Limited,50,630.2,31510.0,2025-07-31 11:21:00.501792
2025-07-31,154322,2025073104002541,KPCL,Vision Securities Pvt. Ltd,Kumari Securities Private Limited,10,630.1,6301.0,2025-07-31 11:21:00.502016
2025-07-31,154321,2025073104002542,KPCL,Primo Securities (PVT) Ltd.,Kumari Securities Private Limited,90,630.1,56709.0,2025-07-31 11:21:00.502195
2025-07-31,154160,2025073104002565,KPCL,Aryatara Investment & Securities,Trishakti Securities Public Limited,90,634.9,57141.0,2025-07-31 11:21:13.380416
2025-07-31,153571,2025073104002659,KPCL,Aryatara Investment & Securities,Agrawal Securities (PVT) Ltd.,110,635.0,69850.0,2025-07-31 11:21:55.835269
2025-07-31,153258,2025073104002696,KPCL,Sani Securities Company Ltd.,Agrawal Securities (PVT) Ltd.,15,635.0,9525.0,2025-07-31 11:22:27.713622
2025-07-31,152608,2025073104002769,KPCL,Infinity Securities Limited,Pragyan Securities (PVT) Ltd.,100,634.9,63490.0,2025-07-31 11:23:20.688191
2025-07-31,152607,2025073104002770,KPCL,Infinity Securities Limited,Agrawal Securities (PVT) Ltd.,375,635.0,238125.0,2025-07-31 11:23:20.688323
2025-07-31,152606,2025073104002771,KPCL,Infinity Securities Limited,Trishakti Securities Public Limited,25,635.0,15875.0,2025-07-31 11:23:20.688373
2025-07-31,152257,2025073104002830,KPCL,Sundhara Securities Limited,K.B.L. Securities Limited ,14,631.0,8834.0,2025-07-31 11:23:52.219447
2025-07-31,151818,2025073104002897,KPCL,Linch Stock Market Ltd.,Trishakti Securities Public Limited,10,635.0,6350.0,2025-07-31 11:24:37.551842
2025-07-31,151328,2025073104002984,KPCL,Creative Securities Pvt Ltd,Trishakti Securities Public Limited,10,630.5,6305.0,2025-07-31 11:25:23.919717
2025-07-31,151327,2025073104002985,KPCL,Midas Stock Broking Company Private Limited,Trishakti Securities Public Limited,90,630.3,56727.0,2025-07-31 11:25:23.919826
2025-07-31,150964,2025073104003047,KPCL,Linch Stock Market Ltd.,Trishakti Securities Public Limited,10,634.0,6340.0,2025-07-31 11:25:56.234777
2025-07-31,147554,2025073104003586,KPCL,Opal Securities Investment (PVT) Ltd.,Trishakti Securities Public Limited,100,632.9,63290.0,2025-07-31 11:29:23.240843
2025-07-31,146434,2025073104003770,KPCL,Sundhara Securities Limited,Trishakti Securities Public Limited,16,631.0,10096.0,2025-07-31 11:30:46.421716
2025-07-31,146433,2025073104003771,KPCL,Aryatara Investment & Securities,Trishakti Securities Public Limited,84,631.0,53004.0,2025-07-31 11:30:46.421964
2025-07-31,145985,2025073104003842,KPCL,Aryatara Investment & Securities,INDEX SECURITIES LIMITED,16,631.0,10096.0,2025-07-31 11:31:17.909820
2025-07-31,145984,2025073104003843,KPCL,Infinity Securities Limited,INDEX SECURITIES LIMITED,240,630.4,151296.0,2025-07-31 11:31:17.909966
2025-07-31,145983,2025073104003844,KPCL,Midas Stock Broking Company Private Limited,INDEX SECURITIES LIMITED,410,630.3,258423.0,2025-07-31 11:31:17.910030
2025-07-31,145982,2025073104003845,KPCL,Trishakti Securities Public Limited,INDEX SECURITIES LIMITED,300,630.2,189060.0,2025-07-31 11:31:17.910086
2025-07-31,145981,2025073104003846,KPCL,Dipshikha Dhitopatra Karobar Co. Pvt Ltd.,INDEX SECURITIES LIMITED,100,630.2,63020.0,2025-07-31 11:31:17.910139
2025-07-31,145980,2025073104003847,KPCL,Sani Securities Company Ltd.,INDEX SECURITIES LIMITED,25,630.2,15755.0,2025-07-31 11:31:17.910192
2025-07-31,145979,2025073104003848,KPCL,Primo Securities (PVT) Ltd.,INDEX SECURITIES LIMITED,110,630.1,69311.0,2025-07-31 11:31:17.910242
2025-07-31,145978,2025073104003849,KPCL,Vision Securities Pvt. Ltd,INDEX SECURITIES LIMITED,500,630.1,315050.0,2025-07-31 11:31:17.910295
2025-07-31,145977,2025073104003850,KPCL,Naasa Securities Co. Ltd.,INDEX SECURITIES LIMITED,299,630.0,188370.0,2025-07-31 11:31:17.910354
2025-07-31,145279,2025073104003972,KPCL,Naasa Securities Co. Ltd.,Trishakti Securities Public Limited,200,630.1,126020.0,2025-07-31 11:32:06.893662
2025-07-31,145278,2025073104003973,KPCL,Naasa Securities Co. Ltd.,Trishakti Securities Public Limited,250,630.0,157500.0,2025-07-31 11:32:06.893955
2025-07-31,145044,2025073104004049,KPCL,Naasa Securities Co. Ltd.,Sri Hari Securities Pvt. Ltd.,304,630.0,191520.0,2025-07-31 11:32:21.403678
2025-07-31,144609,2025073104004143,KPCL,Naasa Securities Co. Ltd.,Sumeru Securities Pvt. Ltd.,34,630.0,21420.0,2025-07-31 11:32:48.539473
2025-07-31,143940,2025073104004229,KPCL,South Asian Bulls Pvt. Ltd.,INDEX SECURITIES LIMITED,700,630.5,441350.0,2025-07-31 11:33:30.217082
2025-07-31,143939,2025073104004230,KPCL,Kalika Securities Pvt. Ltd.,INDEX SECURITIES LIMITED,200,630.1,126020.0,2025-07-31 11:33:30.217229
2025-07-31,143889,2025073104004232,KPCL,Kohinoor Investment & Securities Pvt. Ltd.,INDEX SECURITIES LIMITED,10,630.0,6300.0,2025-07-31 11:33:33.576936
2025-07-31,142264,2025073104004481,KPCL,Aryatara Investment & Securities,Asian Securities Private Ltd.,20,626.0,12520.0,2025-07-31 11:35:31.758788
2025-07-31,141511,2025073104004557,KPCL,Aryatara Investment & Securities,Agrawal Securities (PVT) Ltd.,75,626.0,46950.0,2025-07-31 11:36:19.086909
2025-07-31,141252,2025073104004589,KPCL,Kumari Securities Private Limited,Agrawal Securities (PVT) Ltd.,100,625.6,62560.0,2025-07-31 11:36:41.315114
2025-07-31,141053,2025073104004616,KPCL,Kumari Securities Private Limited,Agrawal Securities (PVT) Ltd.,225,625.6,140760.0,2025-07-31 11:36:53.522449
2025-07-31,139362,2025073104004776,KPCL,Kohinoor Investment & Securities Pvt. Ltd.,Agrawal Securities (PVT) Ltd.,65,625.1,40631.5,2025-07-31 11:38:56.874258
2025-07-31,139361,2025073104004777,KPCL,Vision Securities Pvt. Ltd,Agrawal Securities (PVT) Ltd.,280,625.0,175000.0,2025-07-31 11:38:56.874405
2025-07-31,139360,2025073104004778,KPCL,Shree Krishna Securities Ltd.,Agrawal Securities (PVT) Ltd.,50,625.0,31250.0,2025-07-31 11:38:56.874463
2025-07-31,134792,2025073104005393,KPCL,Malla & Malla Stock Broking Company Pvt. Limited,K.B.L. Securities Limited ,10,624.0,6240.0,2025-07-31 11:44:27.343641
2025-07-31,134791,2025073104005394,KPCL,Roadshow securities limited,K.B.L. Securities Limited ,200,623.5,124700.0,2025-07-31 11:44:27.343813
2025-07-31,134790,2025073104005395,KPCL,Aryatara Investment & Securities,K.B.L. Securities Limited ,44,623.5,27434.0,2025-07-31 11:44:27.343892
2025-07-31,134789,2025073104005396,KPCL,Kumari Securities Private Limited,K.B.L. Securities Limited ,150,623.3,93495.0,2025-07-31 11:44:27.343950
2025-07-31,134788,2025073104005397,KPCL,Dipshikha Dhitopatra Karobar Co. Pvt Ltd.,K.B.L. Securities Limited ,368,623.1,229300.8,2025-07-31 11:44:27.344013
2025-07-31,134403,2025073104005459,KPCL,Ashutosh Brokerage & Securities (PVT) Ltd.,K.B.L. Securities Limited ,20,625.0,12500.0,2025-07-31 11:44:59.385301
2025-07-31,134402,2025073104005460,KPCL,Dipshikha Dhitopatra Karobar Co. Pvt Ltd.,K.B.L. Securities Limited ,432,623.1,269179.2,2025-07-31 11:44:59.385458
2025-07-31,134401,2025073104005461,KPCL,Sharepro Securities Private Limited,K.B.L. Securities Limited ,100,623.0,62300.0,2025-07-31 11:44:59.385524
2025-07-31,134400,2025073104005462,KPCL,Vision Securities Pvt. Ltd,K.B.L. Securities Limited ,90,623.0,56070.0,2025-07-31 11:44:59.385583
2025-07-31,134399,2025073104005463,KPCL,Kohinoor Investment & Securities Pvt. Ltd.,K.B.L. Securities Limited ,25,622.3,15557.5,2025-07-31 11:44:59.385637
2025-07-31,134398,2025073104005464,KPCL,Kumari Securities Private Limited,K.B.L. Securities Limited ,33,622.2,20532.6,2025-07-31 11:44:59.385695
2025-07-31,133673,2025073104005661,KPCL,Opal Securities Investment (PVT) Ltd.,Linch Stock Market Ltd.,50,623.1,31155.0,2025-07-31 11:45:46.164909
2025-07-31,133079,2025073104005747,KPCL,Secured Securities Ltd.,Linch Stock Market Ltd.,100,623.1,62310.0,2025-07-31 11:46:19.231149
2025-07-31,132192,2025073104005862,KPCL,Sri Hari Securities Pvt. Ltd.,Aakashbhairab Securities Ltd.,91,622.3,56629.3,2025-07-31 11:47:20.339008
2025-07-31,131859,2025073104005912,KPCL,Sri Hari Securities Pvt. Ltd.,Sajilo Broker Limited,109,622.3,67830.7,2025-07-31 11:47:40.168958
2025-07-31,131858,2025073104005913,KPCL,Kumari Securities Private Limited,Sajilo Broker Limited,67,622.2,41687.4,2025-07-31 11:47:40.169025
2025-07-31,131857,2025073104005914,KPCL,Naasa Securities Co. Ltd.,Sajilo Broker Limited,224,622.2,139372.8,2025-07-31 11:47:40.169052
2025-07-31,131157,2025073104006014,KPCL,Trishakti Securities Public Limited,Malla & Malla Stock Broking Company Pvt. Limited,100,622.3,62230.0,2025-07-31 11:48:28.315101
2025-07-31,131156,2025073104006015,KPCL,Naasa Securities Co. Ltd.,Malla & Malla Stock Broking Company Pvt. Limited,276,622.2,171727.2,2025-07-31 11:48:28.315244
2025-07-31,131155,2025073104006016,KPCL,Dipshikha Dhitopatra Karobar Co. Pvt Ltd.,Malla & Malla Stock Broking Company Pvt. Limited,324,622.1,201560.4,2025-07-31 11:48:28.315309
2025-07-31,130580,2025073104006107,KPCL,Dipshikha Dhitopatra Karobar Co. Pvt Ltd.,Imperial Securities Company Pvt. Ltd.,60,622.1,37326.0,2025-07-31 11:49:09.855992
2025-07-31,129618,2025073104006241,KPCL,Opal Securities Investment (PVT) Ltd.,Naasa Securities Co. Ltd.,145,623.0,90335.0,2025-07-31 11:50:21.286868
2025-07-31,129321,2025073104006303,KPCL,Opal Securities Investment (PVT) Ltd.,Magnet Securities and Investment Company Private Limited,250,623.0,155750.0,2025-07-31 11:50:42.513073
2025-07-31,128808,2025073104006354,KPCL,Opal Securities Investment (PVT) Ltd.,Premier Securities Company Ltd.,15,623.0,9345.0,2025-07-31 11:51:14.900899
2025-07-31,127639,2025073104006508,KPCL,Opal Securities Investment (PVT) Ltd.,Dipshikha Dhitopatra Karobar Co. Pvt Ltd.,15,623.0,9345.0,2025-07-31 11:52:29.770540
2025-07-31,127512,2025073104006528,KPCL,Opal Securities Investment (PVT) Ltd.,Dipshikha Dhitopatra Karobar Co. Pvt Ltd.,75,623.0,46725.0,2025-07-31 11:52:41.977355
2025-07-31,127511,2025073104006529,KPCL,Aryatara Investment & Securities,Dipshikha Dhitopatra Karobar Co. Pvt Ltd.,25,623.0,15575.0,2025-07-31 11:52:41.977532
2025-07-31,124588,2025073104006987,KPCL,Aryatara Investment & Securities,Linch Stock Market Ltd.,25,623.0,15575.0,2025-07-31 11:56:33.696961
2025-07-31,124587,2025073104006988,KPCL,Sewa Securities Pvt. Ltd.,Linch Stock Market Ltd.,50,623.0,31150.0,2025-07-31 11:56:33.697111
2025-07-31,124586,2025073104006989,KPCL,Kohinoor Investment & Securities Pvt. Ltd.,Linch Stock Market Ltd.,25,622.3,15557.5,2025-07-31 11:56:33.697176
2025-07-31,124585,2025073104006990,KPCL,Sani Securities Company Ltd.,Linch Stock Market Ltd.,100,622.2,62220.0,2025-07-31 11:56:33.697237
2025-07-31,124263,2025073104007018,KPCL,Dipshikha Dhitopatra Karobar Co. Pvt Ltd.,Asian Securities Private Ltd.,16,622.1,9953.6,2025-07-31 11:56:59.078567
2025-07-31,122852,2025073104007250,KPCL,Dipshikha Dhitopatra Karobar Co. Pvt Ltd.,Capital Max Securities Ltd,600,622.1,373260.0,2025-07-31 11:59:07.775237
2025-07-31,122833,2025073104007252,KPCL,Machhapuchchhre Securities Limited,Creative Securities Pvt Ltd,10,624.9,6249.0,2025-07-31 11:59:09.425718
2025-07-31,122632,2025073104007283,KPCL,Dipshikha Dhitopatra Karobar Co. Pvt Ltd.,Linch Stock Market Ltd.,100,622.1,62210.0,2025-07-31 11:59:22.986205
2025-07-31,122502,2025073104007307,KPCL,Dipshikha Dhitopatra Karobar Co. Pvt Ltd.,Linch Stock Market Ltd.,900,622.1,559890.0,2025-07-31 11:59:37.035590
2025-07-31,122501,2025073104007308,KPCL,Sharepro Securities Private Limited,Linch Stock Market Ltd.,100,622.0,62200.0,2025-07-31 11:59:37.035770
2025-07-31,122343,2025073104007326,KPCL,Sharepro Securities Private Limited,Linch Stock Market Ltd.,15,622.0,9330.0,2025-07-31 11:59:47.074774
2025-07-31,122068,2025073104007364,KPCL,Sharepro Securities Private Limited,Linch Stock Market Ltd.,285,622.0,177270.0,2025-07-31 12:00:07.157435
2025-07-31,122067,2025073104007365,KPCL,Garima Securities Limited,Linch Stock Market Ltd.,200,621.1,124220.0,2025-07-31 12:00:07.157607
2025-07-31,122066,2025073104007366,KPCL,Dipshikha Dhitopatra Karobar Co. Pvt Ltd.,Linch Stock Market Ltd.,70,621.0,43470.0,2025-07-31 12:00:07.157675
2025-07-31,122065,2025073104007367,KPCL,Swarna Laxmi Securities Pvt. Ltd.,Linch Stock Market Ltd.,11,621.0,6831.0,2025-07-31 12:00:07.157736
2025-07-31,122064,2025073104007368,KPCL,Cristal Kanchanjanga Securites Pvt. Ltd.,Linch Stock Market Ltd.,334,621.0,207414.0,2025-07-31 12:00:07.157797
2025-07-31,121282,2025073104007481,KPCL,Pragyan Securities (PVT) Ltd.,Nagarik Stock Dealer ,100,620.3,62030.0,2025-07-31 12:01:14.073190
2025-07-31,120621,2025073104007575,KPCL,Online Securities Pvt. Ltd.,Creative Securities Pvt Ltd,100,621.0,62100.0,2025-07-31 12:02:06.279622
2025-07-31,120263,2025073104007620,KPCL,Neev Securities Pvt. Ltd.,Premier Securities Company Ltd.,15,620.2,9303.0,2025-07-31 12:02:31.142244
2025-07-31,119931,2025073104007731,KPCL,Sundhara Securities Limited,Creative Securities Pvt Ltd,10,620.5,6205.0,2025-07-31 12:02:58.489583
2025-07-31,119618,2025073104007775,KPCL,Neev Securities Pvt. Ltd.,Kohinoor Investment & Securities Pvt. Ltd.,200,620.2,124040.0,2025-07-31 12:03:22.492387
2025-07-31,119601,2025073104007780,KPCL,Aryatara Investment & Securities,Creative Securities Pvt Ltd,80,620.5,49640.0,2025-07-31 12:03:25.162686
2025-07-31,118863,2025073104007905,KPCL,Sundhara Securities Limited,ABC Securities Private Limited,10,620.5,6205.0,2025-07-31 12:04:38.492539
2025-07-31,118862,2025073104007906,KPCL,Sundhara Securities Limited,ABC Securities Private Limited,246,620.3,152593.8,2025-07-31 12:04:38.492688
2025-07-31,118028,2025073104008015,KPCL,Nepal Stock House (PVT) Ltd.,Premier Securities Company Ltd.,15,620.3,9304.5,2025-07-31 12:05:52.201054
2025-07-31,117923,2025073104008036,KPCL,Nepal Stock House (PVT) Ltd.,Neev Securities Pvt. Ltd.,150,620.3,93045.0,2025-07-31 12:05:59.980488
2025-07-31,116702,2025073104008276,KPCL,Linch Stock Market Ltd.,Kumari Securities Private Limited,10,620.4,6204.0,2025-07-31 12:07:52.933717
2025-07-31,116701,2025073104008277,KPCL,Aryatara Investment & Securities,Kumari Securities Private Limited,10,620.4,6204.0,2025-07-31 12:07:52.934022
2025-07-31,116700,2025073104008278,KPCL,Nepal Stock House (PVT) Ltd.,Kumari Securities Private Limited,835,620.3,517950.5,2025-07-31 12:07:52.934260
2025-07-31,116699,2025073104008279,KPCL,Dipshikha Dhitopatra Karobar Co. Pvt Ltd.,Kumari Securities Private Limited,55,620.3,34116.5,2025-07-31 12:07:52.934520
2025-07-31,115784,2025073104008506,KPCL,Dipshikha Dhitopatra Karobar Co. Pvt Ltd.,Premier Securities Company Ltd.,15,620.3,9304.5,2025-07-31 12:09:09.282781
2025-07-31,115352,2025073104008583,KPCL,Hatemalo Financial Services Private Limited,Sweta Securities Private Limited,1,607.9,607.9,2025-07-31 12:09:52.599832
2025-07-31,115325,2025073104008585,KPCL,Dipshikha Dhitopatra Karobar Co. Pvt Ltd.,Kumari Securities Private Limited,15,620.3,9304.5,2025-07-31 12:09:56.564995
2025-07-31,115318,2025073104008586,KPCL,Dipshikha Dhitopatra Karobar Co. Pvt Ltd.,Dipshikha Dhitopatra Karobar Co. Pvt Ltd.,15,620.3,9304.5,2025-07-31 12:09:57.023848
2025-07-31,115237,2025073104008592,KPCL,Hatemalo Financial Services Private Limited,Imperial Securities Company Pvt. Ltd.,1,608.0,608.0,2025-07-31 12:10:02.614825
2025-07-31,115138,2025073104008617,KPCL,Neev Securities Pvt. Ltd.,ABC Securities Private Limited,15,620.2,9303.0,2025-07-31 12:10:11.370959
2025-07-31,114880,2025073104008689,KPCL,Neev Securities Pvt. Ltd.,Agrawal Securities (PVT) Ltd.,90,620.2,55818.0,2025-07-31 12:10:29.849268
2025-07-31,114879,2025073104008690,KPCL,Dynamic Money Managers Securities Pvt. Ltd.,Agrawal Securities (PVT) Ltd.,215,620.2,133343.0,2025-07-31 12:10:29.849470
2025-07-31,114796,2025073104008704,KPCL,Vision Securities Pvt. Ltd,Dipshikha Dhitopatra Karobar Co. Pvt Ltd.,15,620.3,9304.5,2025-07-31 12:10:38.368006
2025-07-31,114618,2025073104008742,KPCL,Hatemalo Financial Services Private Limited,Sumeru Securities Pvt. Ltd.,4,610.0,2440.0,2025-07-31 12:10:56.701329
2025-07-31,114332,2025073104008784,KPCL,Dynamic Money Managers Securities Pvt. Ltd.,ABC Securities Private Limited,104,620.2,64500.8,2025-07-31 12:11:21.861896
2025-07-31,114331,2025073104008785,KPCL,Dynamic Money Managers Securities Pvt. Ltd.,Agrawal Securities (PVT) Ltd.,700,620.2,434140.0,2025-07-31 12:11:22.330340
2025-07-31,114102,2025073104008860,KPCL,Dynamic Money Managers Securities Pvt. Ltd.,Kohinoor Investment & Securities Pvt. Ltd.,100,620.2,62020.0,2025-07-31 12:11:41.893414
2025-07-31,114036,2025073104008876,KPCL,Hatemalo Financial Services Private Limited,Primo Securities (PVT) Ltd.,9,612.9,5516.1,2025-07-31 12:11:48.830544
2025-07-31,113973,2025073104008888,KPCL,Kohinoor Investment & Securities Pvt. Ltd.,K.B.L. Securities Limited ,121,621.0,75141.0,2025-07-31 12:11:54.598967
2025-07-31,113951,2025073104008895,KPCL,Agrawal Securities (PVT) Ltd.,Neev Securities Pvt. Ltd.,49,623.0,30527.0,2025-07-31 12:11:58.690443
2025-07-31,113768,2025073104008931,KPCL,Naasa Securities Co. Ltd.,Neev Securities Pvt. Ltd.,58,623.0,36134.0,2025-07-31 12:12:18.228631
2025-07-31,113767,2025073104008932,KPCL,Naasa Securities Co. Ltd.,Online Securities Pvt. Ltd.,1000,623.4,623400.0,2025-07-31 12:12:18.228875
2025-07-31,113766,2025073104008933,KPCL,Naasa Securities Co. Ltd.,Online Securities Pvt. Ltd.,300,625.0,187500.0,2025-07-31 12:12:18.228962
2025-07-31,113765,2025073104008934,KPCL,Naasa Securities Co. Ltd.,Primo Securities (PVT) Ltd.,500,625.0,312500.0,2025-07-31 12:12:18.229022
2025-07-31,113764,2025073104008935,KPCL,Naasa Securities Co. Ltd.,Naasa Securities Co. Ltd.,800,625.0,500000.0,2025-07-31 12:12:18.229080
2025-07-31,112861,2025073104009134,KPCL,Naasa Securities Co. Ltd.,Garima Securities Limited,200,625.0,125000.0,2025-07-31 12:13:38.826477
2025-07-31,111472,2025073104009366,KPCL,Trishakti Securities Public Limited,Dipshikha Dhitopatra Karobar Co. Pvt Ltd.,100,626.0,62600.0,2025-07-31 12:15:52.477777
2025-07-31,109576,2025073104009744,KPCL,Trishakti Securities Public Limited,Trishakti Securities Public Limited,70,626.0,43820.0,2025-07-31 12:18:44.921675
2025-07-31,107746,2025073104010042,KPCL,Trishakti Securities Public Limited,Naasa Securities Co. Ltd.,15,626.0,9390.0,2025-07-31 12:22:06.164281
2025-07-31,106664,2025073104010284,KPCL,Trishakti Securities Public Limited,Dynamic Money Managers Securities Pvt. Ltd.,351,626.0,219726.0,2025-07-31 12:24:08.007880
2025-07-31,106311,2025073104010377,KPCL,Trishakti Securities Public Limited,Dipshikha Dhitopatra Karobar Co. Pvt Ltd.,964,626.0,603464.0,2025-07-31 12:24:37.447501
2025-07-31,106310,2025073104010378,KPCL,Creative Securities Pvt Ltd,Dipshikha Dhitopatra Karobar Co. Pvt Ltd.,100,626.0,62600.0,2025-07-31 12:24:37.447589
2025-07-31,106309,2025073104010379,KPCL,Dipshikha Dhitopatra Karobar Co. Pvt Ltd.,Dipshikha Dhitopatra Karobar Co. Pvt Ltd.,10,626.0,6260.0,2025-07-31 12:24:37.447617
2025-07-31,106308,2025073104010380,KPCL,Naasa Securities Co. Ltd.,Dipshikha Dhitopatra Karobar Co. Pvt Ltd.,2142,625.0,1338750.0,2025-07-31 12:24:37.447641
2025-07-31,106307,2025073104010381,KPCL,Nepal Stock House (PVT) Ltd.,Dipshikha Dhitopatra Karobar Co. Pvt Ltd.,10,625.0,6250.0,2025-07-31 12:24:37.447664
2025-07-31,106306,2025073104010382,KPCL,Capital Max Securities Ltd,Dipshikha Dhitopatra Karobar Co. Pvt Ltd.,320,623.4,199488.0,2025-07-31 12:24:37.447688
2025-07-31,106305,2025073104010383,KPCL,Cristal Kanchanjanga Securites Pvt. Ltd.,Dipshikha Dhitopatra Karobar Co. Pvt Ltd.,150,622.0,93300.0,2025-07-31 12:24:37.447724
2025-07-31,106304,2025073104010384,KPCL,Aryatara Investment & Securities,Dipshikha Dhitopatra Karobar Co. Pvt Ltd.,24,622.0,14928.0,2025-07-31 12:24:37.447751
2025-07-31,104191,2025073104010804,KPCL,Aryatara Investment & Securities,Primo Securities (PVT) Ltd.,16,622.0,9952.0,2025-07-31 12:27:48.416631
2025-07-31,104190,2025073104010805,KPCL,Siprabi Securities Pvt. Ltd.,Primo Securities (PVT) Ltd.,50,622.0,31100.0,2025-07-31 12:27:48.416798
2025-07-31,104189,2025073104010806,KPCL,Sharepro Securities Private Limited,Primo Securities (PVT) Ltd.,254,621.3,157810.2,2025-07-31 12:27:48.416864
2025-07-31,103243,2025073104010919,KPCL,Sharepro Securities Private Limited,Secured Securities Ltd.,46,621.3,28579.8,2025-07-31 12:28:44.519956
2025-07-31,103242,2025073104010920,KPCL,Nepal Stock House (PVT) Ltd.,Secured Securities Ltd.,204,621.2,126724.8,2025-07-31 12:28:44.520136
2025-07-31,101968,2025073104011139,KPCL,Aryatara Investment & Securities,Siprabi Securities Pvt. Ltd.,78,621.3,48461.4,2025-07-31 12:30:41.010481
2025-07-31,101967,2025073104011140,KPCL,Nepal Stock House (PVT) Ltd.,Siprabi Securities Pvt. Ltd.,22,621.2,13666.4,2025-07-31 12:30:41.010672
2025-07-31,101414,2025073104011256,KPCL,Nepal Stock House (PVT) Ltd.,Vision Securities Pvt. Ltd,15,621.2,9318.0,2025-07-31 12:31:29.116162
2025-07-31,100854,2025073104011347,KPCL,Online Securities Pvt. Ltd.,Siprabi Securities Pvt. Ltd.,100,621.5,62150.0,2025-07-31 12:32:08.710753
2025-07-31,100400,2025073104011457,KPCL,Naasa Securities Co. Ltd.,Sewa Securities Pvt. Ltd.,100,622.0,62200.0,2025-07-31 12:32:54.692734
2025-07-31,100311,2025073104011477,KPCL,Naasa Securities Co. Ltd.,Aryatara Investment & Securities,50,622.0,31100.0,2025-07-31 12:33:02.857822
2025-07-31,99470,2025073104011619,KPCL,Nepal Stock House (PVT) Ltd.,Midas Stock Broking Company Private Limited,50,625.0,31250.0,2025-07-31 12:34:15.613391
2025-07-31,99469,2025073104011620,KPCL,Nepal Stock House (PVT) Ltd.,Vision Securities Pvt. Ltd,28,625.0,17500.0,2025-07-31 12:34:15.613735
2025-07-31,99468,2025073104011621,KPCL,Nepal Stock House (PVT) Ltd.,Online Securities Pvt. Ltd.,19,625.0,11875.0,2025-07-31 12:34:15.613936
2025-07-31,99467,2025073104011622,KPCL,Nepal Stock House (PVT) Ltd.,Opal Securities Investment (PVT) Ltd.,403,625.0,251875.0,2025-07-31 12:34:15.614140
2025-07-31,96980,2025073104012051,KPCL,Imperial Securities Company Pvt. Ltd.,Opal Securities Investment (PVT) Ltd.,97,625.0,60625.0,2025-07-31 12:37:15.135423
2025-07-31,96851,2025073104012092,KPCL,Imperial Securities Company Pvt. Ltd.,Cristal Kanchanjanga Securites Pvt. Ltd.,190,627.0,119130.0,2025-07-31 12:37:29.268388
2025-07-31,96850,2025073104012093,KPCL,Imperial Securities Company Pvt. Ltd.,Dipshikha Dhitopatra Karobar Co. Pvt Ltd.,50,628.0,31400.0,2025-07-31 12:37:29.268571
2025-07-31,96849,2025073104012094,KPCL,Imperial Securities Company Pvt. Ltd.,Naasa Securities Co. Ltd.,200,629.9,125980.0,2025-07-31 12:37:29.268636
2025-07-31,96848,2025073104012095,KPCL,Imperial Securities Company Pvt. Ltd.,INDEX SECURITIES LIMITED,90,630.0,56700.0,2025-07-31 12:37:29.268702
2025-07-31,96847,2025073104012096,KPCL,Imperial Securities Company Pvt. Ltd.,Trishakti Securities Public Limited,100,630.0,63000.0,2025-07-31 12:37:29.268766
2025-07-31,96846,2025073104012097,KPCL,Imperial Securities Company Pvt. Ltd.,Opal Securities Investment (PVT) Ltd.,370,630.0,233100.0,2025-07-31 12:37:29.268830
2025-07-31,94617,2025073104012555,KPCL,Naasa Securities Co. Ltd.,Opal Securities Investment (PVT) Ltd.,130,630.0,81900.0,2025-07-31 12:41:39.084713
2025-07-31,94616,2025073104012556,KPCL,Naasa Securities Co. Ltd.,INDEX SECURITIES LIMITED,60,630.0,37800.0,2025-07-31 12:41:39.084882
2025-07-31,94615,2025073104012557,KPCL,Naasa Securities Co. Ltd.,Dipshikha Dhitopatra Karobar Co. Pvt Ltd.,50,630.0,31500.0,2025-07-31 12:41:39.084947
2025-07-31,94614,2025073104012558,KPCL,Naasa Securities Co. Ltd.,Capital Hub P. Ltd,20,630.0,12600.0,2025-07-31 12:41:39.085015
2025-07-31,94613,2025073104012559,KPCL,Naasa Securities Co. Ltd.,Oxford Securities Pvt. Ltd.,10,630.0,6300.0,2025-07-31 12:41:39.085077
2025-07-31,94612,2025073104012560,KPCL,Naasa Securities Co. Ltd.,Dipshikha Dhitopatra Karobar Co. Pvt Ltd.,80,630.0,50400.0,2025-07-31 12:41:39.085139
2025-07-31,88303,2025073104013768,KPCL,Linch Stock Market Ltd.,ABC Securities Private Limited,15,624.1,9361.5,2025-07-31 12:53:04.270297
2025-07-31,87512,2025073104013891,KPCL,Linch Stock Market Ltd.,Online Securities Pvt. Ltd.,15,624.1,9361.5,2025-07-31 12:55:02.686716
2025-07-31,85247,2025073104014294,KPCL,Trishakti Securities Public Limited,Sani Securities Company Ltd.,84,624.4,52449.6,2025-07-31 13:00:16.416728
2025-07-31,84919,2025073104014363,KPCL,Vision Securities Pvt. Ltd,Naasa Securities Co. Ltd.,20,624.5,12490.0,2025-07-31 13:00:57.613293
2025-07-31,84302,2025073104014479,KPCL,Sani Securities Company Ltd.,Sani Securities Company Ltd.,50,626.0,31300.0,2025-07-31 13:02:23.639924
2025-07-31,83402,2025073104014636,KPCL,Naasa Securities Co. Ltd.,Sani Securities Company Ltd.,75,626.0,46950.0,2025-07-31 13:04:54.923469
2025-07-31,83401,2025073104014637,KPCL,Naasa Securities Co. Ltd.,Malla & Malla Stock Broking Company Pvt. Limited,50,627.0,31350.0,2025-07-31 13:04:54.923673
2025-07-31,83400,2025073104014638,KPCL,Naasa Securities Co. Ltd.,Kohinoor Investment & Securities Pvt. Ltd.,375,628.0,235500.0,2025-07-31 13:04:54.923747
2025-07-31,83284,2025073104014657,KPCL,Imperial Securities Company Pvt. Ltd.,Kohinoor Investment & Securities Pvt. Ltd.,125,628.0,78500.0,2025-07-31 13:05:16.719510
2025-07-31,81879,2025073104014914,KPCL,Vision Securities Pvt. Ltd,Naasa Securities Co. Ltd.,4970,625.2,3107244.0,2025-07-31 13:08:32.922036
2025-07-31,81878,2025073104014915,KPCL,Trishakti Securities Public Limited,Naasa Securities Co. Ltd.,916,625.1,572591.6,2025-07-31 13:08:32.922250
2025-07-31,81877,2025073104014916,KPCL,Opal Securities Investment (PVT) Ltd.,Naasa Securities Co. Ltd.,19114,625.0,11946250.0,2025-07-31 13:08:32.922350
2025-07-31,80975,2025073104015071,KPCL,Dakshinkali Investment & Securities Pvt. Ltd.,Trishakti Securities Public Limited,100,628.0,62800.0,2025-07-31 13:10:46.874655
2025-07-31,80407,2025073104015144,KPCL,Dakshinkali Investment & Securities Pvt. Ltd.,Siprabi Securities Pvt. Ltd.,400,628.0,251200.0,2025-07-31 13:12:04.858130
2025-07-31,79701,2025073104015269,KPCL,Imperial Securities Company Pvt. Ltd.,Siprabi Securities Pvt. Ltd.,175,628.0,109900.0,2025-07-31 13:13:49.354587
2025-07-31,78392,2025073104015544,KPCL,Imperial Securities Company Pvt. Ltd.,Beni Securities Pvt.Ltd.,15,626.0,9390.0,2025-07-31 13:16:24.531871
2025-07-31,77200,2025073104015746,KPCL,Vision Securities Pvt. Ltd,Sipla Securities Private Limited,3,620.0,1860.0,2025-07-31 13:18:36.681840
2025-07-31,76970,2025073104015806,KPCL,Imperial Securities Company Pvt. Ltd.,Naasa Securities Co. Ltd.,35,626.0,21910.0,2025-07-31 13:19:03.163767
2025-07-31,76969,2025073104015807,KPCL,Prabhu Stock Market Limited,Naasa Securities Co. Ltd.,665,626.0,416290.0,2025-07-31 13:19:03.163973
2025-07-31,76316,2025073104015917,KPCL,Premier Securities Company Ltd.,Trishakti Securities Public Limited,100,626.1,62610.0,2025-07-31 13:20:28.718028
2025-07-31,75697,2025073104015994,KPCL,Vision Securities Pvt. Ltd,Midas Stock Broking Company Private Limited,60,626.1,37566.0,2025-07-31 13:21:28.445397
2025-07-31,74866,2025073104016131,KPCL,Vision Securities Pvt. Ltd,Premier Securities Company Ltd.,50,627.9,31395.0,2025-07-31 13:22:49.189157
2025-07-31,74865,2025073104016132,KPCL,Vision Securities Pvt. Ltd,Siprabi Securities Pvt. Ltd.,90,628.0,56520.0,2025-07-31 13:22:49.189574
2025-07-31,74479,2025073104016210,KPCL,Asian Securities Private Ltd.,Siprabi Securities Pvt. Ltd.,100,628.0,62800.0,2025-07-31 13:23:36.612256
2025-07-31,74358,2025073104016234,KPCL,Online Securities Pvt. Ltd.,Dipshikha Dhitopatra Karobar Co. Pvt Ltd.,80,627.0,50160.0,2025-07-31 13:23:49.357112
2025-07-31,74357,2025073104016235,KPCL,Investment Management Nepal Pvt. Ltd.,Dipshikha Dhitopatra Karobar Co. Pvt Ltd.,320,626.5,200480.0,2025-07-31 13:23:49.357188
2025-07-31,73965,2025073104016299,KPCL,Investment Management Nepal Pvt. Ltd.,MILKY WAY SHARE BROKER COMPANY LTD ,15,626.5,9397.5,2025-07-31 13:24:34.513101
2025-07-31,73949,2025073104016300,KPCL,Ashutosh Brokerage & Securities (PVT) Ltd.,Siprabi Securities Pvt. Ltd.,235,628.0,147580.0,2025-07-31 13:24:35.813854
2025-07-31,73948,2025073104016301,KPCL,Ashutosh Brokerage & Securities (PVT) Ltd.,Miyo Securities Pvt Ltd,194,628.0,121832.0,2025-07-31 13:24:35.814248
2025-07-31,73947,2025073104016302,KPCL,Ashutosh Brokerage & Securities (PVT) Ltd.,Trishakti Securities Public Limited,71,629.9,44722.9,2025-07-31 13:24:35.814488
2025-07-31,73916,2025073104016307,KPCL,Ashutosh Brokerage & Securities (PVT) Ltd.,Trishakti Securities Public Limited,29,629.9,18267.1,2025-07-31 13:24:41.833209
2025-07-31,73915,2025073104016308,KPCL,Ashutosh Brokerage & Securities (PVT) Ltd.,Dipshikha Dhitopatra Karobar Co. Pvt Ltd.,20,630.0,12600.0,2025-07-31 13:24:41.833424
2025-07-31,73914,2025073104016309,KPCL,Ashutosh Brokerage & Securities (PVT) Ltd.,Oxford Securities Pvt. Ltd.,17,630.0,10710.0,2025-07-31 13:24:41.833508
2025-07-31,73913,2025073104016310,KPCL,Ashutosh Brokerage & Securities (PVT) Ltd.,Sweta Securities Private Limited,10,630.0,6300.0,2025-07-31 13:24:41.833581
2025-07-31,73912,2025073104016311,KPCL,Ashutosh Brokerage & Securities (PVT) Ltd.,Online Securities Pvt. Ltd.,32,630.0,20160.0,2025-07-31 13:24:41.833650
2025-07-31,73911,2025073104016312,KPCL,Ashutosh Brokerage & Securities (PVT) Ltd.,Sri Hari Securities Pvt. Ltd.,15,630.0,9450.0,2025-07-31 13:24:41.833722
2025-07-31,73910,2025073104016313,KPCL,Ashutosh Brokerage & Securities (PVT) Ltd.,Online Securities Pvt. Ltd.,50,630.0,31500.0,2025-07-31 13:24:41.833814
2025-07-31,73909,2025073104016314,KPCL,Ashutosh Brokerage & Securities (PVT) Ltd.,Deevyaa Securities & Stock House Pvt. Ltd,250,630.0,157500.0,2025-07-31 13:24:41.833897
2025-07-31,73908,2025073104016315,KPCL,Ashutosh Brokerage & Securities (PVT) Ltd.,Nepal Stock House (PVT) Ltd.,77,630.0,48510.0,2025-07-31 13:24:41.833983
2025-07-31,71486,2025073104016738,KPCL,Dakshinkali Investment & Securities Pvt. Ltd.,Trishakti Securities Public Limited,87,628.0,54636.0,2025-07-31 13:28:37.659167
2025-07-31,71274,2025073104016804,KPCL,Naasa Securities Co. Ltd.,Nepal Stock House (PVT) Ltd.,10,630.0,6300.0,2025-07-31 13:29:01.295822
2025-07-31,68736,2025073104017199,KPCL,Ashutosh Brokerage & Securities (PVT) Ltd.,Nepal Stock House (PVT) Ltd.,13,630.0,8190.0,2025-07-31 13:32:04.075871
2025-07-31,68735,2025073104017200,KPCL,Ashutosh Brokerage & Securities (PVT) Ltd.,Creative Securities Pvt Ltd,14,630.0,8820.0,2025-07-31 13:32:04.076227
2025-07-31,68734,2025073104017201,KPCL,Ashutosh Brokerage & Securities (PVT) Ltd.,Primo Securities (PVT) Ltd.,15,630.0,9450.0,2025-07-31 13:32:04.076460
2025-07-31,66360,2025073104017749,KPCL,Trishakti Securities Public Limited,Naasa Securities Co. Ltd.,10,630.5,6305.0,2025-07-31 13:36:13.563932
2025-07-31,64589,2025073104018143,KPCL,Investment Management Nepal Pvt. Ltd.,ABC Securities Private Limited,165,630.0,103950.0,2025-07-31 13:39:24.009935
2025-07-31,64588,2025073104018144,KPCL,Imperial Securities Company Pvt. Ltd.,ABC Securities Private Limited,35,630.0,22050.0,2025-07-31 13:39:24.010129
2025-07-31,64562,2025073104018155,KPCL,Trishakti Securities Public Limited,Trishakti Securities Public Limited,100,631.8,63180.0,2025-07-31 13:39:27.193049
2025-07-31,62270,2025073104018650,KPCL,Agrawal Securities (PVT) Ltd.,Trishakti Securities Public Limited,18,631.1,11359.8,2025-07-31 13:42:46.473212
2025-07-31,62114,2025073104018703,KPCL,Agrawal Securities (PVT) Ltd.,Primo Securities (PVT) Ltd.,182,631.1,114860.2,2025-07-31 13:42:54.956202
2025-07-31,62113,2025073104018704,KPCL,Kohinoor Investment & Securities Pvt. Ltd.,Primo Securities (PVT) Ltd.,300,631.0,189300.0,2025-07-31 13:42:54.956392
2025-07-31,62112,2025073104018705,KPCL,Linch Stock Market Ltd.,Primo Securities (PVT) Ltd.,500,631.0,315500.0,2025-07-31 13:42:54.956468
2025-07-31,62111,2025073104018706,KPCL,Imperial Securities Company Pvt. Ltd.,Primo Securities (PVT) Ltd.,630,630.1,396963.0,2025-07-31 13:42:54.956542
2025-07-31,62110,2025073104018707,KPCL,Imperial Securities Company Pvt. Ltd.,Primo Securities (PVT) Ltd.,15,630.0,9450.0,2025-07-31 13:42:54.956618
2025-07-31,62109,2025073104018708,KPCL,Sani Securities Company Ltd.,Primo Securities (PVT) Ltd.,32,630.0,20160.0,2025-07-31 13:42:54.956690
2025-07-31,61048,2025073104018995,KPCL,Dakshinkali Investment & Securities Pvt. Ltd.,Secured Securities Ltd.,100,628.0,62800.0,2025-07-31 13:44:03.025266
2025-07-31,60661,2025073104019135,KPCL,Dakshinkali Investment & Securities Pvt. Ltd.,ABC Securities Private Limited,300,628.0,188400.0,2025-07-31 13:44:29.379997
2025-07-31,60443,2025073104019197,KPCL,Dakshinkali Investment & Securities Pvt. Ltd.,ABC Securities Private Limited,13,628.0,8164.0,2025-07-31 13:44:49.517153
2025-07-31,60442,2025073104019198,KPCL,Asian Securities Private Ltd.,ABC Securities Private Limited,147,627.0,92169.0,2025-07-31 13:44:49.517392
2025-07-31,58615,2025073104019592,KPCL,Dipshikha Dhitopatra Karobar Co. Pvt Ltd.,Oxford Securities Pvt. Ltd.,150,626.1,93915.0,2025-07-31 13:47:51.585651
2025-07-31,57708,2025073104019757,KPCL,Ashutosh Brokerage & Securities (PVT) Ltd.,Dynamic Money Managers Securities Pvt. Ltd.,500,630.0,315000.0,2025-07-31 13:49:55.764844
2025-07-31,57298,2025073104019823,KPCL,Asian Securities Private Ltd.,Prabhu Stock Market Limited,108,629.0,67932.0,2025-07-31 13:50:52.916526
2025-07-31,57295,2025073104019824,KPCL,Aryatara Investment & Securities,ABC Securities Private Limited,10,627.0,6270.0,2025-07-31 13:50:53.098568
2025-07-31,56420,2025073104020016,KPCL,Aryatara Investment & Securities,Thrive Brokerage House Pvt. Ltd,15,627.0,9405.0,2025-07-31 13:52:41.137468
2025-07-31,55203,2025073104020202,KPCL,Linch Stock Market Ltd.,Prabhu Stock Market Limited,392,629.0,246568.0,2025-07-31 13:55:16.059126
2025-07-31,55010,2025073104020232,KPCL,Vision Securities Pvt. Ltd,Dynamic Money Managers Securities Pvt. Ltd.,2680,630.0,1688400.0,2025-07-31 13:55:47.330637
2025-07-31,55009,2025073104020233,KPCL,Vision Securities Pvt. Ltd,Aryatara Investment & Securities,500,630.0,315000.0,2025-07-31 13:55:47.330846
2025-07-31,54425,2025073104020328,KPCL,Nagarik Stock Dealer ,Investment Management Nepal Pvt. Ltd.,25,629.1,15727.5,2025-07-31 13:57:11.913206
2025-07-31,54424,2025073104020329,KPCL,Linch Stock Market Ltd.,Investment Management Nepal Pvt. Ltd.,44,629.0,27676.0,2025-07-31 13:57:11.913609
2025-07-31,54260,2025073104020359,KPCL,Linch Stock Market Ltd.,Secured Securities Ltd.,64,629.0,40256.0,2025-07-31 13:57:34.192965
2025-07-31,52940,2025073104020566,KPCL,Shree Krishna Securities Ltd.,Pragyan Securities (PVT) Ltd.,50,631.8,31590.0,2025-07-31 14:00:34.795985
2025-07-31,52939,2025073104020567,KPCL,Shree Krishna Securities Ltd.,Dipshikha Dhitopatra Karobar Co. Pvt Ltd.,100,631.8,63180.0,2025-07-31 14:00:34.796197
2025-07-31,51554,2025073104020800,KPCL,Kalika Securities Pvt. Ltd.,Trishakti Securities Public Limited,10,630.0,6300.0,2025-07-31 14:03:24.727279
2025-07-31,51553,2025073104020801,KPCL,Online Securities Pvt. Ltd.,Trishakti Securities Public Limited,90,629.0,56610.0,2025-07-31 14:03:24.727466
2025-07-31,51301,2025073104020890,KPCL,Online Securities Pvt. Ltd.,Trishakti Securities Public Limited,100,629.0,62900.0,2025-07-31 14:03:53.096739
2025-07-31,51047,2025073104020946,KPCL,Online Securities Pvt. Ltd.,Trishakti Securities Public Limited,100,629.0,62900.0,2025-07-31 14:04:29.342280
2025-07-31,50700,2025073104021030,KPCL,Online Securities Pvt. Ltd.,Trishakti Securities Public Limited,65,629.0,40885.0,2025-07-31 14:05:13.712109
2025-07-31,50505,2025073104021065,KPCL,Online Securities Pvt. Ltd.,Trishakti Securities Public Limited,100,629.0,62900.0,2025-07-31 14:05:39.971646
2025-07-31,50356,2025073104021102,KPCL,Himalayan Securities Limited,Prabhu Stock Market Limited,1000,630.0,630000.0,2025-07-31 14:06:00.434647
2025-07-31,50177,2025073104021164,KPCL,Online Securities Pvt. Ltd.,Trishakti Securities Public Limited,45,629.0,28305.0,2025-07-31 14:06:24.211543
2025-07-31,50176,2025073104021165,KPCL,Dakshinkali Investment & Securities Pvt. Ltd.,Trishakti Securities Public Limited,55,629.0,34595.0,2025-07-31 14:06:24.211731
2025-07-31,49979,2025073104021210,KPCL,Miyo Securities Pvt Ltd,Trishakti Securities Public Limited,100,629.1,62910.0,2025-07-31 14:06:48.396107
2025-07-31,49814,2025073104021247,KPCL,Miyo Securities Pvt Ltd,Trishakti Securities Public Limited,100,629.1,62910.0,2025-07-31 14:07:12.506981
2025-07-31,49636,2025073104021285,KPCL,Miyo Securities Pvt Ltd,Trishakti Securities Public Limited,100,629.1,62910.0,2025-07-31 14:07:36.649832
2025-07-31,49579,2025073104021296,KPCL,Himalayan Securities Limited,Infinity Securities Limited,1000,630.0,630000.0,2025-07-31 14:07:46.600635
2025-07-31,49345,2025073104021328,KPCL,Miyo Securities Pvt Ltd,Trishakti Securities Public Limited,100,629.1,62910.0,2025-07-31 14:08:16.951905
2025-07-31,49274,2025073104021331,KPCL,Miyo Securities Pvt Ltd,Prabhu Stock Market Limited,100,629.1,62910.0,2025-07-31 14:08:20.971765
2025-07-31,49273,2025073104021332,KPCL,Dakshinkali Investment & Securities Pvt. Ltd.,Prabhu Stock Market Limited,900,629.0,566100.0,2025-07-31 14:08:20.972167
2025-07-31,49099,2025073104021359,KPCL,Dakshinkali Investment & Securities Pvt. Ltd.,Trishakti Securities Public Limited,100,629.0,62900.0,2025-07-31 14:08:47.287121
2025-07-31,48677,2025073104021470,KPCL,Dakshinkali Investment & Securities Pvt. Ltd.,Sharepro Securities Private Limited,15,629.0,9435.0,2025-07-31 14:09:43.431341
2025-07-31,48143,2025073104021612,KPCL,Dakshinkali Investment & Securities Pvt. Ltd.,Infinity Securities Limited,930,629.0,584970.0,2025-07-31 14:11:08.664238
2025-07-31,48142,2025073104021613,KPCL,Vision Securities Pvt. Ltd,Infinity Securities Limited,1000,628.0,628000.0,2025-07-31 14:11:08.664433
2025-07-31,47572,2025073104021680,KPCL,Linch Stock Market Ltd.,Nepal Investment And Securities Trading Private Limited,100,627.1,62710.0,2025-07-31 14:11:43.539594
2025-07-31,47525,2025073104021691,KPCL,Linch Stock Market Ltd.,MILKY WAY SHARE BROKER COMPANY LTD ,15,627.1,9406.5,2025-07-31 14:11:51.561171
2025-07-31,45980,2025073104022007,KPCL,Kalika Securities Pvt. Ltd.,Infinity Securities Limited,478,628.0,300184.0,2025-07-31 14:15:41.123802
2025-07-31,45979,2025073104022008,KPCL,Linch Stock Market Ltd.,Infinity Securities Limited,30,628.0,18840.0,2025-07-31 14:15:41.124139
2025-07-31,44953,2025073104022238,KPCL,Linch Stock Market Ltd.,Infinity Securities Limited,65,627.1,40761.5,2025-07-31 14:17:35.345123
2025-07-31,44521,2025073104022308,KPCL,Agrawal Securities (PVT) Ltd.,Agrawal Securities (PVT) Ltd.,1,638.4,638.4,2025-07-31 14:18:30.124281
2025-07-31,43766,2025073104022491,KPCL,Linch Stock Market Ltd.,Prabhu Stock Market Limited,320,627.1,200672.0,2025-07-31 14:20:10.209207
2025-07-31,43765,2025073104022492,KPCL,Linch Stock Market Ltd.,Prabhu Stock Market Limited,500,627.1,313550.0,2025-07-31 14:20:10.209440
2025-07-31,43764,2025073104022493,KPCL,Aryatara Investment & Securities,Prabhu Stock Market Limited,475,627.0,297825.0,2025-07-31 14:20:10.209510
2025-07-31,43763,2025073104022494,KPCL,Sundhara Securities Limited,Prabhu Stock Market Limited,100,627.0,62700.0,2025-07-31 14:20:10.209594
2025-07-31,43762,2025073104022495,KPCL,Sajilo Broker Limited,Prabhu Stock Market Limited,200,627.0,125400.0,2025-07-31 14:20:10.209660
2025-07-31,43761,2025073104022496,KPCL,Dipshikha Dhitopatra Karobar Co. Pvt Ltd.,Prabhu Stock Market Limited,1000,627.0,627000.0,2025-07-31 14:20:10.209722
2025-07-31,43760,2025073104022497,KPCL,Dipshikha Dhitopatra Karobar Co. Pvt Ltd.,Prabhu Stock Market Limited,350,626.1,219135.0,2025-07-31 14:20:10.209786
2025-07-31,43759,2025073104022498,KPCL,Prabhu Stock Market Limited,Prabhu Stock Market Limited,500,626.0,313000.0,2025-07-31 14:20:10.209851
2025-07-31,43758,2025073104022499,KPCL,Dakshinkali Investment & Securities Pvt. Ltd.,Prabhu Stock Market Limited,500,626.0,313000.0,2025-07-31 14:20:10.209916
2025-07-31,43757,2025073104022500,KPCL,ABC Securities Private Limited,Prabhu Stock Market Limited,100,626.0,62600.0,2025-07-31 14:20:10.209978
2025-07-31,43756,2025073104022501,KPCL,Naasa Securities Co. Ltd.,Prabhu Stock Market Limited,70,626.0,43820.0,2025-07-31 14:20:10.210040
2025-07-31,43755,2025073104022502,KPCL,Thrive Brokerage House Pvt. Ltd,Prabhu Stock Market Limited,100,625.3,62530.0,2025-07-31 14:20:10.210106
2025-07-31,43754,2025073104022503,KPCL,Vision Securities Pvt. Ltd,Prabhu Stock Market Limited,500,625.3,312650.0,2025-07-31 14:20:10.210177
2025-07-31,43753,2025073104022504,KPCL,Dipshikha Dhitopatra Karobar Co. Pvt Ltd.,Prabhu Stock Market Limited,1000,625.2,625200.0,2025-07-31 14:20:10.210238
2025-07-31,43752,2025073104022505,KPCL,Opal Securities Investment (PVT) Ltd.,Prabhu Stock Market Limited,886,625.0,553750.0,2025-07-31 14:20:10.210346
2025-07-31,43751,2025073104022506,KPCL,Ashutosh Brokerage & Securities (PVT) Ltd.,Prabhu Stock Market Limited,20,625.0,12500.0,2025-07-31 14:20:10.210411
2025-07-31,43750,2025073104022507,KPCL,Dipshikha Dhitopatra Karobar Co. Pvt Ltd.,Prabhu Stock Market Limited,500,625.0,312500.0,2025-07-31 14:20:10.210471
2025-07-31,42765,2025073104022723,KPCL,Nepal Investment And Securities Trading Private Limited,Dynamic Money Managers Securities Pvt. Ltd.,1,615.0,615.0,2025-07-31 14:22:14.715351
2025-07-31,42705,2025073104022736,KPCL,Nepal Investment And Securities Trading Private Limited,Imperial Securities Company Pvt. Ltd.,3,615.0,1845.0,2025-07-31 14:22:20.233766
2025-07-31,42363,2025073104022784,KPCL,Infinity Securities Limited,MILKY WAY SHARE BROKER COMPANY LTD ,15,624.1,9361.5,2025-07-31 14:22:48.661850
2025-07-31,42174,2025073104022825,KPCL,Nepal Investment And Securities Trading Private Limited,Dynamic Money Managers Securities Pvt. Ltd.,1,615.0,615.0,2025-07-31 14:23:08.974053
2025-07-31,42080,2025073104022851,KPCL,Nepal Investment And Securities Trading Private Limited,Dynamic Money Managers Securities Pvt. Ltd.,1,615.0,615.0,2025-07-31 14:23:19.055906
2025-07-31,41474,2025073104022944,KPCL,Nepal Investment And Securities Trading Private Limited,Kohinoor Investment & Securities Pvt. Ltd.,1,613.5,613.5,2025-07-31 14:24:05.271584
2025-07-31,41007,2025073104023043,KPCL,Property Wiard Limited,Vision Securities Pvt. Ltd,41,625.0,25625.0,2025-07-31 14:24:52.351861
2025-07-31,40817,2025073104023071,KPCL,Infinity Securities Limited,Prabhu Stock Market Limited,600,624.1,374460.0,2025-07-31 14:25:10.862078
2025-07-31,40373,2025073104023192,KPCL,Infinity Securities Limited,Prabhu Stock Market Limited,27,624.1,16850.7,2025-07-31 14:25:54.922235
2025-07-31,40372,2025073104023193,KPCL,Aryatara Investment & Securities,Prabhu Stock Market Limited,16,624.0,9984.0,2025-07-31 14:25:54.922508
2025-07-31,39866,2025073104023329,KPCL,Nagarik Stock Dealer ,Sundhara Securities Limited,20,623.2,12464.0,2025-07-31 14:26:40.691512
2025-07-31,39853,2025073104023330,KPCL,Nagarik Stock Dealer ,Sani Securities Company Ltd.,300,623.2,186960.0,2025-07-31 14:26:42.493611
2025-07-31,39833,2025073104023333,KPCL,Nepal Investment And Securities Trading Private Limited,Imperial Securities Company Pvt. Ltd.,1,613.0,613.0,2025-07-31 14:26:44.061135
2025-07-31,39754,2025073104023356,KPCL,Nagarik Stock Dealer ,Kohinoor Investment & Securities Pvt. Ltd.,180,623.2,112176.0,2025-07-31 14:26:51.427128
2025-07-31,39598,2025073104023412,KPCL,Online Securities Pvt. Ltd.,Kohinoor Investment & Securities Pvt. Ltd.,20,623.1,12462.0,2025-07-31 14:27:03.478608
2025-07-31,39063,2025073104023590,KPCL,Vision Securities Pvt. Ltd,Vision Securities Pvt. Ltd,59,623.1,36762.9,2025-07-31 14:27:49.535547
2025-07-31,39056,2025073104023592,KPCL,Vision Securities Pvt. Ltd,Shree Krishna Securities Ltd.,41,623.1,25547.1,2025-07-31 14:27:50.143959
2025-07-31,39055,2025073104023593,KPCL,Naasa Securities Co. Ltd.,Shree Krishna Securities Ltd.,100,623.0,62300.0,2025-07-31 14:27:50.144208
2025-07-31,39054,2025073104023594,KPCL,Himalayan Brokerage Company Limited,Shree Krishna Securities Ltd.,200,623.0,124600.0,2025-07-31 14:27:50.144294
2025-07-31,39053,2025073104023595,KPCL,Sewa Securities Pvt. Ltd.,Shree Krishna Securities Ltd.,70,623.0,43610.0,2025-07-31 14:27:50.144367
2025-07-31,39052,2025073104023596,KPCL,Kohinoor Investment & Securities Pvt. Ltd.,Shree Krishna Securities Ltd.,100,622.1,62210.0,2025-07-31 14:27:50.144436
2025-07-31,39051,2025073104023597,KPCL,Sumeru Securities Pvt. Ltd.,Shree Krishna Securities Ltd.,200,622.0,124400.0,2025-07-31 14:27:50.144501
2025-07-31,39050,2025073104023598,KPCL,Sri Hari Securities Pvt. Ltd.,Shree Krishna Securities Ltd.,30,622.0,18660.0,2025-07-31 14:27:50.144562
2025-07-31,39049,2025073104023599,KPCL,Agrawal Securities (PVT) Ltd.,Shree Krishna Securities Ltd.,100,622.0,62200.0,2025-07-31 14:27:50.144621
2025-07-31,39048,2025073104023600,KPCL,Deevyaa Securities & Stock House Pvt. Ltd,Shree Krishna Securities Ltd.,2000,621.7,1243400.0,2025-07-31 14:27:50.144682
2025-07-31,39047,2025073104023601,KPCL,Asian Securities Private Ltd.,Shree Krishna Securities Ltd.,159,621.5,98818.5,2025-07-31 14:27:50.144758
2025-07-31,38908,2025073104023641,KPCL,Nepal Investment And Securities Trading Private Limited,Nepal Stock House (PVT) Ltd.,1,610.0,610.0,2025-07-31 14:28:02.509717
2025-07-31,38685,2025073104023712,KPCL,Asian Securities Private Ltd.,Sri Hari Securities Pvt. Ltd.,341,621.5,211931.5,2025-07-31 14:28:20.280179
2025-07-31,38684,2025073104023713,KPCL,Naasa Securities Co. Ltd.,Sri Hari Securities Pvt. Ltd.,1659,621.0,1030239.0,2025-07-31 14:28:20.280357
2025-07-31,38680,2025073104023717,KPCL,Nepal Investment And Securities Trading Private Limited,Naasa Securities Co. Ltd.,1,610.0,610.0,2025-07-31 14:28:20.612298
2025-07-31,38565,2025073104023744,KPCL,Naasa Securities Co. Ltd.,Citizens Share Broker Limited,1341,621.0,832761.0,2025-07-31 14:28:31.397513
2025-07-31,38564,2025073104023745,KPCL,Shree Krishna Securities Ltd.,Citizens Share Broker Limited,50,621.0,31050.0,2025-07-31 14:28:31.397821
2025-07-31,38126,2025073104023878,KPCL,N.M.B. SECURITIES LIMITED,Citizens Share Broker Limited,109,621.0,67689.0,2025-07-31 14:29:09.831437
2025-07-31,37337,2025073104024039,KPCL,Nagarik Stock Dealer ,Property Wiard Limited,109,620.6,67645.4,2025-07-31 14:30:24.759071
2025-07-31,37336,2025073104024040,KPCL,Sharepro Securities Private Limited,Property Wiard Limited,191,620.6,118534.6,2025-07-31 14:30:24.759256
2025-07-31,36852,2025073104024184,KPCL,Sharepro Securities Private Limited,R.B.B. Securities Company Ltd,309,620.6,191765.4,2025-07-31 14:31:08.278875
2025-07-31,36851,2025073104024185,KPCL,Sumeru Securities Pvt. Ltd.,R.B.B. Securities Company Ltd,100,620.5,62050.0,2025-07-31 14:31:08.279217
2025-07-31,36850,2025073104024186,KPCL,Dynamic Money Managers Securities Pvt. Ltd.,R.B.B. Securities Company Ltd,128,620.2,79385.6,2025-07-31 14:31:08.279482
2025-07-31,36849,2025073104024187,KPCL,Kumari Securities Private Limited,R.B.B. Securities Company Ltd,100,620.2,62020.0,2025-07-31 14:31:08.279755
2025-07-31,36848,2025073104024188,KPCL,Deevyaa Securities & Stock House Pvt. Ltd,R.B.B. Securities Company Ltd,500,620.2,310100.0,2025-07-31 14:31:08.280023
2025-07-31,36847,2025073104024189,KPCL,Asian Securities Private Ltd.,R.B.B. Securities Company Ltd,353,620.2,218930.6,2025-07-31 14:31:08.280247
2025-07-31,36846,2025073104024190,KPCL,Sajilo Broker Limited,R.B.B. Securities Company Ltd,110,620.2,68222.0,2025-07-31 14:31:08.280516
2025-07-31,35795,2025073104024410,KPCL,Opal Securities Investment (PVT) Ltd.,N.M.B. SECURITIES LIMITED,1000,620.5,620500.0,2025-07-31 14:32:38.158264
2025-07-31,35794,2025073104024411,KPCL,Agrawal Securities (PVT) Ltd.,N.M.B. SECURITIES LIMITED,10,620.3,6203.0,2025-07-31 14:32:38.158390
2025-07-31,35793,2025073104024412,KPCL,Sajilo Broker Limited,N.M.B. SECURITIES LIMITED,390,620.2,241878.0,2025-07-31 14:32:38.158468
2025-07-31,35792,2025073104024413,KPCL,Bhrikuti Stock Broking Co. Pvt. Ltd.,N.M.B. SECURITIES LIMITED,100,620.2,62020.0,2025-07-31 14:32:38.158542
2025-07-31,35791,2025073104024414,KPCL,Linch Stock Market Ltd.,N.M.B. SECURITIES LIMITED,100,620.2,62020.0,2025-07-31 14:32:38.158612
2025-07-31,35790,2025073104024415,KPCL,Creative Securities Pvt Ltd,N.M.B. SECURITIES LIMITED,100,620.2,62020.0,2025-07-31 14:32:38.158685
2025-07-31,35789,2025073104024416,KPCL,Shree Krishna Securities Ltd.,N.M.B. SECURITIES LIMITED,500,620.1,310050.0,2025-07-31 14:32:38.158762
2025-07-31,35788,2025073104024417,KPCL,Imperial Securities Company Pvt. Ltd.,N.M.B. SECURITIES LIMITED,30,620.1,18603.0,2025-07-31 14:32:38.158865
2025-07-31,35787,2025073104024418,KPCL,Aryatara Investment & Securities,N.M.B. SECURITIES LIMITED,500,620.1,310050.0,2025-07-31 14:32:38.158958
2025-07-31,35786,2025073104024419,KPCL,Deevyaa Securities & Stock House Pvt. Ltd,N.M.B. SECURITIES LIMITED,1103,620.1,683970.3,2025-07-31 14:32:38.159033
2025-07-31,35777,2025073104024422,KPCL,Deevyaa Securities & Stock House Pvt. Ltd,Shree Krishna Securities Ltd.,1000,620.1,620100.0,2025-07-31 14:32:39.116142
2025-07-31,34163,2025073104024794,KPCL,Kohinoor Investment & Securities Pvt. Ltd.,Imperial Securities Company Pvt. Ltd.,22,620.6,13653.2,2025-07-31 14:34:25.633404
2025-07-31,34162,2025073104024795,KPCL,Deevyaa Securities & Stock House Pvt. Ltd,Imperial Securities Company Pvt. Ltd.,78,620.1,48367.8,2025-07-31 14:34:25.633518
2025-07-31,33287,2025073104025092,KPCL,Linch Stock Market Ltd.,Sewa Securities Pvt. Ltd.,30,620.2,18606.0,2025-07-31 14:35:28.314531
2025-07-31,33286,2025073104025093,KPCL,Deevyaa Securities & Stock House Pvt. Ltd,Sewa Securities Pvt. Ltd.,460,620.1,285246.0,2025-07-31 14:35:28.314735
2025-07-31,33039,2025073104025157,KPCL,Stoxkarts Securities Limited,Sewa Securities Pvt. Ltd.,10,620.2,6202.0,2025-07-31 14:35:46.386973
2025-07-31,32968,2025073104025194,KPCL,N.M.B. SECURITIES LIMITED,Sri Hari Securities Pvt. Ltd.,21,623.8,13099.8,2025-07-31 14:35:52.496792
2025-07-31,32811,2025073104025242,KPCL,N.M.B. SECURITIES LIMITED,Thrive Brokerage House Pvt. Ltd,50,623.9,31195.0,2025-07-31 14:36:04.521627
2025-07-31,32642,2025073104025280,KPCL,Aryatara Investment & Securities,Market Securities & Exchange (PVT) Ltd.,120,620.3,74436.0,2025-07-31 14:36:16.462611
2025-07-31,32641,2025073104025281,KPCL,Deevyaa Securities & Stock House Pvt. Ltd,Market Securities & Exchange (PVT) Ltd.,1880,620.1,1165788.0,2025-07-31 14:36:16.462674
2025-07-31,32626,2025073104025290,KPCL,Deevyaa Securities & Stock House Pvt. Ltd,Sumeru Securities Pvt. Ltd.,500,620.1,310050.0,2025-07-31 14:36:17.484569
2025-07-31,32313,2025073104025352,KPCL,Deevyaa Securities & Stock House Pvt. Ltd,Vision Securities Pvt. Ltd,705,620.1,437170.5,2025-07-31 14:36:37.001183
2025-07-31,32299,2025073104025354,KPCL,Deevyaa Securities & Stock House Pvt. Ltd,Sumeru Securities Pvt. Ltd.,500,620.1,310050.0,2025-07-31 14:36:37.588521
2025-07-31,32272,2025073104025356,KPCL,Deevyaa Securities & Stock House Pvt. Ltd,Sri Hari Securities Pvt. Ltd.,1000,620.1,620100.0,2025-07-31 14:36:40.467798
2025-07-31,31157,2025073104025624,KPCL,Neev Securities Pvt. Ltd.,Pragyan Securities (PVT) Ltd.,15,620.3,9304.5,2025-07-31 14:38:05.230105
2025-07-31,30064,2025073104025923,KPCL,Neev Securities Pvt. Ltd.,Naasa Securities Co. Ltd.,70,620.3,43421.0,2025-07-31 14:39:32.468237
2025-07-31,29874,2025073104025985,KPCL,Siprabi Securities Pvt. Ltd.,Market Securities & Exchange (PVT) Ltd.,2,615.0,1230.0,2025-07-31 14:39:50.284932
2025-07-31,29485,2025073104026094,KPCL,Neev Securities Pvt. Ltd.,Agrawal Securities (PVT) Ltd.,40,620.3,24812.0,2025-07-31 14:40:22.072378
2025-07-31,29161,2025073104026163,KPCL,Neev Securities Pvt. Ltd.,ABC Securities Private Limited,195,620.3,120958.5,2025-07-31 14:40:51.574447
2025-07-31,28451,2025073104026374,KPCL,Himalayan Brokerage Company Limited,ABC Securities Private Limited,19,620.4,11787.6,2025-07-31 14:41:50.071471
2025-07-31,27648,2025073104026615,KPCL,Bhrikuti Stock Broking Co. Pvt. Ltd.,Kohinoor Investment & Securities Pvt. Ltd.,30,620.5,18615.0,2025-07-31 14:42:51.287671
2025-07-31,27647,2025073104026616,KPCL,Himalayan Brokerage Company Limited,Kohinoor Investment & Securities Pvt. Ltd.,71,620.4,44048.4,2025-07-31 14:42:51.287859
2025-07-31,27646,2025073104026617,KPCL,Naasa Securities Co. Ltd.,Kohinoor Investment & Securities Pvt. Ltd.,10,620.4,6204.0,2025-07-31 14:42:51.287933
2025-07-31,27645,2025073104026618,KPCL,Sewa Securities Pvt. Ltd.,Kohinoor Investment & Securities Pvt. Ltd.,20,620.3,12406.0,2025-07-31 14:42:51.288007
2025-07-31,27644,2025073104026619,KPCL,Stoxkarts Securities Limited,Kohinoor Investment & Securities Pvt. Ltd.,169,620.2,104813.8,2025-07-31 14:42:51.288079
2025-07-31,27476,2025073104026656,KPCL,Stoxkarts Securities Limited,Secured Securities Ltd.,990,620.2,613998.0,2025-07-31 14:43:07.993555
2025-07-31,27387,2025073104026678,KPCL,Stoxkarts Securities Limited,Secured Securities Ltd.,10,620.2,6202.0,2025-07-31 14:43:13.201913
2025-07-31,27386,2025073104026679,KPCL,N.M.B. SECURITIES LIMITED,Investment Management Nepal Pvt. Ltd.,15,623.0,9345.0,2025-07-31 14:43:13.207271
2025-07-31,27218,2025073104026712,KPCL,N.M.B. SECURITIES LIMITED,Prabhu Stock Market Limited,285,624.0,177840.0,2025-07-31 14:43:29.233826
2025-07-31,26456,2025073104026962,KPCL,Nepal Stock House (PVT) Ltd.,Secured Securities Ltd.,10,620.2,6202.0,2025-07-31 14:44:15.409287
2025-07-31,26455,2025073104026963,KPCL,Deevyaa Securities & Stock House Pvt. Ltd,Secured Securities Ltd.,490,620.1,303849.0,2025-07-31 14:44:15.409527
2025-07-31,25644,2025073104027193,KPCL,Aryatara Investment & Securities,Prabhu Stock Market Limited,10,624.0,6240.0,2025-07-31 14:44:58.716484
2025-07-31,25040,2025073104027399,KPCL,Deevyaa Securities & Stock House Pvt. Ltd,Asian Securities Private Ltd.,1010,620.1,626301.0,2025-07-31 14:45:32.883835
2025-07-31,23657,2025073104027735,KPCL,Deevyaa Securities & Stock House Pvt. Ltd,Sri Hari Securities Pvt. Ltd.,1000,620.1,620100.0,2025-07-31 14:46:44.767594
2025-07-31,23546,2025073104027771,KPCL,Deevyaa Securities & Stock House Pvt. Ltd,Prabhu Stock Market Limited,62,620.1,38446.2,2025-07-31 14:46:51.226884
2025-07-31,23191,2025073104027923,KPCL,Deevyaa Securities & Stock House Pvt. Ltd,Prabhu Stock Market Limited,212,620.1,131461.2,2025-07-31 14:47:07.268362
2025-07-31,23190,2025073104027924,KPCL,Indira securities pvt. ltd,Prabhu Stock Market Limited,100,620.1,62010.0,2025-07-31 14:47:07.268533
2025-07-31,23189,2025073104027925,KPCL,Stoxkarts Securities Limited,Prabhu Stock Market Limited,67,620.1,41546.7,2025-07-31 14:47:07.268615
2025-07-31,23005,2025073104027985,KPCL,Prabhu Stock Market Limited,Sumeru Securities Pvt. Ltd.,1000,620.2,620200.0,2025-07-31 14:47:17.881581
2025-07-31,22474,2025073104028189,KPCL,Kalika Securities Pvt. Ltd.,Asian Securities Private Ltd.,136,621.0,84456.0,2025-07-31 14:47:37.778855
2025-07-31,22473,2025073104028190,KPCL,Stoxkarts Securities Limited,Asian Securities Private Ltd.,94,620.1,58289.4,2025-07-31 14:47:37.779010
2025-07-31,21599,2025073104028415,KPCL,Vision Securities Pvt. Ltd,INDEX SECURITIES LIMITED,126,620.2,78145.2,2025-07-31 14:48:16.278676
2025-07-31,21598,2025073104028416,KPCL,Neev Securities Pvt. Ltd.,INDEX SECURITIES LIMITED,20,620.2,12404.0,2025-07-31 14:48:16.278830
2025-07-31,21597,2025073104028417,KPCL,Stoxkarts Securities Limited,INDEX SECURITIES LIMITED,254,620.1,157505.4,2025-07-31 14:48:16.278901
2025-07-31,21595,2025073104028418,KPCL,Stoxkarts Securities Limited,Sri Hari Securities Pvt. Ltd.,1706,620.1,1057890.6,2025-07-31 14:48:16.577407
2025-07-31,21594,2025073104028419,KPCL,Naasa Securities Co. Ltd.,Sri Hari Securities Pvt. Ltd.,294,620.0,182280.0,2025-07-31 14:48:16.577582
2025-07-31,20921,2025073104028578,KPCL,Naasa Securities Co. Ltd.,Market Securities & Exchange (PVT) Ltd.,500,620.0,310000.0,2025-07-31 14:48:44.070621
2025-07-31,20764,2025073104028614,KPCL,Naasa Securities Co. Ltd.,Kohinoor Investment & Securities Pvt. Ltd.,1450,620.0,899000.0,2025-07-31 14:48:52.797672
2025-07-31,19583,2025073104028966,KPCL,S.P.S.A. Securities Limited,Elite Stock House Limited,300,622.0,186600.0,2025-07-31 14:49:39.097369
2025-07-31,19582,2025073104028967,KPCL,Vision Securities Pvt. Ltd,Elite Stock House Limited,100,620.1,62010.0,2025-07-31 14:49:39.097517
2025-07-31,19581,2025073104028968,KPCL,Kohinoor Investment & Securities Pvt. Ltd.,Elite Stock House Limited,20,620.0,12400.0,2025-07-31 14:49:39.097582
2025-07-31,19580,2025073104028969,KPCL,Opal Securities Investment (PVT) Ltd.,Elite Stock House Limited,580,620.0,359600.0,2025-07-31 14:49:39.097645
2025-07-31,19399,2025073104029015,KPCL,Opal Securities Investment (PVT) Ltd.,Naasa Securities Co. Ltd.,420,620.0,260400.0,2025-07-31 14:49:47.433270
2025-07-31,19398,2025073104029016,KPCL,Imperial Securities Company Pvt. Ltd.,Naasa Securities Co. Ltd.,50,620.0,31000.0,2025-07-31 14:49:47.433514
2025-07-31,19397,2025073104029017,KPCL,Sani Securities Company Ltd.,Naasa Securities Co. Ltd.,20000,620.0,12400000.0,2025-07-31 14:49:47.433586
2025-07-31,19396,2025073104029018,KPCL,Vision Securities Pvt. Ltd,Naasa Securities Co. Ltd.,50,620.0,31000.0,2025-07-31 14:49:47.433646
2025-07-31,19395,2025073104029019,KPCL,Aryatara Investment & Securities,Naasa Securities Co. Ltd.,70,620.0,43400.0,2025-07-31 14:49:47.433710
2025-07-31,19394,2025073104029020,KPCL,Deevyaa Securities & Stock House Pvt. Ltd,Naasa Securities Co. Ltd.,600,620.0,372000.0,2025-07-31 14:49:47.433801
2025-07-31,19201,2025073104029071,KPCL,Nagarik Stock Dealer ,Naasa Securities Co. Ltd.,90,620.0,55800.0,2025-07-31 14:49:54.878969
2025-07-31,18864,2025073104029152,KPCL,Naasa Securities Co. Ltd.,Capital Max Securities Ltd,55,619.0,34045.0,2025-07-31 14:50:07.886626
2025-07-31,18863,2025073104029153,KPCL,Kumari Securities Private Limited,Capital Max Securities Ltd,100,619.0,61900.0,2025-07-31 14:50:07.886668
2025-07-31,18862,2025073104029154,KPCL,Kohinoor Investment & Securities Pvt. Ltd.,Capital Max Securities Ltd,20,618.2,12364.0,2025-07-31 14:50:07.886698
2025-07-31,18861,2025073104029155,KPCL,Opal Securities Investment (PVT) Ltd.,Capital Max Securities Ltd,3825,618.1,2364232.5,2025-07-31 14:50:07.886732
2025-07-31,18370,2025073104029268,KPCL,Opal Securities Investment (PVT) Ltd.,Prabhu Stock Market Limited,198,618.1,122383.8,2025-07-31 14:50:31.614909
2025-07-31,18235,2025073104029316,KPCL,Opal Securities Investment (PVT) Ltd.,Elite Stock House Limited,977,618.1,603883.7,2025-07-31 14:50:37.252118
2025-07-31,18234,2025073104029317,KPCL,Sharepro Securities Private Limited,Elite Stock House Limited,23,618.0,14214.0,2025-07-31 14:50:37.252275
2025-07-31,18075,2025073104029412,KPCL,Sharepro Securities Private Limited,Property Wiard Limited,177,618.0,109386.0,2025-07-31 14:50:43.352319
2025-07-31,18074,2025073104029413,KPCL,Aryatara Investment & Securities,Property Wiard Limited,100,618.0,61800.0,2025-07-31 14:50:43.352387
2025-07-31,18073,2025073104029414,KPCL,Bhrikuti Stock Broking Co. Pvt. Ltd.,Property Wiard Limited,20,618.0,12360.0,2025-07-31 14:50:43.352418
2025-07-31,18072,2025073104029415,KPCL,Kalika Securities Pvt. Ltd.,Property Wiard Limited,10,617.4,6174.0,2025-07-31 14:50:43.352447
2025-07-31,18071,2025073104029416,KPCL,Market Securities & Exchange (PVT) Ltd.,Property Wiard Limited,88,617.4,54331.2,2025-07-31 14:50:43.352476
2025-07-31,17340,2025073104029553,KPCL,N.M.B. SECURITIES LIMITED,Naasa Securities Co. Ltd.,400,620.0,248000.0,2025-07-31 14:51:13.980849
2025-07-31,16772,2025073104029693,KPCL,Market Securities & Exchange (PVT) Ltd.,Trishakti Securities Public Limited,50,618.0,30900.0,2025-07-31 14:51:36.838969
2025-07-31,16771,2025073104029694,KPCL,Vision Securities Pvt. Ltd,Trishakti Securities Public Limited,94,617.5,58045.0,2025-07-31 14:51:36.839267
2025-07-31,16770,2025073104029695,KPCL,Market Securities & Exchange (PVT) Ltd.,Trishakti Securities Public Limited,412,617.4,254368.8,2025-07-31 14:51:36.839465
2025-07-31,16769,2025073104029696,KPCL,Garima Securities Limited,Trishakti Securities Public Limited,200,616.0,123200.0,2025-07-31 14:51:36.839658
2025-07-31,16768,2025073104029697,KPCL,Kohinoor Investment & Securities Pvt. Ltd.,Trishakti Securities Public Limited,100,616.0,61600.0,2025-07-31 14:51:36.839828
2025-07-31,16767,2025073104029698,KPCL,Siprabi Securities Pvt. Ltd.,Trishakti Securities Public Limited,30,616.0,18480.0,2025-07-31 14:51:36.840003
2025-07-31,16766,2025073104029699,KPCL,Garima Securities Limited,Trishakti Securities Public Limited,100,615.1,61510.0,2025-07-31 14:51:36.840169
2025-07-31,16765,2025073104029700,KPCL,South Asian Bulls Pvt. Ltd.,Trishakti Securities Public Limited,14,615.1,8611.4,2025-07-31 14:51:36.840347
2025-07-31,16428,2025073104029773,KPCL,South Asian Bulls Pvt. Ltd.,Citizens Share Broker Limited,186,615.1,114408.6,2025-07-31 14:51:50.082571
2025-07-31,16427,2025073104029774,KPCL,Ashutosh Brokerage & Securities (PVT) Ltd.,Citizens Share Broker Limited,50,615.0,30750.0,2025-07-31 14:51:50.082732
2025-07-31,16426,2025073104029775,KPCL,J.F. Securites (PVT) Ltd.,Citizens Share Broker Limited,100,615.0,61500.0,2025-07-31 14:51:50.082800
2025-07-31,16425,2025073104029776,KPCL,Sani Securities Company Ltd.,Citizens Share Broker Limited,50,615.0,30750.0,2025-07-31 14:51:50.082857
2025-07-31,16424,2025073104029777,KPCL,Imperial Securities Company Pvt. Ltd.,Citizens Share Broker Limited,114,615.0,70110.0,2025-07-31 14:51:50.082915
2025-07-31,16031,2025073104029884,KPCL,Imperial Securities Company Pvt. Ltd.,Citizens Share Broker Limited,86,615.0,52890.0,2025-07-31 14:52:08.161943
2025-07-31,15918,2025073104029902,KPCL,Kohinoor Investment & Securities Pvt. Ltd.,Pragyan Securities (PVT) Ltd.,174,615.0,107010.0,2025-07-31 14:52:13.752222
2025-07-31,15226,2025073104030090,KPCL,Shree Krishna Securities Ltd.,Capital Max Securities Ltd,50,617.5,30875.0,2025-07-31 14:52:35.851205
2025-07-31,14633,2025073104030265,KPCL,Kohinoor Investment & Securities Pvt. Ltd.,Imperial Securities Company Pvt. Ltd.,37,615.0,22755.0,2025-07-31 14:52:58.559938
2025-07-31,13967,2025073104030462,KPCL,Kohinoor Investment & Securities Pvt. Ltd.,Capital Max Securities Ltd,668,615.0,410820.0,2025-07-31 14:53:23.908449
2025-07-31,13966,2025073104030463,KPCL,Shree Krishna Securities Ltd.,Capital Max Securities Ltd,32,615.0,19680.0,2025-07-31 14:53:23.908636
2025-07-31,12737,2025073104030842,KPCL,Kohinoor Investment & Securities Pvt. Ltd.,Premier Securities Company Ltd.,13,615.1,7996.3,2025-07-31 14:54:09.433781
2025-07-31,12736,2025073104030843,KPCL,Shree Krishna Securities Ltd.,Premier Securities Company Ltd.,368,615.0,226320.0,2025-07-31 14:54:09.433965
2025-07-31,12735,2025073104030844,KPCL,Imperial Securities Company Pvt. Ltd.,Premier Securities Company Ltd.,119,615.0,73185.0,2025-07-31 14:54:09.434027
2025-07-31,12076,2025073104031082,KPCL,Imperial Securities Company Pvt. Ltd.,Premier Securities Company Ltd.,11,615.0,6765.0,2025-07-31 14:54:35.792660
2025-07-31,12075,2025073104031083,KPCL,J.F. Securites (PVT) Ltd.,Premier Securities Company Ltd.,10,615.0,6150.0,2025-07-31 14:54:35.792953
2025-07-31,12074,2025073104031084,KPCL,Imperial Securities Company Pvt. Ltd.,Premier Securities Company Ltd.,200,615.0,123000.0,2025-07-31 14:54:35.793170
2025-07-31,12073,2025073104031085,KPCL,Trisul Securities & Invt. Ltd.,Premier Securities Company Ltd.,200,615.0,123000.0,2025-07-31 14:54:35.793427
2025-07-31,12072,2025073104031086,KPCL,Deevyaa Securities & Stock House Pvt. Ltd,Premier Securities Company Ltd.,30,615.0,18450.0,2025-07-31 14:54:35.793672
2025-07-31,12071,2025073104031087,KPCL,Sri Hari Securities Pvt. Ltd.,Premier Securities Company Ltd.,49,615.0,30135.0,2025-07-31 14:54:35.793828
2025-07-31,11925,2025073104031130,KPCL,Sri Hari Securities Pvt. Ltd.,Sewa Securities Pvt. Ltd.,51,615.0,31365.0,2025-07-31 14:54:40.321175
2025-07-31,11716,2025073104031208,KPCL,Kumari Securities Private Limited,Sani Securities Company Ltd.,50,615.0,30750.0,2025-07-31 14:54:50.795503
2025-07-31,10346,2025073104031603,KPCL,Imperial Securities Company Pvt. Ltd.,Vision Securities Pvt. Ltd,17,614.0,10438.0,2025-07-31 14:55:38.753621
2025-07-31,10197,2025073104031625,KPCL,Imperial Securities Company Pvt. Ltd.,Aryatara Investment & Securities,83,614.0,50962.0,2025-07-31 14:55:44.009513
2025-07-31,10196,2025073104031626,KPCL,Sewa Securities Pvt. Ltd.,Aryatara Investment & Securities,50,614.0,30700.0,2025-07-31 14:55:44.009829
2025-07-31,10195,2025073104031627,KPCL,Kohinoor Investment & Securities Pvt. Ltd.,Aryatara Investment & Securities,20,613.1,12262.0,2025-07-31 14:55:44.010092
2025-07-31,10194,2025073104031628,KPCL,Trishakti Securities Public Limited,Aryatara Investment & Securities,25,613.0,15325.0,2025-07-31 14:55:44.010358
2025-07-31,10193,2025073104031629,KPCL,Agrawal Securities (PVT) Ltd.,Aryatara Investment & Securities,50,613.0,30650.0,2025-07-31 14:55:44.010595
2025-07-31,10192,2025073104031630,KPCL,Bhrikuti Stock Broking Co. Pvt. Ltd.,Aryatara Investment & Securities,100,613.0,61300.0,2025-07-31 14:55:44.010822
2025-07-31,9714,2025073104031731,KPCL,Capital Max Securities Ltd,Premier Securities Company Ltd.,500,612.9,306450.0,2025-07-31 14:56:03.043788
2025-07-31,9399,2025073104031841,KPCL,Neev Securities Pvt. Ltd.,Premier Securities Company Ltd.,120,612.9,73548.0,2025-07-31 14:56:13.927294
2025-07-31,9398,2025073104031842,KPCL,Neev Securities Pvt. Ltd.,Aryatara Investment & Securities,880,613.0,539440.0,2025-07-31 14:56:13.927461
2025-07-31,9121,2025073104031918,KPCL,Linch Stock Market Ltd.,Sewa Securities Pvt. Ltd.,11,612.7,6739.7,2025-07-31 14:56:23.147600
2025-07-31,8897,2025073104031973,KPCL,Imperial Securities Company Pvt. Ltd.,Aryatara Investment & Securities,80,612.0,48960.0,2025-07-31 14:56:31.259739
2025-07-31,8896,2025073104031974,KPCL,Ashutosh Brokerage & Securities (PVT) Ltd.,Aryatara Investment & Securities,50,612.0,30600.0,2025-07-31 14:56:31.260025
2025-07-31,8895,2025073104031975,KPCL,Sajilo Broker Limited,Aryatara Investment & Securities,500,612.0,306000.0,2025-07-31 14:56:31.260191
2025-07-31,8894,2025073104031976,KPCL,Kohinoor Investment & Securities Pvt. Ltd.,Aryatara Investment & Securities,10,611.8,6118.0,2025-07-31 14:56:31.260391
2025-07-31,8893,2025073104031977,KPCL,Kohinoor Investment & Securities Pvt. Ltd.,Aryatara Investment & Securities,100,611.7,61170.0,2025-07-31 14:56:31.260561
2025-07-31,8892,2025073104031978,KPCL,South Asian Bulls Pvt. Ltd.,Aryatara Investment & Securities,52,611.1,31777.2,2025-07-31 14:56:31.260719
2025-07-31,8808,2025073104032009,KPCL,Hatemalo Financial Services Private Limited,Siprabi Securities Pvt. Ltd.,100,613.0,61300.0,2025-07-31 14:56:34.838641
2025-07-31,7509,2025073104032375,KPCL,Elite Stock House Limited,Nabil Stock Dealer Ltd.,14,613.1,8583.4,2025-07-31 14:57:17.091087
2025-07-31,6554,2025073104032617,KPCL,Trishakti Securities Public Limited,Dynamic Money Managers Securities Pvt. Ltd.,100,613.2,61320.0,2025-07-31 14:57:43.626006
2025-07-31,6553,2025073104032618,KPCL,Elite Stock House Limited,Dynamic Money Managers Securities Pvt. Ltd.,280,613.1,171668.0,2025-07-31 14:57:43.626182
2025-07-31,5681,2025073104032895,KPCL,Neev Securities Pvt. Ltd.,Sundhara Securities Limited,420,613.3,257586.0,2025-07-31 14:58:11.749147
2025-07-31,5546,2025073104032942,KPCL,Neev Securities Pvt. Ltd.,Stoxkarts Securities Limited,80,613.3,49064.0,2025-07-31 14:58:15.640585
2025-07-31,5545,2025073104032943,KPCL,Neev Securities Pvt. Ltd.,Stoxkarts Securities Limited,500,613.3,306650.0,2025-07-31 14:58:15.640734
2025-07-31,5544,2025073104032944,KPCL,Hatemalo Financial Services Private Limited,Stoxkarts Securities Limited,226,613.0,138538.0,2025-07-31 14:58:15.640802
2025-07-31,5543,2025073104032945,KPCL,Aryatara Investment & Securities,Stoxkarts Securities Limited,50,613.0,30650.0,2025-07-31 14:58:15.640860
2025-07-31,4719,2025073104033184,KPCL,Kohinoor Investment & Securities Pvt. Ltd.,Stoxkarts Securities Limited,80,613.0,49040.0,2025-07-31 14:58:36.289193
2025-07-31,4426,2025073104033269,KPCL,Kohinoor Investment & Securities Pvt. Ltd.,Imperial Securities Company Pvt. Ltd.,10,612.1,6121.0,2025-07-31 14:58:43.294208
2025-07-31,4425,2025073104033270,KPCL,Property Wiard Limited,Imperial Securities Company Pvt. Ltd.,42,612.0,25704.0,2025-07-31 14:58:43.294363
2025-07-31,4199,2025073104033320,KPCL,Kalika Securities Pvt. Ltd.,Stoxkarts Securities Limited,64,613.0,39232.0,2025-07-31 14:58:47.910347
2025-07-31,4198,2025073104033321,KPCL,Kalika Securities Pvt. Ltd.,Aryatara Investment & Securities,36,613.0,22068.0,2025-07-31 14:58:47.910487
2025-07-31,3912,2025073104033411,KPCL,Aryatara Investment & Securities,Aryatara Investment & Securities,64,613.0,39232.0,2025-07-31 14:58:55.214124
2025-07-31,2561,2025073104033824,KPCL,Aryatara Investment & Securities,Stoxkarts Securities Limited,36,613.0,22068.0,2025-07-31 14:59:21.805895
2025-07-31,2560,2025073104033825,KPCL,Property Wiard Limited,Stoxkarts Securities Limited,276,612.0,168912.0,2025-07-31 14:59:21.806027
2025-07-31,2559,2025073104033826,KPCL,Bhrikuti Stock Broking Co. Pvt. Ltd.,Stoxkarts Securities Limited,10,612.0,6120.0,2025-07-31 14:59:21.806083
2025-07-31,2558,2025073104033827,KPCL,Naasa Securities Co. Ltd.,Stoxkarts Securities Limited,10,612.0,6120.0,2025-07-31 14:59:21.806147
2025-07-31,2223,2025073104033950,KPCL,Sani Securities Company Ltd.,Stoxkarts Securities Limited,100,612.0,61200.0,2025-07-31 14:59:26.818618
2025-07-31,1999,2025073104034008,KPCL,Agrawal Securities (PVT) Ltd.,Stoxkarts Securities Limited,200,612.0,122400.0,2025-07-31 14:59:29.874824
2025-07-31,1906,2025073104034027,KPCL,Opal Securities Investment (PVT) Ltd.,Stoxkarts Securities Limited,500,612.0,306000.0,2025-07-31 14:59:31.578742
2025-07-31,1539,2025073104034141,KPCL,Capital Max Securities Ltd,Kohinoor Investment & Securities Pvt. Ltd.,200,611.9,122380.0,2025-07-31 14:59:37.049592
2025-07-31,1538,2025073104034142,KPCL,Kohinoor Investment & Securities Pvt. Ltd.,Kohinoor Investment & Securities Pvt. Ltd.,10,611.2,6112.0,2025-07-31 14:59:37.049633
2025-07-31,1537,2025073104034143,KPCL,South Asian Bulls Pvt. Ltd.,Kohinoor Investment & Securities Pvt. Ltd.,148,611.1,90442.8,2025-07-31 14:59:37.049660
2025-07-31,1536,2025073104034144,KPCL,Opal Securities Investment (PVT) Ltd.,Kohinoor Investment & Securities Pvt. Ltd.,25,611.1,15277.5,2025-07-31 14:59:37.049683
2025-07-31,1535,2025073104034145,KPCL,Market Securities & Exchange (PVT) Ltd.,Kohinoor Investment & Securities Pvt. Ltd.,100,611.1,61110.0,2025-07-31 14:59:37.049711
2025-07-31,1534,2025073104034146,KPCL,Sani Securities Company Ltd.,Kohinoor Investment & Securities Pvt. Ltd.,110,611.1,67221.0,2025-07-31 14:59:37.049738
2025-07-31,1533,2025073104034147,KPCL,Imperial Securities Company Pvt. Ltd.,Kohinoor Investment & Securities Pvt. Ltd.,200,611.0,122200.0,2025-07-31 14:59:37.049763
2025-07-31,1532,2025073104034148,KPCL,Ashutosh Brokerage & Securities (PVT) Ltd.,Kohinoor Investment & Securities Pvt. Ltd.,20,611.0,12220.0,2025-07-31 14:59:37.049788
2025-07-31,1531,2025073104034149,KPCL,Cristal Kanchanjanga Securites Pvt. Ltd.,Kohinoor Investment & Securities Pvt. Ltd.,187,611.0,114257.0,2025-07-31 14:59:37.049815
2025-07-31,93,2025073104034582,KPCL,Cristal Kanchanjanga Securites Pvt. Ltd.,Prabhu Stock Market Limited,1500,611.0,916500.0,2025-07-31 14:59:58.741483
2025-07-31,76,2025073104034588,KPCL,Cristal Kanchanjanga Securites Pvt. Ltd.,Sani Securities Company Ltd.,290,611.0,177190.0,2025-07-31 14:59:58.938753
