Date,S.N.,contract_id,symbol,buyer_broker,seller_broker,volume,price,amount,transaction_time
2025-07-31,168293,2025073101000054,NABIL,Kalika Securities Pvt. Ltd.,Dynamic Money Managers Securities Pvt. Ltd.,40,540.1,21604.0,2025-07-31 11:00:56.824886
2025-07-31,168292,2025073101000055,NABIL,Nepal Investment And Securities Trading Private Limited,Dynamic Money Managers Securities Pvt. Ltd.,80,540.0,43200.0,2025-07-31 11:00:56.825006
2025-07-31,167617,2025073101000206,NABIL,Imperial Securities Company Pvt. Ltd.,J.F. Securites (PVT) Ltd.,10,545.0,5450.0,2025-07-31 11:02:34.080569
2025-07-31,165659,2025073101000827,NABIL,Asian Securities Private Ltd.,Nepal Investment And Securities Trading Private Limited,61,545.0,33245.0,2025-07-31 11:06:04.274407
2025-07-31,165658,2025073101000828,NABIL,Asian Securities Private Ltd.,Kalika Securities Pvt. Ltd.,400,548.0,219200.0,2025-07-31 11:06:04.274507
2025-07-31,165618,2025073101000841,NABIL,Asian Securities Private Ltd.,Vision Securities Pvt. Ltd,13,548.0,7124.0,2025-07-31 11:06:07.879745
2025-07-31,165503,2025073101000879,NABIL,Asian Securities Private Ltd.,Sundhara Securities Limited,10,548.0,5480.0,2025-07-31 11:06:16.228004
2025-07-31,165478,2025073101000888,NABIL,Asian Securities Private Ltd.,Opal Securities Investment (PVT) Ltd.,80,548.0,43840.0,2025-07-31 11:06:18.611974
2025-07-31,164934,2025073101001083,NABIL,Asian Securities Private Ltd.,Sani Securities Company Ltd.,36,548.0,19728.0,2025-07-31 11:07:14.548034
2025-07-31,164791,2025073101001134,NABIL,Asian Securities Private Ltd.,Sani Securities Company Ltd.,418,548.0,229064.0,2025-07-31 11:07:25.591227
2025-07-31,164790,2025073101001135,NABIL,Asian Securities Private Ltd.,Malla & Malla Stock Broking Company Pvt. Limited,82,548.2,44952.4,2025-07-31 11:07:25.591333
2025-07-31,164578,2025073101001188,NABIL,Market Securities & Exchange (PVT) Ltd.,Dipshikha Dhitopatra Karobar Co. Pvt Ltd.,10,543.1,5431.0,2025-07-31 11:07:42.576331
2025-07-31,164172,2025073101001321,NABIL,Market Securities & Exchange (PVT) Ltd.,Nabil Stock Dealer Ltd.,10,542.1,5421.0,2025-07-31 11:08:21.886229
2025-07-31,164171,2025073101001322,NABIL,Midas Stock Broking Company Private Limited,Nabil Stock Dealer Ltd.,100,542.0,54200.0,2025-07-31 11:08:21.886451
2025-07-31,163921,2025073101001424,NABIL,Kohinoor Investment & Securities Pvt. Ltd.,Nabil Stock Dealer Ltd.,45,542.0,24390.0,2025-07-31 11:08:47.011240
2025-07-31,163860,2025073101001444,NABIL,Imperial Securities Company Pvt. Ltd.,Secured Securities Ltd.,60,542.0,32520.0,2025-07-31 11:08:51.045472
2025-07-31,163722,2025073101001477,NABIL,Kumari Securities Private Limited,Aryatara Investment & Securities,50,541.1,27055.0,2025-07-31 11:09:02.694101
2025-07-31,163721,2025073101001478,NABIL,Neev Securities Pvt. Ltd.,Aryatara Investment & Securities,29,541.0,15689.0,2025-07-31 11:09:02.694223
2025-07-31,163584,2025073101001521,NABIL,Imperial Securities Company Pvt. Ltd.,Secured Securities Ltd.,40,542.0,21680.0,2025-07-31 11:09:15.480483
2025-07-31,163559,2025073101001531,NABIL,Neev Securities Pvt. Ltd.,Kumari Securities Private Limited,11,541.0,5951.0,2025-07-31 11:09:17.361471
2025-07-31,163558,2025073101001532,NABIL,Sani Securities Company Ltd.,Kumari Securities Private Limited,30,541.0,16230.0,2025-07-31 11:09:17.361578
2025-07-31,163153,2025073101001672,NABIL,Sani Securities Company Ltd.,Online Securities Pvt. Ltd.,28,541.0,15148.0,2025-07-31 11:09:51.922715
2025-07-31,161950,2025073101002094,NABIL,Imperial Securities Company Pvt. Ltd.,Secured Securities Ltd.,20,543.0,10860.0,2025-07-31 11:11:28.490145
2025-07-31,161690,2025073101002183,NABIL,Sani Securities Company Ltd.,Sani Securities Company Ltd.,142,541.0,76822.0,2025-07-31 11:11:47.223953
2025-07-31,161276,2025073101002322,NABIL,South Asian Bulls Pvt. Ltd.,Naasa Securities Co. Ltd.,153,541.1,82788.3,2025-07-31 11:12:18.138304
2025-07-31,160880,2025073101002469,NABIL,Dipshikha Dhitopatra Karobar Co. Pvt Ltd.,Nabil Stock Dealer Ltd.,3,542.0,1626.0,2025-07-31 11:12:53.579596
2025-07-31,160789,2025073101002501,NABIL,South Asian Bulls Pvt. Ltd.,Siprabi Securities Pvt. Ltd.,26,541.1,14068.6,2025-07-31 11:13:01.691994
2025-07-31,160742,2025073101002519,NABIL,South Asian Bulls Pvt. Ltd.,Dipshikha Dhitopatra Karobar Co. Pvt Ltd.,10,541.1,5411.0,2025-07-31 11:13:05.644490
2025-07-31,160219,2025073101002659,NABIL,Kohinoor Investment & Securities Pvt. Ltd.,Siprabi Securities Pvt. Ltd.,45,542.0,24390.0,2025-07-31 11:13:48.272084
2025-07-31,158984,2025073101003012,NABIL,South Asian Bulls Pvt. Ltd.,Sri Hari Securities Pvt. Ltd.,11,541.1,5952.1,2025-07-31 11:15:20.534987
2025-07-31,158983,2025073101003013,NABIL,Secured Securities Ltd.,Sri Hari Securities Pvt. Ltd.,189,541.0,102249.0,2025-07-31 11:15:20.535304
2025-07-31,158970,2025073101003021,NABIL,Secured Securities Ltd.,Trishakti Securities Public Limited,11,541.0,5951.0,2025-07-31 11:15:22.598458
2025-07-31,158750,2025073101003096,NABIL,Imperial Securities Company Pvt. Ltd.,Trishakti Securities Public Limited,189,541.0,102249.0,2025-07-31 11:15:40.737529
2025-07-31,158276,2025073101003248,NABIL,Dynamic Money Managers Securities Pvt. Ltd.,Miyo Securities Pvt Ltd,20,541.0,10820.0,2025-07-31 11:16:17.400569
2025-07-31,157715,2025073101003451,NABIL,Imperial Securities Company Pvt. Ltd.,Sewa Securities Pvt. Ltd.,10,541.1,5411.0,2025-07-31 11:16:53.552265
2025-07-31,157641,2025073101003473,NABIL,Imperial Securities Company Pvt. Ltd.,Nepal Investment And Securities Trading Private Limited,10,541.1,5411.0,2025-07-31 11:16:58.553737
2025-07-31,156617,2025073101003781,NABIL,Imperial Securities Company Pvt. Ltd.,Naasa Securities Co. Ltd.,10,542.0,5420.0,2025-07-31 11:18:06.555758
2025-07-31,156443,2025073101003829,NABIL,Imperial Securities Company Pvt. Ltd.,Ashutosh Brokerage & Securities (PVT) Ltd.,80,541.4,43312.0,2025-07-31 11:18:18.714999
2025-07-31,156021,2025073101003998,NABIL,Imperial Securities Company Pvt. Ltd.,Sani Securities Company Ltd.,10,541.4,5414.0,2025-07-31 11:18:52.436140
2025-07-31,155842,2025073101004047,NABIL,Imperial Securities Company Pvt. Ltd.,Oxford Securities Pvt. Ltd.,145,542.0,78590.0,2025-07-31 11:19:03.360066
2025-07-31,155707,2025073101004088,NABIL,Trisul Securities & Invt. Ltd.,Nagarik Stock Dealer ,500,543.5,271750.0,2025-07-31 11:19:14.996263
2025-07-31,155291,2025073101004255,NABIL,Sundhara Securities Limited,Nagarik Stock Dealer ,41,543.5,22283.5,2025-07-31 11:19:48.661519
2025-07-31,155001,2025073101004352,NABIL,Himalayan Securities Limited,Nagarik Stock Dealer ,10,543.5,5435.0,2025-07-31 11:20:06.965470
2025-07-31,154667,2025073101004487,NABIL,Aryatara Investment & Securities,Nagarik Stock Dealer ,85,543.5,46197.5,2025-07-31 11:20:30.840762
2025-07-31,154666,2025073101004488,NABIL,Aryatara Investment & Securities,Naasa Securities Co. Ltd.,10,543.5,5435.0,2025-07-31 11:20:30.840941
2025-07-31,154386,2025073101004616,NABIL,Nepal Stock House (PVT) Ltd.,Global IME Securities Limited,100,543.9,54390.0,2025-07-31 11:20:55.377044
2025-07-31,154152,2025073101004724,NABIL,Aryatara Investment & Securities,Global IME Securities Limited,28,543.9,15229.2,2025-07-31 11:21:15.412374
2025-07-31,154151,2025073101004725,NABIL,Aryatara Investment & Securities,Sumeru Securities Pvt. Ltd.,72,544.0,39168.0,2025-07-31 11:21:15.412563
2025-07-31,153955,2025073101004797,NABIL,Imperial Securities Company Pvt. Ltd.,Sumeru Securities Pvt. Ltd.,100,544.0,54400.0,2025-07-31 11:21:27.699104
2025-07-31,153940,2025073101004802,NABIL,Vision Securities Pvt. Ltd,Sumeru Securities Pvt. Ltd.,261,544.0,141984.0,2025-07-31 11:21:28.692411
2025-07-31,152520,2025073101005346,NABIL,Naasa Securities Co. Ltd.,Thrive Brokerage House Pvt. Ltd,18,543.0,9774.0,2025-07-31 11:23:28.456356
2025-07-31,152460,2025073101005366,NABIL,Trishakti Securities Public Limited,Kumari Securities Private Limited,200,543.1,108620.0,2025-07-31 11:23:34.362083
2025-07-31,152459,2025073101005367,NABIL,Neev Securities Pvt. Ltd.,Kumari Securities Private Limited,100,543.0,54300.0,2025-07-31 11:23:34.362125
2025-07-31,152458,2025073101005368,NABIL,Imperial Securities Company Pvt. Ltd.,Kumari Securities Private Limited,80,542.1,43368.0,2025-07-31 11:23:34.362146
2025-07-31,152457,2025073101005369,NABIL,South Asian Bulls Pvt. Ltd.,Kumari Securities Private Limited,1000,542.1,542100.0,2025-07-31 11:23:34.362171
2025-07-31,152456,2025073101005370,NABIL,Aryatara Investment & Securities,Kumari Securities Private Limited,40,542.0,21680.0,2025-07-31 11:23:34.362198
2025-07-31,152455,2025073101005371,NABIL,Linch Stock Market Ltd.,Kumari Securities Private Limited,40,542.0,21680.0,2025-07-31 11:23:34.362238
2025-07-31,152454,2025073101005372,NABIL,Kumari Securities Private Limited,Kumari Securities Private Limited,540,542.0,292680.0,2025-07-31 11:23:34.362267
2025-07-31,152126,2025073101005502,NABIL,J.F. Securites (PVT) Ltd.,Naasa Securities Co. Ltd.,10,543.0,5430.0,2025-07-31 11:24:01.292950
2025-07-31,152098,2025073101005514,NABIL,Aryatara Investment & Securities,Trishakti Securities Public Limited,65,543.9,35353.5,2025-07-31 11:24:05.611324
2025-07-31,151715,2025073101005683,NABIL,Kumari Securities Private Limited,Naasa Securities Co. Ltd.,10,542.0,5420.0,2025-07-31 11:24:50.819861
2025-07-31,151308,2025073101005812,NABIL,Kumari Securities Private Limited,Online Securities Pvt. Ltd.,38,542.0,20596.0,2025-07-31 11:25:25.229052
2025-07-31,148827,2025073101006912,NABIL,Premier Securities Company Ltd.,Naasa Securities Co. Ltd.,10,543.0,5430.0,2025-07-31 11:27:59.137916
2025-07-31,148826,2025073101006913,NABIL,Nepal Investment And Securities Trading Private Limited,Naasa Securities Co. Ltd.,19,542.6,10309.4,2025-07-31 11:27:59.137959
2025-07-31,148030,2025073101007242,NABIL,Dakshinkali Investment & Securities Pvt. Ltd.,Sani Securities Company Ltd.,250,543.8,135950.0,2025-07-31 11:28:52.649272
2025-07-31,147789,2025073101007332,NABIL,Nepal Investment And Securities Trading Private Limited,Oxford Securities Pvt. Ltd.,15,542.6,8139.0,2025-07-31 11:29:05.748016
2025-07-31,147685,2025073101007377,NABIL,Imperial Securities Company Pvt. Ltd.,Sani Securities Company Ltd.,40,543.8,21752.0,2025-07-31 11:29:13.778200
2025-07-31,147164,2025073101007599,NABIL,Nepal Investment And Securities Trading Private Limited,Nepal Stock House (PVT) Ltd.,10,542.6,5426.0,2025-07-31 11:29:51.447205
2025-07-31,146561,2025073101007911,NABIL,Nepal Investment And Securities Trading Private Limited,Prabhu Stock Market Limited,156,542.6,84645.6,2025-07-31 11:30:38.758274
2025-07-31,146375,2025073101007986,NABIL,Kohinoor Investment & Securities Pvt. Ltd.,Dipshikha Dhitopatra Karobar Co. Pvt Ltd.,100,542.5,54250.0,2025-07-31 11:30:49.992558
2025-07-31,146076,2025073101008140,NABIL,Nepal Investment And Securities Trading Private Limited,Cristal Kanchanjanga Securites Pvt. Ltd.,50,542.1,27105.0,2025-07-31 11:31:08.749290
2025-07-31,145361,2025073101008434,NABIL,Trishakti Securities Public Limited,Prabhu Stock Market Limited,30,543.7,16311.0,2025-07-31 11:32:00.861637
2025-07-31,145059,2025073101008564,NABIL,Nepal Investment And Securities Trading Private Limited,Global IME Securities Limited,60,542.1,32526.0,2025-07-31 11:32:20.488906
2025-07-31,145058,2025073101008565,NABIL,Kumari Securities Private Limited,Global IME Securities Limited,40,542.0,21680.0,2025-07-31 11:32:20.489423
2025-07-31,144620,2025073101008754,NABIL,Kumari Securities Private Limited,Sri Hari Securities Pvt. Ltd.,130,542.0,70460.0,2025-07-31 11:32:47.797217
2025-07-31,143905,2025073101009024,NABIL,Kumari Securities Private Limited,Sewa Securities Pvt. Ltd.,160,542.0,86720.0,2025-07-31 11:33:32.227948
2025-07-31,143879,2025073101009038,NABIL,Kumari Securities Private Limited,Primo Securities (PVT) Ltd.,82,542.0,44444.0,2025-07-31 11:33:34.040596
2025-07-31,143878,2025073101009039,NABIL,Vision Securities Pvt. Ltd,Primo Securities (PVT) Ltd.,112,542.0,60704.0,2025-07-31 11:33:34.040823
2025-07-31,143877,2025073101009040,NABIL,Cristal Kanchanjanga Securites Pvt. Ltd.,Primo Securities (PVT) Ltd.,150,542.0,81300.0,2025-07-31 11:33:34.040933
2025-07-31,143876,2025073101009041,NABIL,Naasa Securities Co. Ltd.,Primo Securities (PVT) Ltd.,200,542.0,108400.0,2025-07-31 11:33:34.041056
2025-07-31,143875,2025073101009042,NABIL,Primo Securities (PVT) Ltd.,Primo Securities (PVT) Ltd.,20,542.0,10840.0,2025-07-31 11:33:34.041159
2025-07-31,143694,2025073101009140,NABIL,SUN SECURITIES PVT LTD,Sani Securities Company Ltd.,20,542.0,10840.0,2025-07-31 11:33:51.237730
2025-07-31,143693,2025073101009141,NABIL,Sani Securities Company Ltd.,Sani Securities Company Ltd.,500,542.0,271000.0,2025-07-31 11:33:51.238220
2025-07-31,143692,2025073101009142,NABIL,Imperial Securities Company Pvt. Ltd.,Sani Securities Company Ltd.,190,542.0,102980.0,2025-07-31 11:33:51.238527
2025-07-31,143147,2025073101009384,NABIL,Imperial Securities Company Pvt. Ltd.,Nepal Investment And Securities Trading Private Limited,50,542.0,27100.0,2025-07-31 11:34:34.182118
2025-07-31,142545,2025073101009659,NABIL,Imperial Securities Company Pvt. Ltd.,Kumari Securities Private Limited,20,542.0,10840.0,2025-07-31 11:35:10.681893
2025-07-31,142407,2025073101009747,NABIL,Imperial Securities Company Pvt. Ltd.,Kohinoor Investment & Securities Pvt. Ltd.,261,542.0,141462.0,2025-07-31 11:35:22.384966
2025-07-31,142406,2025073101009748,NABIL,Naasa Securities Co. Ltd.,Kohinoor Investment & Securities Pvt. Ltd.,25,542.0,13550.0,2025-07-31 11:35:22.385214
2025-07-31,142405,2025073101009749,NABIL,Sundhara Securities Limited,Kohinoor Investment & Securities Pvt. Ltd.,10,542.0,5420.0,2025-07-31 11:35:22.385318
2025-07-31,141943,2025073101009998,NABIL,Asian Securities Private Ltd.,Agrawal Securities (PVT) Ltd.,10,541.5,5415.0,2025-07-31 11:35:46.686280
2025-07-31,141942,2025073101009999,NABIL,Asian Securities Private Ltd.,Agrawal Securities (PVT) Ltd.,27,541.5,14620.5,2025-07-31 11:35:46.686417
2025-07-31,141353,2025073101010366,NABIL,Asian Securities Private Ltd.,Siprabi Securities Pvt. Ltd.,41,541.5,22201.5,2025-07-31 11:36:31.800802
2025-07-31,141352,2025073101010367,NABIL,Kohinoor Investment & Securities Pvt. Ltd.,Siprabi Securities Pvt. Ltd.,30,541.5,16245.0,2025-07-31 11:36:31.801038
2025-07-31,141351,2025073101010368,NABIL,Vision Securities Pvt. Ltd,Siprabi Securities Pvt. Ltd.,29,541.5,15703.5,2025-07-31 11:36:31.801153
2025-07-31,141041,2025073101010506,NABIL,Dynamic Money Managers Securities Pvt. Ltd.,Kohinoor Investment & Securities Pvt. Ltd.,104,542.0,56368.0,2025-07-31 11:36:54.417092
2025-07-31,141040,2025073101010507,NABIL,Dynamic Money Managers Securities Pvt. Ltd.,Dynamic Money Managers Securities Pvt. Ltd.,876,542.0,474792.0,2025-07-31 11:36:54.417347
2025-07-31,140527,2025073101010787,NABIL,Vision Securities Pvt. Ltd,S.P.S.A. Securities Limited,10,541.5,5415.0,2025-07-31 11:37:37.406874
2025-07-31,140485,2025073101010807,NABIL,Vision Securities Pvt. Ltd,Naasa Securities Co. Ltd.,61,541.5,33031.5,2025-07-31 11:37:40.394875
2025-07-31,140484,2025073101010808,NABIL,Kohinoor Investment & Securities Pvt. Ltd.,Naasa Securities Co. Ltd.,39,541.5,21118.5,2025-07-31 11:37:40.395140
2025-07-31,140108,2025073101011048,NABIL,Kohinoor Investment & Securities Pvt. Ltd.,Sani Securities Company Ltd.,61,541.5,33031.5,2025-07-31 11:38:02.406057
2025-07-31,140107,2025073101011049,NABIL,Nabil Stock Dealer Ltd.,Sani Securities Company Ltd.,10,541.4,5414.0,2025-07-31 11:38:02.406566
2025-07-31,140106,2025073101011050,NABIL,Imperial Securities Company Pvt. Ltd.,Sani Securities Company Ltd.,129,541.2,69814.8,2025-07-31 11:38:02.406914
2025-07-31,139410,2025073101011490,NABIL,Imperial Securities Company Pvt. Ltd.,Opal Securities Investment (PVT) Ltd.,100,541.2,54120.0,2025-07-31 11:38:52.027679
2025-07-31,139041,2025073101011740,NABIL,Imperial Securities Company Pvt. Ltd.,Vision Securities Pvt. Ltd,250,541.2,135300.0,2025-07-31 11:39:14.056717
2025-07-31,138569,2025073101012016,NABIL,Imperial Securities Company Pvt. Ltd.,Sweta Securities Private Limited,21,541.2,11365.2,2025-07-31 11:39:45.470501
2025-07-31,138568,2025073101012017,NABIL,Online Securities Pvt. Ltd.,Sweta Securities Private Limited,3000,541.0,1623000.0,2025-07-31 11:39:45.470740
2025-07-31,138567,2025073101012018,NABIL,Opal Securities Investment (PVT) Ltd.,Sweta Securities Private Limited,12,541.0,6492.0,2025-07-31 11:39:45.470844
2025-07-31,138566,2025073101012019,NABIL,Sani Securities Company Ltd.,Sweta Securities Private Limited,50,541.0,27050.0,2025-07-31 11:39:45.470948
2025-07-31,138565,2025073101012020,NABIL,Sani Securities Company Ltd.,Sweta Securities Private Limited,93,541.0,50313.0,2025-07-31 11:39:45.471056
2025-07-31,138564,2025073101012021,NABIL,Deevyaa Securities & Stock House Pvt. Ltd,Sweta Securities Private Limited,50,541.0,27050.0,2025-07-31 11:39:45.471159
2025-07-31,138563,2025073101012022,NABIL,Creative Securities Pvt Ltd,Sweta Securities Private Limited,20,541.0,10820.0,2025-07-31 11:39:45.471257
2025-07-31,138562,2025073101012023,NABIL,Online Securities Pvt. Ltd.,Sweta Securities Private Limited,20,541.0,10820.0,2025-07-31 11:39:45.471365
2025-07-31,137369,2025073101012739,NABIL,Naasa Securities Co. Ltd.,Sweta Securities Private Limited,10,541.0,5410.0,2025-07-31 11:41:04.668993
2025-07-31,137287,2025073101012781,NABIL,Naasa Securities Co. Ltd.,Imperial Securities Company Pvt. Ltd.,285,540.5,154042.5,2025-07-31 11:41:12.306389
2025-07-31,137274,2025073101012790,NABIL,Naasa Securities Co. Ltd.,Oxford Securities Pvt. Ltd.,600,540.5,324300.0,2025-07-31 11:41:13.813773
2025-07-31,136894,2025073101012972,NABIL,Naasa Securities Co. Ltd.,Investment Management Nepal Pvt. Ltd.,50,540.5,27025.0,2025-07-31 11:41:49.355946
2025-07-31,136085,2025073101013408,NABIL,Naasa Securities Co. Ltd.,Sani Securities Company Ltd.,65,540.5,35132.5,2025-07-31 11:42:47.949996
2025-07-31,136084,2025073101013409,NABIL,Ashutosh Brokerage & Securities (PVT) Ltd.,Sani Securities Company Ltd.,435,540.5,235117.5,2025-07-31 11:42:47.950285
2025-07-31,136023,2025073101013448,NABIL,Ashutosh Brokerage & Securities (PVT) Ltd.,Sani Securities Company Ltd.,25,540.5,13512.5,2025-07-31 11:42:54.030876
2025-07-31,136022,2025073101013449,NABIL,Sani Securities Company Ltd.,Sani Securities Company Ltd.,200,540.2,108040.0,2025-07-31 11:42:54.031388
2025-07-31,136021,2025073101013450,NABIL,K.B.L. Securities Limited ,Sani Securities Company Ltd.,10,540.1,5401.0,2025-07-31 11:42:54.031722
2025-07-31,136020,2025073101013451,NABIL,Nepal Investment And Securities Trading Private Limited,Sani Securities Company Ltd.,265,540.0,143100.0,2025-07-31 11:42:54.032073
2025-07-31,135876,2025073101013506,NABIL,Nepal Investment And Securities Trading Private Limited,Imperial Securities Company Pvt. Ltd.,255,540.0,137700.0,2025-07-31 11:43:08.570094
2025-07-31,135875,2025073101013507,NABIL,Imperial Securities Company Pvt. Ltd.,Imperial Securities Company Pvt. Ltd.,745,540.0,402300.0,2025-07-31 11:43:08.570562
2025-07-31,135325,2025073101013823,NABIL,Imperial Securities Company Pvt. Ltd.,Dipshikha Dhitopatra Karobar Co. Pvt Ltd.,255,540.0,137700.0,2025-07-31 11:43:45.918042
2025-07-31,135324,2025073101013824,NABIL,Nepal Stock House (PVT) Ltd.,Dipshikha Dhitopatra Karobar Co. Pvt Ltd.,15,540.0,8100.0,2025-07-31 11:43:45.918278
2025-07-31,135303,2025073101013837,NABIL,Nepal Stock House (PVT) Ltd.,ABC Securities Private Limited,10,540.0,5400.0,2025-07-31 11:43:49.174085
2025-07-31,135302,2025073101013838,NABIL,Online Securities Pvt. Ltd.,ABC Securities Private Limited,10,540.0,5400.0,2025-07-31 11:43:49.174329
2025-07-31,135301,2025073101013839,NABIL,Opal Securities Investment (PVT) Ltd.,ABC Securities Private Limited,500,540.0,270000.0,2025-07-31 11:43:49.174441
2025-07-31,135300,2025073101013840,NABIL,Ashutosh Brokerage & Securities (PVT) Ltd.,ABC Securities Private Limited,60,540.0,32400.0,2025-07-31 11:43:49.174543
2025-07-31,135299,2025073101013841,NABIL,Kohinoor Investment & Securities Pvt. Ltd.,ABC Securities Private Limited,100,540.0,54000.0,2025-07-31 11:43:49.174645
2025-07-31,135298,2025073101013842,NABIL,Naasa Securities Co. Ltd.,ABC Securities Private Limited,180,540.0,97200.0,2025-07-31 11:43:49.174775
2025-07-31,135297,2025073101013843,NABIL,Indira securities pvt. ltd,ABC Securities Private Limited,100,540.0,54000.0,2025-07-31 11:43:49.174876
2025-07-31,135296,2025073101013844,NABIL,Global IME Securities Limited,ABC Securities Private Limited,10,540.0,5400.0,2025-07-31 11:43:49.174975
2025-07-31,135295,2025073101013845,NABIL,Opal Securities Investment (PVT) Ltd.,ABC Securities Private Limited,30,540.0,16200.0,2025-07-31 11:43:49.175079
2025-07-31,134877,2025073101014053,NABIL,Opal Securities Investment (PVT) Ltd.,Naasa Securities Co. Ltd.,180,540.1,97218.0,2025-07-31 11:44:20.697393
2025-07-31,134605,2025073101014180,NABIL,Trishakti Securities Public Limited,Sweta Securities Private Limited,10,541.0,5410.0,2025-07-31 11:44:46.322532
2025-07-31,134447,2025073101014267,NABIL,Aryatara Investment & Securities,Sweta Securities Private Limited,150,541.0,81150.0,2025-07-31 11:44:57.626842
2025-07-31,134269,2025073101014336,NABIL,Opal Securities Investment (PVT) Ltd.,Naasa Securities Co. Ltd.,20,540.1,10802.0,2025-07-31 11:45:11.268520
2025-07-31,133819,2025073101014475,NABIL,Asian Securities Private Ltd.,Citizens Share Broker Limited,100,540.0,54000.0,2025-07-31 11:45:33.163447
2025-07-31,133730,2025073101014529,NABIL,Asian Securities Private Ltd.,Imperial Securities Company Pvt. Ltd.,300,540.0,162000.0,2025-07-31 11:45:42.633987
2025-07-31,133729,2025073101014530,NABIL,Primo Securities (PVT) Ltd.,Imperial Securities Company Pvt. Ltd.,11,540.0,5940.0,2025-07-31 11:45:42.634254
2025-07-31,133728,2025073101014531,NABIL,Primo Securities (PVT) Ltd.,Imperial Securities Company Pvt. Ltd.,189,540.0,102060.0,2025-07-31 11:45:42.634366
2025-07-31,133702,2025073101014545,NABIL,Primo Securities (PVT) Ltd.,Online Securities Pvt. Ltd.,811,540.0,437940.0,2025-07-31 11:45:45.204039
2025-07-31,133701,2025073101014546,NABIL,Malla & Malla Stock Broking Company Pvt. Limited,Online Securities Pvt. Ltd.,100,540.0,54000.0,2025-07-31 11:45:45.204539
2025-07-31,133700,2025073101014547,NABIL,Kumari Securities Private Limited,Online Securities Pvt. Ltd.,185,540.0,99900.0,2025-07-31 11:45:45.204841
2025-07-31,133699,2025073101014548,NABIL,Shree Krishna Securities Ltd.,Online Securities Pvt. Ltd.,90,540.0,48600.0,2025-07-31 11:45:45.205137
2025-07-31,133698,2025073101014549,NABIL,Cristal Kanchanjanga Securites Pvt. Ltd.,Online Securities Pvt. Ltd.,100,540.0,54000.0,2025-07-31 11:45:45.205422
2025-07-31,133697,2025073101014550,NABIL,Vision Securities Pvt. Ltd,Online Securities Pvt. Ltd.,360,540.0,194400.0,2025-07-31 11:45:45.205699
2025-07-31,133696,2025073101014551,NABIL,Vision Securities Pvt. Ltd,Online Securities Pvt. Ltd.,500,540.0,270000.0,2025-07-31 11:45:45.205980
2025-07-31,133695,2025073101014552,NABIL,Aryatara Investment & Securities,Online Securities Pvt. Ltd.,50,540.0,27000.0,2025-07-31 11:45:45.206261
2025-07-31,133694,2025073101014553,NABIL,Vision Securities Pvt. Ltd,Online Securities Pvt. Ltd.,150,540.0,81000.0,2025-07-31 11:45:45.206538
2025-07-31,133693,2025073101014554,NABIL,Midas Stock Broking Company Private Limited,Online Securities Pvt. Ltd.,100,540.0,54000.0,2025-07-31 11:45:45.206811
2025-07-31,133692,2025073101014555,NABIL,Dipshikha Dhitopatra Karobar Co. Pvt Ltd.,Online Securities Pvt. Ltd.,358,540.0,193320.0,2025-07-31 11:45:45.207091
2025-07-31,133691,2025073101014556,NABIL,Nepal Stock House (PVT) Ltd.,Online Securities Pvt. Ltd.,10,540.0,5400.0,2025-07-31 11:45:45.207358
2025-07-31,133690,2025073101014557,NABIL,Sani Securities Company Ltd.,Online Securities Pvt. Ltd.,495,540.0,267300.0,2025-07-31 11:45:45.207617
2025-07-31,133689,2025073101014558,NABIL,Sundhara Securities Limited,Online Securities Pvt. Ltd.,20,540.0,10800.0,2025-07-31 11:45:45.207879
2025-07-31,133688,2025073101014559,NABIL,Deevyaa Securities & Stock House Pvt. Ltd,Online Securities Pvt. Ltd.,500,540.0,270000.0,2025-07-31 11:45:45.208156
2025-07-31,133687,2025073101014560,NABIL,Cristal Kanchanjanga Securites Pvt. Ltd.,Online Securities Pvt. Ltd.,171,540.0,92340.0,2025-07-31 11:45:45.208416
2025-07-31,133542,2025073101014619,NABIL,Cristal Kanchanjanga Securites Pvt. Ltd.,Imperial Securities Company Pvt. Ltd.,29,540.0,15660.0,2025-07-31 11:45:54.861081
2025-07-31,133541,2025073101014620,NABIL,Ashutosh Brokerage & Securities (PVT) Ltd.,Imperial Securities Company Pvt. Ltd.,100,540.0,54000.0,2025-07-31 11:45:54.861313
2025-07-31,133540,2025073101014621,NABIL,Sumeru Securities Pvt. Ltd.,Imperial Securities Company Pvt. Ltd.,50,540.0,27000.0,2025-07-31 11:45:54.861409
2025-07-31,133539,2025073101014622,NABIL,Imperial Securities Company Pvt. Ltd.,Imperial Securities Company Pvt. Ltd.,100,540.0,54000.0,2025-07-31 11:45:54.861500
2025-07-31,133538,2025073101014623,NABIL,Creative Securities Pvt Ltd,Imperial Securities Company Pvt. Ltd.,20,540.0,10800.0,2025-07-31 11:45:54.861594
2025-07-31,133537,2025073101014624,NABIL,Trishakti Securities Public Limited,Imperial Securities Company Pvt. Ltd.,50,540.0,27000.0,2025-07-31 11:45:54.861687
2025-07-31,133536,2025073101014625,NABIL,Nabil Stock Dealer Ltd.,Imperial Securities Company Pvt. Ltd.,100,540.0,54000.0,2025-07-31 11:45:54.861776
2025-07-31,133535,2025073101014626,NABIL,Sewa Securities Pvt. Ltd.,Imperial Securities Company Pvt. Ltd.,50,540.0,27000.0,2025-07-31 11:45:54.861883
2025-07-31,133534,2025073101014627,NABIL,Opal Securities Investment (PVT) Ltd.,Imperial Securities Company Pvt. Ltd.,1,540.0,540.0,2025-07-31 11:45:54.861964
2025-07-31,133226,2025073101014806,NABIL,Nepal Stock House (PVT) Ltd.,Naasa Securities Co. Ltd.,10,540.0,5400.0,2025-07-31 11:46:08.283015
2025-07-31,132724,2025073101015043,NABIL,Naasa Securities Co. Ltd.,Linch Stock Market Ltd.,10,539.9,5399.0,2025-07-31 11:46:50.173470
2025-07-31,132514,2025073101015193,NABIL,Online Securities Pvt. Ltd.,Naasa Securities Co. Ltd.,30,540.0,16200.0,2025-07-31 11:47:02.054655
2025-07-31,132116,2025073101015425,NABIL,Stoxkarts Securities Limited,Naasa Securities Co. Ltd.,25,540.0,13500.0,2025-07-31 11:47:24.947514
2025-07-31,131981,2025073101015524,NABIL,Siprabi Securities Pvt. Ltd.,Naasa Securities Co. Ltd.,200,540.0,108000.0,2025-07-31 11:47:32.167678
2025-07-31,131221,2025073101015923,NABIL,Aryatara Investment & Securities,Naasa Securities Co. Ltd.,80,540.0,43200.0,2025-07-31 11:48:24.087105
2025-07-31,131196,2025073101015931,NABIL,Naasa Securities Co. Ltd.,Sumeru Securities Pvt. Ltd.,80,539.9,43192.0,2025-07-31 11:48:26.345013
2025-07-31,130882,2025073101016089,NABIL,South Asian Bulls Pvt. Ltd.,Bhrikuti Stock Broking Co. Pvt. Ltd.,100,539.9,53990.0,2025-07-31 11:48:49.811674
2025-07-31,130877,2025073101016091,NABIL,Trishakti Securities Public Limited,Trishakti Securities Public Limited,35,539.9,18896.5,2025-07-31 11:48:50.406546
2025-07-31,130876,2025073101016092,NABIL,Trishakti Securities Public Limited,Naasa Securities Co. Ltd.,65,540.0,35100.0,2025-07-31 11:48:50.406758
2025-07-31,130517,2025073101016229,NABIL,Naasa Securities Co. Ltd.,Trishakti Securities Public Limited,100,539.0,53900.0,2025-07-31 11:49:14.567458
2025-07-31,130516,2025073101016230,NABIL,Nepal Stock House (PVT) Ltd.,Trishakti Securities Public Limited,50,539.0,26950.0,2025-07-31 11:49:14.567908
2025-07-31,130041,2025073101016463,NABIL,Online Securities Pvt. Ltd.,Sumeru Securities Pvt. Ltd.,25,539.0,13475.0,2025-07-31 11:49:52.208520
2025-07-31,129099,2025073101016965,NABIL,Dynamic Money Managers Securities Pvt. Ltd.,Sumeru Securities Pvt. Ltd.,10,539.0,5390.0,2025-07-31 11:50:57.703304
2025-07-31,129060,2025073101016989,NABIL,Imperial Securities Company Pvt. Ltd.,Sumeru Securities Pvt. Ltd.,115,539.0,61985.0,2025-07-31 11:51:00.568676
2025-07-31,129059,2025073101016990,NABIL,Imperial Securities Company Pvt. Ltd.,Asian Securities Private Ltd.,10,539.0,5390.0,2025-07-31 11:51:00.568892
2025-07-31,129058,2025073101016991,NABIL,Imperial Securities Company Pvt. Ltd.,Premier Securities Company Ltd.,500,539.0,269500.0,2025-07-31 11:51:00.568998
2025-07-31,128885,2025073101017107,NABIL,Imperial Securities Company Pvt. Ltd.,Midas Stock Broking Company Private Limited,46,539.0,24794.0,2025-07-31 11:51:10.596081
2025-07-31,128853,2025073101017117,NABIL,Imperial Securities Company Pvt. Ltd.,Vision Securities Pvt. Ltd,134,539.0,72226.0,2025-07-31 11:51:12.946611
2025-07-31,128450,2025073101017292,NABIL,Imperial Securities Company Pvt. Ltd.,Naasa Securities Co. Ltd.,99,539.0,53361.0,2025-07-31 11:51:43.338708
2025-07-31,127546,2025073101017824,NABIL,Imperial Securities Company Pvt. Ltd.,Sumeru Securities Pvt. Ltd.,96,539.0,51744.0,2025-07-31 11:52:37.355349
2025-07-31,126614,2025073101018259,NABIL,KALASH STOCK MARKET PVT. LTD.,Neev Securities Pvt. Ltd.,35,538.1,18833.5,2025-07-31 11:53:50.235174
2025-07-31,125622,2025073101018768,NABIL,Agrawal Securities (PVT) Ltd.,Aryatara Investment & Securities,500,538.5,269250.0,2025-07-31 11:55:04.807881
2025-07-31,125330,2025073101018926,NABIL,Secured Securities Ltd.,Aryatara Investment & Securities,911,538.5,490573.5,2025-07-31 11:55:25.601122
2025-07-31,125127,2025073101019044,NABIL,KALASH STOCK MARKET PVT. LTD.,Sani Securities Company Ltd.,65,538.1,34976.5,2025-07-31 11:55:41.378116
2025-07-31,125126,2025073101019045,NABIL,J.F. Securites (PVT) Ltd.,Sani Securities Company Ltd.,100,538.1,53810.0,2025-07-31 11:55:41.378355
2025-07-31,125111,2025073101019053,NABIL,Primo Securities (PVT) Ltd.,Opal Securities Investment (PVT) Ltd.,150,538.0,80700.0,2025-07-31 11:55:43.531260
2025-07-31,124637,2025073101019279,NABIL,Primo Securities (PVT) Ltd.,Trishakti Securities Public Limited,200,538.0,107600.0,2025-07-31 11:56:29.726129
2025-07-31,124597,2025073101019298,NABIL,Secured Securities Ltd.,Sani Securities Company Ltd.,12,538.1,6457.2,2025-07-31 11:56:33.217617
2025-07-31,124227,2025073101019513,NABIL,Primo Securities (PVT) Ltd.,ABC Securities Private Limited,500,538.0,269000.0,2025-07-31 11:57:02.672716
2025-07-31,124099,2025073101019591,NABIL,Primo Securities (PVT) Ltd.,Naasa Securities Co. Ltd.,80,538.0,43040.0,2025-07-31 11:57:15.741334
2025-07-31,123980,2025073101019650,NABIL,Online Securities Pvt. Ltd.,Aryatara Investment & Securities,50,538.5,26925.0,2025-07-31 11:57:26.812284
2025-07-31,123937,2025073101019666,NABIL,Primo Securities (PVT) Ltd.,ABC Securities Private Limited,70,538.0,37660.0,2025-07-31 11:57:30.866945
2025-07-31,123936,2025073101019667,NABIL,Primo Securities (PVT) Ltd.,ABC Securities Private Limited,387,538.0,208206.0,2025-07-31 11:57:30.867211
2025-07-31,123863,2025073101019697,NABIL,Imperial Securities Company Pvt. Ltd.,Aryatara Investment & Securities,100,538.5,53850.0,2025-07-31 11:57:38.735816
2025-07-31,123657,2025073101019800,NABIL,Aryatara Investment & Securities,Aryatara Investment & Securities,90,538.5,48465.0,2025-07-31 11:57:59.236981
2025-07-31,123619,2025073101019823,NABIL,Nepal Stock House (PVT) Ltd.,Aryatara Investment & Securities,10,538.0,5380.0,2025-07-31 11:58:03.272043
2025-07-31,123618,2025073101019824,NABIL,Nepal Stock House (PVT) Ltd.,Aryatara Investment & Securities,10,538.0,5380.0,2025-07-31 11:58:03.272542
2025-07-31,123617,2025073101019825,NABIL,Imperial Securities Company Pvt. Ltd.,Aryatara Investment & Securities,180,538.0,96840.0,2025-07-31 11:58:03.272935
2025-07-31,123528,2025073101019869,NABIL,Naasa Securities Co. Ltd.,Aryatara Investment & Securities,88,538.5,47388.0,2025-07-31 11:58:12.918705
2025-07-31,123476,2025073101019900,NABIL,Imperial Securities Company Pvt. Ltd.,Linch Stock Market Ltd.,30,538.0,16140.0,2025-07-31 11:58:18.393728
2025-07-31,123287,2025073101020001,NABIL,Imperial Securities Company Pvt. Ltd.,Dynamic Money Managers Securities Pvt. Ltd.,290,538.0,156020.0,2025-07-31 11:58:32.564641
2025-07-31,123286,2025073101020002,NABIL,Kumari Securities Private Limited,Dynamic Money Managers Securities Pvt. Ltd.,100,538.0,53800.0,2025-07-31 11:58:32.564894
2025-07-31,123285,2025073101020003,NABIL,Agrawal Securities (PVT) Ltd.,Dynamic Money Managers Securities Pvt. Ltd.,45,538.0,24210.0,2025-07-31 11:58:32.565009
2025-07-31,123284,2025073101020004,NABIL,Nepal Investment And Securities Trading Private Limited,Dynamic Money Managers Securities Pvt. Ltd.,400,538.0,215200.0,2025-07-31 11:58:32.565130
2025-07-31,122247,2025073101020576,NABIL,Dipshikha Dhitopatra Karobar Co. Pvt Ltd.,Dynamic Money Managers Securities Pvt. Ltd.,100,538.0,53800.0,2025-07-31 11:59:52.612332
2025-07-31,121515,2025073101020929,NABIL,Dipshikha Dhitopatra Karobar Co. Pvt Ltd.,Naasa Securities Co. Ltd.,10,537.9,5379.0,2025-07-31 12:00:49.463579
2025-07-31,120986,2025073101021170,NABIL,Creative Securities Pvt Ltd,Naasa Securities Co. Ltd.,40,537.9,21516.0,2025-07-31 12:01:34.123287
2025-07-31,120900,2025073101021221,NABIL,Himalayan Securities Limited,Online Securities Pvt. Ltd.,20,537.1,10742.0,2025-07-31 12:01:41.276447
2025-07-31,120899,2025073101021222,NABIL,South Asian Bulls Pvt. Ltd.,Online Securities Pvt. Ltd.,148,537.1,79490.8,2025-07-31 12:01:41.276720
2025-07-31,120641,2025073101021342,NABIL,Dipshikha Dhitopatra Karobar Co. Pvt Ltd.,Dynamic Money Managers Securities Pvt. Ltd.,65,538.0,34970.0,2025-07-31 12:02:04.487627
2025-07-31,120640,2025073101021343,NABIL,Dipshikha Dhitopatra Karobar Co. Pvt Ltd.,Thrive Brokerage House Pvt. Ltd,50,538.0,26900.0,2025-07-31 12:02:04.487877
2025-07-31,120639,2025073101021344,NABIL,Dipshikha Dhitopatra Karobar Co. Pvt Ltd.,Oxford Securities Pvt. Ltd.,10,538.0,5380.0,2025-07-31 12:02:04.487990
2025-07-31,120638,2025073101021345,NABIL,Dipshikha Dhitopatra Karobar Co. Pvt Ltd.,Premier Securities Company Ltd.,500,538.0,269000.0,2025-07-31 12:02:04.488108
2025-07-31,120637,2025073101021346,NABIL,Dipshikha Dhitopatra Karobar Co. Pvt Ltd.,Agrawal Securities (PVT) Ltd.,25,538.0,13450.0,2025-07-31 12:02:04.488253
2025-07-31,120598,2025073101021365,NABIL,Dipshikha Dhitopatra Karobar Co. Pvt Ltd.,Sani Securities Company Ltd.,50,538.0,26900.0,2025-07-31 12:02:08.050866
2025-07-31,120212,2025073101021510,NABIL,Dipshikha Dhitopatra Karobar Co. Pvt Ltd.,Sumeru Securities Pvt. Ltd.,100,538.0,53800.0,2025-07-31 12:02:34.755218
2025-07-31,120211,2025073101021511,NABIL,Sewa Securities Pvt. Ltd.,Sumeru Securities Pvt. Ltd.,150,538.0,80700.0,2025-07-31 12:02:34.755782
2025-07-31,120210,2025073101021512,NABIL,South Asian Bulls Pvt. Ltd.,Sumeru Securities Pvt. Ltd.,52,537.1,27929.2,2025-07-31 12:02:34.756182
2025-07-31,120209,2025073101021513,NABIL,Imperial Securities Company Pvt. Ltd.,Sumeru Securities Pvt. Ltd.,522,537.1,280366.2,2025-07-31 12:02:34.756554
2025-07-31,119598,2025073101021769,NABIL,Online Securities Pvt. Ltd.,Sweta Securities Private Limited,22,537.2,11818.4,2025-07-31 12:03:25.214518
2025-07-31,119589,2025073101021771,NABIL,Online Securities Pvt. Ltd.,ABC Securities Private Limited,80,537.2,42976.0,2025-07-31 12:03:25.860923
2025-07-31,119529,2025073101021789,NABIL,Online Securities Pvt. Ltd.,Sani Securities Company Ltd.,28,537.2,15041.6,2025-07-31 12:03:33.084630
2025-07-31,119528,2025073101021790,NABIL,Imperial Securities Company Pvt. Ltd.,Sani Securities Company Ltd.,478,537.1,256733.8,2025-07-31 12:03:33.084914
2025-07-31,119527,2025073101021791,NABIL,Sewa Securities Pvt. Ltd.,Sani Securities Company Ltd.,250,537.0,134250.0,2025-07-31 12:03:33.085074
2025-07-31,119526,2025073101021792,NABIL,Miyo Securities Pvt Ltd,Sani Securities Company Ltd.,100,537.0,53700.0,2025-07-31 12:03:33.085198
2025-07-31,119525,2025073101021793,NABIL,Shree Krishna Securities Ltd.,Sani Securities Company Ltd.,75,537.0,40275.0,2025-07-31 12:03:33.085318
2025-07-31,118966,2025073101022051,NABIL,Shree Krishna Securities Ltd.,Naasa Securities Co. Ltd.,25,537.0,13425.0,2025-07-31 12:04:27.001415
2025-07-31,118965,2025073101022052,NABIL,Trisul Securities & Invt. Ltd.,Naasa Securities Co. Ltd.,10,537.0,5370.0,2025-07-31 12:04:27.001717
2025-07-31,118855,2025073101022093,NABIL,Malla & Malla Stock Broking Company Pvt. Limited,Nepal Stock House (PVT) Ltd.,14,538.0,7532.0,2025-07-31 12:04:38.758810
2025-07-31,118146,2025073101022392,NABIL,Opal Securities Investment (PVT) Ltd.,Aryatara Investment & Securities,63,537.5,33862.5,2025-07-31 12:05:38.876471
2025-07-31,117734,2025073101022609,NABIL,Opal Securities Investment (PVT) Ltd.,Trishakti Securities Public Limited,37,537.5,19887.5,2025-07-31 12:06:17.842001
2025-07-31,117733,2025073101022610,NABIL,Trisul Securities & Invt. Ltd.,Trishakti Securities Public Limited,490,537.0,263130.0,2025-07-31 12:06:17.842366
2025-07-31,117732,2025073101022611,NABIL,Creative Securities Pvt Ltd,Trishakti Securities Public Limited,13,537.0,6981.0,2025-07-31 12:06:17.842602
2025-07-31,117731,2025073101022612,NABIL,Thrive Brokerage House Pvt. Ltd,Trishakti Securities Public Limited,60,537.0,32220.0,2025-07-31 12:06:17.842791
2025-07-31,117497,2025073101022712,NABIL,Thrive Brokerage House Pvt. Ltd,Nepal Stock House (PVT) Ltd.,140,537.0,75180.0,2025-07-31 12:06:39.198615
2025-07-31,117496,2025073101022713,NABIL,Kalika Securities Pvt. Ltd.,Nepal Stock House (PVT) Ltd.,500,537.0,268500.0,2025-07-31 12:06:39.198909
2025-07-31,117495,2025073101022714,NABIL,Dipshikha Dhitopatra Karobar Co. Pvt Ltd.,Nepal Stock House (PVT) Ltd.,200,537.0,107400.0,2025-07-31 12:06:39.199042
2025-07-31,117494,2025073101022715,NABIL,Primo Securities (PVT) Ltd.,Nepal Stock House (PVT) Ltd.,200,537.0,107400.0,2025-07-31 12:06:39.199155
2025-07-31,117493,2025073101022716,NABIL,Aryatara Investment & Securities,Nepal Stock House (PVT) Ltd.,460,537.0,247020.0,2025-07-31 12:06:39.199268
2025-07-31,117338,2025073101022780,NABIL,Aryatara Investment & Securities,Thrive Brokerage House Pvt. Ltd,40,537.0,21480.0,2025-07-31 12:06:50.537871
2025-07-31,117337,2025073101022781,NABIL,Aryatara Investment & Securities,Thrive Brokerage House Pvt. Ltd,100,537.0,53700.0,2025-07-31 12:06:50.538150
2025-07-31,117336,2025073101022782,NABIL,Imperial Securities Company Pvt. Ltd.,Thrive Brokerage House Pvt. Ltd,20,537.0,10740.0,2025-07-31 12:06:50.538265
2025-07-31,117335,2025073101022783,NABIL,Online Securities Pvt. Ltd.,Thrive Brokerage House Pvt. Ltd,99,537.0,53163.0,2025-07-31 12:06:50.538396
2025-07-31,117334,2025073101022784,NABIL,Aryatara Investment & Securities,Thrive Brokerage House Pvt. Ltd,10,537.0,5370.0,2025-07-31 12:06:50.538520
2025-07-31,117333,2025073101022785,NABIL,Sani Securities Company Ltd.,Thrive Brokerage House Pvt. Ltd,102,537.0,54774.0,2025-07-31 12:06:50.538642
2025-07-31,117096,2025073101022906,NABIL,Sri Hari Securities Pvt. Ltd.,Thrive Brokerage House Pvt. Ltd,10,537.0,5370.0,2025-07-31 12:07:09.620268
2025-07-31,116996,2025073101022945,NABIL,Dipshikha Dhitopatra Karobar Co. Pvt Ltd.,Thrive Brokerage House Pvt. Ltd,25,537.0,13425.0,2025-07-31 12:07:22.703803
2025-07-31,116890,2025073101022989,NABIL,Naasa Securities Co. Ltd.,Thrive Brokerage House Pvt. Ltd,235,537.0,126195.0,2025-07-31 12:07:34.738119
2025-07-31,116248,2025073101023321,NABIL,Agrawal Securities (PVT) Ltd.,Imperial Securities Company Pvt. Ltd.,100,536.9,53690.0,2025-07-31 12:08:32.727486
2025-07-31,115548,2025073101023593,NABIL,Dipshikha Dhitopatra Karobar Co. Pvt Ltd.,Online Securities Pvt. Ltd.,10,536.9,5369.0,2025-07-31 12:09:31.183003
2025-07-31,115534,2025073101023601,NABIL,Siprabi Securities Pvt. Ltd.,Online Securities Pvt. Ltd.,230,536.9,123487.0,2025-07-31 12:09:33.028622
2025-07-31,115511,2025073101023607,NABIL,Trishakti Securities Public Limited,ABC Securities Private Limited,28,536.6,15024.8,2025-07-31 12:09:36.566150
2025-07-31,115413,2025073101023655,NABIL,Trishakti Securities Public Limited,Kohinoor Investment & Securities Pvt. Ltd.,72,536.6,38635.2,2025-07-31 12:09:49.165006
2025-07-31,115412,2025073101023656,NABIL,Himalayan Securities Limited,Kohinoor Investment & Securities Pvt. Ltd.,10,536.6,5366.0,2025-07-31 12:09:49.165560
2025-07-31,115345,2025073101023698,NABIL,Agrawal Securities (PVT) Ltd.,Online Securities Pvt. Ltd.,70,536.9,37583.0,2025-07-31 12:09:53.483419
2025-07-31,115280,2025073101023727,NABIL,Naasa Securities Co. Ltd.,Naasa Securities Co. Ltd.,123,536.5,65989.5,2025-07-31 12:10:00.835563
2025-07-31,115020,2025073101023828,NABIL,Agrawal Securities (PVT) Ltd.,Naasa Securities Co. Ltd.,100,536.0,53600.0,2025-07-31 12:10:20.696716
2025-07-31,115019,2025073101023829,NABIL,Naasa Securities Co. Ltd.,Naasa Securities Co. Ltd.,10,536.0,5360.0,2025-07-31 12:10:20.697310
2025-07-31,115018,2025073101023830,NABIL,Naasa Securities Co. Ltd.,Naasa Securities Co. Ltd.,190,536.0,101840.0,2025-07-31 12:10:20.697683
2025-07-31,115017,2025073101023831,NABIL,Primo Securities (PVT) Ltd.,Naasa Securities Co. Ltd.,377,536.0,202072.0,2025-07-31 12:10:20.698038
2025-07-31,114882,2025073101023881,NABIL,Oxford Securities Pvt. Ltd.,Online Securities Pvt. Ltd.,100,536.1,53610.0,2025-07-31 12:10:29.832202
2025-07-31,114253,2025073101024173,NABIL,Kumari Securities Private Limited,Naasa Securities Co. Ltd.,50,536.2,26810.0,2025-07-31 12:11:29.859152
2025-07-31,114043,2025073101024249,NABIL,Sagarmatha Securities Private Limited,Naasa Securities Co. Ltd.,50,536.2,26810.0,2025-07-31 12:11:47.949914
2025-07-31,113556,2025073101024434,NABIL,Oxford Securities Pvt. Ltd.,Sweta Securities Private Limited,100,536.1,53610.0,2025-07-31 12:12:40.396982
2025-07-31,113555,2025073101024435,NABIL,Imperial Securities Company Pvt. Ltd.,Sweta Securities Private Limited,100,536.1,53610.0,2025-07-31 12:12:40.397314
2025-07-31,113267,2025073101024561,NABIL,Primo Securities (PVT) Ltd.,Dipshikha Dhitopatra Karobar Co. Pvt Ltd.,31,536.0,16616.0,2025-07-31 12:13:05.007135
2025-07-31,113029,2025073101024659,NABIL,Primo Securities (PVT) Ltd.,Sharepro Securities Private Limited,200,536.0,107200.0,2025-07-31 12:13:26.404990
2025-07-31,112997,2025073101024677,NABIL,Shree Krishna Securities Ltd.,Sweta Securities Private Limited,100,536.1,53610.0,2025-07-31 12:13:28.911366
2025-07-31,112939,2025073101024701,NABIL,Primo Securities (PVT) Ltd.,Neev Securities Pvt. Ltd.,392,536.0,210112.0,2025-07-31 12:13:33.815475
2025-07-31,112938,2025073101024702,NABIL,Global IME Securities Limited,Neev Securities Pvt. Ltd.,20,536.0,10720.0,2025-07-31 12:13:33.815739
2025-07-31,112937,2025073101024703,NABIL,Aryatara Investment & Securities,Neev Securities Pvt. Ltd.,30,536.0,16080.0,2025-07-31 12:13:33.815867
2025-07-31,112936,2025073101024704,NABIL,Online Securities Pvt. Ltd.,Neev Securities Pvt. Ltd.,100,536.0,53600.0,2025-07-31 12:13:33.815989
2025-07-31,112935,2025073101024705,NABIL,Online Securities Pvt. Ltd.,Neev Securities Pvt. Ltd.,130,536.0,69680.0,2025-07-31 12:13:33.816118
2025-07-31,112934,2025073101024706,NABIL,Creative Securities Pvt Ltd,Neev Securities Pvt. Ltd.,10,536.0,5360.0,2025-07-31 12:13:33.816243
2025-07-31,112933,2025073101024707,NABIL,Agrawal Securities (PVT) Ltd.,Neev Securities Pvt. Ltd.,124,536.0,66464.0,2025-07-31 12:13:33.816369
2025-07-31,112869,2025073101024722,NABIL,Agrawal Securities (PVT) Ltd.,Thrive Brokerage House Pvt. Ltd,15,536.0,8040.0,2025-07-31 12:13:37.986691
2025-07-31,112838,2025073101024725,NABIL,Nepal Investment And Securities Trading Private Limited,Sweta Securities Private Limited,50,536.1,26805.0,2025-07-31 12:13:41.660231
2025-07-31,112742,2025073101024780,NABIL,Nepal Investment And Securities Trading Private Limited,Sweta Securities Private Limited,50,536.1,26805.0,2025-07-31 12:13:49.715417
2025-07-31,112724,2025073101024789,NABIL,Agrawal Securities (PVT) Ltd.,Trisul Securities & Invt. Ltd.,61,536.0,32696.0,2025-07-31 12:13:51.261490
2025-07-31,112723,2025073101024790,NABIL,Naasa Securities Co. Ltd.,Trisul Securities & Invt. Ltd.,10,536.0,5360.0,2025-07-31 12:13:51.261793
2025-07-31,112722,2025073101024791,NABIL,Naasa Securities Co. Ltd.,Trisul Securities & Invt. Ltd.,100,536.0,53600.0,2025-07-31 12:13:51.261913
2025-07-31,112372,2025073101024936,NABIL,Malla & Malla Stock Broking Company Pvt. Limited,Naasa Securities Co. Ltd.,60,535.6,32136.0,2025-07-31 12:14:26.923184
2025-07-31,112371,2025073101024937,NABIL,Imperial Securities Company Pvt. Ltd.,Naasa Securities Co. Ltd.,100,535.6,53560.0,2025-07-31 12:14:26.923230
2025-07-31,112370,2025073101024938,NABIL,Naasa Securities Co. Ltd.,Naasa Securities Co. Ltd.,30,535.5,16065.0,2025-07-31 12:14:26.923256
2025-07-31,112369,2025073101024939,NABIL,South Asian Bulls Pvt. Ltd.,Naasa Securities Co. Ltd.,30,535.5,16065.0,2025-07-31 12:14:26.923283
2025-07-31,112368,2025073101024940,NABIL,Imperial Securities Company Pvt. Ltd.,Naasa Securities Co. Ltd.,80,535.5,42840.0,2025-07-31 12:14:26.923309
2025-07-31,112264,2025073101024988,NABIL,Sagarmatha Securities Private Limited,Trisul Securities & Invt. Ltd.,29,536.0,15544.0,2025-07-31 12:14:36.693953
2025-07-31,111950,2025073101025142,NABIL,Sagarmatha Securities Private Limited,J.F. Securites (PVT) Ltd.,21,536.0,11256.0,2025-07-31 12:15:05.384555
2025-07-31,111789,2025073101025218,NABIL,Sri Hari Securities Pvt. Ltd.,J.F. Securites (PVT) Ltd.,80,536.0,42880.0,2025-07-31 12:15:21.976893
2025-07-31,111723,2025073101025248,NABIL,Secured Securities Ltd.,J.F. Securites (PVT) Ltd.,99,536.0,53064.0,2025-07-31 12:15:29.110448
2025-07-31,111529,2025073101025333,NABIL,Imperial Securities Company Pvt. Ltd.,Miyo Securities Pvt Ltd,73,535.5,39091.5,2025-07-31 12:15:48.586851
2025-07-31,111467,2025073101025369,NABIL,Sagarmatha Securities Private Limited,Sweta Securities Private Limited,50,536.1,26805.0,2025-07-31 12:15:53.061658
2025-07-31,111338,2025073101025407,NABIL,Imperial Securities Company Pvt. Ltd.,Dynamic Money Managers Securities Pvt. Ltd.,62,535.5,33201.0,2025-07-31 12:15:59.005927
2025-07-31,111288,2025073101025427,NABIL,Secured Securities Ltd.,Sweta Securities Private Limited,450,536.1,241245.0,2025-07-31 12:16:03.104221
2025-07-31,111287,2025073101025428,NABIL,Secured Securities Ltd.,Sweta Securities Private Limited,200,536.1,107220.0,2025-07-31 12:16:03.104485
2025-07-31,111286,2025073101025429,NABIL,Secured Securities Ltd.,Naasa Securities Co. Ltd.,399,536.2,213943.8,2025-07-31 12:16:03.104612
2025-07-31,111285,2025073101025430,NABIL,Secured Securities Ltd.,Aryatara Investment & Securities,109,536.2,58445.8,2025-07-31 12:16:03.104734
2025-07-31,111210,2025073101025466,NABIL,Imperial Securities Company Pvt. Ltd.,Siprabi Securities Pvt. Ltd.,100,535.5,53550.0,2025-07-31 12:16:13.062418
2025-07-31,110426,2025073101025755,NABIL,Imperial Securities Company Pvt. Ltd.,Miyo Securities Pvt Ltd,85,535.5,45517.5,2025-07-31 12:17:20.800808
2025-07-31,110425,2025073101025756,NABIL,Agrawal Securities (PVT) Ltd.,Miyo Securities Pvt Ltd,10,535.5,5355.0,2025-07-31 12:17:20.801385
2025-07-31,109773,2025073101026018,NABIL,Sani Securities Company Ltd.,Kohinoor Investment & Securities Pvt. Ltd.,100,535.5,53550.0,2025-07-31 12:18:22.325791
2025-07-31,109606,2025073101026070,NABIL,Naasa Securities Co. Ltd.,Naasa Securities Co. Ltd.,20,535.2,10704.0,2025-07-31 12:18:41.216145
2025-07-31,108975,2025073101026339,NABIL,Naasa Securities Co. Ltd.,Aryatara Investment & Securities,80,535.2,42816.0,2025-07-31 12:19:48.909815
2025-07-31,108669,2025073101026479,NABIL,Nepal Investment And Securities Trading Private Limited,Sani Securities Company Ltd.,10,535.1,5351.0,2025-07-31 12:20:22.856133
2025-07-31,108668,2025073101026480,NABIL,Deevyaa Securities & Stock House Pvt. Ltd,Sani Securities Company Ltd.,90,535.1,48159.0,2025-07-31 12:20:22.856709
2025-07-31,108156,2025073101026721,NABIL,Sweta Securities Private Limited,Aryatara Investment & Securities,30,535.2,16056.0,2025-07-31 12:21:17.216005
2025-07-31,108099,2025073101026740,NABIL,Deevyaa Securities & Stock House Pvt. Ltd,Sewa Securities Pvt. Ltd.,10,535.1,5351.0,2025-07-31 12:21:22.758621
2025-07-31,108079,2025073101026754,NABIL,Deevyaa Securities & Stock House Pvt. Ltd,Opal Securities Investment (PVT) Ltd.,50,535.1,26755.0,2025-07-31 12:21:25.815967
2025-07-31,107970,2025073101026815,NABIL,Deevyaa Securities & Stock House Pvt. Ltd,Imperial Securities Company Pvt. Ltd.,50,535.1,26755.0,2025-07-31 12:21:40.864099
2025-07-31,107946,2025073101026823,NABIL,Dakshinkali Investment & Securities Pvt. Ltd.,Aryatara Investment & Securities,1800,535.2,963360.0,2025-07-31 12:21:44.259174
2025-07-31,107930,2025073101026827,NABIL,Midas Stock Broking Company Private Limited,J.F. Securites (PVT) Ltd.,70,535.1,37457.0,2025-07-31 12:21:46.978726
2025-07-31,107393,2025073101027034,NABIL,Trishakti Securities Public Limited,Aryatara Investment & Securities,100,535.2,53520.0,2025-07-31 12:22:46.159223
2025-07-31,107311,2025073101027062,NABIL,Midas Stock Broking Company Private Limited,Kalika Securities Pvt. Ltd.,30,535.1,16053.0,2025-07-31 12:22:57.007570
2025-07-31,107310,2025073101027063,NABIL,Sri Hari Securities Pvt. Ltd.,Kalika Securities Pvt. Ltd.,30,535.1,16053.0,2025-07-31 12:22:57.007958
2025-07-31,107309,2025073101027064,NABIL,Nepal Stock House (PVT) Ltd.,Kalika Securities Pvt. Ltd.,30,535.0,16050.0,2025-07-31 12:22:57.008160
2025-07-31,107308,2025073101027065,NABIL,Agrawal Securities (PVT) Ltd.,Kalika Securities Pvt. Ltd.,200,535.0,107000.0,2025-07-31 12:22:57.008313
2025-07-31,107307,2025073101027066,NABIL,Vision Securities Pvt. Ltd,Kalika Securities Pvt. Ltd.,60,535.0,32100.0,2025-07-31 12:22:57.008472
2025-07-31,107191,2025073101027113,NABIL,Vision Securities Pvt. Ltd,Asian Securities Private Ltd.,225,535.0,120375.0,2025-07-31 12:23:08.337572
2025-07-31,107054,2025073101027175,NABIL,Vision Securities Pvt. Ltd,Dipshikha Dhitopatra Karobar Co. Pvt Ltd.,15,535.0,8025.0,2025-07-31 12:23:28.310851
2025-07-31,107053,2025073101027176,NABIL,Nepal Stock House (PVT) Ltd.,Dipshikha Dhitopatra Karobar Co. Pvt Ltd.,25,535.0,13375.0,2025-07-31 12:23:28.311100
2025-07-31,107052,2025073101027177,NABIL,Kohinoor Investment & Securities Pvt. Ltd.,Dipshikha Dhitopatra Karobar Co. Pvt Ltd.,136,535.0,72760.0,2025-07-31 12:23:28.311229
2025-07-31,106899,2025073101027241,NABIL,Sri Hari Securities Pvt. Ltd.,Aryatara Investment & Securities,142,535.2,75998.4,2025-07-31 12:23:42.853689
2025-07-31,106898,2025073101027242,NABIL,Sri Hari Securities Pvt. Ltd.,Sharepro Securities Private Limited,200,535.2,107040.0,2025-07-31 12:23:42.854010
2025-07-31,106897,2025073101027243,NABIL,Sri Hari Securities Pvt. Ltd.,Sweta Securities Private Limited,190,535.2,101688.0,2025-07-31 12:23:42.854208
2025-07-31,106736,2025073101027315,NABIL,Sri Hari Securities Pvt. Ltd.,Kohinoor Investment & Securities Pvt. Ltd.,200,535.5,107100.0,2025-07-31 12:24:01.009925
2025-07-31,106488,2025073101027410,NABIL,Sri Hari Securities Pvt. Ltd.,Opal Securities Investment (PVT) Ltd.,18,535.9,9646.2,2025-07-31 12:24:23.524533
2025-07-31,106487,2025073101027411,NABIL,Sri Hari Securities Pvt. Ltd.,Kumari Securities Private Limited,90,536.0,48240.0,2025-07-31 12:24:23.525146
2025-07-31,106486,2025073101027412,NABIL,Sri Hari Securities Pvt. Ltd.,Deevyaa Securities & Stock House Pvt. Ltd,150,536.0,80400.0,2025-07-31 12:24:23.525530
2025-07-31,106188,2025073101027547,NABIL,Sri Hari Securities Pvt. Ltd.,Thrive Brokerage House Pvt. Ltd,10,537.0,5370.0,2025-07-31 12:24:45.704884
2025-07-31,105396,2025073101027906,NABIL,Infinity Securities Limited,Imperial Securities Company Pvt. Ltd.,11,535.6,5891.6,2025-07-31 12:25:47.869866
2025-07-31,105363,2025073101027915,NABIL,Sani Securities Company Ltd.,Capital Max Securities Ltd,10,536.0,5360.0,2025-07-31 12:25:49.842233
2025-07-31,105057,2025073101028049,NABIL,Arun Securities (PVT) Ltd.,Capital Max Securities Ltd,50,536.0,26800.0,2025-07-31 12:26:24.358336
2025-07-31,104734,2025073101028143,NABIL,Infinity Securities Limited,Sani Securities Company Ltd.,20,535.6,10712.0,2025-07-31 12:26:52.548258
2025-07-31,104543,2025073101028218,NABIL,Online Securities Pvt. Ltd.,Opal Securities Investment (PVT) Ltd.,50,535.7,26785.0,2025-07-31 12:27:17.457446
2025-07-31,103635,2025073101028502,NABIL,Secured Securities Ltd.,Imperial Securities Company Pvt. Ltd.,400,535.9,214360.0,2025-07-31 12:28:10.051052
2025-07-31,103540,2025073101028557,NABIL,Secured Securities Ltd.,Imperial Securities Company Pvt. Ltd.,103,535.9,55197.7,2025-07-31 12:28:20.403039
2025-07-31,103363,2025073101028624,NABIL,Secured Securities Ltd.,Capital Max Securities Ltd,164,536.0,87904.0,2025-07-31 12:28:30.816627
2025-07-31,103362,2025073101028625,NABIL,Secured Securities Ltd.,Vision Securities Pvt. Ltd,500,536.0,268000.0,2025-07-31 12:28:30.817327
2025-07-31,103026,2025073101028764,NABIL,Online Securities Pvt. Ltd.,Vision Securities Pvt. Ltd,200,536.0,107200.0,2025-07-31 12:29:07.584723
2025-07-31,102900,2025073101028825,NABIL,Secured Securities Ltd.,Thrive Brokerage House Pvt. Ltd,29,537.0,15573.0,2025-07-31 12:29:19.280764
2025-07-31,102339,2025073101029040,NABIL,Naasa Securities Co. Ltd.,J.F. Securites (PVT) Ltd.,50,536.1,26805.0,2025-07-31 12:30:09.122637
2025-07-31,102205,2025073101029094,NABIL,Naasa Securities Co. Ltd.,Dipshikha Dhitopatra Karobar Co. Pvt Ltd.,90,536.1,48249.0,2025-07-31 12:30:17.825436
2025-07-31,102204,2025073101029095,NABIL,Online Securities Pvt. Ltd.,Dipshikha Dhitopatra Karobar Co. Pvt Ltd.,10,536.0,5360.0,2025-07-31 12:30:17.826008
2025-07-31,102094,2025073101029135,NABIL,Online Securities Pvt. Ltd.,Sweta Securities Private Limited,33,536.0,17688.0,2025-07-31 12:30:29.499971
2025-07-31,102063,2025073101029141,NABIL,Online Securities Pvt. Ltd.,Agrawal Securities (PVT) Ltd.,107,536.0,57352.0,2025-07-31 12:30:32.693932
2025-07-31,102062,2025073101029142,NABIL,Infinity Securities Limited,Agrawal Securities (PVT) Ltd.,169,535.6,90516.4,2025-07-31 12:30:32.694567
2025-07-31,102061,2025073101029143,NABIL,Deevyaa Securities & Stock House Pvt. Ltd,Agrawal Securities (PVT) Ltd.,224,535.5,119952.0,2025-07-31 12:30:32.694986
2025-07-31,101724,2025073101029247,NABIL,Sewa Securities Pvt. Ltd.,Secured Securities Ltd.,100,536.1,53610.0,2025-07-31 12:31:01.512851
2025-07-31,101619,2025073101029305,NABIL,Imperial Securities Company Pvt. Ltd.,Secured Securities Ltd.,50,536.1,26805.0,2025-07-31 12:31:07.903580
2025-07-31,101554,2025073101029336,NABIL,Secured Securities Ltd.,Secured Securities Ltd.,150,536.1,80415.0,2025-07-31 12:31:14.542551
2025-07-31,101553,2025073101029337,NABIL,Secured Securities Ltd.,Sweta Securities Private Limited,42,536.1,22516.2,2025-07-31 12:31:14.542864
2025-07-31,101181,2025073101029498,NABIL,Secured Securities Ltd.,Sani Securities Company Ltd.,293,536.8,157282.4,2025-07-31 12:31:47.394878
2025-07-31,101085,2025073101029546,NABIL,Vision Securities Pvt. Ltd,Thrive Brokerage House Pvt. Ltd,20,537.0,10740.0,2025-07-31 12:31:53.358538
2025-07-31,100825,2025073101029679,NABIL,Imperial Securities Company Pvt. Ltd.,Thrive Brokerage House Pvt. Ltd,50,537.0,26850.0,2025-07-31 12:32:13.140033
2025-07-31,100822,2025073101029681,NABIL,Secured Securities Ltd.,Thrive Brokerage House Pvt. Ltd,50,537.0,26850.0,2025-07-31 12:32:13.259200
2025-07-31,100821,2025073101029682,NABIL,Secured Securities Ltd.,Sanima Securities Limited,10,537.0,5370.0,2025-07-31 12:32:13.259492
2025-07-31,100820,2025073101029683,NABIL,Secured Securities Ltd.,Naasa Securities Co. Ltd.,50,537.0,26850.0,2025-07-31 12:32:13.259684
2025-07-31,100789,2025073101029700,NABIL,Secured Securities Ltd.,Nepal Investment And Securities Trading Private Limited,50,537.0,26850.0,2025-07-31 12:32:18.786252
2025-07-31,100788,2025073101029701,NABIL,Dynamic Money Managers Securities Pvt. Ltd.,Nepal Investment And Securities Trading Private Limited,27,536.5,14485.5,2025-07-31 12:32:18.786579
2025-07-31,100499,2025073101029792,NABIL,Secured Securities Ltd.,Sani Securities Company Ltd.,20,537.9,10758.0,2025-07-31 12:32:45.818411
2025-07-31,100078,2025073101029964,NABIL,Imperial Securities Company Pvt. Ltd.,Sani Securities Company Ltd.,50,537.9,26895.0,2025-07-31 12:33:24.278546
2025-07-31,99491,2025073101030261,NABIL,Dynamic Money Managers Securities Pvt. Ltd.,Nepal Stock House (PVT) Ltd.,73,538.0,39274.0,2025-07-31 12:34:13.233050
2025-07-31,99472,2025073101030274,NABIL,Secured Securities Ltd.,Nepal Stock House (PVT) Ltd.,13,538.0,6994.0,2025-07-31 12:34:15.602076
2025-07-31,99471,2025073101030275,NABIL,Secured Securities Ltd.,Trisul Securities & Invt. Ltd.,20,538.0,10760.0,2025-07-31 12:34:15.602442
2025-07-31,99113,2025073101030402,NABIL,Bhrikuti Stock Broking Co. Pvt. Ltd.,Cristal Kanchanjanga Securites Pvt. Ltd.,60,540.0,32400.0,2025-07-31 12:34:45.765460
2025-07-31,98732,2025073101030547,NABIL,Online Securities Pvt. Ltd.,Cristal Kanchanjanga Securites Pvt. Ltd.,440,540.0,237600.0,2025-07-31 12:35:17.613067
2025-07-31,98731,2025073101030548,NABIL,Online Securities Pvt. Ltd.,Deevyaa Securities & Stock House Pvt. Ltd,200,540.0,108000.0,2025-07-31 12:35:17.613403
2025-07-31,98730,2025073101030549,NABIL,Online Securities Pvt. Ltd.,South Asian Bulls Pvt. Ltd.,500,540.0,270000.0,2025-07-31 12:35:17.613550
2025-07-31,98729,2025073101030550,NABIL,Online Securities Pvt. Ltd.,Agrawal Securities (PVT) Ltd.,50,540.0,27000.0,2025-07-31 12:35:17.613714
2025-07-31,98728,2025073101030551,NABIL,Online Securities Pvt. Ltd.,Imperial Securities Company Pvt. Ltd.,15,540.0,8100.0,2025-07-31 12:35:17.613876
2025-07-31,98727,2025073101030552,NABIL,Online Securities Pvt. Ltd.,Sri Hari Securities Pvt. Ltd.,95,540.0,51300.0,2025-07-31 12:35:17.614019
2025-07-31,98262,2025073101030800,NABIL,Linch Stock Market Ltd.,Vision Securities Pvt. Ltd,3,537.0,1611.0,2025-07-31 12:35:47.932731
2025-07-31,97877,2025073101030920,NABIL,Secured Securities Ltd.,Agrawal Securities (PVT) Ltd.,100,538.0,53800.0,2025-07-31 12:36:17.728074
2025-07-31,97876,2025073101030921,NABIL,Aryatara Investment & Securities,Agrawal Securities (PVT) Ltd.,100,538.0,53800.0,2025-07-31 12:36:17.728761
2025-07-31,97875,2025073101030922,NABIL,Naasa Securities Co. Ltd.,Agrawal Securities (PVT) Ltd.,200,538.0,107600.0,2025-07-31 12:36:17.729208
2025-07-31,97080,2025073101031189,NABIL,Deevyaa Securities & Stock House Pvt. Ltd,Dipshikha Dhitopatra Karobar Co. Pvt Ltd.,150,537.0,80550.0,2025-07-31 12:37:02.542918
2025-07-31,97079,2025073101031190,NABIL,Oxford Securities Pvt. Ltd.,Dipshikha Dhitopatra Karobar Co. Pvt Ltd.,297,537.0,159489.0,2025-07-31 12:37:02.543292
2025-07-31,96426,2025073101031419,NABIL,Linch Stock Market Ltd.,Primo Securities (PVT) Ltd.,500,537.1,268550.0,2025-07-31 12:38:14.896906
2025-07-31,96425,2025073101031420,NABIL,SHUBHAKAMANA SECURITIES PVT. LTD,Primo Securities (PVT) Ltd.,200,537.0,107400.0,2025-07-31 12:38:14.897261
2025-07-31,96335,2025073101031481,NABIL,J.F. Securites (PVT) Ltd.,Agrawal Securities (PVT) Ltd.,10,538.0,5380.0,2025-07-31 12:38:21.155908
2025-07-31,96314,2025073101031499,NABIL,SHUBHAKAMANA SECURITIES PVT. LTD,Primo Securities (PVT) Ltd.,68,537.0,36516.0,2025-07-31 12:38:22.919610
2025-07-31,96304,2025073101031504,NABIL,SHUBHAKAMANA SECURITIES PVT. LTD,Agrawal Securities (PVT) Ltd.,277,537.0,148749.0,2025-07-31 12:38:24.812158
2025-07-31,96303,2025073101031505,NABIL,Online Securities Pvt. Ltd.,Agrawal Securities (PVT) Ltd.,24,537.0,12888.0,2025-07-31 12:38:24.812510
2025-07-31,96302,2025073101031506,NABIL,Sundhara Securities Limited,Agrawal Securities (PVT) Ltd.,10,537.0,5370.0,2025-07-31 12:38:24.812658
2025-07-31,96104,2025073101031596,NABIL,Oxford Securities Pvt. Ltd.,Agrawal Securities (PVT) Ltd.,203,536.5,108909.5,2025-07-31 12:38:41.008560
2025-07-31,96103,2025073101031597,NABIL,Linch Stock Market Ltd.,Agrawal Securities (PVT) Ltd.,200,536.1,107220.0,2025-07-31 12:38:41.008982
2025-07-31,96102,2025073101031598,NABIL,Linch Stock Market Ltd.,Agrawal Securities (PVT) Ltd.,97,536.0,51992.0,2025-07-31 12:38:41.009284
2025-07-31,95831,2025073101031696,NABIL,Neev Securities Pvt. Ltd.,Agrawal Securities (PVT) Ltd.,100,536.1,53610.0,2025-07-31 12:39:13.250434
2025-07-31,95829,2025073101031697,NABIL,Premier Securities Company Ltd.,Agrawal Securities (PVT) Ltd.,89,536.0,47704.0,2025-07-31 12:39:13.251141
2025-07-31,95737,2025073101031735,NABIL,Premier Securities Company Ltd.,Imperial Securities Company Pvt. Ltd.,10,536.0,5360.0,2025-07-31 12:39:23.806275
2025-07-31,95705,2025073101031747,NABIL,Premier Securities Company Ltd.,Agrawal Securities (PVT) Ltd.,90,536.0,48240.0,2025-07-31 12:39:29.443906
2025-07-31,95578,2025073101031799,NABIL,Sani Securities Company Ltd.,Imperial Securities Company Pvt. Ltd.,15,537.0,8055.0,2025-07-31 12:39:45.264032
2025-07-31,95358,2025073101031891,NABIL,Dynamic Money Managers Securities Pvt. Ltd.,Agrawal Securities (PVT) Ltd.,50,536.9,26845.0,2025-07-31 12:40:09.591892
2025-07-31,95176,2025073101031985,NABIL,Imperial Securities Company Pvt. Ltd.,Agrawal Securities (PVT) Ltd.,450,536.9,241605.0,2025-07-31 12:40:28.979256
2025-07-31,94888,2025073101032105,NABIL,Imperial Securities Company Pvt. Ltd.,Imperial Securities Company Pvt. Ltd.,200,537.0,107400.0,2025-07-31 12:41:08.090680
2025-07-31,94876,2025073101032110,NABIL,Nepal Stock House (PVT) Ltd.,Imperial Securities Company Pvt. Ltd.,385,537.0,206745.0,2025-07-31 12:41:10.520885
2025-07-31,94875,2025073101032111,NABIL,Nepal Stock House (PVT) Ltd.,Oxford Securities Pvt. Ltd.,49,537.0,26313.0,2025-07-31 12:41:10.521272
2025-07-31,94874,2025073101032112,NABIL,Nepal Stock House (PVT) Ltd.,Agrawal Securities (PVT) Ltd.,500,537.0,268500.0,2025-07-31 12:41:10.521421
2025-07-31,94822,2025073101032126,NABIL,Nepal Stock House (PVT) Ltd.,Himalayan Brokerage Company Limited,66,537.0,35442.0,2025-07-31 12:41:16.373103
2025-07-31,94821,2025073101032127,NABIL,Online Securities Pvt. Ltd.,Himalayan Brokerage Company Limited,34,537.0,18258.0,2025-07-31 12:41:16.373493
2025-07-31,94711,2025073101032163,NABIL,Online Securities Pvt. Ltd.,Siprabi Securities Pvt. Ltd.,174,537.0,93438.0,2025-07-31 12:41:28.377195
2025-07-31,94399,2025073101032296,NABIL,Online Securities Pvt. Ltd.,Aryatara Investment & Securities,50,537.0,26850.0,2025-07-31 12:42:05.460638
2025-07-31,94161,2025073101032387,NABIL,Midas Stock Broking Company Private Limited,Midas Stock Broking Company Private Limited,50,538.0,26900.0,2025-07-31 12:42:33.533650
2025-07-31,94000,2025073101032440,NABIL,Online Securities Pvt. Ltd.,Midas Stock Broking Company Private Limited,42,538.0,22596.0,2025-07-31 12:42:50.597125
2025-07-31,93107,2025073101032809,NABIL,Sundhara Securities Limited,Midas Stock Broking Company Private Limited,67,538.0,36046.0,2025-07-31 12:44:25.533450
2025-07-31,92867,2025073101032912,NABIL,Aryatara Investment & Securities,Midas Stock Broking Company Private Limited,22,538.0,11836.0,2025-07-31 12:44:49.457336
2025-07-31,92245,2025073101033112,NABIL,Imperial Securities Company Pvt. Ltd.,Midas Stock Broking Company Private Limited,35,538.0,18830.0,2025-07-31 12:45:57.554151
2025-07-31,92076,2025073101033168,NABIL,Dipshikha Dhitopatra Karobar Co. Pvt Ltd.,Midas Stock Broking Company Private Limited,184,538.0,98992.0,2025-07-31 12:46:15.215643
2025-07-31,92075,2025073101033169,NABIL,Dipshikha Dhitopatra Karobar Co. Pvt Ltd.,Agrawal Securities (PVT) Ltd.,16,538.0,8608.0,2025-07-31 12:46:15.215683
2025-07-31,91251,2025073101033449,NABIL,Aryatara Investment & Securities,Malla & Malla Stock Broking Company Pvt. Limited,100,537.5,53750.0,2025-07-31 12:47:35.237757
2025-07-31,91209,2025073101033458,NABIL,Siprabi Securities Pvt. Ltd.,Dakshinkali Investment & Securities Pvt. Ltd.,10,537.5,5375.0,2025-07-31 12:47:39.694692
2025-07-31,91020,2025073101033542,NABIL,Siprabi Securities Pvt. Ltd.,Naasa Securities Co. Ltd.,75,537.5,40312.5,2025-07-31 12:48:02.474219
2025-07-31,90301,2025073101033810,NABIL,Siprabi Securities Pvt. Ltd.,Premier Securities Company Ltd.,30,537.5,16125.0,2025-07-31 12:49:18.308484
2025-07-31,90044,2025073101033946,NABIL,Capital Max Securities Ltd,Agrawal Securities (PVT) Ltd.,11,538.0,5918.0,2025-07-31 12:49:44.279648
2025-07-31,89883,2025073101034026,NABIL,Online Securities Pvt. Ltd.,Agrawal Securities (PVT) Ltd.,120,538.0,64560.0,2025-07-31 12:50:06.860771
2025-07-31,89690,2025073101034112,NABIL,Deevyaa Securities & Stock House Pvt. Ltd,Agrawal Securities (PVT) Ltd.,353,538.0,189914.0,2025-07-31 12:50:25.138808
2025-07-31,89689,2025073101034113,NABIL,Deevyaa Securities & Stock House Pvt. Ltd,Agrawal Securities (PVT) Ltd.,429,538.0,230802.0,2025-07-31 12:50:25.139149
2025-07-31,89571,2025073101034174,NABIL,Imperial Securities Company Pvt. Ltd.,Agrawal Securities (PVT) Ltd.,20,538.0,10760.0,2025-07-31 12:50:40.090299
2025-07-31,89364,2025073101034306,NABIL,Siprabi Securities Pvt. Ltd.,Kohinoor Investment & Securities Pvt. Ltd.,65,537.5,34937.5,2025-07-31 12:50:58.620177
2025-07-31,88994,2025073101034441,NABIL,Trisul Securities & Invt. Ltd.,Kohinoor Investment & Securities Pvt. Ltd.,25,537.1,13427.5,2025-07-31 12:51:38.869873
2025-07-31,88993,2025073101034442,NABIL,J.F. Securites (PVT) Ltd.,Kohinoor Investment & Securities Pvt. Ltd.,50,537.1,26855.0,2025-07-31 12:51:38.870282
2025-07-31,88850,2025073101034525,NABIL,Sani Securities Company Ltd.,Kohinoor Investment & Securities Pvt. Ltd.,200,537.0,107400.0,2025-07-31 12:51:54.945560
2025-07-31,88849,2025073101034526,NABIL,Sundhara Securities Limited,Kohinoor Investment & Securities Pvt. Ltd.,10,537.0,5370.0,2025-07-31 12:51:54.946298
2025-07-31,88848,2025073101034527,NABIL,Sani Securities Company Ltd.,Kohinoor Investment & Securities Pvt. Ltd.,50,537.0,26850.0,2025-07-31 12:51:54.946810
2025-07-31,88844,2025073101034529,NABIL,Sani Securities Company Ltd.,Sri Hari Securities Pvt. Ltd.,50,537.0,26850.0,2025-07-31 12:51:55.529964
2025-07-31,88663,2025073101034607,NABIL,Online Securities Pvt. Ltd.,Sri Hari Securities Pvt. Ltd.,60,537.0,32220.0,2025-07-31 12:52:20.884821
2025-07-31,87989,2025073101034868,NABIL,J.F. Securites (PVT) Ltd.,Naasa Securities Co. Ltd.,1,530.0,530.0,2025-07-31 12:53:47.001776
2025-07-31,87856,2025073101034915,NABIL,Kohinoor Investment & Securities Pvt. Ltd.,Sani Securities Company Ltd.,86,537.0,46182.0,2025-07-31 12:54:08.036152
2025-07-31,87629,2025073101035037,NABIL,Vision Securities Pvt. Ltd,Agrawal Securities (PVT) Ltd.,50,538.0,26900.0,2025-07-31 12:54:42.342866
2025-07-31,87478,2025073101035103,NABIL,Kohinoor Investment & Securities Pvt. Ltd.,Sri Hari Securities Pvt. Ltd.,10,537.0,5370.0,2025-07-31 12:55:08.786467
2025-07-31,86871,2025073101035340,NABIL,Kohinoor Investment & Securities Pvt. Ltd.,Online Securities Pvt. Ltd.,100,536.5,53650.0,2025-07-31 12:56:19.411827
2025-07-31,86870,2025073101035341,NABIL,Aryatara Investment & Securities,Online Securities Pvt. Ltd.,100,536.1,53610.0,2025-07-31 12:56:19.411868
2025-07-31,86869,2025073101035342,NABIL,Dipshikha Dhitopatra Karobar Co. Pvt Ltd.,Online Securities Pvt. Ltd.,30,536.1,16083.0,2025-07-31 12:56:19.411895
2025-07-31,86251,2025073101035621,NABIL,Dipshikha Dhitopatra Karobar Co. Pvt Ltd.,Sri Hari Securities Pvt. Ltd.,20,536.1,10722.0,2025-07-31 12:57:48.074947
2025-07-31,85726,2025073101035863,NABIL,Premier Securities Company Ltd.,Naasa Securities Co. Ltd.,11,536.0,5896.0,2025-07-31 12:59:12.623953
2025-07-31,85725,2025073101035864,NABIL,Deevyaa Securities & Stock House Pvt. Ltd,Naasa Securities Co. Ltd.,20,536.0,10720.0,2025-07-31 12:59:12.624386
2025-07-31,85724,2025073101035865,NABIL,Aryatara Investment & Securities,Naasa Securities Co. Ltd.,50,536.0,26800.0,2025-07-31 12:59:12.624572
2025-07-31,85566,2025073101035941,NABIL,Sundhara Securities Limited,Neev Securities Pvt. Ltd.,200,536.0,107200.0,2025-07-31 12:59:31.599662
2025-07-31,85565,2025073101035942,NABIL,Sewa Securities Pvt. Ltd.,Neev Securities Pvt. Ltd.,100,536.0,53600.0,2025-07-31 12:59:31.600412
2025-07-31,85564,2025073101035943,NABIL,Malla & Malla Stock Broking Company Pvt. Limited,Neev Securities Pvt. Ltd.,50,536.0,26800.0,2025-07-31 12:59:31.601141
2025-07-31,85242,2025073101036064,NABIL,Malla & Malla Stock Broking Company Pvt. Limited,Trisul Securities & Invt. Ltd.,150,536.0,80400.0,2025-07-31 13:00:17.746260
2025-07-31,85241,2025073101036065,NABIL,Thrive Brokerage House Pvt. Ltd,Trisul Securities & Invt. Ltd.,50,536.0,26800.0,2025-07-31 13:00:17.747071
2025-07-31,85218,2025073101036067,NABIL,Kohinoor Investment & Securities Pvt. Ltd.,Vision Securities Pvt. Ltd,2,537.0,1074.0,2025-07-31 13:00:18.460487
2025-07-31,84772,2025073101036264,NABIL,Thrive Brokerage House Pvt. Ltd,Agrawal Securities (PVT) Ltd.,100,537.0,53700.0,2025-07-31 13:01:16.488758
2025-07-31,83905,2025073101036595,NABIL,Oxford Securities Pvt. Ltd.,Premier Securities Company Ltd.,37,536.1,19835.7,2025-07-31 13:03:28.352618
2025-07-31,83723,2025073101036681,NABIL,Oxford Securities Pvt. Ltd.,Opal Securities Investment (PVT) Ltd.,163,536.1,87384.3,2025-07-31 13:03:59.403036
2025-07-31,83241,2025073101036889,NABIL,Thrive Brokerage House Pvt. Ltd,Sewa Securities Pvt. Ltd.,20,536.0,10720.0,2025-07-31 13:05:22.964918
2025-07-31,83162,2025073101036928,NABIL,Thrive Brokerage House Pvt. Ltd,Agrawal Securities (PVT) Ltd.,30,536.0,16080.0,2025-07-31 13:05:35.921440
2025-07-31,83161,2025073101036929,NABIL,Naasa Securities Co. Ltd.,Agrawal Securities (PVT) Ltd.,20,536.0,10720.0,2025-07-31 13:05:35.922271
2025-07-31,83160,2025073101036930,NABIL,Imperial Securities Company Pvt. Ltd.,Agrawal Securities (PVT) Ltd.,20,536.0,10720.0,2025-07-31 13:05:35.922821
2025-07-31,83159,2025073101036931,NABIL,Kohinoor Investment & Securities Pvt. Ltd.,Agrawal Securities (PVT) Ltd.,14,536.0,7504.0,2025-07-31 13:05:35.923420
2025-07-31,83158,2025073101036932,NABIL,Deevyaa Securities & Stock House Pvt. Ltd,Agrawal Securities (PVT) Ltd.,200,536.0,107200.0,2025-07-31 13:05:35.923969
2025-07-31,83157,2025073101036933,NABIL,Thrive Brokerage House Pvt. Ltd,Agrawal Securities (PVT) Ltd.,13,536.0,6968.0,2025-07-31 13:05:35.924543
2025-07-31,83156,2025073101036934,NABIL,Thrive Brokerage House Pvt. Ltd,Agrawal Securities (PVT) Ltd.,50,536.0,26800.0,2025-07-31 13:05:35.925161
2025-07-31,83155,2025073101036935,NABIL,Online Securities Pvt. Ltd.,Agrawal Securities (PVT) Ltd.,50,536.0,26800.0,2025-07-31 13:05:35.925750
2025-07-31,82694,2025073101037116,NABIL,Himalayan Brokerage Company Limited,Agrawal Securities (PVT) Ltd.,40,536.0,21440.0,2025-07-31 13:06:36.334953
2025-07-31,82693,2025073101037117,NABIL,Shree Krishna Securities Ltd.,Agrawal Securities (PVT) Ltd.,90,536.0,48240.0,2025-07-31 13:06:36.335763
2025-07-31,82692,2025073101037118,NABIL,Dipshikha Dhitopatra Karobar Co. Pvt Ltd.,Agrawal Securities (PVT) Ltd.,35,536.0,18760.0,2025-07-31 13:06:36.336335
2025-07-31,82662,2025073101037133,NABIL,Cristal Kanchanjanga Securites Pvt. Ltd.,Opal Securities Investment (PVT) Ltd.,100,535.8,53580.0,2025-07-31 13:06:44.029543
2025-07-31,82661,2025073101037134,NABIL,Deevyaa Securities & Stock House Pvt. Ltd,Opal Securities Investment (PVT) Ltd.,100,535.8,53580.0,2025-07-31 13:06:44.029590
2025-07-31,82627,2025073101037138,NABIL,Secured Securities Ltd.,Agrawal Securities (PVT) Ltd.,30,536.0,16080.0,2025-07-31 13:06:45.391314
2025-07-31,82586,2025073101037149,NABIL,Neev Securities Pvt. Ltd.,Agrawal Securities (PVT) Ltd.,100,536.0,53600.0,2025-07-31 13:06:53.285290
2025-07-31,81830,2025073101037428,NABIL,Oxford Securities Pvt. Ltd.,Opal Securities Investment (PVT) Ltd.,50,535.9,26795.0,2025-07-31 13:08:38.668834
2025-07-31,81829,2025073101037429,NABIL,J.F. Securites (PVT) Ltd.,Opal Securities Investment (PVT) Ltd.,200,535.9,107180.0,2025-07-31 13:08:38.668887
2025-07-31,81828,2025073101037430,NABIL,Deevyaa Securities & Stock House Pvt. Ltd,Opal Securities Investment (PVT) Ltd.,100,535.8,53580.0,2025-07-31 13:08:38.668913
2025-07-31,81442,2025073101037589,NABIL,J.F. Securites (PVT) Ltd.,Agrawal Securities (PVT) Ltd.,100,536.0,53600.0,2025-07-31 13:09:38.380185
2025-07-31,80845,2025073101037807,NABIL,Midas Stock Broking Company Private Limited,Agrawal Securities (PVT) Ltd.,18,536.0,9648.0,2025-07-31 13:11:03.524864
2025-07-31,80812,2025073101037821,NABIL,Naasa Securities Co. Ltd.,Agrawal Securities (PVT) Ltd.,87,536.0,46632.0,2025-07-31 13:11:10.793478
2025-07-31,80811,2025073101037822,NABIL,Naasa Securities Co. Ltd.,Premier Securities Company Ltd.,13,536.0,6968.0,2025-07-31 13:11:10.793870
2025-07-31,80719,2025073101037847,NABIL,Sewa Securities Pvt. Ltd.,Premier Securities Company Ltd.,19,536.0,10184.0,2025-07-31 13:11:20.409428
2025-07-31,80680,2025073101037873,NABIL,Kohinoor Investment & Securities Pvt. Ltd.,Premier Securities Company Ltd.,10,536.0,5360.0,2025-07-31 13:11:25.582019
2025-07-31,80124,2025073101038116,NABIL,Primo Securities (PVT) Ltd.,Premier Securities Company Ltd.,20,536.0,10720.0,2025-07-31 13:12:46.018117
2025-07-31,80123,2025073101038117,NABIL,Primo Securities (PVT) Ltd.,South Asian Bulls Pvt. Ltd.,100,536.0,53600.0,2025-07-31 13:12:46.018556
2025-07-31,80122,2025073101038118,NABIL,Primo Securities (PVT) Ltd.,Naasa Securities Co. Ltd.,150,536.0,80400.0,2025-07-31 13:12:46.018750
2025-07-31,78905,2025073101038630,NABIL,Dynamic Money Managers Securities Pvt. Ltd.,Kumari Securities Private Limited,100,536.0,53600.0,2025-07-31 13:15:17.345320
2025-07-31,78861,2025073101038645,NABIL,Kumari Securities Private Limited,Kumari Securities Private Limited,69,536.0,36984.0,2025-07-31 13:15:24.507618
2025-07-31,78438,2025073101038800,NABIL,Trishakti Securities Public Limited,Opal Securities Investment (PVT) Ltd.,37,536.1,19835.7,2025-07-31 13:16:20.800196
2025-07-31,78192,2025073101038877,NABIL,Trishakti Securities Public Limited,Kohinoor Investment & Securities Pvt. Ltd.,13,536.1,6969.3,2025-07-31 13:16:47.566881
2025-07-31,78191,2025073101038878,NABIL,Agrawal Securities (PVT) Ltd.,Kohinoor Investment & Securities Pvt. Ltd.,37,536.1,19835.7,2025-07-31 13:16:47.567970
2025-07-31,77802,2025073101039017,NABIL,Agrawal Securities (PVT) Ltd.,Investment Management Nepal Pvt. Ltd.,45,536.1,24124.5,2025-07-31 13:17:25.704948
2025-07-31,77594,2025073101039091,NABIL,Agrawal Securities (PVT) Ltd.,Secured Securities Ltd.,18,536.1,9649.8,2025-07-31 13:17:44.490677
2025-07-31,77593,2025073101039092,NABIL,Kumari Securities Private Limited,Secured Securities Ltd.,31,536.0,16616.0,2025-07-31 13:17:44.491098
2025-07-31,77592,2025073101039093,NABIL,Naasa Securities Co. Ltd.,Secured Securities Ltd.,100,536.0,53600.0,2025-07-31 13:17:44.491315
2025-07-31,77591,2025073101039094,NABIL,Hatemalo Financial Services Private Limited,Secured Securities Ltd.,920,536.0,493120.0,2025-07-31 13:17:44.491538
2025-07-31,77590,2025073101039095,NABIL,Sani Securities Company Ltd.,Secured Securities Ltd.,250,536.0,134000.0,2025-07-31 13:17:44.491742
2025-07-31,77589,2025073101039096,NABIL,Imperial Securities Company Pvt. Ltd.,Secured Securities Ltd.,264,536.0,141504.0,2025-07-31 13:17:44.491936
2025-07-31,77217,2025073101039209,NABIL,Primo Securities (PVT) Ltd.,Secured Securities Ltd.,200,536.9,107380.0,2025-07-31 13:18:33.355555
2025-07-31,77176,2025073101039221,NABIL,Online Securities Pvt. Ltd.,Thrive Brokerage House Pvt. Ltd,50,536.1,26805.0,2025-07-31 13:18:37.473508
2025-07-31,77175,2025073101039222,NABIL,Dipshikha Dhitopatra Karobar Co. Pvt Ltd.,Thrive Brokerage House Pvt. Ltd,20,536.1,10722.0,2025-07-31 13:18:37.474460
2025-07-31,77174,2025073101039223,NABIL,Imperial Securities Company Pvt. Ltd.,Thrive Brokerage House Pvt. Ltd,136,536.0,72896.0,2025-07-31 13:18:37.475165
2025-07-31,77173,2025073101039224,NABIL,Naasa Securities Co. Ltd.,Thrive Brokerage House Pvt. Ltd,50,536.0,26800.0,2025-07-31 13:18:37.475856
2025-07-31,77172,2025073101039225,NABIL,Online Securities Pvt. Ltd.,Thrive Brokerage House Pvt. Ltd,60,536.0,32160.0,2025-07-31 13:18:37.476513
2025-07-31,76716,2025073101039367,NABIL,Siprabi Securities Pvt. Ltd.,Naasa Securities Co. Ltd.,100,537.0,53700.0,2025-07-31 13:19:37.307174
2025-07-31,76715,2025073101039368,NABIL,Siprabi Securities Pvt. Ltd.,Trisul Securities & Invt. Ltd.,365,537.0,196005.0,2025-07-31 13:19:37.307299
2025-07-31,76714,2025073101039369,NABIL,Siprabi Securities Pvt. Ltd.,Agrawal Securities (PVT) Ltd.,500,537.0,268500.0,2025-07-31 13:19:37.307378
2025-07-31,76713,2025073101039370,NABIL,Siprabi Securities Pvt. Ltd.,Sani Securities Company Ltd.,589,537.9,316823.1,2025-07-31 13:19:37.307456
2025-07-31,76712,2025073101039371,NABIL,Siprabi Securities Pvt. Ltd.,Sweta Securities Private Limited,1446,538.0,777948.0,2025-07-31 13:19:37.307535
2025-07-31,76440,2025073101039494,NABIL,Siprabi Securities Pvt. Ltd.,Nepal Stock House (PVT) Ltd.,507,536.2,271853.4,2025-07-31 13:20:10.718409
2025-07-31,76430,2025073101039499,NABIL,Opal Securities Investment (PVT) Ltd.,Sweta Securities Private Limited,10,538.0,5380.0,2025-07-31 13:20:12.538087
2025-07-31,75682,2025073101039869,NABIL,Naasa Securities Co. Ltd.,Sweta Securities Private Limited,60,538.0,32280.0,2025-07-31 13:21:31.902449
2025-07-31,75477,2025073101039985,NABIL,Naasa Securities Co. Ltd.,ABC Securities Private Limited,9,538.0,4842.0,2025-07-31 13:21:47.422753
2025-07-31,75159,2025073101040104,NABIL,Naasa Securities Co. Ltd.,Sweta Securities Private Limited,48,538.0,25824.0,2025-07-31 13:22:17.571811
2025-07-31,75091,2025073101040122,NABIL,Naasa Securities Co. Ltd.,Premier Securities Company Ltd.,50,538.0,26900.0,2025-07-31 13:22:28.838478
2025-07-31,75090,2025073101040123,NABIL,Naasa Securities Co. Ltd.,Online Securities Pvt. Ltd.,10,538.0,5380.0,2025-07-31 13:22:28.839396
2025-07-31,75089,2025073101040124,NABIL,Naasa Securities Co. Ltd.,Online Securities Pvt. Ltd.,240,538.0,129120.0,2025-07-31 13:22:28.840045
2025-07-31,75052,2025073101040136,NABIL,Sani Securities Company Ltd.,Online Securities Pvt. Ltd.,20,538.0,10760.0,2025-07-31 13:22:35.421579
2025-07-31,74723,2025073101040293,NABIL,ABC Securities Private Limited,Online Securities Pvt. Ltd.,503,538.0,270614.0,2025-07-31 13:23:05.922387
2025-07-31,74528,2025073101040353,NABIL,INDEX SECURITIES LIMITED,Online Securities Pvt. Ltd.,237,538.0,127506.0,2025-07-31 13:23:31.300232
2025-07-31,74527,2025073101040354,NABIL,INDEX SECURITIES LIMITED,Sri Hari Securities Pvt. Ltd.,63,538.0,33894.0,2025-07-31 13:23:31.300668
2025-07-31,74200,2025073101040465,NABIL,Trisul Securities & Invt. Ltd.,Sri Hari Securities Pvt. Ltd.,50,538.0,26900.0,2025-07-31 13:24:04.126332
2025-07-31,73938,2025073101040551,NABIL,South Asian Bulls Pvt. Ltd.,Dipshikha Dhitopatra Karobar Co. Pvt Ltd.,100,537.0,53700.0,2025-07-31 13:24:37.851412
2025-07-31,73816,2025073101040597,NABIL,Naasa Securities Co. Ltd.,Sri Hari Securities Pvt. Ltd.,10,538.0,5380.0,2025-07-31 13:24:53.241274
2025-07-31,73618,2025073101040681,NABIL,South Asian Bulls Pvt. Ltd.,Kohinoor Investment & Securities Pvt. Ltd.,11,537.0,5907.0,2025-07-31 13:25:15.931900
2025-07-31,73407,2025073101040752,NABIL,Kumari Securities Private Limited,Sri Hari Securities Pvt. Ltd.,200,538.0,107600.0,2025-07-31 13:25:44.002453
2025-07-31,73380,2025073101040761,NABIL,Opal Securities Investment (PVT) Ltd.,Sri Hari Securities Pvt. Ltd.,677,538.0,364226.0,2025-07-31 13:25:46.150965
2025-07-31,73379,2025073101040762,NABIL,Opal Securities Investment (PVT) Ltd.,Naasa Securities Co. Ltd.,95,539.9,51290.5,2025-07-31 13:25:46.151911
2025-07-31,73378,2025073101040763,NABIL,Opal Securities Investment (PVT) Ltd.,Sri Hari Securities Pvt. Ltd.,28,540.0,15120.0,2025-07-31 13:25:46.152576
2025-07-31,72847,2025073101040959,NABIL,Sewa Securities Pvt. Ltd.,Sri Hari Securities Pvt. Ltd.,50,540.0,27000.0,2025-07-31 13:26:33.919512
2025-07-31,72287,2025073101041189,NABIL,Dynamic Money Managers Securities Pvt. Ltd.,Sri Hari Securities Pvt. Ltd.,200,540.0,108000.0,2025-07-31 13:27:27.551850
2025-07-31,72166,2025073101041222,NABIL,Midas Stock Broking Company Private Limited,Sri Hari Securities Pvt. Ltd.,40,540.0,21600.0,2025-07-31 13:27:39.358254
2025-07-31,72043,2025073101041280,NABIL,Sani Securities Company Ltd.,Sri Hari Securities Pvt. Ltd.,148,540.0,79920.0,2025-07-31 13:27:48.222289
2025-07-31,71612,2025073101041410,NABIL,Trisul Securities & Invt. Ltd.,Sri Hari Securities Pvt. Ltd.,439,540.0,237060.0,2025-07-31 13:28:27.321901
2025-07-31,71611,2025073101041411,NABIL,Trisul Securities & Invt. Ltd.,Vision Securities Pvt. Ltd,100,540.0,54000.0,2025-07-31 13:28:27.321966
2025-07-31,71610,2025073101041412,NABIL,Trisul Securities & Invt. Ltd.,Siprabi Securities Pvt. Ltd.,91,540.0,49140.0,2025-07-31 13:28:27.322012
2025-07-31,71609,2025073101041413,NABIL,Trisul Securities & Invt. Ltd.,Capital Max Securities Ltd,20,540.0,10800.0,2025-07-31 13:28:27.322046
2025-07-31,71608,2025073101041414,NABIL,Trisul Securities & Invt. Ltd.,Sani Securities Company Ltd.,195,540.0,105300.0,2025-07-31 13:28:27.322091
2025-07-31,71607,2025073101041415,NABIL,Trisul Securities & Invt. Ltd.,Vision Securities Pvt. Ltd,500,540.0,270000.0,2025-07-31 13:28:27.322119
2025-07-31,71606,2025073101041416,NABIL,Trisul Securities & Invt. Ltd.,Naasa Securities Co. Ltd.,60,540.0,32400.0,2025-07-31 13:28:27.322147
2025-07-31,71605,2025073101041417,NABIL,Trisul Securities & Invt. Ltd.,Midas Stock Broking Company Private Limited,90,540.0,48600.0,2025-07-31 13:28:27.322173
2025-07-31,71604,2025073101041418,NABIL,Trisul Securities & Invt. Ltd.,Cristal Kanchanjanga Securites Pvt. Ltd.,26,540.0,14040.0,2025-07-31 13:28:27.322203
2025-07-31,68996,2025073101042128,NABIL,Aryatara Investment & Securities,Ashutosh Brokerage & Securities (PVT) Ltd.,5,543.5,2717.5,2025-07-31 13:31:39.980441
2025-07-31,68797,2025073101042223,NABIL,Aryatara Investment & Securities,Sani Securities Company Ltd.,2,530.0,1060.0,2025-07-31 13:31:58.855976
2025-07-31,68578,2025073101042302,NABIL,Aryatara Investment & Securities,Dipshikha Dhitopatra Karobar Co. Pvt Ltd.,3,534.0,1602.0,2025-07-31 13:32:17.107836
2025-07-31,68467,2025073101042334,NABIL,Aryatara Investment & Securities,Dakshinkali Investment & Securities Pvt. Ltd.,3,535.0,1605.0,2025-07-31 13:32:31.318198
2025-07-31,68298,2025073101042377,NABIL,Aryatara Investment & Securities,Sri Hari Securities Pvt. Ltd.,4,535.0,2140.0,2025-07-31 13:32:45.682454
2025-07-31,68143,2025073101042453,NABIL,Aryatara Investment & Securities,Miyo Securities Pvt Ltd,5,535.2,2676.0,2025-07-31 13:33:03.892006
2025-07-31,68106,2025073101042474,NABIL,Nepal Stock House (PVT) Ltd.,Agrawal Securities (PVT) Ltd.,100,539.0,53900.0,2025-07-31 13:33:09.196201
2025-07-31,67003,2025073101042822,NABIL,Asian Securities Private Ltd.,Agrawal Securities (PVT) Ltd.,300,539.0,161700.0,2025-07-31 13:35:04.992008
2025-07-31,66935,2025073101042834,NABIL,Imperial Securities Company Pvt. Ltd.,Deevyaa Securities & Stock House Pvt. Ltd,29,538.7,15622.3,2025-07-31 13:35:14.982115
2025-07-31,66618,2025073101042950,NABIL,Aryatara Investment & Securities,Agrawal Securities (PVT) Ltd.,1,536.0,536.0,2025-07-31 13:35:46.296340
2025-07-31,66531,2025073101042977,NABIL,Aryatara Investment & Securities,Imperial Securities Company Pvt. Ltd.,1,536.0,536.0,2025-07-31 13:35:56.440344
2025-07-31,66508,2025073101042988,NABIL,Imperial Securities Company Pvt. Ltd.,Agrawal Securities (PVT) Ltd.,21,538.7,11312.7,2025-07-31 13:35:58.252248
2025-07-31,66507,2025073101042989,NABIL,Creative Securities Pvt Ltd,Agrawal Securities (PVT) Ltd.,50,538.7,26935.0,2025-07-31 13:35:58.252749
2025-07-31,66506,2025073101042990,NABIL,J.F. Securites (PVT) Ltd.,Agrawal Securities (PVT) Ltd.,250,538.7,134675.0,2025-07-31 13:35:58.252977
2025-07-31,66452,2025073101042999,NABIL,Nepal Stock House (PVT) Ltd.,Agrawal Securities (PVT) Ltd.,50,538.7,26935.0,2025-07-31 13:36:04.429317
2025-07-31,66442,2025073101043003,NABIL,Kohinoor Investment & Securities Pvt. Ltd.,Agrawal Securities (PVT) Ltd.,100,538.7,53870.0,2025-07-31 13:36:06.914708
2025-07-31,66400,2025073101043030,NABIL,Aryatara Investment & Securities,Deevyaa Securities & Stock House Pvt. Ltd,2,536.0,1072.0,2025-07-31 13:36:12.632344
2025-07-31,66206,2025073101043100,NABIL,Aryatara Investment & Securities,Agrawal Securities (PVT) Ltd.,3,536.0,1608.0,2025-07-31 13:36:32.894997
2025-07-31,66076,2025073101043134,NABIL,Aryatara Investment & Securities,Imperial Securities Company Pvt. Ltd.,9,536.0,4824.0,2025-07-31 13:36:49.082578
2025-07-31,65996,2025073101043149,NABIL,Bhrikuti Stock Broking Co. Pvt. Ltd.,Agrawal Securities (PVT) Ltd.,29,538.7,15622.3,2025-07-31 13:36:52.989098
2025-07-31,65289,2025073101043435,NABIL,Nepal Investment And Securities Trading Private Limited,Agrawal Securities (PVT) Ltd.,100,539.0,53900.0,2025-07-31 13:38:06.753506
2025-07-31,65288,2025073101043436,NABIL,Nepal Investment And Securities Trading Private Limited,Premier Securities Company Ltd.,20,539.0,10780.0,2025-07-31 13:38:06.754034
2025-07-31,65287,2025073101043437,NABIL,Nepal Investment And Securities Trading Private Limited,Online Securities Pvt. Ltd.,53,539.0,28567.0,2025-07-31 13:38:06.754372
2025-07-31,65216,2025073101043460,NABIL,APPLE SECURITIES PRIVATE LIMITED,Oxford Securities Pvt. Ltd.,36,539.0,19404.0,2025-07-31 13:38:18.200118
2025-07-31,64215,2025073101043880,NABIL,Naasa Securities Co. Ltd.,Oxford Securities Pvt. Ltd.,188,539.0,101332.0,2025-07-31 13:40:06.495454
2025-07-31,64195,2025073101043884,NABIL,Naasa Securities Co. Ltd.,Vision Securities Pvt. Ltd,112,539.0,60368.0,2025-07-31 13:40:11.698550
2025-07-31,64194,2025073101043885,NABIL,Aryatara Investment & Securities,Vision Securities Pvt. Ltd,29,538.7,15622.3,2025-07-31 13:40:11.699032
2025-07-31,64193,2025073101043886,NABIL,Imperial Securities Company Pvt. Ltd.,Vision Securities Pvt. Ltd,15,538.7,8080.5,2025-07-31 13:40:11.699257
2025-07-31,64192,2025073101043887,NABIL,Secured Securities Ltd.,Vision Securities Pvt. Ltd,10,538.6,5386.0,2025-07-31 13:40:11.699468
2025-07-31,64191,2025073101043888,NABIL,Sri Hari Securities Pvt. Ltd.,Vision Securities Pvt. Ltd,30,538.6,16158.0,2025-07-31 13:40:11.699687
2025-07-31,64190,2025073101043889,NABIL,Thrive Brokerage House Pvt. Ltd,Vision Securities Pvt. Ltd,180,538.5,96930.0,2025-07-31 13:40:11.699908
2025-07-31,64189,2025073101043890,NABIL,Online Securities Pvt. Ltd.,Vision Securities Pvt. Ltd,30,538.5,16155.0,2025-07-31 13:40:11.700133
2025-07-31,64188,2025073101043891,NABIL,Siprabi Securities Pvt. Ltd.,Vision Securities Pvt. Ltd,94,538.4,50609.6,2025-07-31 13:40:11.700350
2025-07-31,63106,2025073101044347,NABIL,Imperial Securities Company Pvt. Ltd.,Agrawal Securities (PVT) Ltd.,100,539.0,53900.0,2025-07-31 13:41:51.588320
2025-07-31,61875,2025073101044685,NABIL,Sani Securities Company Ltd.,Agrawal Securities (PVT) Ltd.,100,539.0,53900.0,2025-07-31 13:43:07.852674
2025-07-31,61521,2025073101044846,NABIL,Sri Hari Securities Pvt. Ltd.,Agrawal Securities (PVT) Ltd.,10,539.0,5390.0,2025-07-31 13:43:29.008960
2025-07-31,61162,2025073101044950,NABIL,Aryatara Investment & Securities,Imperial Securities Company Pvt. Ltd.,20,538.5,10770.0,2025-07-31 13:43:53.476499
2025-07-31,60846,2025073101045028,NABIL,Siprabi Securities Pvt. Ltd.,Linch Stock Market Ltd.,1666,538.4,896974.4,2025-07-31 13:44:19.096360
2025-07-31,59813,2025073101045356,NABIL,South Asian Bulls Pvt. Ltd.,Nepal Investment And Securities Trading Private Limited,25,538.8,13470.0,2025-07-31 13:45:47.287636
2025-07-31,59276,2025073101045530,NABIL,Online Securities Pvt. Ltd.,Agrawal Securities (PVT) Ltd.,184,539.0,99176.0,2025-07-31 13:46:36.589269
2025-07-31,59172,2025073101045551,NABIL,Online Securities Pvt. Ltd.,Agrawal Securities (PVT) Ltd.,90,539.0,48510.0,2025-07-31 13:46:42.706063
2025-07-31,58820,2025073101045685,NABIL,South Asian Bulls Pvt. Ltd.,Imperial Securities Company Pvt. Ltd.,25,538.8,13470.0,2025-07-31 13:47:26.099990
2025-07-31,58318,2025073101045893,NABIL,Sani Securities Company Ltd.,Shree Krishna Securities Ltd.,50,538.5,26925.0,2025-07-31 13:48:31.790338
2025-07-31,58317,2025073101045894,NABIL,Shree Krishna Securities Ltd.,Shree Krishna Securities Ltd.,13,538.5,7000.5,2025-07-31 13:48:31.790866
2025-07-31,57863,2025073101046101,NABIL,Midas Stock Broking Company Private Limited,Agrawal Securities (PVT) Ltd.,25,539.0,13475.0,2025-07-31 13:49:31.782245
2025-07-31,57796,2025073101046119,NABIL,Sani Securities Company Ltd.,Agrawal Securities (PVT) Ltd.,40,539.0,21560.0,2025-07-31 13:49:43.614710
2025-07-31,57747,2025073101046136,NABIL,Shree Krishna Securities Ltd.,Dipshikha Dhitopatra Karobar Co. Pvt Ltd.,30,538.5,16155.0,2025-07-31 13:49:50.029580
2025-07-31,57746,2025073101046137,NABIL,Siprabi Securities Pvt. Ltd.,Dipshikha Dhitopatra Karobar Co. Pvt Ltd.,70,538.4,37688.0,2025-07-31 13:49:50.030233
2025-07-31,57459,2025073101046262,NABIL,Siprabi Securities Pvt. Ltd.,Linch Stock Market Ltd.,29,538.4,15613.6,2025-07-31 13:50:30.105200
2025-07-31,56960,2025073101046447,NABIL,Vision Securities Pvt. Ltd,South Asian Bulls Pvt. Ltd.,20,538.5,10770.0,2025-07-31 13:51:37.319521
2025-07-31,56057,2025073101046734,NABIL,Primo Securities (PVT) Ltd.,South Asian Bulls Pvt. Ltd.,80,538.5,43080.0,2025-07-31 13:53:23.571134
2025-07-31,56056,2025073101046735,NABIL,Primo Securities (PVT) Ltd.,Agrawal Securities (PVT) Ltd.,161,539.0,86779.0,2025-07-31 13:53:23.572247
2025-07-31,56055,2025073101046736,NABIL,Primo Securities (PVT) Ltd.,Agrawal Securities (PVT) Ltd.,291,539.0,156849.0,2025-07-31 13:53:23.573336
2025-07-31,56054,2025073101046737,NABIL,Primo Securities (PVT) Ltd.,Dakshinkali Investment & Securities Pvt. Ltd.,100,539.0,53900.0,2025-07-31 13:53:23.574430
2025-07-31,56053,2025073101046738,NABIL,Primo Securities (PVT) Ltd.,Arun Securities (PVT) Ltd.,300,539.0,161700.0,2025-07-31 13:53:23.575567
2025-07-31,56052,2025073101046739,NABIL,Primo Securities (PVT) Ltd.,Agrawal Securities (PVT) Ltd.,68,539.0,36652.0,2025-07-31 13:53:23.576609
2025-07-31,55874,2025073101046789,NABIL,Primo Securities (PVT) Ltd.,Agrawal Securities (PVT) Ltd.,432,539.0,232848.0,2025-07-31 13:53:45.657591
2025-07-31,55592,2025073101046893,NABIL,Sharepro Securities Private Limited,Imperial Securities Company Pvt. Ltd.,80,538.5,43080.0,2025-07-31 13:54:25.045586
2025-07-31,55591,2025073101046894,NABIL,Primo Securities (PVT) Ltd.,Imperial Securities Company Pvt. Ltd.,220,538.5,118470.0,2025-07-31 13:54:25.046602
2025-07-31,55428,2025073101046952,NABIL,Primo Securities (PVT) Ltd.,Linch Stock Market Ltd.,78,538.5,42003.0,2025-07-31 13:54:49.868533
2025-07-31,55399,2025073101046963,NABIL,Sani Securities Company Ltd.,Linch Stock Market Ltd.,62,538.5,33387.0,2025-07-31 13:54:55.333466
2025-07-31,55398,2025073101046964,NABIL,Sani Securities Company Ltd.,Cristal Kanchanjanga Securites Pvt. Ltd.,174,540.0,93960.0,2025-07-31 13:54:55.333936
2025-07-31,55397,2025073101046965,NABIL,Sani Securities Company Ltd.,Creative Securities Pvt Ltd,64,540.0,34560.0,2025-07-31 13:54:55.334218
2025-07-31,54870,2025073101047177,NABIL,Naasa Securities Co. Ltd.,Bhrikuti Stock Broking Co. Pvt. Ltd.,130,539.0,70070.0,2025-07-31 13:56:11.111405
2025-07-31,54780,2025073101047213,NABIL,Naasa Securities Co. Ltd.,Agrawal Securities (PVT) Ltd.,52,539.0,28028.0,2025-07-31 13:56:25.358462
2025-07-31,54415,2025073101047327,NABIL,Swarna Laxmi Securities Pvt. Ltd.,Agrawal Securities (PVT) Ltd.,15,539.0,8085.0,2025-07-31 13:57:14.216586
2025-07-31,54187,2025073101047413,NABIL,Thrive Brokerage House Pvt. Ltd,South Asian Bulls Pvt. Ltd.,10,538.5,5385.0,2025-07-31 13:57:45.282768
2025-07-31,54186,2025073101047414,NABIL,Nepal Investment And Securities Trading Private Limited,South Asian Bulls Pvt. Ltd.,90,538.5,48465.0,2025-07-31 13:57:45.283305
2025-07-31,53930,2025073101047486,NABIL,Nepal Investment And Securities Trading Private Limited,Primo Securities (PVT) Ltd.,73,538.5,39310.5,2025-07-31 13:58:18.716123
2025-07-31,53665,2025073101047570,NABIL,Bhrikuti Stock Broking Co. Pvt. Ltd.,Kohinoor Investment & Securities Pvt. Ltd.,1,540.0,540.0,2025-07-31 13:58:57.572325
2025-07-31,53465,2025073101047640,NABIL,Vision Securities Pvt. Ltd,Agrawal Securities (PVT) Ltd.,150,539.0,80850.0,2025-07-31 13:59:23.925420
2025-07-31,52815,2025073101047848,NABIL,Aryatara Investment & Securities,Agrawal Securities (PVT) Ltd.,200,539.0,107800.0,2025-07-31 14:00:50.374693
2025-07-31,52385,2025073101048009,NABIL,Ashutosh Brokerage & Securities (PVT) Ltd.,Agrawal Securities (PVT) Ltd.,83,539.0,44737.0,2025-07-31 14:01:39.140681
2025-07-31,52384,2025073101048010,NABIL,Ashutosh Brokerage & Securities (PVT) Ltd.,Agrawal Securities (PVT) Ltd.,417,539.0,224763.0,2025-07-31 14:01:39.141770
2025-07-31,52066,2025073101048128,NABIL,Agrawal Securities (PVT) Ltd.,Agrawal Securities (PVT) Ltd.,50,539.0,26950.0,2025-07-31 14:02:18.705770
2025-07-31,52039,2025073101048137,NABIL,Dipshikha Dhitopatra Karobar Co. Pvt Ltd.,Naasa Securities Co. Ltd.,2,536.5,1073.0,2025-07-31 14:02:22.686665
2025-07-31,51869,2025073101048197,NABIL,Vision Securities Pvt. Ltd,Agrawal Securities (PVT) Ltd.,30,539.0,16170.0,2025-07-31 14:02:44.160856
2025-07-31,51753,2025073101048243,NABIL,Aryatara Investment & Securities,ABC Securities Private Limited,200,539.0,107800.0,2025-07-31 14:02:59.783232
2025-07-31,51321,2025073101048346,NABIL,Aryatara Investment & Securities,ABC Securities Private Limited,50,539.0,26950.0,2025-07-31 14:03:48.526668
2025-07-31,51317,2025073101048347,NABIL,Aryatara Investment & Securities,Aryatara Investment & Securities,95,539.0,51205.0,2025-07-31 14:03:50.681776
2025-07-31,50905,2025073101048490,NABIL,Aryatara Investment & Securities,Neev Securities Pvt. Ltd.,51,539.0,27489.0,2025-07-31 14:04:47.932527
2025-07-31,50858,2025073101048509,NABIL,Naasa Securities Co. Ltd.,Midas Stock Broking Company Private Limited,10,539.9,5399.0,2025-07-31 14:04:55.885092
2025-07-31,49881,2025073101048809,NABIL,Secured Securities Ltd.,Imperial Securities Company Pvt. Ltd.,1,536.1,536.1,2025-07-31 14:07:02.267388
2025-07-31,49354,2025073101048963,NABIL,Aryatara Investment & Securities,Naasa Securities Co. Ltd.,4,539.0,2156.0,2025-07-31 14:08:14.328913
2025-07-31,49119,2025073101049077,NABIL,ABC Securities Private Limited,Agrawal Securities (PVT) Ltd.,185,539.5,99807.5,2025-07-31 14:08:42.568138
2025-07-31,49026,2025073101049095,NABIL,Imperial Securities Company Pvt. Ltd.,Agrawal Securities (PVT) Ltd.,29,539.5,15645.5,2025-07-31 14:08:58.302511
2025-07-31,49016,2025073101049099,NABIL,Nepal Investment And Securities Trading Private Limited,Nabil Stock Dealer Ltd.,45,538.5,24232.5,2025-07-31 14:08:59.845726
2025-07-31,48238,2025073101049371,NABIL,Naasa Securities Co. Ltd.,Agrawal Securities (PVT) Ltd.,10,539.5,5395.0,2025-07-31 14:10:50.532095
2025-07-31,47595,2025073101049749,NABIL,Sri Hari Securities Pvt. Ltd.,Agrawal Securities (PVT) Ltd.,276,539.5,148902.0,2025-07-31 14:11:41.356773
2025-07-31,47594,2025073101049750,NABIL,Sri Hari Securities Pvt. Ltd.,Midas Stock Broking Company Private Limited,565,539.9,305043.5,2025-07-31 14:11:41.357301
2025-07-31,47593,2025073101049751,NABIL,Sri Hari Securities Pvt. Ltd.,Creative Securities Pvt Ltd,159,540.0,85860.0,2025-07-31 14:11:41.357567
2025-07-31,47309,2025073101049826,NABIL,Secured Securities Ltd.,Sani Securities Company Ltd.,100,539.0,53900.0,2025-07-31 14:12:24.259297
2025-07-31,47308,2025073101049827,NABIL,Aryatara Investment & Securities,Sani Securities Company Ltd.,10,539.0,5390.0,2025-07-31 14:12:24.259825
2025-07-31,47307,2025073101049828,NABIL,Kohinoor Investment & Securities Pvt. Ltd.,Sani Securities Company Ltd.,62,539.0,33418.0,2025-07-31 14:12:24.260095
2025-07-31,47306,2025073101049829,NABIL,Nepal Investment And Securities Trading Private Limited,Sani Securities Company Ltd.,42,538.5,22617.0,2025-07-31 14:12:24.260350
2025-07-31,47305,2025073101049830,NABIL,Aryatara Investment & Securities,Sani Securities Company Ltd.,10,538.5,5385.0,2025-07-31 14:12:24.260604
2025-07-31,47304,2025073101049831,NABIL,Dipshikha Dhitopatra Karobar Co. Pvt Ltd.,Sani Securities Company Ltd.,100,538.5,53850.0,2025-07-31 14:12:24.260857
2025-07-31,47303,2025073101049832,NABIL,Asian Securities Private Ltd.,Sani Securities Company Ltd.,40,538.5,21540.0,2025-07-31 14:12:24.261120
2025-07-31,47302,2025073101049833,NABIL,Kohinoor Investment & Securities Pvt. Ltd.,Sani Securities Company Ltd.,19,538.5,10231.5,2025-07-31 14:12:24.261368
2025-07-31,46809,2025073101049998,NABIL,Naasa Securities Co. Ltd.,Market Securities & Exchange (PVT) Ltd.,10,539.1,5391.0,2025-07-31 14:13:47.155886
2025-07-31,46446,2025073101050111,NABIL,Aryatara Investment & Securities,Bhrikuti Stock Broking Co. Pvt. Ltd.,1,528.5,528.5,2025-07-31 14:14:43.245936
2025-07-31,46430,2025073101050116,NABIL,Kumari Securities Private Limited,ABC Securities Private Limited,100,539.0,53900.0,2025-07-31 14:14:45.786769
2025-07-31,46175,2025073101050192,NABIL,Creative Securities Pvt Ltd,Agrawal Securities (PVT) Ltd.,50,539.0,26950.0,2025-07-31 14:15:18.482225
2025-07-31,46174,2025073101050193,NABIL,Sewa Securities Pvt. Ltd.,Agrawal Securities (PVT) Ltd.,13,539.0,7007.0,2025-07-31 14:15:18.482761
2025-07-31,45667,2025073101050352,NABIL,Sani Securities Company Ltd.,Agrawal Securities (PVT) Ltd.,45,539.0,24255.0,2025-07-31 14:16:20.892760
2025-07-31,44972,2025073101050562,NABIL,J.F. Securites (PVT) Ltd.,Sumeru Securities Pvt. Ltd.,20,538.9,10778.0,2025-07-31 14:17:32.266539
2025-07-31,44531,2025073101050702,NABIL,Linch Stock Market Ltd.,Linch Stock Market Ltd.,21,538.6,11310.6,2025-07-31 14:18:28.430383
2025-07-31,44461,2025073101050727,NABIL,Secured Securities Ltd.,Linch Stock Market Ltd.,100,538.6,53860.0,2025-07-31 14:18:39.102490
2025-07-31,44440,2025073101050736,NABIL,Opal Securities Investment (PVT) Ltd.,Agrawal Securities (PVT) Ltd.,60,538.5,32310.0,2025-07-31 14:18:42.198681
2025-07-31,44338,2025073101050758,NABIL,Sani Securities Company Ltd.,Linch Stock Market Ltd.,79,538.6,42549.4,2025-07-31 14:18:55.450221
2025-07-31,44337,2025073101050759,NABIL,Sani Securities Company Ltd.,Naasa Securities Co. Ltd.,51,538.6,27468.6,2025-07-31 14:18:55.450842
2025-07-31,44014,2025073101050836,NABIL,SHUBHAKAMANA SECURITIES PVT. LTD,Sumeru Securities Pvt. Ltd.,40,538.9,21556.0,2025-07-31 14:19:37.512945
2025-07-31,44013,2025073101050837,NABIL,SHUBHAKAMANA SECURITIES PVT. LTD,Linch Stock Market Ltd.,17,539.0,9163.0,2025-07-31 14:19:37.514180
2025-07-31,44012,2025073101050838,NABIL,SHUBHAKAMANA SECURITIES PVT. LTD,Sani Securities Company Ltd.,14,539.0,7546.0,2025-07-31 14:19:37.515160
2025-07-31,44011,2025073101050839,NABIL,SHUBHAKAMANA SECURITIES PVT. LTD,Agrawal Securities (PVT) Ltd.,247,539.0,133133.0,2025-07-31 14:19:37.516101
2025-07-31,43560,2025073101050947,NABIL,SHUBHAKAMANA SECURITIES PVT. LTD,Agrawal Securities (PVT) Ltd.,18,539.0,9702.0,2025-07-31 14:20:35.348677
2025-07-31,43464,2025073101050987,NABIL,Dynamic Money Managers Securities Pvt. Ltd.,Market Securities & Exchange (PVT) Ltd.,10,539.1,5391.0,2025-07-31 14:20:51.022496
2025-07-31,43437,2025073101051004,NABIL,Dynamic Money Managers Securities Pvt. Ltd.,ABC Securities Private Limited,70,539.1,37737.0,2025-07-31 14:20:53.484784
2025-07-31,43387,2025073101051017,NABIL,Dipshikha Dhitopatra Karobar Co. Pvt Ltd.,Dakshinkali Investment & Securities Pvt. Ltd.,1,538.0,538.0,2025-07-31 14:21:01.759502
2025-07-31,43018,2025073101051140,NABIL,Dynamic Money Managers Securities Pvt. Ltd.,Aryatara Investment & Securities,120,539.1,64692.0,2025-07-31 14:21:49.185242
2025-07-31,43017,2025073101051141,NABIL,SHUBHAKAMANA SECURITIES PVT. LTD,Aryatara Investment & Securities,1464,539.0,789096.0,2025-07-31 14:21:49.186373
2025-07-31,43016,2025073101051142,NABIL,Sweta Securities Private Limited,Aryatara Investment & Securities,100,539.0,53900.0,2025-07-31 14:21:49.187206
2025-07-31,42265,2025073101051328,NABIL,Aryatara Investment & Securities,Dipshikha Dhitopatra Karobar Co. Pvt Ltd.,18,538.6,9694.8,2025-07-31 14:22:59.074317
2025-07-31,42264,2025073101051329,NABIL,Opal Securities Investment (PVT) Ltd.,Dipshikha Dhitopatra Karobar Co. Pvt Ltd.,72,538.5,38772.0,2025-07-31 14:22:59.074848
2025-07-31,42225,2025073101051347,NABIL,Kohinoor Investment & Securities Pvt. Ltd.,Aryatara Investment & Securities,50,539.0,26950.0,2025-07-31 14:23:03.203407
2025-07-31,40882,2025073101051923,NABIL,Opal Securities Investment (PVT) Ltd.,Prabhu Stock Market Limited,68,538.5,36618.0,2025-07-31 14:25:02.848046
2025-07-31,40881,2025073101051924,NABIL,Sumeru Securities Pvt. Ltd.,Prabhu Stock Market Limited,37,538.5,19924.5,2025-07-31 14:25:02.848584
2025-07-31,40880,2025073101051925,NABIL,Sani Securities Company Ltd.,Prabhu Stock Market Limited,93,538.5,50080.5,2025-07-31 14:25:02.848860
2025-07-31,40560,2025073101052043,NABIL,Nepal Stock House (PVT) Ltd.,Prabhu Stock Market Limited,10,538.5,5385.0,2025-07-31 14:25:35.661085
