Date,S.N.,contract_id,symbol,buyer_broker,seller_broker,volume,price,amount,transaction_time
2025-07-31,168073,2025073104000118,NHPC,J.F. Securites (PVT) Ltd.,KALASH STOCK MARKET PVT. LTD.,200,221.0,44200.0,2025-07-31 11:01:32.089266
2025-07-31,166794,2025073104000355,NHPC,Naasa Securities Co. Ltd.,Vision Securities Pvt. Ltd,200,222.0,44400.0,2025-07-31 11:04:10.503907
2025-07-31,166793,2025073104000356,NHPC,Naasa Securities Co. Ltd.,Aryatara Investment & Securities,23,222.3,5112.9,2025-07-31 11:04:10.504041
2025-07-31,166735,2025073104000364,NHPC,J.F. Securites (PVT) Ltd.,Aryatara Investment & Securities,130,222.3,28899.0,2025-07-31 11:04:17.359357
2025-07-31,166734,2025073104000365,NHPC,J.F. Securites (PVT) Ltd.,Bhrikuti Stock Broking Co. Pvt. Ltd.,95,222.5,21137.5,2025-07-31 11:04:17.359407
2025-07-31,165813,2025073104000486,NHPC,J.F. Securites (PVT) Ltd.,Vision Securities Pvt. Ltd,20,222.0,4440.0,2025-07-31 11:05:49.923734
2025-07-31,165386,2025073104000547,NHPC,J.F. Securites (PVT) Ltd.,Vision Securities Pvt. Ltd,20,222.0,4440.0,2025-07-31 11:06:26.135431
2025-07-31,165344,2025073104000552,NHPC,Nabil Stock Dealer Ltd.,Vision Securities Pvt. Ltd,10,222.0,2220.0,2025-07-31 11:06:31.644127
2025-07-31,161945,2025073104001241,NHPC,Naasa Securities Co. Ltd.,Sundhara Securities Limited,40,219.0,8760.0,2025-07-31 11:11:28.716146
2025-07-31,161792,2025073104001275,NHPC,Naasa Securities Co. Ltd.,Kumari Securities Private Limited,20,219.0,4380.0,2025-07-31 11:11:41.351041
2025-07-31,161791,2025073104001276,NHPC,Online Securities Pvt. Ltd.,Kumari Securities Private Limited,150,219.0,32850.0,2025-07-31 11:11:41.351199
2025-07-31,161790,2025073104001277,NHPC,Sani Securities Company Ltd.,Kumari Securities Private Limited,50,219.0,10950.0,2025-07-31 11:11:41.351308
2025-07-31,161650,2025073104001297,NHPC,Kohinoor Investment & Securities Pvt. Ltd.,Dipshikha Dhitopatra Karobar Co. Pvt Ltd.,11,221.5,2436.5,2025-07-31 11:11:52.108201
2025-07-31,160365,2025073104001522,NHPC,Nepal Stock House (PVT) Ltd.,Sewa Securities Pvt. Ltd.,82,221.7,18179.4,2025-07-31 11:13:34.057279
2025-07-31,157812,2025073104001931,NHPC,Malla & Malla Stock Broking Company Pvt. Limited,Pragyan Securities (PVT) Ltd.,38,218.1,8287.8,2025-07-31 11:16:47.584992
2025-07-31,155494,2025073104002362,NHPC,Shree Krishna Securities Ltd.,Kohinoor Investment & Securities Pvt. Ltd.,100,218.5,21850.0,2025-07-31 11:19:33.131102
2025-07-31,155493,2025073104002363,NHPC,MILKY WAY SHARE BROKER COMPANY LTD ,Kohinoor Investment & Securities Pvt. Ltd.,900,218.4,196560.0,2025-07-31 11:19:33.131248
2025-07-31,155072,2025073104002443,NHPC,Malla & Malla Stock Broking Company Pvt. Limited,Naasa Securities Co. Ltd.,12,220.9,2650.8,2025-07-31 11:20:02.770177
2025-07-31,154157,2025073104002566,NHPC,South Asian Bulls Pvt. Ltd.,Naasa Securities Co. Ltd.,300,220.9,66270.0,2025-07-31 11:21:14.095103
2025-07-31,154077,2025073104002576,NHPC,Deevyaa Securities & Stock House Pvt. Ltd,Naasa Securities Co. Ltd.,428,220.9,94545.2,2025-07-31 11:21:18.399667
2025-07-31,153838,2025073104002612,NHPC,Kohinoor Investment & Securities Pvt. Ltd.,Sundhara Securities Limited,11,221.5,2436.5,2025-07-31 11:21:37.768455
2025-07-31,153437,2025073104002681,NHPC,Naasa Securities Co. Ltd.,Sundhara Securities Limited,100,221.5,22150.0,2025-07-31 11:22:08.680103
2025-07-31,153045,2025073104002713,NHPC,Online Securities Pvt. Ltd.,Sundhara Securities Limited,225,221.5,49837.5,2025-07-31 11:22:45.494733
2025-07-31,151942,2025073104002871,NHPC,Sagarmatha Securities Private Limited,Sundhara Securities Limited,264,221.5,58476.0,2025-07-31 11:24:22.358647
2025-07-31,151941,2025073104002872,NHPC,Sagarmatha Securities Private Limited,Pragyan Securities (PVT) Ltd.,100,221.5,22150.0,2025-07-31 11:24:22.358765
2025-07-31,151940,2025073104002873,NHPC,Sagarmatha Securities Private Limited,Sewa Securities Pvt. Ltd.,636,221.7,141001.2,2025-07-31 11:24:22.358816
2025-07-31,151507,2025073104002948,NHPC,Siprabi Securities Pvt. Ltd.,Nepal Stock House (PVT) Ltd.,40,221.0,8840.0,2025-07-31 11:25:06.262163
2025-07-31,149588,2025073104003240,NHPC,Deevyaa Securities & Stock House Pvt. Ltd,Vision Securities Pvt. Ltd,450,220.9,99405.0,2025-07-31 11:27:12.571744
2025-07-31,148561,2025073104003427,NHPC,Deevyaa Securities & Stock House Pvt. Ltd,Online Securities Pvt. Ltd.,122,220.9,26949.8,2025-07-31 11:28:17.507844
2025-07-31,148560,2025073104003428,NHPC,ABC Securities Private Limited,Online Securities Pvt. Ltd.,100,220.9,22090.0,2025-07-31 11:28:17.508078
2025-07-31,147412,2025073104003600,NHPC,Midas Stock Broking Company Private Limited,Midas Stock Broking Company Private Limited,100,220.0,22000.0,2025-07-31 11:29:32.922491
2025-07-31,147386,2025073104003614,NHPC,Midas Stock Broking Company Private Limited,Kumari Securities Private Limited,500,220.0,110000.0,2025-07-31 11:29:33.962671
2025-07-31,146491,2025073104003768,NHPC,Imperial Securities Company Pvt. Ltd.,Dynamic Money Managers Securities Pvt. Ltd.,98,220.1,21569.8,2025-07-31 11:30:44.823223
2025-07-31,145730,2025073104003899,NHPC,Midas Stock Broking Company Private Limited,Vision Securities Pvt. Ltd,50,220.0,11000.0,2025-07-31 11:31:35.791147
2025-07-31,145471,2025073104003943,NHPC,Midas Stock Broking Company Private Limited,Kalika Securities Pvt. Ltd.,350,220.0,77000.0,2025-07-31 11:31:52.795742
2025-07-31,144853,2025073104004090,NHPC,Imperial Securities Company Pvt. Ltd.,Kumari Securities Private Limited,180,219.6,39528.0,2025-07-31 11:32:28.689636
2025-07-31,144334,2025073104004177,NHPC,Imperial Securities Company Pvt. Ltd.,Vision Securities Pvt. Ltd,320,219.6,70272.0,2025-07-31 11:33:09.124264
2025-07-31,144333,2025073104004178,NHPC,Malla & Malla Stock Broking Company Pvt. Limited,Vision Securities Pvt. Ltd,50,218.6,10930.0,2025-07-31 11:33:09.124396
2025-07-31,144332,2025073104004179,NHPC,Malla & Malla Stock Broking Company Pvt. Limited,Vision Securities Pvt. Ltd,50,218.5,10925.0,2025-07-31 11:33:09.124451
2025-07-31,144331,2025073104004180,NHPC,Kumari Securities Private Limited,Vision Securities Pvt. Ltd,20,218.5,4370.0,2025-07-31 11:33:09.124507
2025-07-31,144330,2025073104004181,NHPC,Capital Max Securities Ltd,Vision Securities Pvt. Ltd,460,218.5,100510.0,2025-07-31 11:33:09.124554
2025-07-31,144329,2025073104004182,NHPC,Nepal Stock House (PVT) Ltd.,Vision Securities Pvt. Ltd,500,218.5,109250.0,2025-07-31 11:33:09.124601
2025-07-31,144328,2025073104004183,NHPC,Pragyan Securities (PVT) Ltd.,Vision Securities Pvt. Ltd,500,218.2,109100.0,2025-07-31 11:33:09.124646
2025-07-31,144327,2025073104004184,NHPC,Kohinoor Investment & Securities Pvt. Ltd.,Vision Securities Pvt. Ltd,100,218.2,21820.0,2025-07-31 11:33:09.124710
2025-07-31,142989,2025073104004361,NHPC,Kohinoor Investment & Securities Pvt. Ltd.,Premier Securities Company Ltd.,400,218.2,87280.0,2025-07-31 11:34:44.303657
2025-07-31,142171,2025073104004487,NHPC,Naasa Securities Co. Ltd.,Premier Securities Company Ltd.,25,218.2,5455.0,2025-07-31 11:35:35.772653
2025-07-31,141826,2025073104004536,NHPC,Sani Securities Company Ltd.,Kumari Securities Private Limited,62,218.1,13522.2,2025-07-31 11:35:59.599752
2025-07-31,141710,2025073104004544,NHPC,Aryatara Investment & Securities,Premier Securities Company Ltd.,500,218.2,109100.0,2025-07-31 11:36:06.759977
2025-07-31,141233,2025073104004591,NHPC,Cristal Kanchanjanga Securites Pvt. Ltd.,Premier Securities Company Ltd.,1075,218.2,234565.0,2025-07-31 11:36:42.249953
2025-07-31,139961,2025073104004721,NHPC,Kohinoor Investment & Securities Pvt. Ltd.,Kalika Securities Pvt. Ltd.,11,220.0,2420.0,2025-07-31 11:38:16.003125
2025-07-31,139646,2025073104004746,NHPC,Asian Securities Private Ltd.,Kalika Securities Pvt. Ltd.,39,220.0,8580.0,2025-07-31 11:38:34.114746
2025-07-31,139645,2025073104004747,NHPC,Asian Securities Private Ltd.,Dynamic Money Managers Securities Pvt. Ltd.,78,220.0,17160.0,2025-07-31 11:38:34.114906
2025-07-31,137444,2025073104004984,NHPC,ABC Securities Private Limited,Dynamic Money Managers Securities Pvt. Ltd.,30,220.0,6600.0,2025-07-31 11:41:01.375374
2025-07-31,136950,2025073104005074,NHPC,Aryatara Investment & Securities,Dynamic Money Managers Securities Pvt. Ltd.,42,220.0,9240.0,2025-07-31 11:41:42.999900
2025-07-31,136949,2025073104005075,NHPC,Aryatara Investment & Securities,Naasa Securities Co. Ltd.,200,220.0,44000.0,2025-07-31 11:41:43.000243
2025-07-31,136948,2025073104005076,NHPC,Aryatara Investment & Securities,Nepal Stock House (PVT) Ltd.,460,220.0,101200.0,2025-07-31 11:41:43.000437
2025-07-31,136256,2025073104005181,NHPC,Aryatara Investment & Securities,Primo Securities (PVT) Ltd.,100,220.0,22000.0,2025-07-31 11:42:36.017799
2025-07-31,134078,2025073104005493,NHPC,Aryatara Investment & Securities,Aryatara Investment & Securities,53,220.0,11660.0,2025-07-31 11:45:23.883336
2025-07-31,134077,2025073104005494,NHPC,Sani Securities Company Ltd.,Aryatara Investment & Securities,422,220.0,92840.0,2025-07-31 11:45:23.883565
2025-07-31,132530,2025073104005808,NHPC,Online Securities Pvt. Ltd.,Aryatara Investment & Securities,20,220.0,4400.0,2025-07-31 11:47:00.032248
2025-07-31,131774,2025073104005921,NHPC,Ashutosh Brokerage & Securities (PVT) Ltd.,Linch Stock Market Ltd.,20,220.0,4400.0,2025-07-31 11:47:44.979038
2025-07-31,131773,2025073104005922,NHPC,Ashutosh Brokerage & Securities (PVT) Ltd.,Dynamic Money Managers Securities Pvt. Ltd.,480,220.0,105600.0,2025-07-31 11:47:44.979340
2025-07-31,130175,2025073104006162,NHPC,Ashutosh Brokerage & Securities (PVT) Ltd.,Online Securities Pvt. Ltd.,13,219.0,2847.0,2025-07-31 11:49:39.992213
2025-07-31,130174,2025073104006163,NHPC,Agrawal Securities (PVT) Ltd.,Online Securities Pvt. Ltd.,137,219.0,30003.0,2025-07-31 11:49:39.992383
2025-07-31,129422,2025073104006287,NHPC,Agrawal Securities (PVT) Ltd.,Premier Securities Company Ltd.,1800,219.0,394200.0,2025-07-31 11:50:34.670357
2025-07-31,129109,2025073104006317,NHPC,Agrawal Securities (PVT) Ltd.,Swarna Laxmi Securities Pvt. Ltd.,63,219.0,13797.0,2025-07-31 11:50:57.333149
2025-07-31,129108,2025073104006318,NHPC,Linch Stock Market Ltd.,Swarna Laxmi Securities Pvt. Ltd.,12,219.0,2628.0,2025-07-31 11:50:57.333346
2025-07-31,127846,2025073104006480,NHPC,Sani Securities Company Ltd.,Dakshinkali Investment & Securities Pvt. Ltd.,300,219.1,65730.0,2025-07-31 11:52:16.668949
2025-07-31,127845,2025073104006481,NHPC,Linch Stock Market Ltd.,Dakshinkali Investment & Securities Pvt. Ltd.,88,219.0,19272.0,2025-07-31 11:52:16.669145
2025-07-31,127844,2025073104006482,NHPC,Premier Securities Company Ltd.,Dakshinkali Investment & Securities Pvt. Ltd.,100,219.0,21900.0,2025-07-31 11:52:16.669210
2025-07-31,127535,2025073104006522,NHPC,ABC Securities Private Limited,KALASH STOCK MARKET PVT. LTD.,100,218.5,21850.0,2025-07-31 11:52:39.061757
2025-07-31,127285,2025073104006559,NHPC,Cristal Kanchanjanga Securites Pvt. Ltd.,Dakshinkali Investment & Securities Pvt. Ltd.,125,218.2,27275.0,2025-07-31 11:52:57.069502
2025-07-31,127284,2025073104006560,NHPC,Naasa Securities Co. Ltd.,Dakshinkali Investment & Securities Pvt. Ltd.,50,218.2,10910.0,2025-07-31 11:52:57.069792
2025-07-31,127283,2025073104006561,NHPC,Naasa Securities Co. Ltd.,Dakshinkali Investment & Securities Pvt. Ltd.,100,218.2,21820.0,2025-07-31 11:52:57.069957
2025-07-31,127282,2025073104006562,NHPC,Imperial Securities Company Pvt. Ltd.,Dakshinkali Investment & Securities Pvt. Ltd.,37,218.2,8073.4,2025-07-31 11:52:57.070125
2025-07-31,126810,2025073104006644,NHPC,Imperial Securities Company Pvt. Ltd.,Trisul Securities & Invt. Ltd.,63,218.2,13746.6,2025-07-31 11:53:33.553689
2025-07-31,126809,2025073104006645,NHPC,Online Securities Pvt. Ltd.,Trisul Securities & Invt. Ltd.,19,218.2,4145.8,2025-07-31 11:53:33.553961
2025-07-31,126213,2025073104006723,NHPC,Sani Securities Company Ltd.,Dynamic Money Managers Securities Pvt. Ltd.,20,220.0,4400.0,2025-07-31 11:54:25.530362
2025-07-31,126212,2025073104006724,NHPC,Sani Securities Company Ltd.,Naasa Securities Co. Ltd.,10,220.0,2200.0,2025-07-31 11:54:25.530520
2025-07-31,126211,2025073104006725,NHPC,Sani Securities Company Ltd.,Market Securities & Exchange (PVT) Ltd.,1000,220.0,220000.0,2025-07-31 11:54:25.530580
2025-07-31,126210,2025073104006726,NHPC,Sani Securities Company Ltd.,Imperial Securities Company Pvt. Ltd.,1000,220.0,220000.0,2025-07-31 11:54:25.530642
2025-07-31,125982,2025073104006760,NHPC,Kohinoor Investment & Securities Pvt. Ltd.,Sewa Securities Pvt. Ltd.,10,221.7,2217.0,2025-07-31 11:54:41.692202
2025-07-31,124114,2025073104007038,NHPC,Sharepro Securities Private Limited,Asian Securities Private Ltd.,100,219.0,21900.0,2025-07-31 11:57:15.147003
2025-07-31,124022,2025073104007053,NHPC,Sharepro Securities Private Limited,Trishakti Securities Public Limited,90,219.0,19710.0,2025-07-31 11:57:22.328664
2025-07-31,124006,2025073104007054,NHPC,Sharepro Securities Private Limited,Naasa Securities Co. Ltd.,10,219.0,2190.0,2025-07-31 11:57:23.411650
2025-07-31,124005,2025073104007055,NHPC,Sani Securities Company Ltd.,Naasa Securities Co. Ltd.,90,219.0,19710.0,2025-07-31 11:57:23.411824
2025-07-31,123773,2025073104007093,NHPC,Kohinoor Investment & Securities Pvt. Ltd.,J.F. Securites (PVT) Ltd.,10,221.0,2210.0,2025-07-31 11:57:48.860379
2025-07-31,123765,2025073104007094,NHPC,Sani Securities Company Ltd.,Opal Securities Investment (PVT) Ltd.,154,219.0,33726.0,2025-07-31 11:57:50.152694
2025-07-31,123764,2025073104007095,NHPC,Nepal Stock House (PVT) Ltd.,Opal Securities Investment (PVT) Ltd.,100,218.4,21840.0,2025-07-31 11:57:50.152748
2025-07-31,123763,2025073104007096,NHPC,Naasa Securities Co. Ltd.,Opal Securities Investment (PVT) Ltd.,46,218.3,10041.8,2025-07-31 11:57:50.152775
2025-07-31,123501,2025073104007137,NHPC,Kohinoor Investment & Securities Pvt. Ltd.,South Asian Bulls Pvt. Ltd.,11,220.0,2420.0,2025-07-31 11:58:15.068575
2025-07-31,123071,2025073104007225,NHPC,Premier Securities Company Ltd.,South Asian Bulls Pvt. Ltd.,200,220.0,44000.0,2025-07-31 11:58:49.822248
2025-07-31,122694,2025073104007270,NHPC,Sundhara Securities Limited,South Asian Bulls Pvt. Ltd.,145,220.0,31900.0,2025-07-31 11:59:18.369780
2025-07-31,122058,2025073104007372,NHPC,Dipshikha Dhitopatra Karobar Co. Pvt Ltd.,J.F. Securites (PVT) Ltd.,30,220.1,6603.0,2025-07-31 12:00:07.747770
2025-07-31,122057,2025073104007373,NHPC,Sundhara Securities Limited,J.F. Securites (PVT) Ltd.,15,220.0,3300.0,2025-07-31 12:00:07.748006
2025-07-31,121868,2025073104007393,NHPC,Sundhara Securities Limited,Premier Securities Company Ltd.,340,220.0,74800.0,2025-07-31 12:00:24.417930
2025-07-31,115703,2025073104008534,NHPC,Sundhara Securities Limited,Thrive Brokerage House Pvt. Ltd,20,219.0,4380.0,2025-07-31 12:09:18.972188
2025-07-31,115486,2025073104008570,NHPC,Aryatara Investment & Securities,Kumari Securities Private Limited,100,219.7,21970.0,2025-07-31 12:09:40.174738
2025-07-31,115485,2025073104008571,NHPC,Sundhara Securities Limited,Kumari Securities Private Limited,15,219.0,3285.0,2025-07-31 12:09:40.174941
2025-07-31,115484,2025073104008572,NHPC,Kohinoor Investment & Securities Pvt. Ltd.,Kumari Securities Private Limited,20,219.0,4380.0,2025-07-31 12:09:40.175019
2025-07-31,115483,2025073104008573,NHPC,Siprabi Securities Pvt. Ltd.,Kumari Securities Private Limited,100,219.0,21900.0,2025-07-31 12:09:40.175090
2025-07-31,114569,2025073104008750,NHPC,Dakshinkali Investment & Securities Pvt. Ltd.,Kumari Securities Private Limited,15,218.5,3277.5,2025-07-31 12:11:01.080895
2025-07-31,114001,2025073104008882,NHPC,Online Securities Pvt. Ltd.,Naasa Securities Co. Ltd.,10,220.0,2200.0,2025-07-31 12:11:52.699623
2025-07-31,112133,2025073104009246,NHPC,Dynamic Money Managers Securities Pvt. Ltd.,Naasa Securities Co. Ltd.,213,220.0,46860.0,2025-07-31 12:14:44.837816
2025-07-31,112132,2025073104009247,NHPC,Dynamic Money Managers Securities Pvt. Ltd.,Siprabi Securities Pvt. Ltd.,200,220.0,44000.0,2025-07-31 12:14:44.838038
2025-07-31,111978,2025073104009287,NHPC,Dynamic Money Managers Securities Pvt. Ltd.,Agrawal Securities (PVT) Ltd.,587,220.0,129140.0,2025-07-31 12:15:02.239419
2025-07-31,109824,2025073104009700,NHPC,Naasa Securities Co. Ltd.,Agrawal Securities (PVT) Ltd.,27,220.0,5940.0,2025-07-31 12:18:18.766650
2025-07-31,107362,2025073104010112,NHPC,Naasa Securities Co. Ltd.,Ashutosh Brokerage & Securities (PVT) Ltd.,150,219.0,32850.0,2025-07-31 12:22:50.667287
2025-07-31,106470,2025073104010332,NHPC,Bhrikuti Stock Broking Co. Pvt. Ltd.,Ashutosh Brokerage & Securities (PVT) Ltd.,125,219.0,27375.0,2025-07-31 12:24:24.981022
2025-07-31,106469,2025073104010333,NHPC,Bhrikuti Stock Broking Co. Pvt. Ltd.,Primo Securities (PVT) Ltd.,200,219.9,43980.0,2025-07-31 12:24:24.981407
2025-07-31,106468,2025073104010334,NHPC,Bhrikuti Stock Broking Co. Pvt. Ltd.,Linch Stock Market Ltd.,200,219.9,43980.0,2025-07-31 12:24:24.981633
2025-07-31,106467,2025073104010335,NHPC,Bhrikuti Stock Broking Co. Pvt. Ltd.,Agrawal Securities (PVT) Ltd.,386,220.0,84920.0,2025-07-31 12:24:24.981855
2025-07-31,106466,2025073104010336,NHPC,Bhrikuti Stock Broking Co. Pvt. Ltd.,Malla & Malla Stock Broking Company Pvt. Limited,50,220.0,11000.0,2025-07-31 12:24:24.982070
2025-07-31,106465,2025073104010337,NHPC,Bhrikuti Stock Broking Co. Pvt. Ltd.,Shree Krishna Securities Ltd.,953,220.0,209660.0,2025-07-31 12:24:24.982306
2025-07-31,106464,2025073104010338,NHPC,Bhrikuti Stock Broking Co. Pvt. Ltd.,Dynamic Money Managers Securities Pvt. Ltd.,1905,220.0,419100.0,2025-07-31 12:24:24.982577
2025-07-31,106463,2025073104010339,NHPC,Bhrikuti Stock Broking Co. Pvt. Ltd.,Bhrikuti Stock Broking Co. Pvt. Ltd.,1181,220.0,259820.0,2025-07-31 12:24:24.982865
2025-07-31,105736,2025073104010473,NHPC,Naasa Securities Co. Ltd.,Bhrikuti Stock Broking Co. Pvt. Ltd.,115,220.0,25300.0,2025-07-31 12:25:19.133467
2025-07-31,104787,2025073104010651,NHPC,Kohinoor Investment & Securities Pvt. Ltd.,Bhrikuti Stock Broking Co. Pvt. Ltd.,50,220.0,11000.0,2025-07-31 12:26:46.434138
2025-07-31,104435,2025073104010747,NHPC,Sweta Securities Private Limited,Premier Securities Company Ltd.,100,219.1,21910.0,2025-07-31 12:27:29.193977
2025-07-31,104434,2025073104010748,NHPC,Linch Stock Market Ltd.,Premier Securities Company Ltd.,500,219.0,109500.0,2025-07-31 12:27:29.194072
2025-07-31,104433,2025073104010749,NHPC,Vision Securities Pvt. Ltd,Premier Securities Company Ltd.,675,219.0,147825.0,2025-07-31 12:27:29.194172
2025-07-31,103813,2025073104010824,NHPC,Vision Securities Pvt. Ltd,Dakshinkali Investment & Securities Pvt. Ltd.,325,219.0,71175.0,2025-07-31 12:27:56.055545
2025-07-31,103812,2025073104010825,NHPC,Imperial Securities Company Pvt. Ltd.,Dakshinkali Investment & Securities Pvt. Ltd.,251,219.0,54969.0,2025-07-31 12:27:56.055773
2025-07-31,103599,2025073104010856,NHPC,Imperial Securities Company Pvt. Ltd.,Imperial Securities Company Pvt. Ltd.,749,219.0,164031.0,2025-07-31 12:28:14.497977
2025-07-31,103007,2025073104010958,NHPC,Midas Stock Broking Company Private Limited,Imperial Securities Company Pvt. Ltd.,39,219.0,8541.0,2025-07-31 12:29:09.758481
2025-07-31,101180,2025073104011298,NHPC,Dynamic Money Managers Securities Pvt. Ltd.,Bhrikuti Stock Broking Co. Pvt. Ltd.,654,220.0,143880.0,2025-07-31 12:31:47.589133
2025-07-31,101179,2025073104011299,NHPC,Dynamic Money Managers Securities Pvt. Ltd.,Cristal Kanchanjanga Securites Pvt. Ltd.,1200,220.0,264000.0,2025-07-31 12:31:47.589343
2025-07-31,101178,2025073104011300,NHPC,Dynamic Money Managers Securities Pvt. Ltd.,Opal Securities Investment (PVT) Ltd.,237,220.0,52140.0,2025-07-31 12:31:47.589449
2025-07-31,101177,2025073104011301,NHPC,Dynamic Money Managers Securities Pvt. Ltd.,Secured Securities Ltd.,900,220.0,198000.0,2025-07-31 12:31:47.589534
2025-07-31,100167,2025073104011506,NHPC,Siprabi Securities Pvt. Ltd.,Aryatara Investment & Securities,60,220.0,13200.0,2025-07-31 12:33:17.146543
2025-07-31,99876,2025073104011559,NHPC,Dakshinkali Investment & Securities Pvt. Ltd.,Aryatara Investment & Securities,140,220.0,30800.0,2025-07-31 12:33:42.257604
2025-07-31,99875,2025073104011560,NHPC,Dakshinkali Investment & Securities Pvt. Ltd.,Sani Securities Company Ltd.,245,220.0,53900.0,2025-07-31 12:33:42.257792
2025-07-31,99124,2025073104011688,NHPC,Aryatara Investment & Securities,Sani Securities Company Ltd.,100,220.0,22000.0,2025-07-31 12:34:44.353677
2025-07-31,98100,2025073104011892,NHPC,Vision Securities Pvt. Ltd,Sani Securities Company Ltd.,37,220.0,8140.0,2025-07-31 12:36:02.161380
2025-07-31,98076,2025073104011898,NHPC,Deevyaa Securities & Stock House Pvt. Ltd,Bhrikuti Stock Broking Co. Pvt. Ltd.,10,219.7,2197.0,2025-07-31 12:36:04.154102
2025-07-31,97933,2025073104011910,NHPC,Aryatara Investment & Securities,Sani Securities Company Ltd.,75,220.0,16500.0,2025-07-31 12:36:12.307856
2025-07-31,96752,2025073104012121,NHPC,Deevyaa Securities & Stock House Pvt. Ltd,Vision Securities Pvt. Ltd,200,219.7,43940.0,2025-07-31 12:37:41.824847
2025-07-31,96744,2025073104012124,NHPC,Asian Securities Private Ltd.,Sani Securities Company Ltd.,43,220.0,9460.0,2025-07-31 12:37:42.770566
2025-07-31,96743,2025073104012125,NHPC,Asian Securities Private Ltd.,ABC Securities Private Limited,20,220.0,4400.0,2025-07-31 12:37:42.770789
2025-07-31,96742,2025073104012126,NHPC,Asian Securities Private Ltd.,Kumari Securities Private Limited,437,220.0,96140.0,2025-07-31 12:37:42.770881
2025-07-31,95029,2025073104012461,NHPC,Dakshinkali Investment & Securities Pvt. Ltd.,Online Securities Pvt. Ltd.,200,220.5,44100.0,2025-07-31 12:40:46.082532
2025-07-31,93891,2025073104012696,NHPC,Asian Securities Private Ltd.,Sani Securities Company Ltd.,100,220.9,22090.0,2025-07-31 12:43:05.104855
2025-07-31,93890,2025073104012697,NHPC,Asian Securities Private Ltd.,Premier Securities Company Ltd.,20,220.9,4418.0,2025-07-31 12:43:05.105066
2025-07-31,93570,2025073104012763,NHPC,Asian Securities Private Ltd.,Kumari Securities Private Limited,100,221.0,22100.0,2025-07-31 12:43:43.254965
2025-07-31,93534,2025073104012769,NHPC,Secured Securities Ltd.,Kumari Securities Private Limited,50,221.0,11050.0,2025-07-31 12:43:47.558716
2025-07-31,93173,2025073104012857,NHPC,Secured Securities Ltd.,Kumari Securities Private Limited,50,221.0,11050.0,2025-07-31 12:44:18.946140
2025-07-31,93172,2025073104012858,NHPC,Secured Securities Ltd.,Sani Securities Company Ltd.,950,221.0,209950.0,2025-07-31 12:44:18.946571
2025-07-31,93082,2025073104012874,NHPC,Asian Securities Private Ltd.,Sani Securities Company Ltd.,50,221.0,11050.0,2025-07-31 12:44:27.436513
2025-07-31,93081,2025073104012875,NHPC,Asian Securities Private Ltd.,Nepal Stock House (PVT) Ltd.,100,221.0,22100.0,2025-07-31 12:44:27.436607
2025-07-31,93080,2025073104012876,NHPC,Asian Securities Private Ltd.,Sani Securities Company Ltd.,650,221.0,143650.0,2025-07-31 12:44:27.436677
2025-07-31,92633,2025073104012950,NHPC,Sweta Securities Private Limited,Sani Securities Company Ltd.,200,221.0,44200.0,2025-07-31 12:45:19.133689
2025-07-31,92129,2025073104013031,NHPC,Sundhara Securities Limited,Sani Securities Company Ltd.,282,221.0,62322.0,2025-07-31 12:46:09.970648
2025-07-31,92128,2025073104013032,NHPC,Sundhara Securities Limited,Imperial Securities Company Pvt. Ltd.,218,221.0,48178.0,2025-07-31 12:46:09.970903
2025-07-31,91985,2025073104013071,NHPC,Neev Securities Pvt. Ltd.,Imperial Securities Company Pvt. Ltd.,32,221.0,7072.0,2025-07-31 12:46:26.354829
2025-07-31,91984,2025073104013072,NHPC,Neev Securities Pvt. Ltd.,Primo Securities (PVT) Ltd.,168,221.0,37128.0,2025-07-31 12:46:26.355063
2025-07-31,91487,2025073104013164,NHPC,Sundhara Securities Limited,Primo Securities (PVT) Ltd.,164,221.0,36244.0,2025-07-31 12:47:14.197306
2025-07-31,90908,2025073104013299,NHPC,Asian Securities Private Ltd.,Sri Hari Securities Pvt. Ltd.,80,220.9,17672.0,2025-07-31 12:48:13.231117
2025-07-31,90151,2025073104013437,NHPC,Sundhara Securities Limited,Sri Hari Securities Pvt. Ltd.,675,220.9,149107.5,2025-07-31 12:49:28.760632
2025-07-31,90142,2025073104013439,NHPC,Siprabi Securities Pvt. Ltd.,Aryatara Investment & Securities,500,220.5,110250.0,2025-07-31 12:49:30.632965
2025-07-31,90141,2025073104013440,NHPC,Kohinoor Investment & Securities Pvt. Ltd.,Aryatara Investment & Securities,100,220.2,22020.0,2025-07-31 12:49:30.633191
2025-07-31,90140,2025073104013441,NHPC,Dipshikha Dhitopatra Karobar Co. Pvt Ltd.,Aryatara Investment & Securities,100,220.1,22010.0,2025-07-31 12:49:30.633270
2025-07-31,90139,2025073104013442,NHPC,Linch Stock Market Ltd.,Aryatara Investment & Securities,300,220.1,66030.0,2025-07-31 12:49:30.633371
2025-07-31,89905,2025073104013480,NHPC,Linch Stock Market Ltd.,Nepal Stock House (PVT) Ltd.,500,220.1,110050.0,2025-07-31 12:50:03.302725
2025-07-31,89804,2025073104013498,NHPC,Linch Stock Market Ltd.,Sri Hari Securities Pvt. Ltd.,200,220.1,44020.0,2025-07-31 12:50:16.822106
2025-07-31,89803,2025073104013499,NHPC,Naasa Securities Co. Ltd.,Sri Hari Securities Pvt. Ltd.,15,220.0,3300.0,2025-07-31 12:50:16.822337
2025-07-31,89802,2025073104013500,NHPC,Sani Securities Company Ltd.,Sri Hari Securities Pvt. Ltd.,220,220.0,48400.0,2025-07-31 12:50:16.822457
2025-07-31,89801,2025073104013501,NHPC,Vision Securities Pvt. Ltd,Sri Hari Securities Pvt. Ltd.,50,220.0,11000.0,2025-07-31 12:50:16.822535
2025-07-31,89563,2025073104013537,NHPC,Vision Securities Pvt. Ltd,Midas Stock Broking Company Private Limited,500,219.9,109950.0,2025-07-31 12:50:41.756473
2025-07-31,89116,2025073104013609,NHPC,Deevyaa Securities & Stock House Pvt. Ltd,Aryatara Investment & Securities,98,219.7,21530.6,2025-07-31 12:51:24.398708
2025-07-31,88361,2025073104013754,NHPC,J.F. Securites (PVT) Ltd.,Sri Hari Securities Pvt. Ltd.,100,220.0,22000.0,2025-07-31 12:52:56.808831
2025-07-31,87893,2025073104013836,NHPC,Ashutosh Brokerage & Securities (PVT) Ltd.,Sri Hari Securities Pvt. Ltd.,200,220.0,44000.0,2025-07-31 12:54:00.053497
2025-07-31,85833,2025073104014175,NHPC,Deevyaa Securities & Stock House Pvt. Ltd,Midas Stock Broking Company Private Limited,30,219.7,6591.0,2025-07-31 12:58:56.618055
2025-07-31,84808,2025073104014383,NHPC,Deevyaa Securities & Stock House Pvt. Ltd,Sumeru Securities Pvt. Ltd.,24,219.7,5272.8,2025-07-31 13:01:13.156541
2025-07-31,84807,2025073104014384,NHPC,Siprabi Securities Pvt. Ltd.,Sumeru Securities Pvt. Ltd.,76,219.7,16697.2,2025-07-31 13:01:13.156768
2025-07-31,84280,2025073104014485,NHPC,Siprabi Securities Pvt. Ltd.,Online Securities Pvt. Ltd.,140,219.7,30758.0,2025-07-31 13:02:27.467338
2025-07-31,84215,2025073104014493,NHPC,Midas Stock Broking Company Private Limited,Sani Securities Company Ltd.,175,219.5,38412.5,2025-07-31 13:02:41.833913
2025-07-31,83843,2025073104014547,NHPC,Midas Stock Broking Company Private Limited,Bhrikuti Stock Broking Co. Pvt. Ltd.,55,219.5,12072.5,2025-07-31 13:03:40.056948
2025-07-31,83842,2025073104014548,NHPC,Vision Securities Pvt. Ltd,Bhrikuti Stock Broking Co. Pvt. Ltd.,50,219.1,10955.0,2025-07-31 13:03:40.057017
2025-07-31,83841,2025073104014549,NHPC,Imperial Securities Company Pvt. Ltd.,Bhrikuti Stock Broking Co. Pvt. Ltd.,95,219.0,20805.0,2025-07-31 13:03:40.057048
2025-07-31,83713,2025073104014582,NHPC,Imperial Securities Company Pvt. Ltd.,Sweta Securities Private Limited,178,219.0,38982.0,2025-07-31 13:04:01.944690
2025-07-31,81384,2025073104014991,NHPC,Kohinoor Investment & Securities Pvt. Ltd.,Elite Stock House Limited,10,219.9,2199.0,2025-07-31 13:09:42.494870
2025-07-31,81317,2025073104014998,NHPC,Kohinoor Investment & Securities Pvt. Ltd.,Sri Hari Securities Pvt. Ltd.,11,220.0,2420.0,2025-07-31 13:09:52.562736
2025-07-31,80844,2025073104015087,NHPC,Aryatara Investment & Securities,ABC Securities Private Limited,94,219.1,20595.4,2025-07-31 13:11:03.819943
2025-07-31,80276,2025073104015156,NHPC,Kohinoor Investment & Securities Pvt. Ltd.,Sri Hari Securities Pvt. Ltd.,10,220.0,2200.0,2025-07-31 13:12:22.017503
2025-07-31,79291,2025073104015383,NHPC,Naasa Securities Co. Ltd.,KALASH STOCK MARKET PVT. LTD.,100,219.5,21950.0,2025-07-31 13:14:40.381389
2025-07-31,78423,2025073104015538,NHPC,Kohinoor Investment & Securities Pvt. Ltd.,Sri Hari Securities Pvt. Ltd.,11,220.0,2420.0,2025-07-31 13:16:21.400375
2025-07-31,78127,2025073104015591,NHPC,Sundhara Securities Limited,Sri Hari Securities Pvt. Ltd.,455,220.0,100100.0,2025-07-31 13:16:55.502535
2025-07-31,78020,2025073104015602,NHPC,Market Securities & Exchange (PVT) Ltd.,Sri Hari Securities Pvt. Ltd.,20,220.0,4400.0,2025-07-31 13:17:03.749806
2025-07-31,76894,2025073104015820,NHPC,ABC Securities Private Limited,Vision Securities Pvt. Ltd,38,219.7,8348.6,2025-07-31 13:19:11.009774
2025-07-31,76893,2025073104015821,NHPC,Naasa Securities Co. Ltd.,Vision Securities Pvt. Ltd,330,219.5,72435.0,2025-07-31 13:19:11.010002
2025-07-31,76892,2025073104015822,NHPC,Aryatara Investment & Securities,Vision Securities Pvt. Ltd,232,219.5,50924.0,2025-07-31 13:19:11.010113
2025-07-31,75905,2025073104015964,NHPC,Kalika Securities Pvt. Ltd.,Sri Hari Securities Pvt. Ltd.,390,220.0,85800.0,2025-07-31 13:21:01.588363
2025-07-31,74475,2025073104016211,NHPC,Kohinoor Investment & Securities Pvt. Ltd.,Sri Hari Securities Pvt. Ltd.,16,220.0,3520.0,2025-07-31 13:23:37.658911
2025-07-31,74293,2025073104016238,NHPC,Aryatara Investment & Securities,Sri Hari Securities Pvt. Ltd.,66,220.0,14520.0,2025-07-31 13:23:58.648148
2025-07-31,73666,2025073104016374,NHPC,Siprabi Securities Pvt. Ltd.,Sri Hari Securities Pvt. Ltd.,100,220.0,22000.0,2025-07-31 13:25:08.509782
2025-07-31,73561,2025073104016390,NHPC,Oxford Securities Pvt. Ltd.,Sri Hari Securities Pvt. Ltd.,460,220.0,101200.0,2025-07-31 13:25:23.687438
2025-07-31,73244,2025073104016434,NHPC,Dakshinkali Investment & Securities Pvt. Ltd.,Sri Hari Securities Pvt. Ltd.,1800,220.0,396000.0,2025-07-31 13:25:59.945096
2025-07-31,72873,2025073104016497,NHPC,Pragyan Securities (PVT) Ltd.,Sri Hari Securities Pvt. Ltd.,651,220.0,143220.0,2025-07-31 13:26:29.436500
2025-07-31,72872,2025073104016498,NHPC,Pragyan Securities (PVT) Ltd.,Midas Stock Broking Company Private Limited,85,220.0,18700.0,2025-07-31 13:26:29.436765
2025-07-31,70956,2025073104016817,NHPC,Dakshinkali Investment & Securities Pvt. Ltd.,Kumari Securities Private Limited,150,221.0,33150.0,2025-07-31 13:29:20.081689
2025-07-31,70955,2025073104016818,NHPC,Dakshinkali Investment & Securities Pvt. Ltd.,Trishakti Securities Public Limited,30,221.0,6630.0,2025-07-31 13:29:20.082016
2025-07-31,70369,2025073104016889,NHPC,Sundhara Securities Limited,Trishakti Securities Public Limited,1000,221.0,221000.0,2025-07-31 13:29:49.025624
2025-07-31,69362,2025073104017089,NHPC,MILKY WAY SHARE BROKER COMPANY LTD ,Capital Max Securities Ltd,600,220.1,132060.0,2025-07-31 13:31:12.923778
2025-07-31,69361,2025073104017090,NHPC,Pragyan Securities (PVT) Ltd.,Capital Max Securities Ltd,264,220.0,58080.0,2025-07-31 13:31:12.923862
2025-07-31,69360,2025073104017091,NHPC,Dipshikha Dhitopatra Karobar Co. Pvt Ltd.,Capital Max Securities Ltd,700,220.0,154000.0,2025-07-31 13:31:12.923891
2025-07-31,69359,2025073104017092,NHPC,Nepal Investment And Securities Trading Private Limited,Capital Max Securities Ltd,500,220.0,110000.0,2025-07-31 13:31:12.923914
2025-07-31,69358,2025073104017093,NHPC,Siprabi Securities Pvt. Ltd.,Capital Max Securities Ltd,100,220.0,22000.0,2025-07-31 13:31:12.923982
2025-07-31,69357,2025073104017094,NHPC,Sani Securities Company Ltd.,Capital Max Securities Ltd,500,220.0,110000.0,2025-07-31 13:31:12.924054
2025-07-31,69356,2025073104017095,NHPC,Nepal Investment And Securities Trading Private Limited,Capital Max Securities Ltd,200,219.9,43980.0,2025-07-31 13:31:12.924133
2025-07-31,69355,2025073104017096,NHPC,Aryatara Investment & Securities,Capital Max Securities Ltd,1036,219.7,227609.2,2025-07-31 13:31:12.924211
2025-07-31,69106,2025073104017135,NHPC,Aryatara Investment & Securities,Capital Max Securities Ltd,26,219.7,5712.2,2025-07-31 13:31:30.216064
2025-07-31,68977,2025073104017159,NHPC,Online Securities Pvt. Ltd.,Trishakti Securities Public Limited,1799,221.0,397579.0,2025-07-31 13:31:42.543213
2025-07-31,68793,2025073104017182,NHPC,Linch Stock Market Ltd.,Naasa Securities Co. Ltd.,200,220.9,44180.0,2025-07-31 13:31:59.500738
2025-07-31,68239,2025073104017324,NHPC,Dipshikha Dhitopatra Karobar Co. Pvt Ltd.,Naasa Securities Co. Ltd.,800,220.9,176720.0,2025-07-31 13:32:53.935164
2025-07-31,67505,2025073104017505,NHPC,Naasa Securities Co. Ltd.,Trishakti Securities Public Limited,113,221.0,24973.0,2025-07-31 13:34:09.250850
2025-07-31,67244,2025073104017556,NHPC,Trishakti Securities Public Limited,Primo Securities (PVT) Ltd.,100,220.6,22060.0,2025-07-31 13:34:34.874739
2025-07-31,67236,2025073104017557,NHPC,Trishakti Securities Public Limited,Bhrikuti Stock Broking Co. Pvt. Ltd.,900,220.6,198540.0,2025-07-31 13:34:35.962961
2025-07-31,67235,2025073104017558,NHPC,Sundhara Securities Limited,Bhrikuti Stock Broking Co. Pvt. Ltd.,800,220.5,176400.0,2025-07-31 13:34:35.963215
2025-07-31,67013,2025073104017609,NHPC,Vision Securities Pvt. Ltd,Bhrikuti Stock Broking Co. Pvt. Ltd.,300,220.5,66150.0,2025-07-31 13:35:04.472205
2025-07-31,66323,2025073104017753,NHPC,Sajilo Broker Limited,Trishakti Securities Public Limited,238,221.0,52598.0,2025-07-31 13:36:18.892671
2025-07-31,66322,2025073104017754,NHPC,Sajilo Broker Limited,Siprabi Securities Pvt. Ltd.,124,221.0,27404.0,2025-07-31 13:36:18.893143
2025-07-31,66321,2025073104017755,NHPC,Sajilo Broker Limited,Naasa Securities Co. Ltd.,150,221.0,33150.0,2025-07-31 13:36:18.893443
2025-07-31,66320,2025073104017756,NHPC,Sajilo Broker Limited,Premier Securities Company Ltd.,888,221.0,196248.0,2025-07-31 13:36:18.893702
2025-07-31,66091,2025073104017809,NHPC,Capital Max Securities Ltd,Premier Securities Company Ltd.,500,221.0,110500.0,2025-07-31 13:36:47.596706
2025-07-31,65898,2025073104017853,NHPC,Vision Securities Pvt. Ltd,Naasa Securities Co. Ltd.,200,220.5,44100.0,2025-07-31 13:37:04.689939
2025-07-31,65897,2025073104017854,NHPC,Vision Securities Pvt. Ltd,Naasa Securities Co. Ltd.,200,220.5,44100.0,2025-07-31 13:37:04.690403
2025-07-31,65896,2025073104017855,NHPC,Dakshinkali Investment & Securities Pvt. Ltd.,Naasa Securities Co. Ltd.,200,220.5,44100.0,2025-07-31 13:37:04.690677
2025-07-31,65780,2025073104017887,NHPC,Imperial Securities Company Pvt. Ltd.,Naasa Securities Co. Ltd.,190,220.5,41895.0,2025-07-31 13:37:17.173910
2025-07-31,64299,2025073104018195,NHPC,Nepal Stock House (PVT) Ltd.,Naasa Securities Co. Ltd.,10,220.8,2208.0,2025-07-31 13:39:57.964857
2025-07-31,64298,2025073104018196,NHPC,Nepal Stock House (PVT) Ltd.,Dipshikha Dhitopatra Karobar Co. Pvt Ltd.,190,220.9,41971.0,2025-07-31 13:39:57.965107
2025-07-31,63748,2025073104018293,NHPC,Sumeru Securities Pvt. Ltd.,Dipshikha Dhitopatra Karobar Co. Pvt Ltd.,60,220.9,13254.0,2025-07-31 13:40:56.102138
2025-07-31,63747,2025073104018294,NHPC,Sumeru Securities Pvt. Ltd.,Premier Securities Company Ltd.,478,221.0,105638.0,2025-07-31 13:40:56.102363
2025-07-31,61644,2025073104018817,NHPC,Imperial Securities Company Pvt. Ltd.,Dipshikha Dhitopatra Karobar Co. Pvt Ltd.,537,220.6,118462.2,2025-07-31 13:43:18.102552
2025-07-31,60899,2025073104019039,NHPC,Imperial Securities Company Pvt. Ltd.,Dipshikha Dhitopatra Karobar Co. Pvt Ltd.,100,220.5,22050.0,2025-07-31 13:44:14.621380
2025-07-31,60351,2025073104019222,NHPC,Sipla Securities Private Limited,Nepal Investment And Securities Trading Private Limited,10,220.1,2201.0,2025-07-31 13:44:57.021133
2025-07-31,60286,2025073104019242,NHPC,Sipla Securities Private Limited,Dipshikha Dhitopatra Karobar Co. Pvt Ltd.,490,220.1,107849.0,2025-07-31 13:45:03.116636
2025-07-31,60285,2025073104019243,NHPC,Siprabi Securities Pvt. Ltd.,Dipshikha Dhitopatra Karobar Co. Pvt Ltd.,14,220.1,3081.4,2025-07-31 13:45:03.116871
2025-07-31,60132,2025073104019283,NHPC,Vision Securities Pvt. Ltd,Sewa Securities Pvt. Ltd.,100,220.0,22000.0,2025-07-31 13:45:18.577372
2025-07-31,60131,2025073104019284,NHPC,Dakshinkali Investment & Securities Pvt. Ltd.,Sewa Securities Pvt. Ltd.,100,220.0,22000.0,2025-07-31 13:45:18.577618
2025-07-31,60130,2025073104019285,NHPC,KALASH STOCK MARKET PVT. LTD.,Sewa Securities Pvt. Ltd.,30,220.0,6600.0,2025-07-31 13:45:18.577708
2025-07-31,60129,2025073104019286,NHPC,MILKY WAY SHARE BROKER COMPANY LTD ,Sewa Securities Pvt. Ltd.,100,220.0,22000.0,2025-07-31 13:45:18.577800
2025-07-31,60128,2025073104019287,NHPC,Imperial Securities Company Pvt. Ltd.,Sewa Securities Pvt. Ltd.,170,220.0,37400.0,2025-07-31 13:45:18.577888
2025-07-31,60030,2025073104019321,NHPC,Imperial Securities Company Pvt. Ltd.,Kohinoor Investment & Securities Pvt. Ltd.,107,220.0,23540.0,2025-07-31 13:45:24.859021
2025-07-31,60029,2025073104019322,NHPC,Sri Hari Securities Pvt. Ltd.,Dipshikha Dhitopatra Karobar Co. Pvt Ltd.,10,220.1,2201.0,2025-07-31 13:45:24.938378
2025-07-31,59260,2025073104019489,NHPC,Aryatara Investment & Securities,Dipshikha Dhitopatra Karobar Co. Pvt Ltd.,49,219.7,10765.3,2025-07-31 13:46:37.969886
2025-07-31,58109,2025073104019700,NHPC,J.F. Securites (PVT) Ltd.,Primo Securities (PVT) Ltd.,668,220.9,147561.2,2025-07-31 13:49:04.971456
2025-07-31,57258,2025073104019829,NHPC,Naasa Securities Co. Ltd.,Dipshikha Dhitopatra Karobar Co. Pvt Ltd.,9,220.0,1980.0,2025-07-31 13:51:00.051044
2025-07-31,55625,2025073104020138,NHPC,Malla & Malla Stock Broking Company Pvt. Limited,Premier Securities Company Ltd.,50,220.5,11025.0,2025-07-31 13:54:19.157518
2025-07-31,55552,2025073104020148,NHPC,Sewa Securities Pvt. Ltd.,Online Securities Pvt. Ltd.,1760,220.4,387904.0,2025-07-31 13:54:29.859370
2025-07-31,55551,2025073104020149,NHPC,Online Securities Pvt. Ltd.,Online Securities Pvt. Ltd.,1130,220.3,248939.0,2025-07-31 13:54:29.859633
2025-07-31,55550,2025073104020150,NHPC,Creative Securities Pvt Ltd,Online Securities Pvt. Ltd.,110,220.0,24200.0,2025-07-31 13:54:29.859731
2025-07-31,55323,2025073104020189,NHPC,Creative Securities Pvt Ltd,Linch Stock Market Ltd.,150,220.0,33000.0,2025-07-31 13:55:04.010426
2025-07-31,55064,2025073104020223,NHPC,Pragyan Securities (PVT) Ltd.,Imperial Securities Company Pvt. Ltd.,200,220.1,44020.0,2025-07-31 13:55:38.330228
2025-07-31,54755,2025073104020282,NHPC,Creative Securities Pvt Ltd,Bhrikuti Stock Broking Co. Pvt. Ltd.,40,220.0,8800.0,2025-07-31 13:56:29.217818
2025-07-31,54754,2025073104020283,NHPC,Naasa Securities Co. Ltd.,Bhrikuti Stock Broking Co. Pvt. Ltd.,260,219.8,57148.0,2025-07-31 13:56:29.217898
2025-07-31,54634,2025073104020297,NHPC,Naasa Securities Co. Ltd.,Kumari Securities Private Limited,1740,219.8,382452.0,2025-07-31 13:56:41.647341
2025-07-31,53528,2025073104020466,NHPC,Aryatara Investment & Securities,Imperial Securities Company Pvt. Ltd.,107,219.7,23507.9,2025-07-31 13:59:16.867622
2025-07-31,53484,2025073104020475,NHPC,Deevyaa Securities & Stock House Pvt. Ltd,Kumari Securities Private Limited,260,219.8,57148.0,2025-07-31 13:59:21.419708
2025-07-31,53155,2025073104020535,NHPC,Online Securities Pvt. Ltd.,KALASH STOCK MARKET PVT. LTD.,300,220.0,66000.0,2025-07-31 14:00:06.292665
2025-07-31,53101,2025073104020545,NHPC,Deevyaa Securities & Stock House Pvt. Ltd,Bhrikuti Stock Broking Co. Pvt. Ltd.,194,219.8,42641.2,2025-07-31 14:00:12.527621
2025-07-31,53100,2025073104020546,NHPC,Imperial Securities Company Pvt. Ltd.,Bhrikuti Stock Broking Co. Pvt. Ltd.,375,219.8,82425.0,2025-07-31 14:00:12.527908
2025-07-31,52852,2025073104020578,NHPC,Linch Stock Market Ltd.,Bhrikuti Stock Broking Co. Pvt. Ltd.,31,219.8,6813.8,2025-07-31 14:00:44.370677
2025-07-31,51793,2025073104020758,NHPC,Deevyaa Securities & Stock House Pvt. Ltd,KALASH STOCK MARKET PVT. LTD.,80,220.0,17600.0,2025-07-31 14:02:52.738944
2025-07-31,51659,2025073104020778,NHPC,Shree Krishna Securities Ltd.,KALASH STOCK MARKET PVT. LTD.,120,220.0,26400.0,2025-07-31 14:03:11.360745
2025-07-31,51055,2025073104020943,NHPC,Shree Krishna Securities Ltd.,Aryatara Investment & Securities,150,220.0,33000.0,2025-07-31 14:04:27.135162
2025-07-31,50317,2025073104021106,NHPC,Shree Krishna Securities Ltd.,Imperial Securities Company Pvt. Ltd.,50,220.1,11005.0,2025-07-31 14:06:07.913211
2025-07-31,50117,2025073104021175,NHPC,Sani Securities Company Ltd.,Kumari Securities Private Limited,250,220.3,55075.0,2025-07-31 14:06:33.336967
2025-07-31,49855,2025073104021235,NHPC,Cristal Kanchanjanga Securites Pvt. Ltd.,Kumari Securities Private Limited,100,220.3,22030.0,2025-07-31 14:07:06.171275
2025-07-31,49663,2025073104021280,NHPC,Kalika Securities Pvt. Ltd.,Kumari Securities Private Limited,10,220.3,2203.0,2025-07-31 14:07:32.172068
2025-07-31,49580,2025073104021295,NHPC,Shree Krishna Securities Ltd.,Kumari Securities Private Limited,225,220.3,49567.5,2025-07-31 14:07:46.219665
2025-07-31,49353,2025073104021327,NHPC,Sani Securities Company Ltd.,Premier Securities Company Ltd.,450,220.5,99225.0,2025-07-31 14:08:14.475230
2025-07-31,49113,2025073104021352,NHPC,Naasa Securities Co. Ltd.,Nepal Stock House (PVT) Ltd.,50,220.8,11040.0,2025-07-31 14:08:44.563038
2025-07-31,49100,2025073104021358,NHPC,Sani Securities Company Ltd.,Kohinoor Investment & Securities Pvt. Ltd.,550,220.5,121275.0,2025-07-31 14:08:47.152783
2025-07-31,49073,2025073104021366,NHPC,Investment Management Nepal Pvt. Ltd.,Kohinoor Investment & Securities Pvt. Ltd.,2450,220.5,540225.0,2025-07-31 14:08:53.390641
2025-07-31,49072,2025073104021367,NHPC,Investment Management Nepal Pvt. Ltd.,Nepal Stock House (PVT) Ltd.,350,220.8,77280.0,2025-07-31 14:08:53.390931
2025-07-31,49071,2025073104021368,NHPC,Investment Management Nepal Pvt. Ltd.,Kalika Securities Pvt. Ltd.,15,220.8,3312.0,2025-07-31 14:08:53.391034
2025-07-31,48941,2025073104021421,NHPC,Sundhara Securities Limited,Premier Securities Company Ltd.,134,221.0,29614.0,2025-07-31 14:09:10.493264
2025-07-31,48940,2025073104021422,NHPC,Sundhara Securities Limited,Premier Securities Company Ltd.,193,221.0,42653.0,2025-07-31 14:09:10.493542
2025-07-31,48863,2025073104021431,NHPC,Dipshikha Dhitopatra Karobar Co. Pvt Ltd.,Premier Securities Company Ltd.,500,221.0,110500.0,2025-07-31 14:09:17.256486
2025-07-31,48822,2025073104021446,NHPC,Shree Krishna Securities Ltd.,Premier Securities Company Ltd.,307,221.0,67847.0,2025-07-31 14:09:22.453884
2025-07-31,48821,2025073104021447,NHPC,Shree Krishna Securities Ltd.,Kumari Securities Private Limited,563,221.0,124423.0,2025-07-31 14:09:22.454359
2025-07-31,48820,2025073104021448,NHPC,Shree Krishna Securities Ltd.,Oxford Securities Pvt. Ltd.,389,221.0,85969.0,2025-07-31 14:09:22.454626
2025-07-31,48819,2025073104021449,NHPC,Shree Krishna Securities Ltd.,Vision Securities Pvt. Ltd,246,221.0,54366.0,2025-07-31 14:09:22.454894
2025-07-31,48641,2025073104021503,NHPC,Midas Stock Broking Company Private Limited,Vision Securities Pvt. Ltd,40,221.0,8840.0,2025-07-31 14:09:44.276505
2025-07-31,48341,2025073104021565,NHPC,Imperial Securities Company Pvt. Ltd.,Vision Securities Pvt. Ltd,100,221.0,22100.0,2025-07-31 14:10:35.550152
2025-07-31,48300,2025073104021576,NHPC,Nepal Stock House (PVT) Ltd.,Vision Securities Pvt. Ltd,59,221.0,13039.0,2025-07-31 14:10:42.622608
2025-07-31,46207,2025073104021968,NHPC,Nepal Stock House (PVT) Ltd.,Nepal Investment And Securities Trading Private Limited,41,221.0,9061.0,2025-07-31 14:15:14.759914
2025-07-31,46017,2025073104021998,NHPC,Primo Securities (PVT) Ltd.,Primo Securities (PVT) Ltd.,100,221.0,22100.0,2025-07-31 14:15:36.418472
2025-07-31,45769,2025073104022044,NHPC,J.F. Securites (PVT) Ltd.,Asian Securities Private Ltd.,150,221.1,33165.0,2025-07-31 14:16:05.905876
2025-07-31,44683,2025073104022275,NHPC,Primo Securities (PVT) Ltd.,Nepal Investment And Securities Trading Private Limited,50,221.0,11050.0,2025-07-31 14:18:09.578379
2025-07-31,44152,2025073104022414,NHPC,Primo Securities (PVT) Ltd.,Kohinoor Investment & Securities Pvt. Ltd.,290,221.0,64090.0,2025-07-31 14:19:20.730928
2025-07-31,43062,2025073104022653,NHPC,J.F. Securites (PVT) Ltd.,Asian Securities Private Ltd.,150,221.1,33165.0,2025-07-31 14:21:39.318246
2025-07-31,42346,2025073104022787,NHPC,Primo Securities (PVT) Ltd.,Sundhara Securities Limited,10,221.0,2210.0,2025-07-31 14:22:51.675268
2025-07-31,42119,2025073104022835,NHPC,Investment Management Nepal Pvt. Ltd.,Creative Securities Pvt Ltd,185,220.8,40848.0,2025-07-31 14:23:14.415496
2025-07-31,42118,2025073104022836,NHPC,Kohinoor Investment & Securities Pvt. Ltd.,Creative Securities Pvt Ltd,15,220.8,3312.0,2025-07-31 14:23:14.415750
2025-07-31,41811,2025073104022899,NHPC,Kohinoor Investment & Securities Pvt. Ltd.,Sundhara Securities Limited,15,220.8,3312.0,2025-07-31 14:23:45.926000
2025-07-31,41810,2025073104022900,NHPC,Online Securities Pvt. Ltd.,Sundhara Securities Limited,10,220.2,2202.0,2025-07-31 14:23:45.926255
2025-07-31,41809,2025073104022901,NHPC,Nepal Stock House (PVT) Ltd.,Sundhara Securities Limited,100,220.1,22010.0,2025-07-31 14:23:45.926361
2025-07-31,41808,2025073104022902,NHPC,Secured Securities Ltd.,Sundhara Securities Limited,50,220.1,11005.0,2025-07-31 14:23:45.926460
2025-07-31,41807,2025073104022903,NHPC,Premier Securities Company Ltd.,Sundhara Securities Limited,500,220.0,110000.0,2025-07-31 14:23:45.926566
2025-07-31,41806,2025073104022904,NHPC,Sewa Securities Pvt. Ltd.,Sundhara Securities Limited,50,220.0,11000.0,2025-07-31 14:23:45.926656
2025-07-31,41805,2025073104022905,NHPC,Aryatara Investment & Securities,Sundhara Securities Limited,100,220.0,22000.0,2025-07-31 14:23:45.926751
2025-07-31,41804,2025073104022906,NHPC,Online Securities Pvt. Ltd.,Sundhara Securities Limited,30,220.0,6600.0,2025-07-31 14:23:45.926848
2025-07-31,41803,2025073104022907,NHPC,S.P.S.A. Securities Limited,Sundhara Securities Limited,145,220.0,31900.0,2025-07-31 14:23:45.926944
2025-07-31,41432,2025073104022957,NHPC,S.P.S.A. Securities Limited,Vision Securities Pvt. Ltd,100,220.0,22000.0,2025-07-31 14:24:09.420239
2025-07-31,41373,2025073104022972,NHPC,S.P.S.A. Securities Limited,Kumari Securities Private Limited,3000,220.0,660000.0,2025-07-31 14:24:12.577533
2025-07-31,41243,2025073104022990,NHPC,S.P.S.A. Securities Limited,Sundhara Securities Limited,80,220.0,17600.0,2025-07-31 14:24:28.129389
2025-07-31,40811,2025073104023072,NHPC,S.P.S.A. Securities Limited,Investment Management Nepal Pvt. Ltd.,40,220.0,8800.0,2025-07-31 14:25:11.594515
2025-07-31,39726,2025073104023376,NHPC,S.P.S.A. Securities Limited,Creative Securities Pvt Ltd,800,220.0,176000.0,2025-07-31 14:26:53.536287
2025-07-31,39206,2025073104023546,NHPC,Global IME Securities Limited,Kohinoor Investment & Securities Pvt. Ltd.,10,220.1,2201.0,2025-07-31 14:27:35.661898
2025-07-31,39205,2025073104023547,NHPC,South Asian Bulls Pvt. Ltd.,Kohinoor Investment & Securities Pvt. Ltd.,50,220.1,11005.0,2025-07-31 14:27:35.662199
2025-07-31,39204,2025073104023548,NHPC,S.P.S.A. Securities Limited,Kohinoor Investment & Securities Pvt. Ltd.,440,220.0,96800.0,2025-07-31 14:27:35.662310
2025-07-31,38546,2025073104023748,NHPC,Sewa Securities Pvt. Ltd.,Kohinoor Investment & Securities Pvt. Ltd.,500,220.1,110050.0,2025-07-31 14:28:34.092150
2025-07-31,37254,2025073104024066,NHPC,Linch Stock Market Ltd.,J.F. Securites (PVT) Ltd.,10,220.8,2208.0,2025-07-31 14:30:32.303530
2025-07-31,37002,2025073104024155,NHPC,Investment Management Nepal Pvt. Ltd.,Sani Securities Company Ltd.,1200,220.1,264120.0,2025-07-31 14:30:52.788968
2025-07-31,36217,2025073104024311,NHPC,Dipshikha Dhitopatra Karobar Co. Pvt Ltd.,Sumeru Securities Pvt. Ltd.,245,220.2,53949.0,2025-07-31 14:32:04.418581
2025-07-31,36051,2025073104024342,NHPC,Dipshikha Dhitopatra Karobar Co. Pvt Ltd.,Pragyan Securities (PVT) Ltd.,10,220.2,2202.0,2025-07-31 14:32:17.334003
2025-07-31,35408,2025073104024503,NHPC,Dipshikha Dhitopatra Karobar Co. Pvt Ltd.,Dipshikha Dhitopatra Karobar Co. Pvt Ltd.,245,220.2,53949.0,2025-07-31 14:33:10.807151
2025-07-31,32866,2025073104025228,NHPC,Trishakti Securities Public Limited,Sumeru Securities Pvt. Ltd.,200,220.5,44100.0,2025-07-31 14:35:59.402694
2025-07-31,32815,2025073104025241,NHPC,Trishakti Securities Public Limited,Nepal Stock House (PVT) Ltd.,175,220.5,38587.5,2025-07-31 14:36:04.305362
2025-07-31,31689,2025073104025492,NHPC,Trishakti Securities Public Limited,Opal Securities Investment (PVT) Ltd.,225,220.5,49612.5,2025-07-31 14:37:24.301734
2025-07-31,31688,2025073104025493,NHPC,Investment Management Nepal Pvt. Ltd.,Opal Securities Investment (PVT) Ltd.,775,220.1,170577.5,2025-07-31 14:37:24.302002
2025-07-31,31050,2025073104025652,NHPC,Agrawal Securities (PVT) Ltd.,Neev Securities Pvt. Ltd.,30,220.2,6606.0,2025-07-31 14:38:13.295734
2025-07-31,31049,2025073104025653,NHPC,Investment Management Nepal Pvt. Ltd.,Neev Securities Pvt. Ltd.,1025,220.1,225602.5,2025-07-31 14:38:13.296053
2025-07-31,31048,2025073104025654,NHPC,S.P.S.A. Securities Limited,Neev Securities Pvt. Ltd.,3945,220.0,867900.0,2025-07-31 14:38:13.296168
2025-07-31,30962,2025073104025674,NHPC,S.P.S.A. Securities Limited,Neev Securities Pvt. Ltd.,4900,220.0,1078000.0,2025-07-31 14:38:21.336258
2025-07-31,30797,2025073104025767,NHPC,S.P.S.A. Securities Limited,Dipshikha Dhitopatra Karobar Co. Pvt Ltd.,225,220.0,49500.0,2025-07-31 14:38:30.161836
2025-07-31,30047,2025073104025930,NHPC,S.P.S.A. Securities Limited,Investment Management Nepal Pvt. Ltd.,956,220.0,210320.0,2025-07-31 14:39:33.451543
2025-07-31,30019,2025073104025943,NHPC,S.P.S.A. Securities Limited,Trishakti Securities Public Limited,322,220.0,70840.0,2025-07-31 14:39:36.672546
2025-07-31,29854,2025073104025989,NHPC,Aryatara Investment & Securities,Imperial Securities Company Pvt. Ltd.,400,220.1,88040.0,2025-07-31 14:39:52.145671
2025-07-31,29780,2025073104026008,NHPC,S.P.S.A. Securities Limited,K.B.L. Securities Limited ,190,220.0,41800.0,2025-07-31 14:39:57.590029
2025-07-31,29556,2025073104026082,NHPC,S.P.S.A. Securities Limited,K.B.L. Securities Limited ,10,220.0,2200.0,2025-07-31 14:40:15.655425
2025-07-31,29499,2025073104026092,NHPC,S.P.S.A. Securities Limited,Siprabi Securities Pvt. Ltd.,1041,220.0,229020.0,2025-07-31 14:40:20.592231
2025-07-31,28991,2025073104026210,NHPC,S.P.S.A. Securities Limited,Sani Securities Company Ltd.,200,220.0,44000.0,2025-07-31 14:41:06.190225
2025-07-31,28809,2025073104026273,NHPC,S.P.S.A. Securities Limited,Sani Securities Company Ltd.,800,220.0,176000.0,2025-07-31 14:41:18.363132
2025-07-31,28440,2025073104026376,NHPC,S.P.S.A. Securities Limited,Aryatara Investment & Securities,3260,220.0,717200.0,2025-07-31 14:41:51.706033
2025-07-31,28439,2025073104026377,NHPC,Opal Securities Investment (PVT) Ltd.,Aryatara Investment & Securities,10,220.0,2200.0,2025-07-31 14:41:51.706322
2025-07-31,28438,2025073104026378,NHPC,Deevyaa Securities & Stock House Pvt. Ltd,Aryatara Investment & Securities,501,220.0,110220.0,2025-07-31 14:41:51.706436
2025-07-31,28437,2025073104026379,NHPC,Oxford Securities Pvt. Ltd.,Aryatara Investment & Securities,1000,220.0,220000.0,2025-07-31 14:41:51.706543
2025-07-31,28436,2025073104026380,NHPC,Investment Management Nepal Pvt. Ltd.,Aryatara Investment & Securities,700,220.0,154000.0,2025-07-31 14:41:51.706663
2025-07-31,28435,2025073104026381,NHPC,Asian Securities Private Ltd.,Aryatara Investment & Securities,249,220.0,54780.0,2025-07-31 14:41:51.706784
2025-07-31,27382,2025073104026682,NHPC,Sweta Securities Private Limited,Primo Securities (PVT) Ltd.,200,220.0,44000.0,2025-07-31 14:43:13.797891
2025-07-31,25881,2025073104027114,NHPC,Aryatara Investment & Securities,Aryatara Investment & Securities,82,219.7,18015.4,2025-07-31 14:44:52.641269
2025-07-31,25880,2025073104027115,NHPC,Siprabi Securities Pvt. Ltd.,Aryatara Investment & Securities,100,219.5,21950.0,2025-07-31 14:44:52.641549
2025-07-31,25879,2025073104027116,NHPC,Market Securities & Exchange (PVT) Ltd.,Aryatara Investment & Securities,50,219.5,10975.0,2025-07-31 14:44:52.641682
2025-07-31,25878,2025073104027117,NHPC,Opal Securities Investment (PVT) Ltd.,Aryatara Investment & Securities,30,219.5,6585.0,2025-07-31 14:44:52.641793
2025-07-31,25877,2025073104027118,NHPC,Premier Securities Company Ltd.,Aryatara Investment & Securities,80,219.3,17544.0,2025-07-31 14:44:52.641899
2025-07-31,25876,2025073104027119,NHPC,ABC Securities Private Limited,Aryatara Investment & Securities,100,219.2,21920.0,2025-07-31 14:44:52.642047
2025-07-31,25875,2025073104027120,NHPC,Aryatara Investment & Securities,Aryatara Investment & Securities,146,219.1,31988.6,2025-07-31 14:44:52.642168
2025-07-31,25874,2025073104027121,NHPC,Kumari Securities Private Limited,Aryatara Investment & Securities,50,219.1,10955.0,2025-07-31 14:44:52.642298
2025-07-31,25873,2025073104027122,NHPC,Imperial Securities Company Pvt. Ltd.,Aryatara Investment & Securities,30,219.0,6570.0,2025-07-31 14:44:52.642418
2025-07-31,25872,2025073104027123,NHPC,Premier Securities Company Ltd.,Aryatara Investment & Securities,221,219.0,48399.0,2025-07-31 14:44:52.642521
2025-07-31,23862,2025073104027662,NHPC,Dipshikha Dhitopatra Karobar Co. Pvt Ltd.,S.P.S.A. Securities Limited,10,219.9,2199.0,2025-07-31 14:46:33.562732
2025-07-31,23788,2025073104027691,NHPC,Premier Securities Company Ltd.,SUN SECURITIES PVT LTD,279,219.0,61101.0,2025-07-31 14:46:40.450280
2025-07-31,23787,2025073104027692,NHPC,Aryatara Investment & Securities,SUN SECURITIES PVT LTD,1000,219.0,219000.0,2025-07-31 14:46:40.450574
2025-07-31,23786,2025073104027693,NHPC,Secured Securities Ltd.,SUN SECURITIES PVT LTD,50,219.0,10950.0,2025-07-31 14:46:40.450712
2025-07-31,23785,2025073104027694,NHPC,Ashutosh Brokerage & Securities (PVT) Ltd.,SUN SECURITIES PVT LTD,55,219.0,12045.0,2025-07-31 14:46:40.450849
2025-07-31,23784,2025073104027695,NHPC,Opal Securities Investment (PVT) Ltd.,SUN SECURITIES PVT LTD,116,219.0,25404.0,2025-07-31 14:46:40.450953
2025-07-31,23620,2025073104027757,NHPC,Opal Securities Investment (PVT) Ltd.,Bhrikuti Stock Broking Co. Pvt. Ltd.,34,219.0,7446.0,2025-07-31 14:46:46.611338
2025-07-31,23619,2025073104027758,NHPC,Deevyaa Securities & Stock House Pvt. Ltd,Bhrikuti Stock Broking Co. Pvt. Ltd.,466,219.0,102054.0,2025-07-31 14:46:46.611596
2025-07-31,23557,2025073104027765,NHPC,Deevyaa Securities & Stock House Pvt. Ltd,Primo Securities (PVT) Ltd.,35,219.0,7665.0,2025-07-31 14:46:50.734253
2025-07-31,23556,2025073104027766,NHPC,Nepal Stock House (PVT) Ltd.,Primo Securities (PVT) Ltd.,100,219.0,21900.0,2025-07-31 14:46:50.734536
2025-07-31,23555,2025073104027767,NHPC,Sani Securities Company Ltd.,Primo Securities (PVT) Ltd.,45,219.0,9855.0,2025-07-31 14:46:50.734643
2025-07-31,23554,2025073104027768,NHPC,Sumeru Securities Pvt. Ltd.,Primo Securities (PVT) Ltd.,60,219.0,13140.0,2025-07-31 14:46:50.734749
2025-07-31,23553,2025073104027769,NHPC,South Asian Bulls Pvt. Ltd.,Primo Securities (PVT) Ltd.,50,219.0,10950.0,2025-07-31 14:46:50.734845
2025-07-31,22898,2025073104028028,NHPC,Trishakti Securities Public Limited,Vision Securities Pvt. Ltd,200,218.9,43780.0,2025-07-31 14:47:21.339424
2025-07-31,22897,2025073104028029,NHPC,Nepal Investment And Securities Trading Private Limited,Vision Securities Pvt. Ltd,600,218.7,131220.0,2025-07-31 14:47:21.339731
2025-07-31,22896,2025073104028030,NHPC,Sweta Securities Private Limited,Vision Securities Pvt. Ltd,100,218.6,21860.0,2025-07-31 14:47:21.339905
2025-07-31,22895,2025073104028031,NHPC,Linch Stock Market Ltd.,Vision Securities Pvt. Ltd,50,218.6,10930.0,2025-07-31 14:47:21.340075
2025-07-31,22894,2025073104028032,NHPC,Premier Securities Company Ltd.,Vision Securities Pvt. Ltd,50,218.5,10925.0,2025-07-31 14:47:21.340201
2025-07-31,20435,2025073104028726,NHPC,Premier Securities Company Ltd.,Dynamic Money Managers Securities Pvt. Ltd.,50,218.5,10925.0,2025-07-31 14:49:05.248771
2025-07-31,20434,2025073104028727,NHPC,Aryatara Investment & Securities,Dynamic Money Managers Securities Pvt. Ltd.,214,218.5,46759.0,2025-07-31 14:49:05.249038
2025-07-31,19387,2025073104029022,NHPC,Opal Securities Investment (PVT) Ltd.,Trisul Securities & Invt. Ltd.,400,218.4,87360.0,2025-07-31 14:49:47.655291
2025-07-31,19323,2025073104029048,NHPC,Online Securities Pvt. Ltd.,Dynamic Money Managers Securities Pvt. Ltd.,136,218.5,29716.0,2025-07-31 14:49:50.001100
2025-07-31,18251,2025073104029300,NHPC,Online Securities Pvt. Ltd.,Sani Securities Company Ltd.,45,218.5,9832.5,2025-07-31 14:50:37.207164
2025-07-31,18250,2025073104029301,NHPC,Siprabi Securities Pvt. Ltd.,Sani Securities Company Ltd.,205,218.5,44792.5,2025-07-31 14:50:37.207344
2025-07-31,18249,2025073104029302,NHPC,Opal Securities Investment (PVT) Ltd.,Sani Securities Company Ltd.,100,218.4,21840.0,2025-07-31 14:50:37.207422
2025-07-31,18248,2025073104029303,NHPC,Naasa Securities Co. Ltd.,Sani Securities Company Ltd.,54,218.3,11788.2,2025-07-31 14:50:37.207489
2025-07-31,18247,2025073104029304,NHPC,SUN SECURITIES PVT LTD,Sani Securities Company Ltd.,610,218.3,133163.0,2025-07-31 14:50:37.207594
2025-07-31,18246,2025073104029305,NHPC,Naasa Securities Co. Ltd.,Sani Securities Company Ltd.,150,218.2,32730.0,2025-07-31 14:50:37.207702
2025-07-31,18245,2025073104029306,NHPC,Swarna Laxmi Securities Pvt. Ltd.,Sani Securities Company Ltd.,1000,218.2,218200.0,2025-07-31 14:50:37.207809
2025-07-31,18244,2025073104029307,NHPC,Bhrikuti Stock Broking Co. Pvt. Ltd.,Sani Securities Company Ltd.,50,218.2,10910.0,2025-07-31 14:50:37.207937
2025-07-31,18243,2025073104029308,NHPC,Sani Securities Company Ltd.,Sani Securities Company Ltd.,438,218.1,95527.8,2025-07-31 14:50:37.208051
2025-07-31,18242,2025073104029309,NHPC,Imperial Securities Company Pvt. Ltd.,Sani Securities Company Ltd.,300,218.1,65430.0,2025-07-31 14:50:37.208156
2025-07-31,18241,2025073104029310,NHPC,Vision Securities Pvt. Ltd,Sani Securities Company Ltd.,100,218.1,21810.0,2025-07-31 14:50:37.208261
2025-07-31,18240,2025073104029311,NHPC,Opal Securities Investment (PVT) Ltd.,Sani Securities Company Ltd.,146,218.1,31842.6,2025-07-31 14:50:37.208398
2025-07-31,18239,2025073104029312,NHPC,Siprabi Securities Pvt. Ltd.,Sani Securities Company Ltd.,258,218.1,56269.8,2025-07-31 14:50:37.208502
2025-07-31,18238,2025073104029313,NHPC,Online Securities Pvt. Ltd.,Sani Securities Company Ltd.,500,218.1,109050.0,2025-07-31 14:50:37.208583
2025-07-31,18237,2025073104029314,NHPC,Dipshikha Dhitopatra Karobar Co. Pvt Ltd.,Sani Securities Company Ltd.,50,218.1,10905.0,2025-07-31 14:50:37.208677
2025-07-31,18236,2025073104029315,NHPC,Bhrikuti Stock Broking Co. Pvt. Ltd.,Sani Securities Company Ltd.,151,218.1,32933.1,2025-07-31 14:50:37.208777
2025-07-31,17635,2025073104029499,NHPC,Sani Securities Company Ltd.,Asian Securities Private Ltd.,500,218.8,109400.0,2025-07-31 14:51:03.444662
2025-07-31,17348,2025073104029547,NHPC,Sani Securities Company Ltd.,J.F. Securites (PVT) Ltd.,20,218.8,4376.0,2025-07-31 14:51:13.628121
2025-07-31,17308,2025073104029561,NHPC,Sani Securities Company Ltd.,Blue Chip Securities Ltd,280,218.8,61264.0,2025-07-31 14:51:14.936422
2025-07-31,16314,2025073104029791,NHPC,Vision Securities Pvt. Ltd,Blue Chip Securities Ltd,50,218.8,10940.0,2025-07-31 14:51:54.240115
2025-07-31,15628,2025073104029972,NHPC,Opal Securities Investment (PVT) Ltd.,Primo Securities (PVT) Ltd.,500,218.2,109100.0,2025-07-31 14:52:22.682293
2025-07-31,15627,2025073104029973,NHPC,Vision Securities Pvt. Ltd,Primo Securities (PVT) Ltd.,12,218.2,2618.4,2025-07-31 14:52:22.682565
2025-07-31,14873,2025073104030184,NHPC,South Asian Bulls Pvt. Ltd.,Thrive Brokerage House Pvt. Ltd,100,218.3,21830.0,2025-07-31 14:52:50.155789
2025-07-31,14872,2025073104030185,NHPC,Vision Securities Pvt. Ltd,Thrive Brokerage House Pvt. Ltd,88,218.2,19201.6,2025-07-31 14:52:50.156011
2025-07-31,14871,2025073104030186,NHPC,ABC Securities Private Limited,Thrive Brokerage House Pvt. Ltd,812,218.2,177178.4,2025-07-31 14:52:50.156132
2025-07-31,13700,2025073104030548,NHPC,Malla & Malla Stock Broking Company Pvt. Limited,Asian Securities Private Ltd.,50,218.7,10935.0,2025-07-31 14:53:31.631132
2025-07-31,13334,2025073104030686,NHPC,Nepal Stock House (PVT) Ltd.,Asian Securities Private Ltd.,450,218.7,98415.0,2025-07-31 14:53:45.746295
2025-07-31,13333,2025073104030687,NHPC,Nepal Stock House (PVT) Ltd.,Asian Securities Private Ltd.,180,218.7,39366.0,2025-07-31 14:53:45.746528
2025-07-31,11971,2025073104031125,NHPC,Nepal Stock House (PVT) Ltd.,Dynamic Money Managers Securities Pvt. Ltd.,370,218.7,80919.0,2025-07-31 14:54:38.584048
2025-07-31,11462,2025073104031302,NHPC,Kohinoor Investment & Securities Pvt. Ltd.,Bhrikuti Stock Broking Co. Pvt. Ltd.,200,218.5,43700.0,2025-07-31 14:54:59.513748
2025-07-31,11116,2025073104031390,NHPC,Agrawal Securities (PVT) Ltd.,Bhrikuti Stock Broking Co. Pvt. Ltd.,300,218.5,65550.0,2025-07-31 14:55:10.550773
2025-07-31,11001,2025073104031413,NHPC,Agrawal Securities (PVT) Ltd.,Asian Securities Private Ltd.,11,218.5,2403.5,2025-07-31 14:55:14.001298
2025-07-31,10755,2025073104031520,NHPC,Agrawal Securities (PVT) Ltd.,Kohinoor Investment & Securities Pvt. Ltd.,50,218.6,10930.0,2025-07-31 14:55:22.712110
2025-07-31,10754,2025073104031521,NHPC,Agrawal Securities (PVT) Ltd.,Dynamic Money Managers Securities Pvt. Ltd.,139,218.7,30399.3,2025-07-31 14:55:22.712357
2025-07-31,10118,2025073104031637,NHPC,Investment Management Nepal Pvt. Ltd.,Bhrikuti Stock Broking Co. Pvt. Ltd.,200,218.4,43680.0,2025-07-31 14:55:46.361385
2025-07-31,10117,2025073104031638,NHPC,Nepal Investment And Securities Trading Private Limited,Bhrikuti Stock Broking Co. Pvt. Ltd.,300,218.4,65520.0,2025-07-31 14:55:46.361658
2025-07-31,9735,2025073104031720,NHPC,Nepal Investment And Securities Trading Private Limited,Bhrikuti Stock Broking Co. Pvt. Ltd.,150,218.6,32790.0,2025-07-31 14:56:02.577789
2025-07-31,9734,2025073104031721,NHPC,Nepal Stock House (PVT) Ltd.,Bhrikuti Stock Broking Co. Pvt. Ltd.,200,218.5,43700.0,2025-07-31 14:56:02.578023
2025-07-31,9041,2025073104031938,NHPC,SUN SECURITIES PVT LTD,Secured Securities Ltd.,200,218.4,43680.0,2025-07-31 14:56:26.238925
2025-07-31,8449,2025073104032100,NHPC,Oxford Securities Pvt. Ltd.,Bhrikuti Stock Broking Co. Pvt. Ltd.,150,218.5,32775.0,2025-07-31 14:56:45.231273
2025-07-31,8214,2025073104032177,NHPC,Oxford Securities Pvt. Ltd.,Sani Securities Company Ltd.,850,218.5,185725.0,2025-07-31 14:56:54.654004
2025-07-31,8207,2025073104032178,NHPC,SUN SECURITIES PVT LTD,Imperial Securities Company Pvt. Ltd.,50,218.4,10920.0,2025-07-31 14:56:55.204174
2025-07-31,8033,2025073104032228,NHPC,Sweta Securities Private Limited,Sani Securities Company Ltd.,700,218.5,152950.0,2025-07-31 14:57:00.454660
2025-07-31,7858,2025073104032288,NHPC,Naasa Securities Co. Ltd.,Sani Securities Company Ltd.,35,218.5,7647.5,2025-07-31 14:57:07.601947
2025-07-31,7748,2025073104032303,NHPC,SUN SECURITIES PVT LTD,ABC Securities Private Limited,162,218.4,35380.8,2025-07-31 14:57:08.816126
2025-07-31,7625,2025073104032341,NHPC,SUN SECURITIES PVT LTD,Primo Securities (PVT) Ltd.,198,218.4,43243.2,2025-07-31 14:57:12.822755
2025-07-31,7624,2025073104032342,NHPC,Vision Securities Pvt. Ltd,Primo Securities (PVT) Ltd.,12,218.4,2620.8,2025-07-31 14:57:12.823014
2025-07-31,6915,2025073104032562,NHPC,Vision Securities Pvt. Ltd,Imperial Securities Company Pvt. Ltd.,598,218.4,130603.2,2025-07-31 14:57:36.041460
2025-07-31,6914,2025073104032563,NHPC,SUN SECURITIES PVT LTD,Imperial Securities Company Pvt. Ltd.,402,218.2,87716.4,2025-07-31 14:57:36.041705
2025-07-31,5993,2025073104032826,NHPC,Secured Securities Ltd.,Sani Securities Company Ltd.,25,218.5,5462.5,2025-07-31 14:58:02.110531
2025-07-31,5946,2025073104032842,NHPC,SUN SECURITIES PVT LTD,Dakshinkali Investment & Securities Pvt. Ltd.,208,218.2,45385.6,2025-07-31 14:58:03.915962
2025-07-31,5945,2025073104032843,NHPC,ABC Securities Private Limited,Dakshinkali Investment & Securities Pvt. Ltd.,392,218.2,85534.4,2025-07-31 14:58:03.916185
2025-07-31,5944,2025073104032844,NHPC,Vision Securities Pvt. Ltd,Dakshinkali Investment & Securities Pvt. Ltd.,300,218.2,65460.0,2025-07-31 14:58:03.916287
2025-07-31,5943,2025073104032845,NHPC,Cristal Kanchanjanga Securites Pvt. Ltd.,Dakshinkali Investment & Securities Pvt. Ltd.,100,218.2,21820.0,2025-07-31 14:58:03.916396
2025-07-31,5650,2025073104032903,NHPC,Cristal Kanchanjanga Securites Pvt. Ltd.,Elite Stock House Limited,171,218.2,37312.2,2025-07-31 14:58:12.779415
2025-07-31,5495,2025073104032962,NHPC,Cristal Kanchanjanga Securites Pvt. Ltd.,Trishakti Securities Public Limited,29,218.2,6327.8,2025-07-31 14:58:16.796245
2025-07-31,5494,2025073104032963,NHPC,Pragyan Securities (PVT) Ltd.,Trishakti Securities Public Limited,371,218.2,80952.2,2025-07-31 14:58:16.796465
2025-07-31,5480,2025073104032966,NHPC,Premier Securities Company Ltd.,Sani Securities Company Ltd.,250,218.5,54625.0,2025-07-31 14:58:17.513614
2025-07-31,5041,2025073104033085,NHPC,Naasa Securities Co. Ltd.,Sani Securities Company Ltd.,110,218.3,24013.0,2025-07-31 14:58:27.559946
2025-07-31,4474,2025073104033251,NHPC,Dipshikha Dhitopatra Karobar Co. Pvt Ltd.,Asian Securities Private Ltd.,500,218.5,109250.0,2025-07-31 14:58:42.179406
2025-07-31,3886,2025073104033416,NHPC,Secured Securities Ltd.,Dynamic Money Managers Securities Pvt. Ltd.,11,218.7,2405.7,2025-07-31 14:58:56.184147
2025-07-31,3221,2025073104033597,NHPC,Naasa Securities Co. Ltd.,Nepal Stock House (PVT) Ltd.,140,218.3,30562.0,2025-07-31 14:59:10.371355
2025-07-31,2833,2025073104033706,NHPC,Pragyan Securities (PVT) Ltd.,S.P.S.A. Securities Limited,1829,218.2,399087.8,2025-07-31 14:59:16.943557
2025-07-31,2832,2025073104033707,NHPC,Naasa Securities Co. Ltd.,S.P.S.A. Securities Limited,100,218.2,21820.0,2025-07-31 14:59:16.943778
2025-07-31,2831,2025073104033708,NHPC,Agrawal Securities (PVT) Ltd.,S.P.S.A. Securities Limited,500,218.2,109100.0,2025-07-31 14:59:16.943880
2025-07-31,2830,2025073104033709,NHPC,Agrawal Securities (PVT) Ltd.,S.P.S.A. Securities Limited,100,218.2,21820.0,2025-07-31 14:59:16.943978
2025-07-31,2829,2025073104033710,NHPC,Bhrikuti Stock Broking Co. Pvt. Ltd.,S.P.S.A. Securities Limited,299,218.2,65241.8,2025-07-31 14:59:16.944073
2025-07-31,2828,2025073104033711,NHPC,South Asian Bulls Pvt. Ltd.,S.P.S.A. Securities Limited,100,218.1,21810.0,2025-07-31 14:59:16.944167
2025-07-31,2827,2025073104033712,NHPC,Shree Krishna Securities Ltd.,S.P.S.A. Securities Limited,100,218.1,21810.0,2025-07-31 14:59:16.944263
2025-07-31,2826,2025073104033713,NHPC,Sani Securities Company Ltd.,S.P.S.A. Securities Limited,1000,218.0,218000.0,2025-07-31 14:59:16.944386
2025-07-31,2825,2025073104033714,NHPC,Sani Securities Company Ltd.,S.P.S.A. Securities Limited,500,218.0,109000.0,2025-07-31 14:59:16.944483
2025-07-31,2824,2025073104033715,NHPC,Naasa Securities Co. Ltd.,S.P.S.A. Securities Limited,150,218.0,32700.0,2025-07-31 14:59:16.944596
2025-07-31,2823,2025073104033716,NHPC,Oxford Securities Pvt. Ltd.,S.P.S.A. Securities Limited,250,218.0,54500.0,2025-07-31 14:59:16.944702
2025-07-31,2822,2025073104033717,NHPC,Imperial Securities Company Pvt. Ltd.,S.P.S.A. Securities Limited,200,218.0,43600.0,2025-07-31 14:59:16.944794
2025-07-31,2821,2025073104033718,NHPC,Siprabi Securities Pvt. Ltd.,S.P.S.A. Securities Limited,2000,218.0,436000.0,2025-07-31 14:59:16.944884
2025-07-31,2820,2025073104033719,NHPC,Premier Securities Company Ltd.,S.P.S.A. Securities Limited,70,218.0,15260.0,2025-07-31 14:59:16.944986
2025-07-31,2819,2025073104033720,NHPC,Opal Securities Investment (PVT) Ltd.,S.P.S.A. Securities Limited,200,218.0,43600.0,2025-07-31 14:59:16.945075
2025-07-31,2818,2025073104033721,NHPC,Naasa Securities Co. Ltd.,S.P.S.A. Securities Limited,225,218.0,49050.0,2025-07-31 14:59:16.945163
2025-07-31,2817,2025073104033722,NHPC,Nepal Stock House (PVT) Ltd.,S.P.S.A. Securities Limited,100,218.0,21800.0,2025-07-31 14:59:16.945252
2025-07-31,2816,2025073104033723,NHPC,Neev Securities Pvt. Ltd.,S.P.S.A. Securities Limited,20,218.0,4360.0,2025-07-31 14:59:16.945346
2025-07-31,2815,2025073104033724,NHPC,Nepal Investment And Securities Trading Private Limited,S.P.S.A. Securities Limited,50,218.0,10900.0,2025-07-31 14:59:16.945434
2025-07-31,2814,2025073104033725,NHPC,Aryatara Investment & Securities,S.P.S.A. Securities Limited,500,218.0,109000.0,2025-07-31 14:59:16.945519
2025-07-31,2813,2025073104033726,NHPC,Kumari Securities Private Limited,S.P.S.A. Securities Limited,44,218.0,9592.0,2025-07-31 14:59:16.945607
2025-07-31,2812,2025073104033727,NHPC,Market Securities & Exchange (PVT) Ltd.,S.P.S.A. Securities Limited,50,218.0,10900.0,2025-07-31 14:59:16.945694
2025-07-31,2811,2025073104033728,NHPC,Linch Stock Market Ltd.,S.P.S.A. Securities Limited,12,218.0,2616.0,2025-07-31 14:59:16.945777
2025-07-31,2810,2025073104033729,NHPC,Dynamic Money Managers Securities Pvt. Ltd.,S.P.S.A. Securities Limited,1000,218.0,218000.0,2025-07-31 14:59:16.945871
2025-07-31,2809,2025073104033730,NHPC,Malla & Malla Stock Broking Company Pvt. Limited,S.P.S.A. Securities Limited,100,218.0,21800.0,2025-07-31 14:59:16.945957
2025-07-31,2808,2025073104033731,NHPC,Online Securities Pvt. Ltd.,S.P.S.A. Securities Limited,915,218.0,199470.0,2025-07-31 14:59:16.946041
2025-07-31,2807,2025073104033732,NHPC,Dipshikha Dhitopatra Karobar Co. Pvt Ltd.,S.P.S.A. Securities Limited,200,218.0,43600.0,2025-07-31 14:59:16.946126
2025-07-31,2806,2025073104033733,NHPC,Dipshikha Dhitopatra Karobar Co. Pvt Ltd.,S.P.S.A. Securities Limited,88,218.0,19184.0,2025-07-31 14:59:16.946210
2025-07-31,2805,2025073104033734,NHPC,Pragyan Securities (PVT) Ltd.,S.P.S.A. Securities Limited,100,218.0,21800.0,2025-07-31 14:59:16.946294
2025-07-31,2804,2025073104033735,NHPC,Premier Securities Company Ltd.,S.P.S.A. Securities Limited,100,218.0,21800.0,2025-07-31 14:59:16.946381
2025-07-31,2803,2025073104033736,NHPC,Agrawal Securities (PVT) Ltd.,S.P.S.A. Securities Limited,300,218.0,65400.0,2025-07-31 14:59:16.946469
2025-07-31,2802,2025073104033737,NHPC,Naasa Securities Co. Ltd.,S.P.S.A. Securities Limited,10,218.0,2180.0,2025-07-31 14:59:16.946550
2025-07-31,2801,2025073104033738,NHPC,Nepal Investment And Securities Trading Private Limited,S.P.S.A. Securities Limited,80,218.0,17440.0,2025-07-31 14:59:16.946629
2025-07-31,2800,2025073104033739,NHPC,Kumari Securities Private Limited,S.P.S.A. Securities Limited,50,218.0,10900.0,2025-07-31 14:59:16.946707
2025-07-31,2799,2025073104033740,NHPC,Nepal Stock House (PVT) Ltd.,S.P.S.A. Securities Limited,100,218.0,21800.0,2025-07-31 14:59:16.946785
2025-07-31,2798,2025073104033741,NHPC,Linch Stock Market Ltd.,S.P.S.A. Securities Limited,100,218.0,21800.0,2025-07-31 14:59:16.946869
2025-07-31,2797,2025073104033742,NHPC,Imperial Securities Company Pvt. Ltd.,S.P.S.A. Securities Limited,1000,218.0,218000.0,2025-07-31 14:59:16.946946
2025-07-31,2796,2025073104033743,NHPC,Capital Hub P. Ltd,S.P.S.A. Securities Limited,50,218.0,10900.0,2025-07-31 14:59:16.947023
2025-07-31,2795,2025073104033744,NHPC,Bhrikuti Stock Broking Co. Pvt. Ltd.,S.P.S.A. Securities Limited,200,218.0,43600.0,2025-07-31 14:59:16.947103
2025-07-31,2794,2025073104033745,NHPC,Swarna Laxmi Securities Pvt. Ltd.,S.P.S.A. Securities Limited,118,218.0,25724.0,2025-07-31 14:59:16.947185
2025-07-31,2793,2025073104033746,NHPC,Agrawal Securities (PVT) Ltd.,S.P.S.A. Securities Limited,2000,218.0,436000.0,2025-07-31 14:59:16.947263
2025-07-31,2792,2025073104033747,NHPC,Vision Securities Pvt. Ltd,S.P.S.A. Securities Limited,100,218.0,21800.0,2025-07-31 14:59:16.947344
2025-07-31,2791,2025073104033748,NHPC,Online Securities Pvt. Ltd.,S.P.S.A. Securities Limited,500,218.0,109000.0,2025-07-31 14:59:16.947423
2025-07-31,2790,2025073104033749,NHPC,Bhrikuti Stock Broking Co. Pvt. Ltd.,S.P.S.A. Securities Limited,350,218.0,76300.0,2025-07-31 14:59:16.947503
2025-07-31,2592,2025073104033815,NHPC,Agrawal Securities (PVT) Ltd.,S.P.S.A. Securities Limited,110,218.0,23980.0,2025-07-31 14:59:21.565842
2025-07-31,2390,2025073104033903,NHPC,Deevyaa Securities & Stock House Pvt. Ltd,S.P.S.A. Securities Limited,300,218.0,65400.0,2025-07-31 14:59:24.259949
2025-07-31,2360,2025073104033913,NHPC,Imperial Securities Company Pvt. Ltd.,S.P.S.A. Securities Limited,1500,218.0,327000.0,2025-07-31 14:59:25.053256
2025-07-31,2149,2025073104033963,NHPC,Vision Securities Pvt. Ltd,S.P.S.A. Securities Limited,200,218.0,43600.0,2025-07-31 14:59:27.619065
2025-07-31,1808,2025073104034054,NHPC,Sewa Securities Pvt. Ltd.,Nepal Stock House (PVT) Ltd.,200,217.9,43580.0,2025-07-31 14:59:32.942180
2025-07-31,968,2025073104034360,NHPC,Aryatara Investment & Securities,Nepal Stock House (PVT) Ltd.,100,217.9,21790.0,2025-07-31 14:59:45.280746
2025-07-31,896,2025073104034381,NHPC,Sani Securities Company Ltd.,Nepal Stock House (PVT) Ltd.,200,217.9,43580.0,2025-07-31 14:59:46.307501
2025-07-31,569,2025073104034458,NHPC,Imperial Securities Company Pvt. Ltd.,Aryatara Investment & Securities,100,217.6,21760.0,2025-07-31 14:59:51.836134
