Date,S.N.,Contract ID,Symbol,Buyer Broker,Seller Broker,volume,rate,amount,transaction_time
2025-07-31,168568,2025073101000004,NICA,Pragyan Securities (PVT) Ltd.,Sani Securities Company Ltd.,10,390.0,3900.0,2025-07-31 10:46:00.025009
2025-07-31,167568,2025073101000219,NICA,Thrive Brokerage House Pvt. Ltd,Sundhara Securities Limited,50,392.0,19600.0,2025-07-31 11:02:39.964066
2025-07-31,166664,2025073101000471,NICA,KALASH STOCK MARKET PVT. LTD.,Naasa Securities Co. Ltd.,160,390.0,62400.0,2025-07-31 11:04:24.190617
2025-07-31,166454,2025073101000552,NICA,Kumari Securities Private Limited,Vision Securities Pvt. Ltd,200,391.9,78380.0,2025-07-31 11:04:45.985610
2025-07-31,166179,2025073101000661,NICA,KALASH STOCK MARKET PVT. LTD.,Capital Max Securities Ltd,340,390.0,132600.0,2025-07-31 11:05:17.270447
2025-07-31,166178,2025073101000662,NICA,Sweta Securities Private Limited,Capital Max Securities Ltd,120,390.0,46800.0,2025-07-31 11:05:17.270523
2025-07-31,166177,2025073101000663,NICA,Neev Securities Pvt. Ltd.,Capital Max Securities Ltd,250,390.0,97500.0,2025-07-31 11:05:17.270577
2025-07-31,166176,2025073101000664,NICA,Siprabi Securities Pvt. Ltd.,Capital Max Securities Ltd,200,390.0,78000.0,2025-07-31 11:05:17.270611
2025-07-31,166175,2025073101000665,NICA,Naasa Securities Co. Ltd.,Capital Max Securities Ltd,50,390.0,19500.0,2025-07-31 11:05:17.270645
2025-07-31,166174,2025073101000666,NICA,Himalayan Securities Limited,Capital Max Securities Ltd,215,390.0,83850.0,2025-07-31 11:05:17.270678
2025-07-31,165108,2025073101001034,NICA,Dipshikha Dhitopatra Karobar Co. Pvt Ltd.,Naasa Securities Co. Ltd.,10,390.0,3900.0,2025-07-31 11:06:56.311019
2025-07-31,164492,2025073101001210,NICA,Dipshikha Dhitopatra Karobar Co. Pvt Ltd.,Vision Securities Pvt. Ltd,90,390.0,35100.0,2025-07-31 11:07:51.449182
2025-07-31,164491,2025073101001211,NICA,Sweta Securities Private Limited,Vision Securities Pvt. Ltd,10,390.0,3900.0,2025-07-31 11:07:51.449262
2025-07-31,164490,2025073101001212,NICA,Online Securities Pvt. Ltd.,Vision Securities Pvt. Ltd,38,390.0,14820.0,2025-07-31 11:07:51.449309
2025-07-31,163929,2025073101001419,NICA,K.B.L. Securities Limited ,Bhrikuti Stock Broking Co. Pvt. Ltd.,500,388.0,194000.0,2025-07-31 11:08:46.447070
2025-07-31,162418,2025073101001922,NICA,Cristal Kanchanjanga Securites Pvt. Ltd.,Bhrikuti Stock Broking Co. Pvt. Ltd.,100,388.0,38800.0,2025-07-31 11:10:51.452796
2025-07-31,161283,2025073101002320,NICA,Cristal Kanchanjanga Securites Pvt. Ltd.,Sani Securities Company Ltd.,200,389.5,77900.0,2025-07-31 11:12:17.815631
2025-07-31,161282,2025073101002321,NICA,Cristal Kanchanjanga Securites Pvt. Ltd.,Agrawal Securities (PVT) Ltd.,70,389.9,27293.0,2025-07-31 11:12:17.815670
2025-07-31,160369,2025073101002611,NICA,Naasa Securities Co. Ltd.,ABC Securities Private Limited,21,388.0,8148.0,2025-07-31 11:13:34.017822
2025-07-31,160368,2025073101002612,NICA,J.F. Securites (PVT) Ltd.,ABC Securities Private Limited,10,388.0,3880.0,2025-07-31 11:13:34.018062
2025-07-31,160367,2025073101002613,NICA,J.F. Securites (PVT) Ltd.,ABC Securities Private Limited,10,387.6,3876.0,2025-07-31 11:13:34.018202
2025-07-31,160366,2025073101002614,NICA,Cristal Kanchanjanga Securites Pvt. Ltd.,ABC Securities Private Limited,12,387.6,4651.2,2025-07-31 11:13:34.018325
2025-07-31,158534,2025073101003147,NICA,Kumari Securities Private Limited,Kohinoor Investment & Securities Pvt. Ltd.,11,389.9,4288.9,2025-07-31 11:15:59.184275
2025-07-31,158388,2025073101003193,NICA,Stoxkarts Securities Limited,Kohinoor Investment & Securities Pvt. Ltd.,589,389.9,229651.1,2025-07-31 11:16:10.150209
2025-07-31,157728,2025073101003445,NICA,Creative Securities Pvt Ltd,Vision Securities Pvt. Ltd,50,390.0,19500.0,2025-07-31 11:16:52.213317
2025-07-31,157527,2025073101003498,NICA,Bhrikuti Stock Broking Co. Pvt. Ltd.,Vision Securities Pvt. Ltd,50,390.0,19500.0,2025-07-31 11:17:05.083887
2025-07-31,157446,2025073101003519,NICA,Naasa Securities Co. Ltd.,Vision Securities Pvt. Ltd,100,390.0,39000.0,2025-07-31 11:17:09.691981
2025-07-31,157237,2025073101003588,NICA,Stoxkarts Securities Limited,Thrive Brokerage House Pvt. Ltd,11,389.9,4288.9,2025-07-31 11:17:21.152876
2025-07-31,157236,2025073101003589,NICA,Trisul Securities & Invt. Ltd.,Thrive Brokerage House Pvt. Ltd,142,389.9,55365.8,2025-07-31 11:17:21.152991
2025-07-31,157219,2025073101003595,NICA,Ashutosh Brokerage & Securities (PVT) Ltd.,Vision Securities Pvt. Ltd,10,390.0,3900.0,2025-07-31 11:17:22.269895
2025-07-31,157042,2025073101003638,NICA,Trisul Securities & Invt. Ltd.,Vision Securities Pvt. Ltd,200,390.0,78000.0,2025-07-31 11:17:34.417999
2025-07-31,156938,2025073101003673,NICA,Sipla Securities Private Limited,Vision Securities Pvt. Ltd,100,390.0,39000.0,2025-07-31 11:17:43.428072
2025-07-31,156937,2025073101003674,NICA,Sumeru Securities Pvt. Ltd.,Vision Securities Pvt. Ltd,100,390.0,39000.0,2025-07-31 11:17:43.632228
2025-07-31,156568,2025073101003795,NICA,Trisul Securities & Invt. Ltd.,Vision Securities Pvt. Ltd,52,389.9,20274.8,2025-07-31 11:18:09.774478
2025-07-31,155173,2025073101004295,NICA,Vision Securities Pvt. Ltd,Kohinoor Investment & Securities Pvt. Ltd.,120,390.0,46800.0,2025-07-31 11:19:57.284353
2025-07-31,155172,2025073101004296,NICA,Sanima Securities Limited,Kohinoor Investment & Securities Pvt. Ltd.,70,390.0,27300.0,2025-07-31 11:19:57.284487
2025-07-31,154480,2025073101004567,NICA,Sani Securities Company Ltd.,Kohinoor Investment & Securities Pvt. Ltd.,50,390.0,19500.0,2025-07-31 11:20:47.501253
2025-07-31,154470,2025073101004569,NICA,Trisul Securities & Invt. Ltd.,Roadshow securities limited,406,389.9,158299.4,2025-07-31 11:20:48.416531
2025-07-31,154469,2025073101004570,NICA,Cristal Kanchanjanga Securites Pvt. Ltd.,Roadshow securities limited,30,389.0,11670.0,2025-07-31 11:20:48.416651
2025-07-31,154468,2025073101004571,NICA,Sanima Securities Limited,Roadshow securities limited,50,389.0,19450.0,2025-07-31 11:20:48.416705
2025-07-31,154467,2025073101004572,NICA,Dakshinkali Investment & Securities Pvt. Ltd.,Roadshow securities limited,250,388.1,97025.0,2025-07-31 11:20:48.416757
2025-07-31,154466,2025073101004573,NICA,Naasa Securities Co. Ltd.,Roadshow securities limited,500,388.1,194050.0,2025-07-31 11:20:48.416808
2025-07-31,154465,2025073101004574,NICA,Deevyaa Securities & Stock House Pvt. Ltd,Roadshow securities limited,100,388.1,38810.0,2025-07-31 11:20:48.416858
2025-07-31,154464,2025073101004575,NICA,Investment Management Nepal Pvt. Ltd.,Roadshow securities limited,1000,388.0,388000.0,2025-07-31 11:20:48.416920
2025-07-31,154463,2025073101004576,NICA,Dynamic Money Managers Securities Pvt. Ltd.,Roadshow securities limited,100,388.0,38800.0,2025-07-31 11:20:48.416973
2025-07-31,154462,2025073101004577,NICA,Trisul Securities & Invt. Ltd.,Roadshow securities limited,100,388.0,38800.0,2025-07-31 11:20:48.417020
2025-07-31,154461,2025073101004578,NICA,Sani Securities Company Ltd.,Roadshow securities limited,50,388.0,19400.0,2025-07-31 11:20:48.417081
2025-07-31,154033,2025073101004761,NICA,Naasa Securities Co. Ltd.,Roadshow securities limited,30,388.0,11640.0,2025-07-31 11:21:21.743983
2025-07-31,153980,2025073101004783,NICA,Kohinoor Investment & Securities Pvt. Ltd.,Roadshow securities limited,140,388.0,54320.0,2025-07-31 11:21:25.694930
2025-07-31,153873,2025073101004830,NICA,Sani Securities Company Ltd.,Roadshow securities limited,10,388.0,3880.0,2025-07-31 11:21:34.683940
2025-07-31,153419,2025073101004968,NICA,Kumari Securities Private Limited,Roadshow securities limited,200,388.0,77600.0,2025-07-31 11:22:11.785881
2025-07-31,153414,2025073101004971,NICA,Cristal Kanchanjanga Securites Pvt. Ltd.,Roadshow securities limited,534,388.0,207192.0,2025-07-31 11:22:12.449659
2025-07-31,153413,2025073101004972,NICA,Cristal Kanchanjanga Securites Pvt. Ltd.,Deevyaa Securities & Stock House Pvt. Ltd,150,388.0,58200.0,2025-07-31 11:22:12.449788
2025-07-31,153266,2025073101005052,NICA,Naasa Securities Co. Ltd.,Kohinoor Investment & Securities Pvt. Ltd.,50,390.0,19500.0,2025-07-31 11:22:26.977588
2025-07-31,151880,2025073101005608,NICA,Kohinoor Investment & Securities Pvt. Ltd.,Online Securities Pvt. Ltd.,10,389.9,3899.0,2025-07-31 11:24:29.144450
2025-07-31,151879,2025073101005609,NICA,Kohinoor Investment & Securities Pvt. Ltd.,Kohinoor Investment & Securities Pvt. Ltd.,10,390.0,3900.0,2025-07-31 11:24:29.144610
2025-07-31,151222,2025073101005836,NICA,Naasa Securities Co. Ltd.,Kohinoor Investment & Securities Pvt. Ltd.,70,390.0,27300.0,2025-07-31 11:25:35.275869
2025-07-31,151220,2025073101005838,NICA,Oxford Securities Pvt. Ltd.,Kohinoor Investment & Securities Pvt. Ltd.,120,390.0,46800.0,2025-07-31 11:25:35.855292
2025-07-31,149153,2025073101006776,NICA,Ashutosh Brokerage & Securities (PVT) Ltd.,Shree Krishna Securities Ltd.,200,390.1,78020.0,2025-07-31 11:27:39.924155
2025-07-31,148616,2025073101006976,NICA,Ashutosh Brokerage & Securities (PVT) Ltd.,Online Securities Pvt. Ltd.,72,390.1,28087.2,2025-07-31 11:28:13.353604
2025-07-31,148428,2025073101007057,NICA,Ashutosh Brokerage & Securities (PVT) Ltd.,Capital Max Securities Ltd,228,390.1,88942.8,2025-07-31 11:28:27.640772
2025-07-31,148427,2025073101007058,NICA,Oxford Securities Pvt. Ltd.,Capital Max Securities Ltd,136,390.0,53040.0,2025-07-31 11:28:27.640920
2025-07-31,148426,2025073101007059,NICA,Naasa Securities Co. Ltd.,Capital Max Securities Ltd,500,390.0,195000.0,2025-07-31 11:28:27.641007
2025-07-31,148425,2025073101007060,NICA,Sani Securities Company Ltd.,Capital Max Securities Ltd,500,390.0,195000.0,2025-07-31 11:28:27.641083
2025-07-31,148424,2025073101007061,NICA,Imperial Securities Company Pvt. Ltd.,Capital Max Securities Ltd,300,390.0,117000.0,2025-07-31 11:28:27.641150
2025-07-31,148423,2025073101007062,NICA,Capital Max Securities Ltd,Capital Max Securities Ltd,300,390.0,117000.0,2025-07-31 11:28:27.641220
2025-07-31,148422,2025073101007063,NICA,Linch Stock Market Ltd.,Capital Max Securities Ltd,236,390.0,92040.0,2025-07-31 11:28:27.641284
2025-07-31,148189,2025073101007176,NICA,Linch Stock Market Ltd.,Sani Securities Company Ltd.,64,390.0,24960.0,2025-07-31 11:28:42.348326
2025-07-31,148188,2025073101007177,NICA,Imperial Securities Company Pvt. Ltd.,Sani Securities Company Ltd.,100,390.0,39000.0,2025-07-31 11:28:42.348472
2025-07-31,147827,2025073101007308,NICA,Imperial Securities Company Pvt. Ltd.,Sani Securities Company Ltd.,300,390.0,117000.0,2025-07-31 11:29:03.683018
2025-07-31,147437,2025073101007487,NICA,Sani Securities Company Ltd.,Sani Securities Company Ltd.,100,389.0,38900.0,2025-07-31 11:29:30.981617
2025-07-31,147173,2025073101007594,NICA,Dipshikha Dhitopatra Karobar Co. Pvt Ltd.,Naasa Securities Co. Ltd.,20,388.6,7772.0,2025-07-31 11:29:49.572418
2025-07-31,146944,2025073101007694,NICA,Cristal Kanchanjanga Securites Pvt. Ltd.,Sani Securities Company Ltd.,186,389.0,72354.0,2025-07-31 11:30:08.515421
2025-07-31,146882,2025073101007728,NICA,Dipshikha Dhitopatra Karobar Co. Pvt Ltd.,Cristal Kanchanjanga Securites Pvt. Ltd.,200,388.6,77720.0,2025-07-31 11:30:14.550846
2025-07-31,146242,2025073101008053,NICA,Sagarmatha Securities Private Limited,J.F. Securites (PVT) Ltd.,500,390.0,195000.0,2025-07-31 11:30:56.562768
2025-07-31,145617,2025073101008335,NICA,Kumari Securities Private Limited,Siprabi Securities Pvt. Ltd.,7,384.0,2688.0,2025-07-31 11:31:43.485703
2025-07-31,144762,2025073101008704,NICA,Online Securities Pvt. Ltd.,J.F. Securites (PVT) Ltd.,20,390.0,7800.0,2025-07-31 11:32:37.227498
2025-07-31,142339,2025073101009784,NICA,Asian Securities Private Ltd.,J.F. Securites (PVT) Ltd.,500,390.0,195000.0,2025-07-31 11:35:25.728121
2025-07-31,141851,2025073101010046,NICA,Dakshinkali Investment & Securities Pvt. Ltd.,Secured Securities Ltd.,100,389.9,38990.0,2025-07-31 11:35:57.579177
2025-07-31,141850,2025073101010047,NICA,Dakshinkali Investment & Securities Pvt. Ltd.,J.F. Securites (PVT) Ltd.,181,390.0,70590.0,2025-07-31 11:35:57.579509
2025-07-31,141849,2025073101010048,NICA,Dakshinkali Investment & Securities Pvt. Ltd.,Aryatara Investment & Securities,101,390.0,39390.0,2025-07-31 11:35:57.579720
2025-07-31,141848,2025073101010049,NICA,Dakshinkali Investment & Securities Pvt. Ltd.,Trisul Securities & Invt. Ltd.,118,390.0,46020.0,2025-07-31 11:35:57.579918
2025-07-31,141362,2025073101010360,NICA,Nepal Investment And Securities Trading Private Limited,Swarna Laxmi Securities Pvt. Ltd.,4,385.0,1540.0,2025-07-31 11:36:30.975225
2025-07-31,140775,2025073101010656,NICA,Nepal Investment And Securities Trading Private Limited,Online Securities Pvt. Ltd.,1,385.0,385.0,2025-07-31 11:37:17.256835
2025-07-31,140561,2025073101010758,NICA,Siprabi Securities Pvt. Ltd.,Online Securities Pvt. Ltd.,500,389.1,194550.0,2025-07-31 11:37:35.209240
2025-07-31,140034,2025073101011091,NICA,Sharepro Securities Private Limited,Online Securities Pvt. Ltd.,145,389.1,56419.5,2025-07-31 11:38:08.143292
2025-07-31,140033,2025073101011092,NICA,Sharepro Securities Private Limited,Cristal Kanchanjanga Securites Pvt. Ltd.,50,389.1,19455.0,2025-07-31 11:38:08.143609
2025-07-31,140032,2025073101011093,NICA,Sharepro Securities Private Limited,Trisul Securities & Invt. Ltd.,782,390.0,304980.0,2025-07-31 11:38:08.143803
2025-07-31,140031,2025073101011094,NICA,Sharepro Securities Private Limited,South Asian Bulls Pvt. Ltd.,1000,390.0,390000.0,2025-07-31 11:38:08.143999
2025-07-31,140030,2025073101011095,NICA,Sharepro Securities Private Limited,Sri Hari Securities Pvt. Ltd.,13,391.0,5083.0,2025-07-31 11:38:08.144214
2025-07-31,140029,2025073101011096,NICA,Sharepro Securities Private Limited,Dynamic Money Managers Securities Pvt. Ltd.,10,391.0,3910.0,2025-07-31 11:38:08.144404
2025-07-31,139839,2025073101011203,NICA,Dakshinkali Investment & Securities Pvt. Ltd.,Dynamic Money Managers Securities Pvt. Ltd.,15,391.0,5865.0,2025-07-31 11:38:24.990701
2025-07-31,139838,2025073101011204,NICA,Dakshinkali Investment & Securities Pvt. Ltd.,Imperial Securities Company Pvt. Ltd.,35,391.0,13685.0,2025-07-31 11:38:24.990860
2025-07-31,138313,2025073101012168,NICA,Malla & Malla Stock Broking Company Pvt. Limited,Midas Stock Broking Company Private Limited,195,389.1,75874.5,2025-07-31 11:40:03.666185
2025-07-31,138312,2025073101012169,NICA,K.B.L. Securities Limited ,Midas Stock Broking Company Private Limited,100,389.0,38900.0,2025-07-31 11:40:03.666341
2025-07-31,137540,2025073101012616,NICA,Dipshikha Dhitopatra Karobar Co. Pvt Ltd.,Secured Securities Ltd.,400,388.9,155560.0,2025-07-31 11:40:55.613832
2025-07-31,137099,2025073101012864,NICA,Nepal Investment And Securities Trading Private Limited,Secured Securities Ltd.,20,388.9,7778.0,2025-07-31 11:41:30.507364
2025-07-31,137057,2025073101012878,NICA,Vision Securities Pvt. Ltd,Midas Stock Broking Company Private Limited,500,388.8,194400.0,2025-07-31 11:41:32.039642
2025-07-31,137056,2025073101012879,NICA,J.F. Securites (PVT) Ltd.,Midas Stock Broking Company Private Limited,50,388.6,19430.0,2025-07-31 11:41:32.039844
2025-07-31,137055,2025073101012880,NICA,Neev Securities Pvt. Ltd.,Midas Stock Broking Company Private Limited,190,388.5,73815.0,2025-07-31 11:41:32.039919
2025-07-31,136838,2025073101012998,NICA,Neev Securities Pvt. Ltd.,Secured Securities Ltd.,10,388.5,3885.0,2025-07-31 11:41:55.645557
2025-07-31,136471,2025073101013194,NICA,Siprabi Securities Pvt. Ltd.,Secured Securities Ltd.,70,388.5,27195.0,2025-07-31 11:42:23.978443
2025-07-31,135874,2025073101013508,NICA,Siprabi Securities Pvt. Ltd.,Kohinoor Investment & Securities Pvt. Ltd.,444,388.5,172494.0,2025-07-31 11:43:08.659083
2025-07-31,135873,2025073101013509,NICA,J.F. Securites (PVT) Ltd.,Kohinoor Investment & Securities Pvt. Ltd.,50,388.5,19425.0,2025-07-31 11:43:08.659169
2025-07-31,135872,2025073101013510,NICA,Kumari Securities Private Limited,Kohinoor Investment & Securities Pvt. Ltd.,100,388.3,38830.0,2025-07-31 11:43:08.659243
2025-07-31,135871,2025073101013511,NICA,South Asian Bulls Pvt. Ltd.,Kohinoor Investment & Securities Pvt. Ltd.,50,388.2,19410.0,2025-07-31 11:43:08.659319
2025-07-31,135870,2025073101013512,NICA,Sumeru Securities Pvt. Ltd.,Kohinoor Investment & Securities Pvt. Ltd.,156,388.2,60559.2,2025-07-31 11:43:08.659390
2025-07-31,133397,2025073101014676,NICA,Sumeru Securities Pvt. Ltd.,J.F. Securites (PVT) Ltd.,44,388.2,17080.8,2025-07-31 11:46:01.863203
2025-07-31,133396,2025073101014677,NICA,Neev Securities Pvt. Ltd.,J.F. Securites (PVT) Ltd.,250,388.2,97050.0,2025-07-31 11:46:01.863557
2025-07-31,133395,2025073101014678,NICA,Naasa Securities Co. Ltd.,J.F. Securites (PVT) Ltd.,226,388.1,87710.6,2025-07-31 11:46:01.863810
2025-07-31,133259,2025073101014789,NICA,Naasa Securities Co. Ltd.,Sewa Securities Pvt. Ltd.,279,388.1,108279.9,2025-07-31 11:46:06.717614
2025-07-31,133258,2025073101014790,NICA,Sani Securities Company Ltd.,Sewa Securities Pvt. Ltd.,21,388.1,8150.1,2025-07-31 11:46:06.717788
2025-07-31,132513,2025073101015194,NICA,Sani Securities Company Ltd.,Sundhara Securities Limited,500,388.1,194050.0,2025-07-31 11:47:02.064428
2025-07-31,131544,2025073101015769,NICA,Dipshikha Dhitopatra Karobar Co. Pvt Ltd.,Sani Securities Company Ltd.,222,388.2,86180.4,2025-07-31 11:47:59.844682
2025-07-31,131543,2025073101015770,NICA,Sani Securities Company Ltd.,Sani Securities Company Ltd.,318,388.1,123415.8,2025-07-31 11:47:59.844853
2025-07-31,131118,2025073101015973,NICA,Naasa Securities Co. Ltd.,Capital Max Securities Ltd,2,382.2,764.4,2025-07-31 11:48:31.400315
2025-07-31,130783,2025073101016124,NICA,Online Securities Pvt. Ltd.,Aryatara Investment & Securities,150,388.3,58245.0,2025-07-31 11:48:54.390759
2025-07-31,130782,2025073101016125,NICA,Sani Securities Company Ltd.,Aryatara Investment & Securities,161,388.1,62484.1,2025-07-31 11:48:54.390942
2025-07-31,130781,2025073101016126,NICA,Naasa Securities Co. Ltd.,Aryatara Investment & Securities,500,388.1,194050.0,2025-07-31 11:48:54.391032
2025-07-31,130780,2025073101016127,NICA,Cristal Kanchanjanga Securites Pvt. Ltd.,Aryatara Investment & Securities,79,388.0,30652.0,2025-07-31 11:48:54.391113
2025-07-31,129567,2025073101016740,NICA,Sweta Securities Private Limited,Sri Hari Securities Pvt. Ltd.,10,388.1,3881.0,2025-07-31 11:50:24.740074
2025-07-31,129566,2025073101016741,NICA,Cristal Kanchanjanga Securites Pvt. Ltd.,Sri Hari Securities Pvt. Ltd.,237,388.0,91956.0,2025-07-31 11:50:24.740254
2025-07-31,129565,2025073101016742,NICA,Dipshikha Dhitopatra Karobar Co. Pvt Ltd.,Sri Hari Securities Pvt. Ltd.,100,388.0,38800.0,2025-07-31 11:50:24.740342
2025-07-31,129564,2025073101016743,NICA,Siprabi Securities Pvt. Ltd.,Sri Hari Securities Pvt. Ltd.,10,388.0,3880.0,2025-07-31 11:50:24.740427
2025-07-31,129563,2025073101016744,NICA,Citizens Share Broker Limited,Sri Hari Securities Pvt. Ltd.,1643,388.0,637484.0,2025-07-31 11:50:24.740510
2025-07-31,129049,2025073101016994,NICA,KALASH STOCK MARKET PVT. LTD.,Sundhara Securities Limited,300,388.5,116550.0,2025-07-31 11:51:00.879661
2025-07-31,128943,2025073101017062,NICA,KALASH STOCK MARKET PVT. LTD.,Investment Management Nepal Pvt. Ltd.,200,388.5,77700.0,2025-07-31 11:51:07.809944
2025-07-31,128942,2025073101017063,NICA,Citizens Share Broker Limited,Investment Management Nepal Pvt. Ltd.,800,388.0,310400.0,2025-07-31 11:51:07.810123
2025-07-31,128633,2025073101017204,NICA,Kohinoor Investment & Securities Pvt. Ltd.,Sundhara Securities Limited,17,388.4,6602.8,2025-07-31 11:51:30.209988
2025-07-31,128447,2025073101017295,NICA,Citizens Share Broker Limited,Sundhara Securities Limited,57,388.0,22116.0,2025-07-31 11:51:43.445967
2025-07-31,128446,2025073101017296,NICA,Naasa Securities Co. Ltd.,Sundhara Securities Limited,50,388.0,19400.0,2025-07-31 11:51:43.446144
2025-07-31,128445,2025073101017297,NICA,Agrawal Securities (PVT) Ltd.,Sundhara Securities Limited,20,388.0,7760.0,2025-07-31 11:51:43.446244
2025-07-31,128444,2025073101017298,NICA,Malla & Malla Stock Broking Company Pvt. Limited,Sundhara Securities Limited,100,388.0,38800.0,2025-07-31 11:51:43.446345
2025-07-31,128443,2025073101017299,NICA,Nepal Investment And Securities Trading Private Limited,Sundhara Securities Limited,10,388.0,3880.0,2025-07-31 11:51:43.446435
2025-07-31,128442,2025073101017300,NICA,Naasa Securities Co. Ltd.,Sundhara Securities Limited,63,388.0,24444.0,2025-07-31 11:51:43.446512
2025-07-31,128355,2025073101017351,NICA,Naasa Securities Co. Ltd.,Siprabi Securities Pvt. Ltd.,37,388.0,14356.0,2025-07-31 11:51:49.660564
2025-07-31,128354,2025073101017352,NICA,Citizens Share Broker Limited,Siprabi Securities Pvt. Ltd.,150,388.0,58200.0,2025-07-31 11:51:49.660761
2025-07-31,128353,2025073101017353,NICA,Creative Securities Pvt Ltd,Siprabi Securities Pvt. Ltd.,94,388.0,36472.0,2025-07-31 11:51:49.660846
2025-07-31,127384,2025073101017916,NICA,Imperial Securities Company Pvt. Ltd.,Siprabi Securities Pvt. Ltd.,19,387.7,7366.3,2025-07-31 11:52:47.961120
2025-07-31,127247,2025073101017961,NICA,Imperial Securities Company Pvt. Ltd.,Midas Stock Broking Company Private Limited,40,387.7,15508.0,2025-07-31 11:53:01.240893
2025-07-31,126590,2025073101018273,NICA,Primo Securities (PVT) Ltd.,Naasa Securities Co. Ltd.,100,388.2,38820.0,2025-07-31 11:53:52.810840
2025-07-31,126444,2025073101018352,NICA,Primo Securities (PVT) Ltd.,Sundhara Securities Limited,200,388.3,77660.0,2025-07-31 11:54:06.853357
2025-07-31,125820,2025073101018667,NICA,Sundhara Securities Limited,Sundhara Securities Limited,100,388.4,38840.0,2025-07-31 11:54:50.725847
2025-07-31,125719,2025073101018700,NICA,Primo Securities (PVT) Ltd.,Opal Securities Investment (PVT) Ltd.,100,388.2,38820.0,2025-07-31 11:54:57.267527
2025-07-31,125640,2025073101018753,NICA,Kohinoor Investment & Securities Pvt. Ltd.,Sundhara Securities Limited,30,388.4,11652.0,2025-07-31 11:55:03.844959
2025-07-31,125294,2025073101018944,NICA,Online Securities Pvt. Ltd.,Market Securities & Exchange (PVT) Ltd.,100,388.0,38800.0,2025-07-31 11:55:29.607789
2025-07-31,124830,2025073101019164,NICA,Online Securities Pvt. Ltd.,Opal Securities Investment (PVT) Ltd.,50,388.3,19415.0,2025-07-31 11:56:13.700008
2025-07-31,124829,2025073101019165,NICA,Imperial Securities Company Pvt. Ltd.,Opal Securities Investment (PVT) Ltd.,31,387.7,12018.7,2025-07-31 11:56:13.700126
2025-07-31,124240,2025073101019510,NICA,Imperial Securities Company Pvt. Ltd.,Cristal Kanchanjanga Securites Pvt. Ltd.,10,387.7,3877.0,2025-07-31 11:57:01.350247
2025-07-31,123576,2025073101019845,NICA,Naasa Securities Co. Ltd.,Dynamic Money Managers Securities Pvt. Ltd.,20,387.8,7756.0,2025-07-31 11:58:06.844805
2025-07-31,123575,2025073101019846,NICA,Imperial Securities Company Pvt. Ltd.,Dynamic Money Managers Securities Pvt. Ltd.,380,387.7,147326.0,2025-07-31 11:58:06.845021
2025-07-31,122362,2025073101020523,NICA,Online Securities Pvt. Ltd.,Imperial Securities Company Pvt. Ltd.,30,388.6,11658.0,2025-07-31 11:59:46.286043
2025-07-31,120473,2025073101021429,NICA,Sri Hari Securities Pvt. Ltd.,Imperial Securities Company Pvt. Ltd.,25,388.6,9715.0,2025-07-31 12:02:18.586554
2025-07-31,120459,2025073101021437,NICA,Kohinoor Investment & Securities Pvt. Ltd.,Nagarik Stock Dealer ,30,388.0,11640.0,2025-07-31 12:02:20.200869
2025-07-31,120458,2025073101021438,NICA,Primo Securities (PVT) Ltd.,Nagarik Stock Dealer ,50,388.0,19400.0,2025-07-31 12:02:20.201123
2025-07-31,120457,2025073101021439,NICA,Primo Securities (PVT) Ltd.,Nagarik Stock Dealer ,200,388.0,77600.0,2025-07-31 12:02:20.201238
2025-07-31,120456,2025073101021440,NICA,Ashutosh Brokerage & Securities (PVT) Ltd.,Nagarik Stock Dealer ,100,388.0,38800.0,2025-07-31 12:02:20.201363
2025-07-31,120455,2025073101021441,NICA,Online Securities Pvt. Ltd.,Nagarik Stock Dealer ,30,388.0,11640.0,2025-07-31 12:02:20.201493
2025-07-31,119831,2025073101021670,NICA,Opal Securities Investment (PVT) Ltd.,Imperial Securities Company Pvt. Ltd.,45,388.6,17487.0,2025-07-31 12:03:03.902404
2025-07-31,119830,2025073101021671,NICA,Opal Securities Investment (PVT) Ltd.,Kumari Securities Private Limited,55,388.6,21373.0,2025-07-31 12:03:03.902622
2025-07-31,119673,2025073101021749,NICA,Vision Securities Pvt. Ltd,Kumari Securities Private Limited,20,388.6,7772.0,2025-07-31 12:03:17.800215
2025-07-31,118895,2025073101022079,NICA,Siprabi Securities Pvt. Ltd.,Miyo Securities Pvt Ltd,10,388.5,3885.0,2025-07-31 12:04:34.863116
2025-07-31,118733,2025073101022146,NICA,Vision Securities Pvt. Ltd,Miyo Securities Pvt Ltd,100,388.5,38850.0,2025-07-31 12:04:50.337987
2025-07-31,118716,2025073101022156,NICA,Online Securities Pvt. Ltd.,Thrive Brokerage House Pvt. Ltd,70,388.0,27160.0,2025-07-31 12:04:52.137873
2025-07-31,118715,2025073101022157,NICA,S.P.S.A. Securities Limited,Thrive Brokerage House Pvt. Ltd,771,388.0,299148.0,2025-07-31 12:04:52.138101
2025-07-31,118271,2025073101022321,NICA,Online Securities Pvt. Ltd.,Thrive Brokerage House Pvt. Ltd,100,388.1,38810.0,2025-07-31 12:05:24.244996
2025-07-31,118081,2025073101022423,NICA,Siprabi Securities Pvt. Ltd.,Miyo Securities Pvt Ltd,100,388.5,38850.0,2025-07-31 12:05:47.230046
2025-07-31,118025,2025073101022456,NICA,Himalayan Brokerage Company Limited,Thrive Brokerage House Pvt. Ltd,10,388.0,3880.0,2025-07-31 12:05:52.339454
2025-07-31,118024,2025073101022457,NICA,J.F. Securites (PVT) Ltd.,Thrive Brokerage House Pvt. Ltd,40,388.0,15520.0,2025-07-31 12:05:52.339686
2025-07-31,117676,2025073101022624,NICA,J.F. Securites (PVT) Ltd.,Thrive Brokerage House Pvt. Ltd,10,388.0,3880.0,2025-07-31 12:06:22.466575
2025-07-31,116657,2025073101023091,NICA,Cristal Kanchanjanga Securites Pvt. Ltd.,Online Securities Pvt. Ltd.,38,387.8,14736.4,2025-07-31 12:07:58.124471
2025-07-31,116656,2025073101023092,NICA,Naasa Securities Co. Ltd.,Online Securities Pvt. Ltd.,10,387.8,3878.0,2025-07-31 12:07:58.124695
2025-07-31,116655,2025073101023093,NICA,Imperial Securities Company Pvt. Ltd.,Online Securities Pvt. Ltd.,20,387.7,7754.0,2025-07-31 12:07:58.124786
2025-07-31,116654,2025073101023094,NICA,Aryatara Investment & Securities,Online Securities Pvt. Ltd.,260,387.7,100802.0,2025-07-31 12:07:58.124876
2025-07-31,116653,2025073101023095,NICA,Bhrikuti Stock Broking Co. Pvt. Ltd.,Online Securities Pvt. Ltd.,100,387.6,38760.0,2025-07-31 12:07:58.124968
2025-07-31,116652,2025073101023096,NICA,Online Securities Pvt. Ltd.,Online Securities Pvt. Ltd.,572,387.6,221707.2,2025-07-31 12:07:58.125060
2025-07-31,116584,2025073101023125,NICA,Online Securities Pvt. Ltd.,Online Securities Pvt. Ltd.,1000,387.6,387600.0,2025-07-31 12:08:04.246067
2025-07-31,116542,2025073101023140,NICA,Online Securities Pvt. Ltd.,Online Securities Pvt. Ltd.,500,387.6,193800.0,2025-07-31 12:08:08.305296
2025-07-31,116375,2025073101023240,NICA,Online Securities Pvt. Ltd.,Thrive Brokerage House Pvt. Ltd,30,387.6,11628.0,2025-07-31 12:08:20.819846
2025-07-31,116219,2025073101023329,NICA,Online Securities Pvt. Ltd.,Oxford Securities Pvt. Ltd.,50,387.6,19380.0,2025-07-31 12:08:36.138462
2025-07-31,115241,2025073101023752,NICA,Vision Securities Pvt. Ltd,Vision Securities Pvt. Ltd,50,387.7,19385.0,2025-07-31 12:10:02.085256
2025-07-31,115240,2025073101023753,NICA,Online Securities Pvt. Ltd.,Vision Securities Pvt. Ltd,50,387.6,19380.0,2025-07-31 12:10:02.085480
2025-07-31,115195,2025073101023765,NICA,Online Securities Pvt. Ltd.,Vision Securities Pvt. Ltd,70,387.6,27132.0,2025-07-31 12:10:06.113133
2025-07-31,115186,2025073101023767,NICA,Cristal Kanchanjanga Securites Pvt. Ltd.,Naasa Securities Co. Ltd.,15,388.0,5820.0,2025-07-31 12:10:06.613584
2025-07-31,114742,2025073101023923,NICA,Capital Max Securities Ltd,Miyo Securities Pvt Ltd,19,388.5,7381.5,2025-07-31 12:10:46.354218
2025-07-31,113881,2025073101024312,NICA,S.P.S.A. Securities Limited,Miyo Securities Pvt Ltd,21,388.5,8158.5,2025-07-31 12:12:04.355814
2025-07-31,113880,2025073101024313,NICA,S.P.S.A. Securities Limited,Cristal Kanchanjanga Securites Pvt. Ltd.,27,388.5,10489.5,2025-07-31 12:12:04.356317
2025-07-31,113459,2025073101024467,NICA,Aryatara Investment & Securities,Cristal Kanchanjanga Securites Pvt. Ltd.,200,388.5,77700.0,2025-07-31 12:12:48.207902
2025-07-31,113236,2025073101024568,NICA,Cristal Kanchanjanga Securites Pvt. Ltd.,Deevyaa Securities & Stock House Pvt. Ltd,15,387.7,5815.5,2025-07-31 12:13:08.265958
2025-07-31,113235,2025073101024569,NICA,Linch Stock Market Ltd.,Deevyaa Securities & Stock House Pvt. Ltd,100,387.7,38770.0,2025-07-31 12:13:08.266205
2025-07-31,113234,2025073101024570,NICA,Online Securities Pvt. Ltd.,Deevyaa Securities & Stock House Pvt. Ltd,451,387.6,174807.6,2025-07-31 12:13:08.266311
2025-07-31,111534,2025073101025329,NICA,Dynamic Money Managers Securities Pvt. Ltd.,Kohinoor Investment & Securities Pvt. Ltd.,200,388.0,77600.0,2025-07-31 12:15:47.481522
2025-07-31,111290,2025073101025425,NICA,Ashutosh Brokerage & Securities (PVT) Ltd.,Cristal Kanchanjanga Securites Pvt. Ltd.,98,388.5,38073.0,2025-07-31 12:16:03.022755
2025-07-31,111289,2025073101025426,NICA,Ashutosh Brokerage & Securities (PVT) Ltd.,Investment Management Nepal Pvt. Ltd.,52,388.7,20212.4,2025-07-31 12:16:03.022975
2025-07-31,111052,2025073101025520,NICA,Cristal Kanchanjanga Securites Pvt. Ltd.,Investment Management Nepal Pvt. Ltd.,48,388.7,18657.6,2025-07-31 12:16:27.873591
2025-07-31,110557,2025073101025721,NICA,Imperial Securities Company Pvt. Ltd.,Secured Securities Ltd.,100,388.5,38850.0,2025-07-31 12:17:10.933496
2025-07-31,110345,2025073101025784,NICA,Vision Securities Pvt. Ltd,Premier Securities Company Ltd.,100,388.8,38880.0,2025-07-31 12:17:28.982142
2025-07-31,109696,2025073101026036,NICA,Aryatara Investment & Securities,Premier Securities Company Ltd.,50,388.8,19440.0,2025-07-31 12:18:29.992978
2025-07-31,109666,2025073101026054,NICA,Dynamic Money Managers Securities Pvt. Ltd.,Opal Securities Investment (PVT) Ltd.,116,388.0,45008.0,2025-07-31 12:18:34.852742
2025-07-31,108953,2025073101026348,NICA,Dynamic Money Managers Securities Pvt. Ltd.,Arun Securities (PVT) Ltd.,50,388.0,19400.0,2025-07-31 12:19:51.777136
2025-07-31,108867,2025073101026388,NICA,Dynamic Money Managers Securities Pvt. Ltd.,J.F. Securites (PVT) Ltd.,150,388.0,58200.0,2025-07-31 12:20:00.575242
2025-07-31,108533,2025073101026535,NICA,Dynamic Money Managers Securities Pvt. Ltd.,ABC Securities Private Limited,100,388.0,38800.0,2025-07-31 12:20:35.355056
2025-07-31,108466,2025073101026566,NICA,Dynamic Money Managers Securities Pvt. Ltd.,Kumari Securities Private Limited,384,388.0,148992.0,2025-07-31 12:20:42.353848
2025-07-31,108465,2025073101026567,NICA,Sri Hari Securities Pvt. Ltd.,Kumari Securities Private Limited,10,388.0,3880.0,2025-07-31 12:20:42.354377
2025-07-31,108464,2025073101026568,NICA,South Asian Bulls Pvt. Ltd.,Kumari Securities Private Limited,10,388.0,3880.0,2025-07-31 12:20:42.354753
2025-07-31,108463,2025073101026569,NICA,Malla & Malla Stock Broking Company Pvt. Limited,Kumari Securities Private Limited,50,388.0,19400.0,2025-07-31 12:20:42.355089
2025-07-31,108462,2025073101026570,NICA,Online Securities Pvt. Ltd.,Kumari Securities Private Limited,200,388.0,77600.0,2025-07-31 12:20:42.355411
2025-07-31,108343,2025073101026627,NICA,Linch Stock Market Ltd.,Kumari Securities Private Limited,20,388.0,7760.0,2025-07-31 12:20:58.103125
2025-07-31,107671,2025073101026915,NICA,South Asian Bulls Pvt. Ltd.,Opal Securities Investment (PVT) Ltd.,50,387.8,19390.0,2025-07-31 12:22:14.075832
2025-07-31,107670,2025073101026916,NICA,Premier Securities Company Ltd.,Opal Securities Investment (PVT) Ltd.,50,387.7,19385.0,2025-07-31 12:22:14.075881
2025-07-31,107217,2025073101027094,NICA,Sumeru Securities Pvt. Ltd.,Imperial Securities Company Pvt. Ltd.,50,387.8,19390.0,2025-07-31 12:23:06.013750
2025-07-31,107216,2025073101027095,NICA,Premier Securities Company Ltd.,Imperial Securities Company Pvt. Ltd.,75,387.7,29077.5,2025-07-31 12:23:06.014227
2025-07-31,107128,2025073101027145,NICA,Naasa Securities Co. Ltd.,Kumari Securities Private Limited,30,388.0,11640.0,2025-07-31 12:23:17.036810
2025-07-31,106802,2025073101027285,NICA,Nepal Investment And Securities Trading Private Limited,Agrawal Securities (PVT) Ltd.,1,381.0,381.0,2025-07-31 12:23:50.525971
2025-07-31,106661,2025073101027351,NICA,Imperial Securities Company Pvt. Ltd.,Kumari Securities Private Limited,200,388.0,77600.0,2025-07-31 12:24:08.875204
2025-07-31,106560,2025073101027381,NICA,Sweta Securities Private Limited,Aryatara Investment & Securities,20,387.8,7756.0,2025-07-31 12:24:16.070622
2025-07-31,106559,2025073101027382,NICA,Premier Securities Company Ltd.,Aryatara Investment & Securities,477,387.7,184932.9,2025-07-31 12:24:16.071132
2025-07-31,105833,2025073101027643,NICA,J.F. Securites (PVT) Ltd.,Trisul Securities & Invt. Ltd.,20,387.9,7758.0,2025-07-31 12:25:11.838060
2025-07-31,103062,2025073101028741,NICA,ABC Securities Private Limited,Kumari Securities Private Limited,108,388.0,41904.0,2025-07-31 12:29:02.145833
2025-07-31,102570,2025073101028947,NICA,Creative Securities Pvt Ltd,Kumari Securities Private Limited,13,388.0,5044.0,2025-07-31 12:29:47.175449
2025-07-31,102569,2025073101028948,NICA,Creative Securities Pvt Ltd,Asian Securities Private Ltd.,60,388.0,23280.0,2025-07-31 12:29:47.175726
2025-07-31,101963,2025073101029173,NICA,J.F. Securites (PVT) Ltd.,Naasa Securities Co. Ltd.,25,388.7,9717.5,2025-07-31 12:30:41.201095
2025-07-31,101596,2025073101029315,NICA,Creative Securities Pvt Ltd,Sumeru Securities Pvt. Ltd.,11,388.0,4268.0,2025-07-31 12:31:09.876729
2025-07-31,100890,2025073101029650,NICA,Online Securities Pvt. Ltd.,Naasa Securities Co. Ltd.,168,388.7,65301.6,2025-07-31 12:32:06.026919
2025-07-31,100889,2025073101029651,NICA,Online Securities Pvt. Ltd.,Investment Management Nepal Pvt. Ltd.,300,388.7,116610.0,2025-07-31 12:32:06.027191
2025-07-31,100843,2025073101029668,NICA,Online Securities Pvt. Ltd.,ABC Securities Private Limited,159,388.7,61803.3,2025-07-31 12:32:10.156003
2025-07-31,100697,2025073101029725,NICA,Vision Securities Pvt. Ltd,Premier Securities Company Ltd.,100,388.8,38880.0,2025-07-31 12:32:27.612675
2025-07-31,100662,2025073101029736,NICA,Online Securities Pvt. Ltd.,ABC Securities Private Limited,10,388.7,3887.0,2025-07-31 12:32:31.256475
2025-07-31,100554,2025073101029761,NICA,Naasa Securities Co. Ltd.,Premier Securities Company Ltd.,250,388.8,97200.0,2025-07-31 12:32:38.971206
2025-07-31,100335,2025073101029859,NICA,Naasa Securities Co. Ltd.,Kohinoor Investment & Securities Pvt. Ltd.,50,388.8,19440.0,2025-07-31 12:33:00.773299
2025-07-31,100334,2025073101029860,NICA,Online Securities Pvt. Ltd.,Kohinoor Investment & Securities Pvt. Ltd.,363,388.7,141098.1,2025-07-31 12:33:00.773569
2025-07-31,100333,2025073101029861,NICA,Creative Securities Pvt Ltd,Kohinoor Investment & Securities Pvt. Ltd.,116,388.0,45008.0,2025-07-31 12:33:00.773684
2025-07-31,100332,2025073101029862,NICA,Online Securities Pvt. Ltd.,Kohinoor Investment & Securities Pvt. Ltd.,100,388.0,38800.0,2025-07-31 12:33:00.773794
2025-07-31,99219,2025073101030359,NICA,Trisul Securities & Invt. Ltd.,Deevyaa Securities & Stock House Pvt. Ltd,48,389.0,18672.0,2025-07-31 12:34:36.943506
2025-07-31,99218,2025073101030360,NICA,Trisul Securities & Invt. Ltd.,ABC Securities Private Limited,100,389.0,38900.0,2025-07-31 12:34:36.943798
2025-07-31,99217,2025073101030361,NICA,Trisul Securities & Invt. Ltd.,Sani Securities Company Ltd.,252,389.0,98028.0,2025-07-31 12:34:36.944001
2025-07-31,98608,2025073101030668,NICA,Sweta Securities Private Limited,Sani Securities Company Ltd.,100,389.0,38900.0,2025-07-31 12:35:19.253821
2025-07-31,98556,2025073101030684,NICA,J.F. Securites (PVT) Ltd.,Sani Securities Company Ltd.,25,389.0,9725.0,2025-07-31 12:35:22.413750
2025-07-31,98389,2025073101030751,NICA,Siprabi Securities Pvt. Ltd.,Sani Securities Company Ltd.,123,389.0,47847.0,2025-07-31 12:35:36.437377
2025-07-31,97883,2025073101030915,NICA,Imperial Securities Company Pvt. Ltd.,APPLE SECURITIES PRIVATE LIMITED,500,389.9,194950.0,2025-07-31 12:36:16.447975
2025-07-31,97840,2025073101030941,NICA,Aryatara Investment & Securities,APPLE SECURITIES PRIVATE LIMITED,500,389.9,194950.0,2025-07-31 12:36:20.403855
2025-07-31,97415,2025073101031061,NICA,Dipshikha Dhitopatra Karobar Co. Pvt Ltd.,APPLE SECURITIES PRIVATE LIMITED,50,389.9,19495.0,2025-07-31 12:36:40.279352
2025-07-31,97414,2025073101031062,NICA,Dipshikha Dhitopatra Karobar Co. Pvt Ltd.,Trishakti Securities Public Limited,10,390.0,3900.0,2025-07-31 12:36:40.279853
2025-07-31,97413,2025073101031063,NICA,Dipshikha Dhitopatra Karobar Co. Pvt Ltd.,South Asian Bulls Pvt. Ltd.,440,390.0,171600.0,2025-07-31 12:36:40.280212
2025-07-31,96934,2025073101031237,NICA,Sundhara Securities Limited,South Asian Bulls Pvt. Ltd.,100,390.0,39000.0,2025-07-31 12:37:19.731676
2025-07-31,96593,2025073101031344,NICA,Sani Securities Company Ltd.,South Asian Bulls Pvt. Ltd.,460,390.0,179400.0,2025-07-31 12:37:59.855039
2025-07-31,96592,2025073101031345,NICA,Sani Securities Company Ltd.,Naasa Securities Co. Ltd.,10,390.0,3900.0,2025-07-31 12:37:59.855704
2025-07-31,96591,2025073101031346,NICA,Sani Securities Company Ltd.,Thrive Brokerage House Pvt. Ltd,30,390.0,11700.0,2025-07-31 12:37:59.856404
2025-07-31,96096,2025073101031603,NICA,Nagarik Stock Dealer ,Sani Securities Company Ltd.,140,389.9,54586.0,2025-07-31 12:38:42.478107
2025-07-31,96087,2025073101031606,NICA,Dipshikha Dhitopatra Karobar Co. Pvt Ltd.,Kumari Securities Private Limited,33,388.7,12827.1,2025-07-31 12:38:44.387053
2025-07-31,95943,2025073101031654,NICA,Capital Max Securities Ltd,Sani Securities Company Ltd.,10,389.9,3899.0,2025-07-31 12:39:02.802020
2025-07-31,95782,2025073101031717,NICA,Miyo Securities Pvt Ltd,Sani Securities Company Ltd.,850,389.9,331415.0,2025-07-31 12:39:17.935911
2025-07-31,95641,2025073101031774,NICA,Secured Securities Ltd.,Naasa Securities Co. Ltd.,5,390.0,1950.0,2025-07-31 12:39:37.163461
2025-07-31,95448,2025073101031844,NICA,Sundhara Securities Limited,Naasa Securities Co. Ltd.,300,389.9,116970.0,2025-07-31 12:39:59.199507
2025-07-31,95447,2025073101031845,NICA,Nepal Stock House (PVT) Ltd.,Naasa Securities Co. Ltd.,200,389.9,77980.0,2025-07-31 12:39:59.200084
2025-07-31,95255,2025073101031950,NICA,Nepal Stock House (PVT) Ltd.,Sani Securities Company Ltd.,100,389.9,38990.0,2025-07-31 12:40:17.976303
2025-07-31,95205,2025073101031972,NICA,Dipshikha Dhitopatra Karobar Co. Pvt Ltd.,Naasa Securities Co. Ltd.,17,388.7,6607.9,2025-07-31 12:40:24.162434
2025-07-31,95204,2025073101031973,NICA,Capital Max Securities Ltd,Naasa Securities Co. Ltd.,483,388.7,187742.1,2025-07-31 12:40:24.162739
2025-07-31,95143,2025073101032000,NICA,Capital Max Securities Ltd,Vision Securities Pvt. Ltd,17,388.7,6607.9,2025-07-31 12:40:32.783389
2025-07-31,95069,2025073101032035,NICA,Sharepro Securities Private Limited,Vision Securities Pvt. Ltd,500,388.7,194350.0,2025-07-31 12:40:43.648495
2025-07-31,94953,2025073101032084,NICA,Linch Stock Market Ltd.,Vision Securities Pvt. Ltd,10,388.7,3887.0,2025-07-31 12:40:56.648576
2025-07-31,94938,2025073101032092,NICA,Dipshikha Dhitopatra Karobar Co. Pvt Ltd.,Vision Securities Pvt. Ltd,70,388.7,27209.0,2025-07-31 12:41:00.164252
2025-07-31,94745,2025073101032156,NICA,Dipshikha Dhitopatra Karobar Co. Pvt Ltd.,Naasa Securities Co. Ltd.,510,388.7,198237.0,2025-07-31 12:41:24.925549
2025-07-31,94744,2025073101032157,NICA,Imperial Securities Company Pvt. Ltd.,Naasa Securities Co. Ltd.,490,388.7,190463.0,2025-07-31 12:41:24.925852
2025-07-31,94256,2025073101032344,NICA,Imperial Securities Company Pvt. Ltd.,Naasa Securities Co. Ltd.,10,388.7,3887.0,2025-07-31 12:42:22.694321
2025-07-31,94255,2025073101032345,NICA,Sumeru Securities Pvt. Ltd.,Naasa Securities Co. Ltd.,200,388.6,77720.0,2025-07-31 12:42:22.694623
2025-07-31,94254,2025073101032346,NICA,Imperial Securities Company Pvt. Ltd.,Naasa Securities Co. Ltd.,500,388.6,194300.0,2025-07-31 12:42:22.694747
2025-07-31,94253,2025073101032347,NICA,Primo Securities (PVT) Ltd.,Naasa Securities Co. Ltd.,200,388.5,77700.0,2025-07-31 12:42:22.694865
2025-07-31,94252,2025073101032348,NICA,Dynamic Money Managers Securities Pvt. Ltd.,Naasa Securities Co. Ltd.,600,388.5,233100.0,2025-07-31 12:42:22.694981
2025-07-31,94251,2025073101032349,NICA,South Asian Bulls Pvt. Ltd.,Naasa Securities Co. Ltd.,50,388.3,19415.0,2025-07-31 12:42:22.695107
2025-07-31,94250,2025073101032350,NICA,Bhrikuti Stock Broking Co. Pvt. Ltd.,Naasa Securities Co. Ltd.,440,388.3,170852.0,2025-07-31 12:42:22.695225
2025-07-31,94129,2025073101032402,NICA,Bhrikuti Stock Broking Co. Pvt. Ltd.,Naasa Securities Co. Ltd.,560,388.3,217448.0,2025-07-31 12:42:36.551849
2025-07-31,94128,2025073101032403,NICA,Sri Hari Securities Pvt. Ltd.,Naasa Securities Co. Ltd.,100,388.2,38820.0,2025-07-31 12:42:36.552451
2025-07-31,94127,2025073101032404,NICA,Vision Securities Pvt. Ltd,Naasa Securities Co. Ltd.,340,388.2,131988.0,2025-07-31 12:42:36.552878
2025-07-31,93923,2025073101032475,NICA,Investment Management Nepal Pvt. Ltd.,Sani Securities Company Ltd.,10,389.9,3899.0,2025-07-31 12:42:59.880368
2025-07-31,93763,2025073101032530,NICA,Aryatara Investment & Securities,Sani Securities Company Ltd.,30,389.9,11697.0,2025-07-31 12:43:18.371245
2025-07-31,93207,2025073101032761,NICA,N.M.B. SECURITIES LIMITED,Sani Securities Company Ltd.,860,389.9,335314.0,2025-07-31 12:44:16.071689
2025-07-31,93206,2025073101032762,NICA,N.M.B. SECURITIES LIMITED,Thrive Brokerage House Pvt. Ltd,70,390.0,27300.0,2025-07-31 12:44:16.071973
2025-07-31,93205,2025073101032763,NICA,N.M.B. SECURITIES LIMITED,Primo Securities (PVT) Ltd.,100,390.0,39000.0,2025-07-31 12:44:16.072132
2025-07-31,93204,2025073101032764,NICA,N.M.B. SECURITIES LIMITED,Vision Securities Pvt. Ltd,291,390.0,113490.0,2025-07-31 12:44:16.072251
2025-07-31,93203,2025073101032765,NICA,N.M.B. SECURITIES LIMITED,Sani Securities Company Ltd.,1000,390.0,390000.0,2025-07-31 12:44:16.072376
2025-07-31,93202,2025073101032766,NICA,N.M.B. SECURITIES LIMITED,Kumari Securities Private Limited,47,390.0,18330.0,2025-07-31 12:44:16.072495
2025-07-31,93201,2025073101032767,NICA,N.M.B. SECURITIES LIMITED,Oxford Securities Pvt. Ltd.,100,390.0,39000.0,2025-07-31 12:44:16.072624
2025-07-31,93200,2025073101032768,NICA,N.M.B. SECURITIES LIMITED,Investment Management Nepal Pvt. Ltd.,400,390.0,156000.0,2025-07-31 12:44:16.072741
2025-07-31,93199,2025073101032769,NICA,N.M.B. SECURITIES LIMITED,Naasa Securities Co. Ltd.,20,390.0,7800.0,2025-07-31 12:44:16.072855
2025-07-31,93088,2025073101032819,NICA,N.M.B. SECURITIES LIMITED,Opal Securities Investment (PVT) Ltd.,112,390.0,43680.0,2025-07-31 12:44:26.441675
2025-07-31,92950,2025073101032870,NICA,N.M.B. SECURITIES LIMITED,Opal Securities Investment (PVT) Ltd.,228,390.0,88920.0,2025-07-31 12:44:42.114381
2025-07-31,92345,2025073101033074,NICA,Opal Securities Investment (PVT) Ltd.,Naasa Securities Co. Ltd.,250,390.5,97625.0,2025-07-31 12:45:47.537555
2025-07-31,92344,2025073101033075,NICA,N.M.B. SECURITIES LIMITED,Naasa Securities Co. Ltd.,750,390.0,292500.0,2025-07-31 12:45:47.538124
2025-07-31,92199,2025073101033124,NICA,N.M.B. SECURITIES LIMITED,Dynamic Money Managers Securities Pvt. Ltd.,1022,390.0,398580.0,2025-07-31 12:46:01.784300
2025-07-31,92198,2025073101033125,NICA,N.M.B. SECURITIES LIMITED,Dynamic Money Managers Securities Pvt. Ltd.,978,390.0,381420.0,2025-07-31 12:46:01.784789
2025-07-31,92147,2025073101033150,NICA,N.M.B. SECURITIES LIMITED,Aryatara Investment & Securities,50,390.0,19500.0,2025-07-31 12:46:06.401091
2025-07-31,92061,2025073101033174,NICA,Aryatara Investment & Securities,Dynamic Money Managers Securities Pvt. Ltd.,230,390.5,89815.0,2025-07-31 12:46:16.512916
2025-07-31,91974,2025073101033211,NICA,Sweta Securities Private Limited,Dynamic Money Managers Securities Pvt. Ltd.,50,390.5,19525.0,2025-07-31 12:46:27.352109
2025-07-31,91480,2025073101033379,NICA,Vision Securities Pvt. Ltd,Sewa Securities Pvt. Ltd.,128,390.0,49920.0,2025-07-31 12:47:15.474455
2025-07-31,90470,2025073101033720,NICA,Trisul Securities & Invt. Ltd.,Sani Securities Company Ltd.,250,390.0,97500.0,2025-07-31 12:48:56.844691
2025-07-31,90383,2025073101033765,NICA,Dipshikha Dhitopatra Karobar Co. Pvt Ltd.,Sani Securities Company Ltd.,1250,390.0,487500.0,2025-07-31 12:49:06.720554
2025-07-31,88521,2025073101034665,NICA,Ashutosh Brokerage & Securities (PVT) Ltd.,Sani Securities Company Ltd.,43,390.0,16770.0,2025-07-31 12:52:35.701064
2025-07-31,88220,2025073101034786,NICA,Linch Stock Market Ltd.,Dipshikha Dhitopatra Karobar Co. Pvt Ltd.,20,389.0,7780.0,2025-07-31 12:53:14.265330
2025-07-31,88219,2025073101034787,NICA,Sani Securities Company Ltd.,Dipshikha Dhitopatra Karobar Co. Pvt Ltd.,10,389.0,3890.0,2025-07-31 12:53:14.265887
2025-07-31,88075,2025073101034840,NICA,Aryatara Investment & Securities,Dipshikha Dhitopatra Karobar Co. Pvt Ltd.,10,389.0,3890.0,2025-07-31 12:53:34.085397
2025-07-31,87836,2025073101034925,NICA,Malla & Malla Stock Broking Company Pvt. Limited,Dipshikha Dhitopatra Karobar Co. Pvt Ltd.,45,388.5,17482.5,2025-07-31 12:54:12.761039
2025-07-31,87762,2025073101034957,NICA,Aryatara Investment & Securities,Sani Securities Company Ltd.,129,388.4,50103.6,2025-07-31 12:54:22.451963
2025-07-31,87667,2025073101035012,NICA,Sundhara Securities Limited,Dipshikha Dhitopatra Karobar Co. Pvt Ltd.,47,388.5,18259.5,2025-07-31 12:54:38.023048
2025-07-31,86829,2025073101035360,NICA,Himalayan Brokerage Company Limited,Naasa Securities Co. Ltd.,100,389.0,38900.0,2025-07-31 12:56:28.295645
2025-07-31,85362,2025073101036024,NICA,Sundhara Securities Limited,Infinity Securities Limited,100,389.9,38990.0,2025-07-31 12:59:57.197052
2025-07-31,85284,2025073101036048,NICA,Vision Securities Pvt. Ltd,Creative Securities Pvt Ltd,40,389.9,15596.0,2025-07-31 13:00:09.763746
2025-07-31,85109,2025073101036105,NICA,Deevyaa Securities & Stock House Pvt. Ltd,Creative Securities Pvt Ltd,460,389.1,178986.0,2025-07-31 13:00:33.892666
2025-07-31,85099,2025073101036108,NICA,Imperial Securities Company Pvt. Ltd.,Sani Securities Company Ltd.,157,390.0,61230.0,2025-07-31 13:00:35.452078
2025-07-31,85098,2025073101036109,NICA,Imperial Securities Company Pvt. Ltd.,Kumari Securities Private Limited,258,390.0,100620.0,2025-07-31 13:00:35.452643
2025-07-31,85097,2025073101036110,NICA,Imperial Securities Company Pvt. Ltd.,Asian Securities Private Ltd.,500,390.0,195000.0,2025-07-31 13:00:35.453042
2025-07-31,85096,2025073101036111,NICA,Imperial Securities Company Pvt. Ltd.,Secured Securities Ltd.,200,390.0,78000.0,2025-07-31 13:00:35.453411
2025-07-31,84806,2025073101036242,NICA,Imperial Securities Company Pvt. Ltd.,Infinity Securities Limited,100,390.0,39000.0,2025-07-31 13:01:13.166239
2025-07-31,84703,2025073101036283,NICA,Vision Securities Pvt. Ltd,Siprabi Securities Pvt. Ltd.,20,390.4,7808.0,2025-07-31 13:01:26.994836
2025-07-31,84318,2025073101036409,NICA,Imperial Securities Company Pvt. Ltd.,Creative Securities Pvt Ltd,285,390.0,111150.0,2025-07-31 13:02:20.309259
2025-07-31,84317,2025073101036410,NICA,Opal Securities Investment (PVT) Ltd.,Creative Securities Pvt Ltd,50,390.0,19500.0,2025-07-31 13:02:20.309846
2025-07-31,84256,2025073101036436,NICA,Sundhara Securities Limited,Creative Securities Pvt Ltd,165,390.0,64350.0,2025-07-31 13:02:31.822310
2025-07-31,84074,2025073101036520,NICA,Sundhara Securities Limited,Siprabi Securities Pvt. Ltd.,140,390.4,54656.0,2025-07-31 13:03:01.921715
2025-07-31,84070,2025073101036523,NICA,Sundhara Securities Limited,K.B.L. Securities Limited ,335,390.0,130650.0,2025-07-31 13:03:02.896637
2025-07-31,83637,2025073101036715,NICA,Capital Max Securities Ltd,K.B.L. Securities Limited ,400,390.0,156000.0,2025-07-31 13:04:15.461616
2025-07-31,83571,2025073101036739,NICA,Secured Securities Ltd.,K.B.L. Securities Limited ,100,390.0,39000.0,2025-07-31 13:04:30.360510
2025-07-31,83404,2025073101036811,NICA,Aryatara Investment & Securities,K.B.L. Securities Limited ,100,390.0,39000.0,2025-07-31 13:04:53.994221
2025-07-31,83347,2025073101036835,NICA,N.M.B. SECURITIES LIMITED,K.B.L. Securities Limited ,65,390.0,25350.0,2025-07-31 13:05:05.773120
2025-07-31,83346,2025073101036836,NICA,N.M.B. SECURITIES LIMITED,Aryatara Investment & Securities,38,390.0,14820.0,2025-07-31 13:05:05.773414
2025-07-31,83345,2025073101036837,NICA,N.M.B. SECURITIES LIMITED,Sewa Securities Pvt. Ltd.,1350,390.0,526500.0,2025-07-31 13:05:05.773542
2025-07-31,83344,2025073101036838,NICA,N.M.B. SECURITIES LIMITED,Dynamic Money Managers Securities Pvt. Ltd.,1720,390.5,671660.0,2025-07-31 13:05:05.773665
2025-07-31,82125,2025073101037314,NICA,Dipshikha Dhitopatra Karobar Co. Pvt Ltd.,Imperial Securities Company Pvt. Ltd.,460,391.0,179860.0,2025-07-31 13:07:55.472363
2025-07-31,82124,2025073101037315,NICA,Dipshikha Dhitopatra Karobar Co. Pvt Ltd.,Sani Securities Company Ltd.,80,391.0,31280.0,2025-07-31 13:07:55.472705
2025-07-31,82123,2025073101037316,NICA,Dipshikha Dhitopatra Karobar Co. Pvt Ltd.,Swarna Laxmi Securities Pvt. Ltd.,40,391.0,15640.0,2025-07-31 13:07:55.472842
2025-07-31,82122,2025073101037317,NICA,Dipshikha Dhitopatra Karobar Co. Pvt Ltd.,Sani Securities Company Ltd.,29,391.9,11365.1,2025-07-31 13:07:55.472979
2025-07-31,82121,2025073101037318,NICA,Dipshikha Dhitopatra Karobar Co. Pvt Ltd.,Cristal Kanchanjanga Securites Pvt. Ltd.,641,391.9,251207.9,2025-07-31 13:07:55.473133
2025-07-31,81691,2025073101037496,NICA,Imperial Securities Company Pvt. Ltd.,Cristal Kanchanjanga Securites Pvt. Ltd.,1000,391.9,391900.0,2025-07-31 13:08:57.231612
2025-07-31,81211,2025073101037682,NICA,Agrawal Securities (PVT) Ltd.,Cristal Kanchanjanga Securites Pvt. Ltd.,159,391.9,62312.1,2025-07-31 13:10:08.148710
2025-07-31,81210,2025073101037683,NICA,Agrawal Securities (PVT) Ltd.,Siprabi Securities Pvt. Ltd.,10,391.9,3919.0,2025-07-31 13:10:08.149040
2025-07-31,80919,2025073101037777,NICA,Dipshikha Dhitopatra Karobar Co. Pvt Ltd.,Thrive Brokerage House Pvt. Ltd,30,392.0,11760.0,2025-07-31 13:10:53.391283
2025-07-31,80918,2025073101037778,NICA,Dipshikha Dhitopatra Karobar Co. Pvt Ltd.,Siprabi Securities Pvt. Ltd.,174,392.0,68208.0,2025-07-31 13:10:53.391578
2025-07-31,80917,2025073101037779,NICA,Dipshikha Dhitopatra Karobar Co. Pvt Ltd.,Kumari Securities Private Limited,90,392.0,35280.0,2025-07-31 13:10:53.391716
2025-07-31,80916,2025073101037780,NICA,Dipshikha Dhitopatra Karobar Co. Pvt Ltd.,Sundhara Securities Limited,956,392.0,374752.0,2025-07-31 13:10:53.391851
2025-07-31,80888,2025073101037789,NICA,Capital Max Securities Ltd,Sundhara Securities Limited,650,392.0,254800.0,2025-07-31 13:10:58.877685
2025-07-31,80815,2025073101037819,NICA,Shree Krishna Securities Ltd.,Sundhara Securities Limited,1000,392.0,392000.0,2025-07-31 13:11:09.656597
2025-07-31,80736,2025073101037839,NICA,Sundhara Securities Limited,Sundhara Securities Limited,50,392.0,19600.0,2025-07-31 13:11:17.932137
2025-07-31,80651,2025073101037888,NICA,Himalayan Securities Limited,Sundhara Securities Limited,2344,392.0,918848.0,2025-07-31 13:11:30.807822
2025-07-31,80650,2025073101037889,NICA,Himalayan Securities Limited,Oxford Securities Pvt. Ltd.,390,393.0,153270.0,2025-07-31 13:11:30.808145
2025-07-31,80649,2025073101037890,NICA,Himalayan Securities Limited,Imperial Securities Company Pvt. Ltd.,481,393.0,189033.0,2025-07-31 13:11:30.808281
2025-07-31,80648,2025073101037891,NICA,Himalayan Securities Limited,Sajilo Broker Limited,100,394.0,39400.0,2025-07-31 13:11:30.808418
2025-07-31,80647,2025073101037892,NICA,Himalayan Securities Limited,Naasa Securities Co. Ltd.,1200,394.0,472800.0,2025-07-31 13:11:30.808541
2025-07-31,80646,2025073101037893,NICA,Himalayan Securities Limited,Premier Securities Company Ltd.,485,394.0,191090.0,2025-07-31 13:11:30.808669
2025-07-31,80638,2025073101037895,NICA,Agrawal Securities (PVT) Ltd.,Secured Securities Ltd.,15,391.9,5878.5,2025-07-31 13:11:32.200219
2025-07-31,79792,2025073101038258,NICA,Sundhara Securities Limited,Imperial Securities Company Pvt. Ltd.,50,392.0,19600.0,2025-07-31 13:13:38.445779
2025-07-31,79462,2025073101038354,NICA,Vision Securities Pvt. Ltd,Sani Securities Company Ltd.,100,393.0,39300.0,2025-07-31 13:14:16.482692
2025-07-31,79461,2025073101038355,NICA,Vision Securities Pvt. Ltd,Premier Securities Company Ltd.,10,394.0,3940.0,2025-07-31 13:14:16.483322
2025-07-31,78651,2025073101038704,NICA,Trishakti Securities Public Limited,Naasa Securities Co. Ltd.,20,393.0,7860.0,2025-07-31 13:15:52.981031
2025-07-31,78650,2025073101038705,NICA,N.M.B. SECURITIES LIMITED,Imperial Securities Company Pvt. Ltd.,20,394.0,7880.0,2025-07-31 13:15:53.116605
2025-07-31,78649,2025073101038706,NICA,N.M.B. SECURITIES LIMITED,Nepal Stock House (PVT) Ltd.,60,394.7,23682.0,2025-07-31 13:15:53.116912
2025-07-31,78648,2025073101038707,NICA,N.M.B. SECURITIES LIMITED,Naasa Securities Co. Ltd.,10,395.0,3950.0,2025-07-31 13:15:53.117077
2025-07-31,78647,2025073101038708,NICA,N.M.B. SECURITIES LIMITED,Deevyaa Securities & Stock House Pvt. Ltd,250,395.0,98750.0,2025-07-31 13:15:53.117271
2025-07-31,78646,2025073101038709,NICA,N.M.B. SECURITIES LIMITED,Naasa Securities Co. Ltd.,15,395.0,5925.0,2025-07-31 13:15:53.117427
2025-07-31,78645,2025073101038710,NICA,N.M.B. SECURITIES LIMITED,Pragyan Securities (PVT) Ltd.,50,395.0,19750.0,2025-07-31 13:15:53.117605
2025-07-31,78644,2025073101038711,NICA,N.M.B. SECURITIES LIMITED,Sweta Securities Private Limited,200,395.0,79000.0,2025-07-31 13:15:53.117749
2025-07-31,78643,2025073101038712,NICA,N.M.B. SECURITIES LIMITED,Shree Krishna Securities Ltd.,475,395.0,187625.0,2025-07-31 13:15:53.117908
2025-07-31,78642,2025073101038713,NICA,N.M.B. SECURITIES LIMITED,Premier Securities Company Ltd.,100,395.0,39500.0,2025-07-31 13:15:53.118078
2025-07-31,78641,2025073101038714,NICA,N.M.B. SECURITIES LIMITED,Siprabi Securities Pvt. Ltd.,100,395.0,39500.0,2025-07-31 13:15:53.118241
2025-07-31,78640,2025073101038715,NICA,N.M.B. SECURITIES LIMITED,BHOLE GANESH SECURITIES LTD,500,395.0,197500.0,2025-07-31 13:15:53.118421
2025-07-31,78639,2025073101038716,NICA,N.M.B. SECURITIES LIMITED,Kumari Securities Private Limited,1000,395.0,395000.0,2025-07-31 13:15:53.118573
2025-07-31,78638,2025073101038717,NICA,N.M.B. SECURITIES LIMITED,Secured Securities Ltd.,200,395.0,79000.0,2025-07-31 13:15:53.118750
2025-07-31,78637,2025073101038718,NICA,N.M.B. SECURITIES LIMITED,Bhrikuti Stock Broking Co. Pvt. Ltd.,16,395.0,6320.0,2025-07-31 13:15:53.118896
2025-07-31,78544,2025073101038760,NICA,N.M.B. SECURITIES LIMITED,Vision Securities Pvt. Ltd,50,395.0,19750.0,2025-07-31 13:16:05.135515
2025-07-31,78543,2025073101038761,NICA,N.M.B. SECURITIES LIMITED,Sumeru Securities Pvt. Ltd.,500,395.0,197500.0,2025-07-31 13:16:05.136191
2025-07-31,78348,2025073101038828,NICA,Magnet Securities and Investment Company Private Limited,J.F. Securites (PVT) Ltd.,12,395.9,4750.8,2025-07-31 13:16:30.828504
2025-07-31,78347,2025073101038829,NICA,Magnet Securities and Investment Company Private Limited,Siprabi Securities Pvt. Ltd.,28,395.9,11085.2,2025-07-31 13:16:30.828818
2025-07-31,77906,2025073101038982,NICA,N.M.B. SECURITIES LIMITED,Creative Securities Pvt Ltd,249,395.0,98355.0,2025-07-31 13:17:13.471137
2025-07-31,77732,2025073101039056,NICA,Sundhara Securities Limited,Cristal Kanchanjanga Securites Pvt. Ltd.,10,394.0,3940.0,2025-07-31 13:17:31.222041
2025-07-31,77554,2025073101039099,NICA,Nepal Investment And Securities Trading Private Limited,Sewa Securities Pvt. Ltd.,250,395.0,98750.0,2025-07-31 13:17:46.186450
2025-07-31,77553,2025073101039100,NICA,Malla & Malla Stock Broking Company Pvt. Limited,Sewa Securities Pvt. Ltd.,60,394.0,23640.0,2025-07-31 13:17:46.186798
2025-07-31,77552,2025073101039101,NICA,Trishakti Securities Public Limited,Sewa Securities Pvt. Ltd.,690,393.0,271170.0,2025-07-31 13:17:46.186976
2025-07-31,77438,2025073101039139,NICA,Dipshikha Dhitopatra Karobar Co. Pvt Ltd.,Imperial Securities Company Pvt. Ltd.,10,395.9,3959.0,2025-07-31 13:18:04.331545
2025-07-31,77437,2025073101039140,NICA,Dipshikha Dhitopatra Karobar Co. Pvt Ltd.,Agrawal Securities (PVT) Ltd.,200,396.0,79200.0,2025-07-31 13:18:04.332150
2025-07-31,77343,2025073101039162,NICA,Dipshikha Dhitopatra Karobar Co. Pvt Ltd.,Creative Securities Pvt Ltd,190,396.0,75240.0,2025-07-31 13:18:13.689171
2025-07-31,76762,2025073101039338,NICA,Trishakti Securities Public Limited,Secured Securities Ltd.,1790,393.0,703470.0,2025-07-31 13:19:29.957176
2025-07-31,76761,2025073101039339,NICA,Trishakti Securities Public Limited,Secured Securities Ltd.,500,393.0,196500.0,2025-07-31 13:19:29.957483
2025-07-31,76760,2025073101039340,NICA,Himalayan Brokerage Company Limited,Secured Securities Ltd.,500,392.1,196050.0,2025-07-31 13:19:29.957628
2025-07-31,76759,2025073101039341,NICA,Imperial Securities Company Pvt. Ltd.,Secured Securities Ltd.,200,392.0,78400.0,2025-07-31 13:19:29.957763
2025-07-31,76758,2025073101039342,NICA,Agrawal Securities (PVT) Ltd.,Secured Securities Ltd.,16,391.9,6270.4,2025-07-31 13:19:29.957915
2025-07-31,76757,2025073101039343,NICA,Capital Max Securities Ltd,Secured Securities Ltd.,864,391.3,338083.2,2025-07-31 13:19:29.958083
2025-07-31,75776,2025073101039811,NICA,Online Securities Pvt. Ltd.,Creative Securities Pvt Ltd,61,395.9,24149.9,2025-07-31 13:21:21.441536
2025-07-31,75062,2025073101040134,NICA,Himalayan Brokerage Company Limited,Secured Securities Ltd.,200,396.0,79200.0,2025-07-31 13:22:33.663280
2025-07-31,74519,2025073101040359,NICA,Himalayan Brokerage Company Limited,Sani Securities Company Ltd.,215,396.0,85140.0,2025-07-31 13:23:32.266327
2025-07-31,74246,2025073101040462,NICA,Himalayan Brokerage Company Limited,Investment Management Nepal Pvt. Ltd.,585,396.0,231660.0,2025-07-31 13:24:03.164567
2025-07-31,74245,2025073101040463,NICA,Online Securities Pvt. Ltd.,Investment Management Nepal Pvt. Ltd.,50,396.0,19800.0,2025-07-31 13:24:03.164900
2025-07-31,74083,2025073101040499,NICA,Arun Securities (PVT) Ltd.,Investment Management Nepal Pvt. Ltd.,365,396.8,144832.0,2025-07-31 13:24:19.917776
2025-07-31,74082,2025073101040500,NICA,Arun Securities (PVT) Ltd.,Premier Securities Company Ltd.,100,396.9,39690.0,2025-07-31 13:24:19.918119
2025-07-31,74081,2025073101040501,NICA,Arun Securities (PVT) Ltd.,Asian Securities Private Ltd.,35,396.9,13891.5,2025-07-31 13:24:19.918279
2025-07-31,73445,2025073101040738,NICA,N.M.B. SECURITIES LIMITED,Thrive Brokerage House Pvt. Ltd,4,395.0,1580.0,2025-07-31 13:25:36.841387
2025-07-31,72869,2025073101040947,NICA,Kohinoor Investment & Securities Pvt. Ltd.,Sewa Securities Pvt. Ltd.,10,396.0,3960.0,2025-07-31 13:26:30.529709
2025-07-31,72655,2025073101041045,NICA,Trisul Securities & Invt. Ltd.,Sewa Securities Pvt. Ltd.,27,396.0,10692.0,2025-07-31 13:26:50.898689
2025-07-31,71764,2025073101041353,NICA,Kohinoor Investment & Securities Pvt. Ltd.,Sewa Securities Pvt. Ltd.,10,396.0,3960.0,2025-07-31 13:28:13.682251
2025-07-31,69816,2025073101041948,NICA,Siprabi Securities Pvt. Ltd.,Investment Management Nepal Pvt. Ltd.,45,395.0,17775.0,2025-07-31 13:30:36.242515
2025-07-31,67843,2025073101042590,NICA,Naasa Securities Co. Ltd.,Sani Securities Company Ltd.,100,395.0,39500.0,2025-07-31 13:33:38.392959
2025-07-31,67842,2025073101042591,NICA,Online Securities Pvt. Ltd.,Sani Securities Company Ltd.,50,395.0,19750.0,2025-07-31 13:33:38.393286
2025-07-31,67841,2025073101042592,NICA,Sumeru Securities Pvt. Ltd.,Sani Securities Company Ltd.,17,393.5,6689.5,2025-07-31 13:33:38.393422
2025-07-31,67840,2025073101042593,NICA,Naasa Securities Co. Ltd.,Sani Securities Company Ltd.,127,393.0,49911.0,2025-07-31 13:33:38.393556
2025-07-31,67729,2025073101042631,NICA,Investment Management Nepal Pvt. Ltd.,Sewa Securities Pvt. Ltd.,10,396.0,3960.0,2025-07-31 13:33:48.009857
2025-07-31,67313,2025073101042731,NICA,Himalayan Brokerage Company Limited,Sewa Securities Pvt. Ltd.,443,396.0,175428.0,2025-07-31 13:34:25.093263
2025-07-31,67287,2025073101042744,NICA,Himalayan Brokerage Company Limited,Trisul Securities & Invt. Ltd.,57,396.0,22572.0,2025-07-31 13:34:29.085010
2025-07-31,67286,2025073101042745,NICA,Naasa Securities Co. Ltd.,Trisul Securities & Invt. Ltd.,43,393.0,16899.0,2025-07-31 13:34:29.085061
2025-07-31,67176,2025073101042776,NICA,Capital Max Securities Ltd,Asian Securities Private Ltd.,20,396.9,7938.0,2025-07-31 13:34:43.285537
2025-07-31,67092,2025073101042802,NICA,Dynamic Money Managers Securities Pvt. Ltd.,Asian Securities Private Ltd.,100,396.9,39690.0,2025-07-31 13:34:54.054752
2025-07-31,65471,2025073101043345,NICA,Aryatara Investment & Securities,Vision Securities Pvt. Ltd,10,396.8,3968.0,2025-07-31 13:37:49.811238
2025-07-31,63746,2025073101044097,NICA,Dipshikha Dhitopatra Karobar Co. Pvt Ltd.,Midas Stock Broking Company Private Limited,55,396.7,21818.5,2025-07-31 13:40:56.251994
2025-07-31,63745,2025073101044098,NICA,Dipshikha Dhitopatra Karobar Co. Pvt Ltd.,Vision Securities Pvt. Ltd,330,396.8,130944.0,2025-07-31 13:40:56.252331
2025-07-31,63744,2025073101044099,NICA,Dipshikha Dhitopatra Karobar Co. Pvt Ltd.,Sani Securities Company Ltd.,15,396.8,5952.0,2025-07-31 13:40:56.252477
2025-07-31,63723,2025073101044101,NICA,Malla & Malla Stock Broking Company Pvt. Limited,Sani Securities Company Ltd.,50,396.8,19840.0,2025-07-31 13:40:57.566269
2025-07-31,63621,2025073101044158,NICA,Opal Securities Investment (PVT) Ltd.,Sani Securities Company Ltd.,135,396.8,53568.0,2025-07-31 13:41:08.819233
2025-07-31,63580,2025073101044173,NICA,Opal Securities Investment (PVT) Ltd.,Bhrikuti Stock Broking Co. Pvt. Ltd.,75,396.8,29760.0,2025-07-31 13:41:12.752747
2025-07-31,63382,2025073101044268,NICA,Shree Krishna Securities Ltd.,Investment Management Nepal Pvt. Ltd.,165,396.5,65422.5,2025-07-31 13:41:28.354696
2025-07-31,63157,2025073101044340,NICA,Naasa Securities Co. Ltd.,Capital Max Securities Ltd,30,395.0,11850.0,2025-07-31 13:41:47.393916
2025-07-31,63156,2025073101044341,NICA,Sani Securities Company Ltd.,Capital Max Securities Ltd,70,395.0,27650.0,2025-07-31 13:41:47.394248
2025-07-31,63104,2025073101044348,NICA,Shree Krishna Securities Ltd.,Investment Management Nepal Pvt. Ltd.,135,396.5,53527.5,2025-07-31 13:41:52.465009
2025-07-31,62501,2025073101044540,NICA,Primo Securities (PVT) Ltd.,Oxford Securities Pvt. Ltd.,12,396.5,4758.0,2025-07-31 13:42:29.593483
2025-07-31,62035,2025073101044636,NICA,Sani Securities Company Ltd.,Trishakti Securities Public Limited,40,395.0,15800.0,2025-07-31 13:42:58.640359
2025-07-31,62034,2025073101044637,NICA,Siprabi Securities Pvt. Ltd.,Trishakti Securities Public Limited,67,393.1,26337.7,2025-07-31 13:42:58.640987
2025-07-31,62033,2025073101044638,NICA,Malla & Malla Stock Broking Company Pvt. Limited,Trishakti Securities Public Limited,15,393.0,5895.0,2025-07-31 13:42:58.641413
2025-07-31,62032,2025073101044639,NICA,Primo Securities (PVT) Ltd.,Trishakti Securities Public Limited,500,393.0,196500.0,2025-07-31 13:42:58.641823
2025-07-31,62031,2025073101044640,NICA,Aryatara Investment & Securities,Trishakti Securities Public Limited,378,393.0,148554.0,2025-07-31 13:42:58.642230
2025-07-31,60824,2025073101045041,NICA,Aryatara Investment & Securities,Linch Stock Market Ltd.,122,393.0,47946.0,2025-07-31 13:44:21.106955
2025-07-31,60823,2025073101045042,NICA,Linch Stock Market Ltd.,Linch Stock Market Ltd.,30,393.0,11790.0,2025-07-31 13:44:21.107752
2025-07-31,60822,2025073101045043,NICA,Sweta Securities Private Limited,Linch Stock Market Ltd.,200,392.7,78540.0,2025-07-31 13:44:21.108403
2025-07-31,60821,2025073101045044,NICA,Capital Max Securities Ltd,Linch Stock Market Ltd.,136,392.5,53380.0,2025-07-31 13:44:21.108992
2025-07-31,60820,2025073101045045,NICA,Linch Stock Market Ltd.,Linch Stock Market Ltd.,500,392.4,196200.0,2025-07-31 13:44:21.109624
2025-07-31,60819,2025073101045046,NICA,Sundhara Securities Limited,Linch Stock Market Ltd.,300,392.4,117720.0,2025-07-31 13:44:21.110271
2025-07-31,60818,2025073101045047,NICA,Vision Securities Pvt. Ltd,Linch Stock Market Ltd.,100,392.0,39200.0,2025-07-31 13:44:21.110960
2025-07-31,60817,2025073101045048,NICA,Dynamic Money Managers Securities Pvt. Ltd.,Linch Stock Market Ltd.,101,392.0,39592.0,2025-07-31 13:44:21.111603
2025-07-31,60816,2025073101045049,NICA,Capital Hub P. Ltd,Linch Stock Market Ltd.,88,392.0,34496.0,2025-07-31 13:44:21.111969
2025-07-31,59407,2025073101045488,NICA,Capital Hub P. Ltd,Naasa Securities Co. Ltd.,20,392.0,7840.0,2025-07-31 13:46:24.066460
2025-07-31,58812,2025073101045689,NICA,Capital Hub P. Ltd,Kohinoor Investment & Securities Pvt. Ltd.,92,392.0,36064.0,2025-07-31 13:47:27.554289
2025-07-31,58811,2025073101045690,NICA,Vision Securities Pvt. Ltd,Kohinoor Investment & Securities Pvt. Ltd.,50,392.0,19600.0,2025-07-31 13:47:27.554620
2025-07-31,58810,2025073101045691,NICA,Vision Securities Pvt. Ltd,Kohinoor Investment & Securities Pvt. Ltd.,100,392.0,39200.0,2025-07-31 13:47:27.554777
2025-07-31,58809,2025073101045692,NICA,Linch Stock Market Ltd.,Kohinoor Investment & Securities Pvt. Ltd.,20,392.0,7840.0,2025-07-31 13:47:27.554918
2025-07-31,58309,2025073101045896,NICA,Online Securities Pvt. Ltd.,Imperial Securities Company Pvt. Ltd.,150,391.5,58725.0,2025-07-31 13:48:32.818315
2025-07-31,57179,2025073101046366,NICA,Capital Max Securities Ltd,Imperial Securities Company Pvt. Ltd.,50,391.1,19555.0,2025-07-31 13:51:08.739694
2025-07-31,57139,2025073101046380,NICA,Dynamic Money Managers Securities Pvt. Ltd.,Imperial Securities Company Pvt. Ltd.,50,391.5,19575.0,2025-07-31 13:51:15.140588
2025-07-31,57059,2025073101046411,NICA,Capital Max Securities Ltd,Kohinoor Investment & Securities Pvt. Ltd.,38,391.1,14861.8,2025-07-31 13:51:26.792145
2025-07-31,56954,2025073101046451,NICA,Capital Max Securities Ltd,Kohinoor Investment & Securities Pvt. Ltd.,96,391.1,37545.6,2025-07-31 13:51:38.885205
2025-07-31,56667,2025073101046555,NICA,Dakshinkali Investment & Securities Pvt. Ltd.,Imperial Securities Company Pvt. Ltd.,150,391.5,58725.0,2025-07-31 13:52:04.880358
2025-07-31,56666,2025073101046556,NICA,Dakshinkali Investment & Securities Pvt. Ltd.,Nepal Stock House (PVT) Ltd.,100,391.5,39150.0,2025-07-31 13:52:04.880646
2025-07-31,55796,2025073101046826,NICA,Trishakti Securities Public Limited,Naasa Securities Co. Ltd.,10,393.0,3930.0,2025-07-31 13:53:57.142278
2025-07-31,55109,2025073101047090,NICA,Naasa Securities Co. Ltd.,Nepal Investment And Securities Trading Private Limited,20,394.0,7880.0,2025-07-31 13:55:30.096715
2025-07-31,54468,2025073101047305,NICA,Sri Hari Securities Pvt. Ltd.,Neev Securities Pvt. Ltd.,135,392.0,52920.0,2025-07-31 13:57:06.081202
2025-07-31,54467,2025073101047306,NICA,Capital Max Securities Ltd,Neev Securities Pvt. Ltd.,165,392.0,64680.0,2025-07-31 13:57:06.081561
2025-07-31,54460,2025073101047309,NICA,Capital Max Securities Ltd,Nepal Stock House (PVT) Ltd.,151,392.0,59192.0,2025-07-31 13:57:06.861455
2025-07-31,54056,2025073101047434,NICA,Himalayan Brokerage Company Limited,Nepal Stock House (PVT) Ltd.,300,392.0,117600.0,2025-07-31 13:58:00.026325
2025-07-31,54055,2025073101047435,NICA,Himalayan Brokerage Company Limited,Dipshikha Dhitopatra Karobar Co. Pvt Ltd.,229,393.9,90203.1,2025-07-31 13:58:00.026670
2025-07-31,54054,2025073101047436,NICA,Himalayan Brokerage Company Limited,Nepal Investment And Securities Trading Private Limited,871,394.0,343174.0,2025-07-31 13:58:00.026848
2025-07-31,53979,2025073101047462,NICA,ABC Securities Private Limited,Nepal Stock House (PVT) Ltd.,50,391.3,19565.0,2025-07-31 13:58:12.714043
2025-07-31,53978,2025073101047463,NICA,Naasa Securities Co. Ltd.,Nepal Stock House (PVT) Ltd.,400,391.3,156520.0,2025-07-31 13:58:12.714401
2025-07-31,53770,2025073101047540,NICA,Linch Stock Market Ltd.,Sani Securities Company Ltd.,2,385.0,770.0,2025-07-31 13:58:41.528493
2025-07-31,53293,2025073101047697,NICA,Sajilo Broker Limited,Sani Securities Company Ltd.,200,392.0,78400.0,2025-07-31 13:59:49.573700
2025-07-31,53134,2025073101047746,NICA,Sri Hari Securities Pvt. Ltd.,Sani Securities Company Ltd.,126,392.0,49392.0,2025-07-31 14:00:08.149089
2025-07-31,52906,2025073101047820,NICA,Sri Hari Securities Pvt. Ltd.,Imperial Securities Company Pvt. Ltd.,25,392.0,9800.0,2025-07-31 14:00:38.049117
2025-07-31,52708,2025073101047903,NICA,Sri Hari Securities Pvt. Ltd.,Sani Securities Company Ltd.,300,392.0,117600.0,2025-07-31 14:01:00.495589
2025-07-31,52514,2025073101047970,NICA,Sri Hari Securities Pvt. Ltd.,Sani Securities Company Ltd.,1500,392.0,588000.0,2025-07-31 14:01:22.824185
2025-07-31,51262,2025073101048363,NICA,Kohinoor Investment & Securities Pvt. Ltd.,Nepal Investment And Securities Trading Private Limited,10,394.0,3940.0,2025-07-31 14:03:57.473757
2025-07-31,51060,2025073101048433,NICA,Sri Hari Securities Pvt. Ltd.,Magnet Securities and Investment Company Private Limited,10,392.0,3920.0,2025-07-31 14:04:25.900747
2025-07-31,50148,2025073101048703,NICA,Sri Hari Securities Pvt. Ltd.,Sani Securities Company Ltd.,35,392.0,13720.0,2025-07-31 14:06:27.210693
2025-07-31,50112,2025073101048714,NICA,Naasa Securities Co. Ltd.,Nepal Investment And Securities Trading Private Limited,10,394.0,3940.0,2025-07-31 14:06:34.562566
2025-07-31,49467,2025073101048936,NICA,Bhrikuti Stock Broking Co. Pvt. Ltd.,Nepal Investment And Securities Trading Private Limited,89,394.0,35066.0,2025-07-31 14:08:01.994580
2025-07-31,48995,2025073101049108,NICA,Imperial Securities Company Pvt. Ltd.,Online Securities Pvt. Ltd.,50,395.4,19770.0,2025-07-31 14:09:02.354408
2025-07-31,48828,2025073101049160,NICA,Aryatara Investment & Securities,Sani Securities Company Ltd.,10,395.0,3950.0,2025-07-31 14:09:21.351423
2025-07-31,48796,2025073101049165,NICA,Bhrikuti Stock Broking Co. Pvt. Ltd.,Nabil Stock Dealer Ltd.,185,394.0,72890.0,2025-07-31 14:09:25.912556
2025-07-31,48280,2025073101049333,NICA,Naasa Securities Co. Ltd.,Online Securities Pvt. Ltd.,10,395.4,3954.0,2025-07-31 14:10:46.912235
2025-07-31,46248,2025073101050169,NICA,Premier Securities Company Ltd.,Linch Stock Market Ltd.,100,395.0,39500.0,2025-07-31 14:15:09.445130
2025-07-31,46147,2025073101050207,NICA,Premier Securities Company Ltd.,Bhrikuti Stock Broking Co. Pvt. Ltd.,165,395.0,65175.0,2025-07-31 14:15:23.347547
2025-07-31,45793,2025073101050311,NICA,Sri Hari Securities Pvt. Ltd.,Online Securities Pvt. Ltd.,14,395.4,5535.6,2025-07-31 14:16:02.384635
2025-07-31,45547,2025073101050381,NICA,Premier Securities Company Ltd.,Premier Securities Company Ltd.,25,395.0,9875.0,2025-07-31 14:16:37.917148
2025-07-31,45252,2025073101050480,NICA,Premier Securities Company Ltd.,Capital Hub P. Ltd,10,395.0,3950.0,2025-07-31 14:17:05.593494
2025-07-31,45251,2025073101050481,NICA,Bhrikuti Stock Broking Co. Pvt. Ltd.,Capital Hub P. Ltd,346,394.0,136324.0,2025-07-31 14:17:05.593893
2025-07-31,45250,2025073101050482,NICA,Kohinoor Investment & Securities Pvt. Ltd.,Capital Hub P. Ltd,490,394.0,193060.0,2025-07-31 14:17:05.594079
2025-07-31,44588,2025073101050674,NICA,Kohinoor Investment & Securities Pvt. Ltd.,Online Securities Pvt. Ltd.,226,395.4,89360.4,2025-07-31 14:18:22.454111
2025-07-31,44587,2025073101050675,NICA,Kohinoor Investment & Securities Pvt. Ltd.,Nepal Stock House (PVT) Ltd.,100,395.4,39540.0,2025-07-31 14:18:22.454878
2025-07-31,44586,2025073101050676,NICA,Kohinoor Investment & Securities Pvt. Ltd.,Thrive Brokerage House Pvt. Ltd,300,395.8,118740.0,2025-07-31 14:18:22.455615
2025-07-31,43664,2025073101050924,NICA,Sweta Securities Private Limited,Ashutosh Brokerage & Securities (PVT) Ltd.,100,395.0,39500.0,2025-07-31 14:20:23.248363
2025-07-31,43349,2025073101051033,NICA,Kohinoor Investment & Securities Pvt. Ltd.,Infinity Securities Limited,10,394.0,3940.0,2025-07-31 14:21:05.724962
2025-07-31,43348,2025073101051034,NICA,Sani Securities Company Ltd.,Infinity Securities Limited,20,393.1,7862.0,2025-07-31 14:21:05.725321
2025-07-31,43347,2025073101051035,NICA,Sani Securities Company Ltd.,Infinity Securities Limited,420,393.0,165060.0,2025-07-31 14:21:05.725477
2025-07-31,43125,2025073101051108,NICA,Aryatara Investment & Securities,Ashutosh Brokerage & Securities (PVT) Ltd.,25,395.0,9875.0,2025-07-31 14:21:31.022112
2025-07-31,43123,2025073101051109,NICA,Sani Securities Company Ltd.,Vision Securities Pvt. Ltd,200,393.0,78600.0,2025-07-31 14:21:31.099985
2025-07-31,42185,2025073101051353,NICA,Naasa Securities Co. Ltd.,Ashutosh Brokerage & Securities (PVT) Ltd.,12,395.0,4740.0,2025-07-31 14:23:06.060666
2025-07-31,41300,2025073101051767,NICA,Nepal Stock House (PVT) Ltd.,Ashutosh Brokerage & Securities (PVT) Ltd.,13,395.0,5135.0,2025-07-31 14:24:20.609208
2025-07-31,41299,2025073101051768,NICA,Nepal Stock House (PVT) Ltd.,Trishakti Securities Public Limited,87,395.0,34365.0,2025-07-31 14:24:20.609558
2025-07-31,40547,2025073101052051,NICA,KALASH STOCK MARKET PVT. LTD.,Infinity Securities Limited,100,394.9,39490.0,2025-07-31 14:25:36.838154
2025-07-31,40546,2025073101052052,NICA,KALASH STOCK MARKET PVT. LTD.,Trishakti Securities Public Limited,113,395.0,44635.0,2025-07-31 14:25:36.838515
2025-07-31,40545,2025073101052053,NICA,KALASH STOCK MARKET PVT. LTD.,Sundhara Securities Limited,39,395.0,15405.0,2025-07-31 14:25:36.838669
2025-07-31,39809,2025073101052301,NICA,Sani Securities Company Ltd.,Dipshikha Dhitopatra Karobar Co. Pvt Ltd.,80,393.0,31440.0,2025-07-31 14:26:46.239431
2025-07-31,39486,2025073101052408,NICA,Sani Securities Company Ltd.,Secured Securities Ltd.,37,393.0,14541.0,2025-07-31 14:27:12.118488
2025-07-31,39374,2025073101052452,NICA,Sani Securities Company Ltd.,Nepal Stock House (PVT) Ltd.,263,393.0,103359.0,2025-07-31 14:27:22.767736
2025-07-31,39373,2025073101052453,NICA,Sri Hari Securities Pvt. Ltd.,Nepal Stock House (PVT) Ltd.,80,393.0,31440.0,2025-07-31 14:27:22.768108
2025-07-31,39372,2025073101052454,NICA,Hatemalo Financial Services Private Limited,Nepal Stock House (PVT) Ltd.,250,393.0,98250.0,2025-07-31 14:27:22.768257
2025-07-31,39371,2025073101052455,NICA,Naasa Securities Co. Ltd.,Nepal Stock House (PVT) Ltd.,200,393.0,78600.0,2025-07-31 14:27:22.768401
2025-07-31,39370,2025073101052456,NICA,ABC Securities Private Limited,Nepal Stock House (PVT) Ltd.,39,392.0,15288.0,2025-07-31 14:27:22.768542
2025-07-31,39369,2025073101052457,NICA,Trishakti Securities Public Limited,Nepal Stock House (PVT) Ltd.,10,392.0,3920.0,2025-07-31 14:27:22.768683
2025-07-31,39368,2025073101052458,NICA,Linch Stock Market Ltd.,Nepal Stock House (PVT) Ltd.,30,392.0,11760.0,2025-07-31 14:27:22.768828
2025-07-31,39367,2025073101052459,NICA,Sani Securities Company Ltd.,Nepal Stock House (PVT) Ltd.,51,392.0,19992.0,2025-07-31 14:27:22.768963
2025-07-31,39366,2025073101052460,NICA,Naasa Securities Co. Ltd.,Nepal Stock House (PVT) Ltd.,77,392.0,30184.0,2025-07-31 14:27:22.769110
2025-07-31,37136,2025073101053149,NICA,Naasa Securities Co. Ltd.,Primo Securities (PVT) Ltd.,23,392.0,9016.0,2025-07-31 14:30:42.180976
2025-07-31,37135,2025073101053150,NICA,Sumeru Securities Pvt. Ltd.,Primo Securities (PVT) Ltd.,200,392.0,78400.0,2025-07-31 14:30:42.181354
2025-07-31,36665,2025073101053299,NICA,South Asian Bulls Pvt. Ltd.,Vision Securities Pvt. Ltd,50,391.2,19560.0,2025-07-31 14:31:27.148503
2025-07-31,36664,2025073101053300,NICA,Capital Max Securities Ltd,Vision Securities Pvt. Ltd,350,391.2,136920.0,2025-07-31 14:31:27.148866
2025-07-31,35629,2025073101053705,NICA,Dynamic Money Managers Securities Pvt. Ltd.,Nepal Stock House (PVT) Ltd.,200,391.3,78260.0,2025-07-31 14:32:53.846353
2025-07-31,35628,2025073101053706,NICA,Capital Max Securities Ltd,Nepal Stock House (PVT) Ltd.,150,391.2,58680.0,2025-07-31 14:32:53.847045
2025-07-31,35627,2025073101053707,NICA,Aryatara Investment & Securities,Nepal Stock House (PVT) Ltd.,650,391.2,254280.0,2025-07-31 14:32:53.847491
2025-07-31,35209,2025073101053881,NICA,Capital Hub P. Ltd,Kohinoor Investment & Securities Pvt. Ltd.,64,391.3,25043.2,2025-07-31 14:33:23.863237
2025-07-31,34817,2025073101053997,NICA,Capital Hub P. Ltd,ABC Securities Private Limited,136,391.3,53216.8,2025-07-31 14:33:48.949328
2025-07-31,34816,2025073101053998,NICA,Aryatara Investment & Securities,ABC Securities Private Limited,550,391.2,215160.0,2025-07-31 14:33:48.949694
2025-07-31,34815,2025073101053999,NICA,Aakashbhairab Securities Ltd.,ABC Securities Private Limited,200,391.1,78220.0,2025-07-31 14:33:48.950000
2025-07-31,34814,2025073101054000,NICA,Secured Securities Ltd.,ABC Securities Private Limited,152,391.0,59432.0,2025-07-31 14:33:48.950263
2025-07-31,34813,2025073101054001,NICA,Imperial Securities Company Pvt. Ltd.,ABC Securities Private Limited,162,391.0,63342.0,2025-07-31 14:33:48.950500
2025-07-31,33053,2025073101054583,NICA,Imperial Securities Company Pvt. Ltd.,Kumari Securities Private Limited,38,391.0,14858.0,2025-07-31 14:35:44.649685
2025-07-31,33052,2025073101054584,NICA,Midas Stock Broking Company Private Limited,Kumari Securities Private Limited,62,391.0,24242.0,2025-07-31 14:35:44.650053
2025-07-31,32792,2025073101054645,NICA,Midas Stock Broking Company Private Limited,Aryatara Investment & Securities,38,391.0,14858.0,2025-07-31 14:36:06.529326
2025-07-31,32791,2025073101054646,NICA,Kohinoor Investment & Securities Pvt. Ltd.,Aryatara Investment & Securities,100,391.0,39100.0,2025-07-31 14:36:06.529695
2025-07-31,32790,2025073101054647,NICA,Aryatara Investment & Securities,Aryatara Investment & Securities,78,391.0,30498.0,2025-07-31 14:36:06.529859
2025-07-31,32766,2025073101054658,NICA,Kumari Securities Private Limited,Aryatara Investment & Securities,100,391.0,39100.0,2025-07-31 14:36:08.777290
2025-07-31,32565,2025073101054714,NICA,Oxford Securities Pvt. Ltd.,Aryatara Investment & Securities,184,391.0,71944.0,2025-07-31 14:36:22.120690
2025-07-31,32430,2025073101054793,NICA,Oxford Securities Pvt. Ltd.,Dipshikha Dhitopatra Karobar Co. Pvt Ltd.,316,391.2,123619.2,2025-07-31 14:36:30.811210
2025-07-31,32429,2025073101054794,NICA,Siprabi Securities Pvt. Ltd.,Dipshikha Dhitopatra Karobar Co. Pvt Ltd.,50,390.7,19535.0,2025-07-31 14:36:30.811580
2025-07-31,32428,2025073101054795,NICA,Nepal Stock House (PVT) Ltd.,Dipshikha Dhitopatra Karobar Co. Pvt Ltd.,50,390.7,19535.0,2025-07-31 14:36:30.811730
2025-07-31,32427,2025073101054796,NICA,Premier Securities Company Ltd.,Dipshikha Dhitopatra Karobar Co. Pvt Ltd.,1000,390.4,390400.0,2025-07-31 14:36:30.811874
2025-07-31,32426,2025073101054797,NICA,ABC Securities Private Limited,Dipshikha Dhitopatra Karobar Co. Pvt Ltd.,50,390.3,19515.0,2025-07-31 14:36:30.812018
2025-07-31,32425,2025073101054798,NICA,ABC Securities Private Limited,Dipshikha Dhitopatra Karobar Co. Pvt Ltd.,10,390.2,3902.0,2025-07-31 14:36:30.812171
2025-07-31,32424,2025073101054799,NICA,Sweta Securities Private Limited,Dipshikha Dhitopatra Karobar Co. Pvt Ltd.,100,390.0,39000.0,2025-07-31 14:36:30.812328
2025-07-31,32423,2025073101054800,NICA,Imperial Securities Company Pvt. Ltd.,Dipshikha Dhitopatra Karobar Co. Pvt Ltd.,1000,390.0,390000.0,2025-07-31 14:36:30.812467
2025-07-31,32422,2025073101054801,NICA,Deevyaa Securities & Stock House Pvt. Ltd,Dipshikha Dhitopatra Karobar Co. Pvt Ltd.,250,390.0,97500.0,2025-07-31 14:36:30.812628
2025-07-31,32421,2025073101054802,NICA,Dakshinkali Investment & Securities Pvt. Ltd.,Dipshikha Dhitopatra Karobar Co. Pvt Ltd.,300,390.0,117000.0,2025-07-31 14:36:30.812767
2025-07-31,32420,2025073101054803,NICA,Thrive Brokerage House Pvt. Ltd,Dipshikha Dhitopatra Karobar Co. Pvt Ltd.,100,390.0,39000.0,2025-07-31 14:36:30.812906
2025-07-31,32419,2025073101054804,NICA,Creative Securities Pvt Ltd,Dipshikha Dhitopatra Karobar Co. Pvt Ltd.,50,390.0,19500.0,2025-07-31 14:36:30.813050
2025-07-31,32418,2025073101054805,NICA,Nepal Investment And Securities Trading Private Limited,Dipshikha Dhitopatra Karobar Co. Pvt Ltd.,10,390.0,3900.0,2025-07-31 14:36:30.813183
2025-07-31,32417,2025073101054806,NICA,Malla & Malla Stock Broking Company Pvt. Limited,Dipshikha Dhitopatra Karobar Co. Pvt Ltd.,50,390.0,19500.0,2025-07-31 14:36:30.813316
2025-07-31,32416,2025073101054807,NICA,Premier Securities Company Ltd.,Dipshikha Dhitopatra Karobar Co. Pvt Ltd.,50,390.0,19500.0,2025-07-31 14:36:30.813452
2025-07-31,32415,2025073101054808,NICA,Deevyaa Securities & Stock House Pvt. Ltd,Dipshikha Dhitopatra Karobar Co. Pvt Ltd.,100,390.0,39000.0,2025-07-31 14:36:30.813587
2025-07-31,32414,2025073101054809,NICA,Midas Stock Broking Company Private Limited,Dipshikha Dhitopatra Karobar Co. Pvt Ltd.,300,390.0,117000.0,2025-07-31 14:36:30.813722
2025-07-31,32413,2025073101054810,NICA,Trishakti Securities Public Limited,Dipshikha Dhitopatra Karobar Co. Pvt Ltd.,50,390.0,19500.0,2025-07-31 14:36:30.813871
2025-07-31,32412,2025073101054811,NICA,Online Securities Pvt. Ltd.,Dipshikha Dhitopatra Karobar Co. Pvt Ltd.,50,390.0,19500.0,2025-07-31 14:36:30.814009
2025-07-31,32411,2025073101054812,NICA,Sharepro Securities Private Limited,Dipshikha Dhitopatra Karobar Co. Pvt Ltd.,500,390.0,195000.0,2025-07-31 14:36:30.814163
2025-07-31,32410,2025073101054813,NICA,Linch Stock Market Ltd.,Dipshikha Dhitopatra Karobar Co. Pvt Ltd.,20,390.0,7800.0,2025-07-31 14:36:30.814295
2025-07-31,32409,2025073101054814,NICA,Naasa Securities Co. Ltd.,Dipshikha Dhitopatra Karobar Co. Pvt Ltd.,100,390.0,39000.0,2025-07-31 14:36:30.814425
2025-07-31,32408,2025073101054815,NICA,Market Securities & Exchange (PVT) Ltd.,Dipshikha Dhitopatra Karobar Co. Pvt Ltd.,494,390.0,192660.0,2025-07-31 14:36:30.814560
2025-07-31,32298,2025073101054855,NICA,Market Securities & Exchange (PVT) Ltd.,Naasa Securities Co. Ltd.,500,390.0,195000.0,2025-07-31 14:36:37.694143
2025-07-31,32142,2025073101054900,NICA,Oxford Securities Pvt. Ltd.,Nepal Stock House (PVT) Ltd.,50,390.0,19500.0,2025-07-31 14:36:52.790664
2025-07-31,32141,2025073101054901,NICA,Sajilo Broker Limited,Nepal Stock House (PVT) Ltd.,200,390.0,78000.0,2025-07-31 14:36:52.791322
2025-07-31,32140,2025073101054902,NICA,Dynamic Money Managers Securities Pvt. Ltd.,Nepal Stock House (PVT) Ltd.,20,390.0,7800.0,2025-07-31 14:36:52.791722
2025-07-31,32139,2025073101054903,NICA,Online Securities Pvt. Ltd.,Nepal Stock House (PVT) Ltd.,100,390.0,39000.0,2025-07-31 14:36:52.792126
2025-07-31,32138,2025073101054904,NICA,Kumari Securities Private Limited,Nepal Stock House (PVT) Ltd.,250,390.0,97500.0,2025-07-31 14:36:52.792516
2025-07-31,31848,2025073101055021,NICA,Primo Securities (PVT) Ltd.,Nepal Investment And Securities Trading Private Limited,40,391.0,15640.0,2025-07-31 14:37:13.254068
2025-07-31,31574,2025073101055114,NICA,Primo Securities (PVT) Ltd.,INDEX SECURITIES LIMITED,140,391.0,54740.0,2025-07-31 14:37:33.249775
2025-07-31,31573,2025073101055115,NICA,Linch Stock Market Ltd.,INDEX SECURITIES LIMITED,100,390.0,39000.0,2025-07-31 14:37:33.250109
2025-07-31,31572,2025073101055116,NICA,Sundhara Securities Limited,INDEX SECURITIES LIMITED,100,390.0,39000.0,2025-07-31 14:37:33.250247
2025-07-31,31571,2025073101055117,NICA,Capital Hub P. Ltd,INDEX SECURITIES LIMITED,200,390.0,78000.0,2025-07-31 14:37:33.250393
2025-07-31,31570,2025073101055118,NICA,Naasa Securities Co. Ltd.,INDEX SECURITIES LIMITED,100,390.0,39000.0,2025-07-31 14:37:33.250523
2025-07-31,31569,2025073101055119,NICA,Sani Securities Company Ltd.,INDEX SECURITIES LIMITED,100,390.0,39000.0,2025-07-31 14:37:33.250658
2025-07-31,31568,2025073101055120,NICA,Market Securities & Exchange (PVT) Ltd.,INDEX SECURITIES LIMITED,118,389.0,45902.0,2025-07-31 14:37:33.250791
2025-07-31,31567,2025073101055121,NICA,South Asian Bulls Pvt. Ltd.,INDEX SECURITIES LIMITED,100,389.0,38900.0,2025-07-31 14:37:33.250921
2025-07-31,31566,2025073101055122,NICA,Cristal Kanchanjanga Securites Pvt. Ltd.,INDEX SECURITIES LIMITED,30,389.0,11670.0,2025-07-31 14:37:33.251056
2025-07-31,31565,2025073101055123,NICA,Sri Hari Securities Pvt. Ltd.,INDEX SECURITIES LIMITED,1000,389.0,389000.0,2025-07-31 14:37:33.251190
2025-07-31,31564,2025073101055124,NICA,Sumeru Securities Pvt. Ltd.,INDEX SECURITIES LIMITED,100,389.0,38900.0,2025-07-31 14:37:33.251321
2025-07-31,31563,2025073101055125,NICA,Agrawal Securities (PVT) Ltd.,INDEX SECURITIES LIMITED,2000,388.9,777800.0,2025-07-31 14:37:33.251463
2025-07-31,31562,2025073101055126,NICA,Vision Securities Pvt. Ltd,INDEX SECURITIES LIMITED,90,388.6,34974.0,2025-07-31 14:37:33.251594
2025-07-31,31561,2025073101055127,NICA,South Asian Bulls Pvt. Ltd.,INDEX SECURITIES LIMITED,10,388.5,3885.0,2025-07-31 14:37:33.251735
2025-07-31,31560,2025073101055128,NICA,Kumari Securities Private Limited,INDEX SECURITIES LIMITED,100,388.4,38840.0,2025-07-31 14:37:33.251858
2025-07-31,31559,2025073101055129,NICA,Sumeru Securities Pvt. Ltd.,INDEX SECURITIES LIMITED,100,388.3,38830.0,2025-07-31 14:37:33.251988
2025-07-31,31558,2025073101055130,NICA,Vision Securities Pvt. Ltd,INDEX SECURITIES LIMITED,160,388.2,62112.0,2025-07-31 14:37:33.252124
2025-07-31,31557,2025073101055131,NICA,Aryatara Investment & Securities,INDEX SECURITIES LIMITED,180,388.1,69858.0,2025-07-31 14:37:33.252260
2025-07-31,31556,2025073101055132,NICA,Vision Securities Pvt. Ltd,INDEX SECURITIES LIMITED,200,388.1,77620.0,2025-07-31 14:37:33.252387
2025-07-31,31555,2025073101055133,NICA,Dipshikha Dhitopatra Karobar Co. Pvt Ltd.,INDEX SECURITIES LIMITED,500,388.1,194050.0,2025-07-31 14:37:33.252510
2025-07-31,31554,2025073101055134,NICA,Citizens Share Broker Limited,INDEX SECURITIES LIMITED,100,388.0,38800.0,2025-07-31 14:37:33.252637
2025-07-31,31553,2025073101055135,NICA,Citizens Share Broker Limited,INDEX SECURITIES LIMITED,150,388.0,58200.0,2025-07-31 14:37:33.252763
2025-07-31,31552,2025073101055136,NICA,Online Securities Pvt. Ltd.,INDEX SECURITIES LIMITED,250,388.0,97000.0,2025-07-31 14:37:33.252891
2025-07-31,31551,2025073101055137,NICA,Trishakti Securities Public Limited,INDEX SECURITIES LIMITED,99,388.0,38412.0,2025-07-31 14:37:33.253012
2025-07-31,31550,2025073101055138,NICA,Sani Securities Company Ltd.,INDEX SECURITIES LIMITED,200,388.0,77600.0,2025-07-31 14:37:33.253142
2025-07-31,31549,2025073101055139,NICA,Nepal Stock House (PVT) Ltd.,INDEX SECURITIES LIMITED,50,388.0,19400.0,2025-07-31 14:37:33.253263
2025-07-31,31548,2025073101055140,NICA,Premier Securities Company Ltd.,INDEX SECURITIES LIMITED,50,388.0,19400.0,2025-07-31 14:37:33.253382
2025-07-31,31547,2025073101055141,NICA,Shree Krishna Securities Ltd.,INDEX SECURITIES LIMITED,520,388.0,201760.0,2025-07-31 14:37:33.253506
2025-07-31,31546,2025073101055142,NICA,Sri Hari Securities Pvt. Ltd.,INDEX SECURITIES LIMITED,55,388.0,21340.0,2025-07-31 14:37:33.253626
2025-07-31,31545,2025073101055143,NICA,Agrawal Securities (PVT) Ltd.,INDEX SECURITIES LIMITED,30,388.0,11640.0,2025-07-31 14:37:33.253748
2025-07-31,31544,2025073101055144,NICA,Ashutosh Brokerage & Securities (PVT) Ltd.,INDEX SECURITIES LIMITED,68,388.0,26384.0,2025-07-31 14:37:33.253867
2025-07-31,31479,2025073101055175,NICA,Investment Management Nepal Pvt. Ltd.,Secured Securities Ltd.,10,392.0,3920.0,2025-07-31 14:37:38.867496
2025-07-31,29773,2025073101055661,NICA,Sri Hari Securities Pvt. Ltd.,Bhrikuti Stock Broking Co. Pvt. Ltd.,175,390.0,68250.0,2025-07-31 14:39:58.995246
2025-07-31,29769,2025073101055662,NICA,J.F. Securites (PVT) Ltd.,Bhrikuti Stock Broking Co. Pvt. Ltd.,20,390.0,7800.0,2025-07-31 14:39:59.259519
2025-07-31,29592,2025073101055713,NICA,Trishakti Securities Public Limited,Bhrikuti Stock Broking Co. Pvt. Ltd.,22,390.0,8580.0,2025-07-31 14:40:12.883232
2025-07-31,29497,2025073101055750,NICA,Bhrikuti Stock Broking Co. Pvt. Ltd.,Bhrikuti Stock Broking Co. Pvt. Ltd.,83,390.0,32370.0,2025-07-31 14:40:21.224338
2025-07-31,29244,2025073101055862,NICA,Bhrikuti Stock Broking Co. Pvt. Ltd.,Capital Max Securities Ltd,317,390.0,123630.0,2025-07-31 14:40:45.989469
2025-07-31,29243,2025073101055863,NICA,Naasa Securities Co. Ltd.,Capital Max Securities Ltd,24,389.1,9338.4,2025-07-31 14:40:45.989514
2025-07-31,29242,2025073101055864,NICA,J.F. Securites (PVT) Ltd.,Capital Max Securities Ltd,20,389.1,7782.0,2025-07-31 14:40:45.989542
2025-07-31,29241,2025073101055865,NICA,Midas Stock Broking Company Private Limited,Capital Max Securities Ltd,639,389.1,248634.9,2025-07-31 14:40:45.989567
2025-07-31,27919,2025073101056354,NICA,Linch Stock Market Ltd.,Online Securities Pvt. Ltd.,1,385.0,385.0,2025-07-31 14:42:33.421561
2025-07-31,27693,2025073101056400,NICA,Aryatara Investment & Securities,INDEX SECURITIES LIMITED,100,390.0,39000.0,2025-07-31 14:42:47.732875
2025-07-31,27692,2025073101056401,NICA,Imperial Securities Company Pvt. Ltd.,INDEX SECURITIES LIMITED,900,390.0,351000.0,2025-07-31 14:42:47.733220
2025-07-31,26332,2025073101056807,NICA,Vision Securities Pvt. Ltd,Imperial Securities Company Pvt. Ltd.,10,391.9,3919.0,2025-07-31 14:44:22.588581
2025-07-31,25701,2025073101056949,NICA,Linch Stock Market Ltd.,Sani Securities Company Ltd.,1,388.0,388.0,2025-07-31 14:44:56.586881
2025-07-31,25598,2025073101056975,NICA,Vision Securities Pvt. Ltd,Imperial Securities Company Pvt. Ltd.,10,391.9,3919.0,2025-07-31 14:45:01.377826
2025-07-31,25406,2025073101057023,NICA,Imperial Securities Company Pvt. Ltd.,Nabil Stock Dealer Ltd.,100,390.0,39000.0,2025-07-31 14:45:13.073574
2025-07-31,25405,2025073101057024,NICA,Siprabi Securities Pvt. Ltd.,Nabil Stock Dealer Ltd.,44,390.0,17160.0,2025-07-31 14:45:13.074181
2025-07-31,25045,2025073101057115,NICA,Primo Securities (PVT) Ltd.,Capital Max Securities Ltd,500,389.2,194600.0,2025-07-31 14:45:32.379307
2025-07-31,24901,2025073101057148,NICA,Primo Securities (PVT) Ltd.,Nabil Stock Dealer Ltd.,60,389.2,23352.0,2025-07-31 14:45:41.129451
2025-07-31,24900,2025073101057149,NICA,Midas Stock Broking Company Private Limited,Nabil Stock Dealer Ltd.,356,389.1,138519.6,2025-07-31 14:45:41.129776
2025-07-31,24899,2025073101057150,NICA,Midas Stock Broking Company Private Limited,Nabil Stock Dealer Ltd.,440,389.1,171204.0,2025-07-31 14:45:41.129908
2025-07-31,24676,2025073101057260,NICA,South Asian Bulls Pvt. Ltd.,Imperial Securities Company Pvt. Ltd.,80,391.9,31352.0,2025-07-31 14:45:53.230444
2025-07-31,24384,2025073101057403,NICA,South Asian Bulls Pvt. Ltd.,Secured Securities Ltd.,70,392.0,27440.0,2025-07-31 14:46:05.484717
2025-07-31,22317,2025073101057989,NICA,South Asian Bulls Pvt. Ltd.,Investment Management Nepal Pvt. Ltd.,350,389.2,136220.0,2025-07-31 14:47:43.751329
2025-07-31,22316,2025073101057990,NICA,Naasa Securities Co. Ltd.,Investment Management Nepal Pvt. Ltd.,477,389.2,185648.4,2025-07-31 14:47:43.751636
2025-07-31,22315,2025073101057991,NICA,Midas Stock Broking Company Private Limited,Investment Management Nepal Pvt. Ltd.,555,389.1,215950.5,2025-07-31 14:47:43.751773
2025-07-31,22314,2025073101057992,NICA,Midas Stock Broking Company Private Limited,Investment Management Nepal Pvt. Ltd.,995,389.1,387154.5,2025-07-31 14:47:43.751905
2025-07-31,22313,2025073101057993,NICA,Midas Stock Broking Company Private Limited,Investment Management Nepal Pvt. Ltd.,995,389.1,387154.5,2025-07-31 14:47:43.752044
2025-07-31,22312,2025073101057994,NICA,Midas Stock Broking Company Private Limited,Investment Management Nepal Pvt. Ltd.,595,389.1,231514.5,2025-07-31 14:47:43.752177
2025-07-31,22311,2025073101057995,NICA,Dynamic Money Managers Securities Pvt. Ltd.,Investment Management Nepal Pvt. Ltd.,10,389.1,3891.0,2025-07-31 14:47:43.752311
2025-07-31,22310,2025073101057996,NICA,J.F. Securites (PVT) Ltd.,Investment Management Nepal Pvt. Ltd.,50,389.0,19450.0,2025-07-31 14:47:43.752464
2025-07-31,22309,2025073101057997,NICA,Imperial Securities Company Pvt. Ltd.,Investment Management Nepal Pvt. Ltd.,15,389.0,5835.0,2025-07-31 14:47:43.752599
2025-07-31,22308,2025073101057998,NICA,Vision Securities Pvt. Ltd,Investment Management Nepal Pvt. Ltd.,100,389.0,38900.0,2025-07-31 14:47:43.752726
2025-07-31,22307,2025073101057999,NICA,Imperial Securities Company Pvt. Ltd.,Investment Management Nepal Pvt. Ltd.,50,389.0,19450.0,2025-07-31 14:47:43.752856
2025-07-31,22306,2025073101058000,NICA,Vision Securities Pvt. Ltd,Investment Management Nepal Pvt. Ltd.,100,388.2,38820.0,2025-07-31 14:47:43.752985
2025-07-31,22305,2025073101058001,NICA,ABC Securities Private Limited,Investment Management Nepal Pvt. Ltd.,50,388.2,19410.0,2025-07-31 14:47:43.753117
2025-07-31,22304,2025073101058002,NICA,Thrive Brokerage House Pvt. Ltd,Investment Management Nepal Pvt. Ltd.,200,388.2,77640.0,2025-07-31 14:47:43.753268
2025-07-31,22303,2025073101058003,NICA,Investment Management Nepal Pvt. Ltd.,Investment Management Nepal Pvt. Ltd.,1000,388.1,388100.0,2025-07-31 14:47:43.753400
2025-07-31,22302,2025073101058004,NICA,Cristal Kanchanjanga Securites Pvt. Ltd.,Investment Management Nepal Pvt. Ltd.,4000,388.1,1552400.0,2025-07-31 14:47:43.753523
2025-07-31,22301,2025073101058005,NICA,Ashutosh Brokerage & Securities (PVT) Ltd.,Investment Management Nepal Pvt. Ltd.,132,388.0,51216.0,2025-07-31 14:47:43.753650
2025-07-31,22300,2025073101058006,NICA,Naasa Securities Co. Ltd.,Investment Management Nepal Pvt. Ltd.,10,388.0,3880.0,2025-07-31 14:47:43.753775
2025-07-31,22299,2025073101058007,NICA,Online Securities Pvt. Ltd.,Investment Management Nepal Pvt. Ltd.,50,388.0,19400.0,2025-07-31 14:47:43.753899
2025-07-31,22298,2025073101058008,NICA,Market Securities & Exchange (PVT) Ltd.,Investment Management Nepal Pvt. Ltd.,50,388.0,19400.0,2025-07-31 14:47:43.754018
2025-07-31,22297,2025073101058009,NICA,Kohinoor Investment & Securities Pvt. Ltd.,Investment Management Nepal Pvt. Ltd.,100,388.0,38800.0,2025-07-31 14:47:43.754140
2025-07-31,22296,2025073101058010,NICA,Vision Securities Pvt. Ltd,Investment Management Nepal Pvt. Ltd.,116,388.0,45008.0,2025-07-31 14:47:43.754275
2025-07-31,20739,2025073101058438,NICA,Online Securities Pvt. Ltd.,Online Securities Pvt. Ltd.,20,390.0,7800.0,2025-07-31 14:48:54.357371
2025-07-31,20478,2025073101058511,NICA,Linch Stock Market Ltd.,Sani Securities Company Ltd.,1,385.0,385.0,2025-07-31 14:49:02.993395
2025-07-31,20371,2025073101058554,NICA,Investment Management Nepal Pvt. Ltd.,Secured Securities Ltd.,10,391.0,3910.0,2025-07-31 14:49:08.401325
2025-07-31,17149,2025073101059567,NICA,Sani Securities Company Ltd.,Ashutosh Brokerage & Securities (PVT) Ltd.,20,390.0,7800.0,2025-07-31 14:51:21.024147
2025-07-31,16382,2025073101059802,NICA,J.F. Securites (PVT) Ltd.,Kumari Securities Private Limited,10,388.3,3883.0,2025-07-31 14:51:51.109303
2025-07-31,16381,2025073101059803,NICA,Naasa Securities Co. Ltd.,Kumari Securities Private Limited,250,388.2,97050.0,2025-07-31 14:51:51.109540
2025-07-31,16380,2025073101059804,NICA,Vision Securities Pvt. Ltd,Kumari Securities Private Limited,284,388.0,110192.0,2025-07-31 14:51:51.109668
2025-07-31,16379,2025073101059805,NICA,Swarna Laxmi Securities Pvt. Ltd.,Kumari Securities Private Limited,235,388.0,91180.0,2025-07-31 14:51:51.109792
2025-07-31,16349,2025073101059819,NICA,Swarna Laxmi Securities Pvt. Ltd.,Dipshikha Dhitopatra Karobar Co. Pvt Ltd.,20,388.0,7760.0,2025-07-31 14:51:53.373328
2025-07-31,16348,2025073101059820,NICA,Aryatara Investment & Securities,Dipshikha Dhitopatra Karobar Co. Pvt Ltd.,20,388.0,7760.0,2025-07-31 14:51:53.373927
2025-07-31,16347,2025073101059821,NICA,Vision Securities Pvt. Ltd,Dipshikha Dhitopatra Karobar Co. Pvt Ltd.,300,388.0,116400.0,2025-07-31 14:51:53.374327
2025-07-31,16346,2025073101059822,NICA,Dynamic Money Managers Securities Pvt. Ltd.,Dipshikha Dhitopatra Karobar Co. Pvt Ltd.,50,388.0,19400.0,2025-07-31 14:51:53.374713
2025-07-31,16345,2025073101059823,NICA,Naasa Securities Co. Ltd.,Dipshikha Dhitopatra Karobar Co. Pvt Ltd.,100,388.0,38800.0,2025-07-31 14:51:53.375110
2025-07-31,16344,2025073101059824,NICA,Capital Hub P. Ltd,Dipshikha Dhitopatra Karobar Co. Pvt Ltd.,100,388.0,38800.0,2025-07-31 14:51:53.375496
2025-07-31,16343,2025073101059825,NICA,Sani Securities Company Ltd.,Dipshikha Dhitopatra Karobar Co. Pvt Ltd.,25,388.0,9700.0,2025-07-31 14:51:53.375873
2025-07-31,16342,2025073101059826,NICA,Sani Securities Company Ltd.,Dipshikha Dhitopatra Karobar Co. Pvt Ltd.,10,388.0,3880.0,2025-07-31 14:51:53.376262
2025-07-31,16341,2025073101059827,NICA,South Asian Bulls Pvt. Ltd.,Dipshikha Dhitopatra Karobar Co. Pvt Ltd.,250,388.0,97000.0,2025-07-31 14:51:53.376643
2025-07-31,16074,2025073101059904,NICA,South Asian Bulls Pvt. Ltd.,Market Securities & Exchange (PVT) Ltd.,200,387.9,77580.0,2025-07-31 14:52:05.176774
2025-07-31,15133,2025073101060169,NICA,Cristal Kanchanjanga Securites Pvt. Ltd.,Dipshikha Dhitopatra Karobar Co. Pvt Ltd.,481,388.0,186628.0,2025-07-31 14:52:39.615291
2025-07-31,14380,2025073101060363,NICA,South Asian Bulls Pvt. Ltd.,Nepal Investment And Securities Trading Private Limited,87,387.9,33747.3,2025-07-31 14:53:07.230387
2025-07-31,14333,2025073101060383,NICA,Investment Management Nepal Pvt. Ltd.,Secured Securities Ltd.,10,389.0,3890.0,2025-07-31 14:53:09.677859
2025-07-31,13552,2025073101060603,NICA,South Asian Bulls Pvt. Ltd.,Market Securities & Exchange (PVT) Ltd.,62,387.9,24049.8,2025-07-31 14:53:37.745094
2025-07-31,13312,2025073101060664,NICA,Sani Securities Company Ltd.,Kumari Securities Private Limited,52,388.0,20176.0,2025-07-31 14:53:47.159238
2025-07-31,13034,2025073101060762,NICA,Asian Securities Private Ltd.,Kumari Securities Private Limited,26,388.0,10088.0,2025-07-31 14:53:59.542512
2025-07-31,13033,2025073101060763,NICA,Asian Securities Private Ltd.,Secured Securities Ltd.,154,388.0,59752.0,2025-07-31 14:53:59.542812
2025-07-31,11909,2025073101061066,NICA,South Asian Bulls Pvt. Ltd.,Bhrikuti Stock Broking Co. Pvt. Ltd.,100,387.9,38790.0,2025-07-31 14:54:41.116379
2025-07-31,11749,2025073101061112,NICA,South Asian Bulls Pvt. Ltd.,South Asian Bulls Pvt. Ltd.,50,387.9,19395.0,2025-07-31 14:54:49.303627
2025-07-31,11327,2025073101061237,NICA,Sweta Securities Private Limited,Midas Stock Broking Company Private Limited,10,387.8,3878.0,2025-07-31 14:55:04.402864
2025-07-31,11326,2025073101061238,NICA,Premier Securities Company Ltd.,Midas Stock Broking Company Private Limited,398,387.7,154304.6,2025-07-31 14:55:04.403691
2025-07-31,11325,2025073101061239,NICA,South Asian Bulls Pvt. Ltd.,Midas Stock Broking Company Private Limited,50,387.7,19385.0,2025-07-31 14:55:04.404340
2025-07-31,11324,2025073101061240,NICA,South Asian Bulls Pvt. Ltd.,Midas Stock Broking Company Private Limited,52,387.7,20160.4,2025-07-31 14:55:04.404918
2025-07-31,11323,2025073101061241,NICA,Online Securities Pvt. Ltd.,Midas Stock Broking Company Private Limited,490,387.6,189924.0,2025-07-31 14:55:04.405436
2025-07-31,11282,2025073101061253,NICA,Malla & Malla Stock Broking Company Pvt. Limited,Secured Securities Ltd.,15,388.0,5820.0,2025-07-31 14:55:06.179114
2025-07-31,10869,2025073101061383,NICA,Online Securities Pvt. Ltd.,South Asian Bulls Pvt. Ltd.,500,387.6,193800.0,2025-07-31 14:55:19.528751
2025-07-31,10425,2025073101061507,NICA,Online Securities Pvt. Ltd.,Secured Securities Ltd.,31,388.0,12028.0,2025-07-31 14:55:35.606261
2025-07-31,10424,2025073101061508,NICA,Online Securities Pvt. Ltd.,Kumari Securities Private Limited,211,388.0,81868.0,2025-07-31 14:55:35.606548
2025-07-31,10423,2025073101061509,NICA,Online Securities Pvt. Ltd.,Ashutosh Brokerage & Securities (PVT) Ltd.,130,388.0,50440.0,2025-07-31 14:55:35.606676
2025-07-31,10422,2025073101061510,NICA,Online Securities Pvt. Ltd.,J.F. Securites (PVT) Ltd.,128,388.0,49664.0,2025-07-31 14:55:35.606802
2025-07-31,10339,2025073101061535,NICA,Online Securities Pvt. Ltd.,Agrawal Securities (PVT) Ltd.,1000,387.6,387600.0,2025-07-31 14:55:39.045249
2025-07-31,10132,2025073101061616,NICA,Online Securities Pvt. Ltd.,Aryatara Investment & Securities,50,387.6,19380.0,2025-07-31 14:55:46.039978
2025-07-31,10120,2025073101061628,NICA,Bhrikuti Stock Broking Co. Pvt. Ltd.,J.F. Securites (PVT) Ltd.,12,388.0,4656.0,2025-07-31 14:55:46.328564
2025-07-31,10119,2025073101061629,NICA,Bhrikuti Stock Broking Co. Pvt. Ltd.,Kumari Securities Private Limited,28,388.0,10864.0,2025-07-31 14:55:46.328849
2025-07-31,9901,2025073101061696,NICA,Online Securities Pvt. Ltd.,Agrawal Securities (PVT) Ltd.,237,387.6,91861.2,2025-07-31 14:55:55.439248
2025-07-31,9900,2025073101061697,NICA,Sumeru Securities Pvt. Ltd.,Agrawal Securities (PVT) Ltd.,763,387.6,295738.8,2025-07-31 14:55:55.439801
