Date,S.N.,contract_id,symbol,buyer_broker,seller_broker,volume,price,amount,transaction_time
2025-07-31,167794,2025073101000150,NMB,KALASH STOCK MARKET PVT. LTD.,Asian Securities Private Ltd.,500,271.0,135500.0,2025-07-31 11:02:06.875432
2025-07-31,165976,2025073101000719,NMB,Sundhara Securities Limited,Opal Securities Investment (PVT) Ltd.,3000,269.0,807000.0,2025-07-31 11:05:34.404973
2025-07-31,164524,2025073101001196,NMB,KALASH STOCK MARKET PVT. LTD.,Investment Management Nepal Pvt. Ltd.,100,270.0,27000.0,2025-07-31 11:07:46.936685
2025-07-31,164227,2025073101001304,NMB,KALASH STOCK MARKET PVT. LTD.,Opal Securities Investment (PVT) Ltd.,400,270.0,108000.0,2025-07-31 11:08:17.191062
2025-07-31,163944,2025073101001408,NMB,Oxford Securities Pvt. Ltd.,MILKY WAY SHARE BROKER COMPANY LTD ,300,269.0,80700.0,2025-07-31 11:08:45.497092
2025-07-31,163586,2025073101001520,NMB,Capital Max Securities Ltd,MILKY WAY SHARE BROKER COMPANY LTD ,500,269.0,134500.0,2025-07-31 11:09:15.329779
2025-07-31,163225,2025073101001652,NMB,KALASH STOCK MARKET PVT. LTD.,Opal Securities Investment (PVT) Ltd.,200,268.0,53600.0,2025-07-31 11:09:47.611284
2025-07-31,162810,2025073101001779,NMB,KALASH STOCK MARKET PVT. LTD.,Imperial Securities Company Pvt. Ltd.,300,268.0,80400.0,2025-07-31 11:10:21.441373
2025-07-31,162809,2025073101001780,NMB,Dynamic Money Managers Securities Pvt. Ltd.,Imperial Securities Company Pvt. Ltd.,200,267.0,53400.0,2025-07-31 11:10:21.441453
2025-07-31,162808,2025073101001781,NMB,Sundhara Securities Limited,Imperial Securities Company Pvt. Ltd.,261,267.0,69687.0,2025-07-31 11:10:21.441522
2025-07-31,162756,2025073101001802,NMB,KALASH STOCK MARKET PVT. LTD.,MILKY WAY SHARE BROKER COMPANY LTD ,100,269.0,26900.0,2025-07-31 11:10:25.443783
2025-07-31,162551,2025073101001874,NMB,KALASH STOCK MARKET PVT. LTD.,MILKY WAY SHARE BROKER COMPANY LTD ,400,269.0,107600.0,2025-07-31 11:10:41.694370
2025-07-31,161262,2025073101002325,NMB,Linch Stock Market Ltd.,ABC Securities Private Limited,50,268.0,13400.0,2025-07-31 11:12:19.517462
2025-07-31,160392,2025073101002602,NMB,KALASH STOCK MARKET PVT. LTD.,Kumari Securities Private Limited,500,268.0,134000.0,2025-07-31 11:13:31.234319
2025-07-31,159232,2025073101002922,NMB,Sundhara Securities Limited,Investment Management Nepal Pvt. Ltd.,11,268.0,2948.0,2025-07-31 11:15:01.662928
2025-07-31,159141,2025073101002954,NMB,Sundhara Securities Limited,Dipshikha Dhitopatra Karobar Co. Pvt Ltd.,50,268.0,13400.0,2025-07-31 11:15:09.051011
2025-07-31,158325,2025073101003223,NMB,Sundhara Securities Limited,Trishakti Securities Public Limited,10,268.4,2684.0,2025-07-31 11:16:13.385382
2025-07-31,157253,2025073101003583,NMB,KALASH STOCK MARKET PVT. LTD.,Trishakti Securities Public Limited,90,268.4,24156.0,2025-07-31 11:17:20.463720
2025-07-31,157252,2025073101003584,NMB,KALASH STOCK MARKET PVT. LTD.,ABC Securities Private Limited,300,268.5,80550.0,2025-07-31 11:17:20.463824
2025-07-31,156847,2025073101003692,NMB,Siprabi Securities Pvt. Ltd.,Siprabi Securities Pvt. Ltd.,1,264.0,264.0,2025-07-31 11:17:49.795970
2025-07-31,155189,2025073101004288,NMB,KALASH STOCK MARKET PVT. LTD.,MILKY WAY SHARE BROKER COMPANY LTD ,200,268.8,53760.0,2025-07-31 11:19:54.792179
2025-07-31,155188,2025073101004289,NMB,KALASH STOCK MARKET PVT. LTD.,Shree Krishna Securities Ltd.,1000,268.8,268800.0,2025-07-31 11:19:54.792308
2025-07-31,152762,2025073101005273,NMB,Aryatara Investment & Securities,Creative Securities Pvt Ltd,500,269.0,134500.0,2025-07-31 11:23:04.956813
2025-07-31,152706,2025073101005290,NMB,Nepal Stock House (PVT) Ltd.,Creative Securities Pvt Ltd,1525,269.0,410225.0,2025-07-31 11:23:10.974761
2025-07-31,152705,2025073101005291,NMB,Nepal Stock House (PVT) Ltd.,Global IME Securities Limited,50,269.0,13450.0,2025-07-31 11:23:10.974935
2025-07-31,152543,2025073101005339,NMB,Online Securities Pvt. Ltd.,Nepal Stock House (PVT) Ltd.,400,269.9,107960.0,2025-07-31 11:23:27.983884
2025-07-31,152542,2025073101005340,NMB,Online Securities Pvt. Ltd.,Shree Krishna Securities Ltd.,1000,269.9,269900.0,2025-07-31 11:23:27.983964
2025-07-31,152541,2025073101005341,NMB,Online Securities Pvt. Ltd.,Shree Krishna Securities Ltd.,1000,269.9,269900.0,2025-07-31 11:23:27.984006
2025-07-31,152540,2025073101005342,NMB,Online Securities Pvt. Ltd.,Nepal Stock House (PVT) Ltd.,300,269.9,80970.0,2025-07-31 11:23:27.984052
2025-07-31,152539,2025073101005343,NMB,Online Securities Pvt. Ltd.,Kalika Securities Pvt. Ltd.,56,270.0,15120.0,2025-07-31 11:23:27.984093
2025-07-31,152538,2025073101005344,NMB,Online Securities Pvt. Ltd.,Shree Krishna Securities Ltd.,1000,270.0,270000.0,2025-07-31 11:23:27.984134
2025-07-31,152537,2025073101005345,NMB,Online Securities Pvt. Ltd.,Capital Max Securities Ltd,1744,270.0,470880.0,2025-07-31 11:23:27.984171
2025-07-31,152354,2025073101005407,NMB,Imperial Securities Company Pvt. Ltd.,Capital Max Securities Ltd,40,270.0,10800.0,2025-07-31 11:23:43.916823
2025-07-31,150715,2025073101006106,NMB,Naasa Securities Co. Ltd.,Secured Securities Ltd.,200,269.1,53820.0,2025-07-31 11:26:09.437836
2025-07-31,148374,2025073101007082,NMB,Naasa Securities Co. Ltd.,Investment Management Nepal Pvt. Ltd.,200,269.2,53840.0,2025-07-31 11:28:31.522635
2025-07-31,148170,2025073101007183,NMB,Naasa Securities Co. Ltd.,Online Securities Pvt. Ltd.,80,269.2,21536.0,2025-07-31 11:28:44.051560
2025-07-31,147878,2025073101007286,NMB,Naasa Securities Co. Ltd.,Creative Securities Pvt Ltd,300,269.2,80760.0,2025-07-31 11:29:01.854148
2025-07-31,147850,2025073101007294,NMB,Naasa Securities Co. Ltd.,Siprabi Securities Pvt. Ltd.,220,269.2,59224.0,2025-07-31 11:29:03.099731
2025-07-31,147849,2025073101007295,NMB,Nepal Stock House (PVT) Ltd.,Siprabi Securities Pvt. Ltd.,425,269.0,114325.0,2025-07-31 11:29:03.099949
2025-07-31,147848,2025073101007296,NMB,Siprabi Securities Pvt. Ltd.,Siprabi Securities Pvt. Ltd.,100,269.0,26900.0,2025-07-31 11:29:03.100115
2025-07-31,146348,2025073101008000,NMB,KALASH STOCK MARKET PVT. LTD.,Linch Stock Market Ltd.,100,268.5,26850.0,2025-07-31 11:30:51.918057
2025-07-31,145567,2025073101008352,NMB,KALASH STOCK MARKET PVT. LTD.,Sani Securities Company Ltd.,10,268.5,2685.0,2025-07-31 11:31:47.204864
2025-07-31,145566,2025073101008353,NMB,Vision Securities Pvt. Ltd,Sani Securities Company Ltd.,2000,268.0,536000.0,2025-07-31 11:31:47.204969
2025-07-31,145565,2025073101008354,NMB,Trisul Securities & Invt. Ltd.,Sani Securities Company Ltd.,1000,268.0,268000.0,2025-07-31 11:31:47.205013
2025-07-31,145564,2025073101008355,NMB,Sundhara Securities Limited,Sani Securities Company Ltd.,274,268.0,73432.0,2025-07-31 11:31:47.205069
2025-07-31,145563,2025073101008356,NMB,Opal Securities Investment (PVT) Ltd.,Sani Securities Company Ltd.,616,268.0,165088.0,2025-07-31 11:31:47.205110
2025-07-31,144177,2025073101008909,NMB,Opal Securities Investment (PVT) Ltd.,Nepal Stock House (PVT) Ltd.,25,268.0,6700.0,2025-07-31 11:33:15.956388
2025-07-31,140831,2025073101010629,NMB,Online Securities Pvt. Ltd.,Vision Securities Pvt. Ltd,25,268.2,6705.0,2025-07-31 11:37:12.041989
2025-07-31,140830,2025073101010630,NMB,Naasa Securities Co. Ltd.,Vision Securities Pvt. Ltd,225,268.1,60322.5,2025-07-31 11:37:12.042096
2025-07-31,140731,2025073101010672,NMB,Naasa Securities Co. Ltd.,Kohinoor Investment & Securities Pvt. Ltd.,50,268.1,13405.0,2025-07-31 11:37:19.622563
2025-07-31,140173,2025073101011022,NMB,Naasa Securities Co. Ltd.,Opal Securities Investment (PVT) Ltd.,100,268.1,26810.0,2025-07-31 11:37:55.781962
2025-07-31,135486,2025073101013744,NMB,Naasa Securities Co. Ltd.,Aakashbhairab Securities Ltd.,125,268.1,33512.5,2025-07-31 11:43:31.835132
2025-07-31,135485,2025073101013745,NMB,Premier Securities Company Ltd.,Aakashbhairab Securities Ltd.,200,268.1,53620.0,2025-07-31 11:43:31.835235
2025-07-31,135484,2025073101013746,NMB,Primo Securities (PVT) Ltd.,Aakashbhairab Securities Ltd.,25,268.1,6702.5,2025-07-31 11:43:31.835286
2025-07-31,135483,2025073101013747,NMB,KALASH STOCK MARKET PVT. LTD.,Aakashbhairab Securities Ltd.,500,268.0,134000.0,2025-07-31 11:43:31.835363
2025-07-31,135465,2025073101013754,NMB,Opal Securities Investment (PVT) Ltd.,Opal Securities Investment (PVT) Ltd.,115,267.1,30716.5,2025-07-31 11:43:33.511467
2025-07-31,134915,2025073101014032,NMB,Opal Securities Investment (PVT) Ltd.,Neev Securities Pvt. Ltd.,200,267.2,53440.0,2025-07-31 11:44:17.779681
2025-07-31,132931,2025073101014952,NMB,Dipshikha Dhitopatra Karobar Co. Pvt Ltd.,Aakashbhairab Securities Ltd.,30,268.0,8040.0,2025-07-31 11:46:31.705806
2025-07-31,132930,2025073101014953,NMB,Dipshikha Dhitopatra Karobar Co. Pvt Ltd.,Sani Securities Company Ltd.,50,268.1,13405.0,2025-07-31 11:46:31.706056
2025-07-31,132929,2025073101014954,NMB,Dipshikha Dhitopatra Karobar Co. Pvt Ltd.,ABC Securities Private Limited,20,268.5,5370.0,2025-07-31 11:46:31.706207
2025-07-31,132294,2025073101015333,NMB,Kalika Securities Pvt. Ltd.,Cristal Kanchanjanga Securites Pvt. Ltd.,200,268.0,53600.0,2025-07-31 11:47:16.589979
2025-07-31,131756,2025073101015641,NMB,Naasa Securities Co. Ltd.,Asian Securities Private Ltd.,1,262.7,262.7,2025-07-31 11:47:46.316462
2025-07-31,130915,2025073101016069,NMB,Kalika Securities Pvt. Ltd.,Neev Securities Pvt. Ltd.,200,268.0,53600.0,2025-07-31 11:48:46.845979
2025-07-31,130682,2025073101016160,NMB,Kalika Securities Pvt. Ltd.,Siprabi Securities Pvt. Ltd.,150,268.0,40200.0,2025-07-31 11:49:01.489691
2025-07-31,130243,2025073101016373,NMB,Opal Securities Investment (PVT) Ltd.,Opal Securities Investment (PVT) Ltd.,100,267.2,26720.0,2025-07-31 11:49:35.326360
2025-07-31,128795,2025073101017133,NMB,Opal Securities Investment (PVT) Ltd.,Online Securities Pvt. Ltd.,200,267.2,53440.0,2025-07-31 11:51:15.533007
2025-07-31,128794,2025073101017134,NMB,Primo Securities (PVT) Ltd.,Online Securities Pvt. Ltd.,31,267.2,8283.2,2025-07-31 11:51:15.533123
2025-07-31,128428,2025073101017308,NMB,Opal Securities Investment (PVT) Ltd.,Online Securities Pvt. Ltd.,304,267.1,81198.4,2025-07-31 11:51:44.409497
2025-07-31,126047,2025073101018562,NMB,Opal Securities Investment (PVT) Ltd.,Premier Securities Company Ltd.,113,267.1,30182.3,2025-07-31 11:54:36.312362
2025-07-31,124092,2025073101019593,NMB,Opal Securities Investment (PVT) Ltd.,Thrive Brokerage House Pvt. Ltd,723,267.1,193113.3,2025-07-31 11:57:16.408641
2025-07-31,121632,2025073101020855,NMB,Opal Securities Investment (PVT) Ltd.,Nepal Stock House (PVT) Ltd.,129,267.1,34455.9,2025-07-31 12:00:41.065586
2025-07-31,121631,2025073101020856,NMB,Primo Securities (PVT) Ltd.,Nepal Stock House (PVT) Ltd.,50,267.1,13355.0,2025-07-31 12:00:41.065833
2025-07-31,121630,2025073101020857,NMB,Sundhara Securities Limited,Nepal Stock House (PVT) Ltd.,321,267.0,85707.0,2025-07-31 12:00:41.065992
2025-07-31,121482,2025073101020953,NMB,Sundhara Securities Limited,Linch Stock Market Ltd.,100,267.0,26700.0,2025-07-31 12:00:53.424645
2025-07-31,119745,2025073101021717,NMB,Sundhara Securities Limited,Asian Securities Private Ltd.,41,267.0,10947.0,2025-07-31 12:03:10.744743
2025-07-31,119703,2025073101021737,NMB,Sundhara Securities Limited,Sweta Securities Private Limited,1000,267.0,267000.0,2025-07-31 12:03:15.173547
2025-07-31,119154,2025073101021935,NMB,Sundhara Securities Limited,Opal Securities Investment (PVT) Ltd.,100,267.0,26700.0,2025-07-31 12:04:10.196040
2025-07-31,119108,2025073101021959,NMB,Sundhara Securities Limited,Miyo Securities Pvt Ltd,177,267.0,47259.0,2025-07-31 12:04:14.797480
2025-07-31,118736,2025073101022144,NMB,Sani Securities Company Ltd.,Miyo Securities Pvt Ltd,269,267.0,71823.0,2025-07-31 12:04:50.222429
2025-07-31,118091,2025073101022419,NMB,Naasa Securities Co. Ltd.,Opal Securities Investment (PVT) Ltd.,10,266.1,2661.0,2025-07-31 12:05:46.652141
2025-07-31,117902,2025073101022522,NMB,Naasa Securities Co. Ltd.,Online Securities Pvt. Ltd.,56,266.1,14901.6,2025-07-31 12:06:02.566690
2025-07-31,117899,2025073101022523,NMB,Naasa Securities Co. Ltd.,Linch Stock Market Ltd.,150,266.1,39915.0,2025-07-31 12:06:03.059923
2025-07-31,117559,2025073101022672,NMB,Naasa Securities Co. Ltd.,ABC Securities Private Limited,15,266.1,3991.5,2025-07-31 12:06:35.538544
2025-07-31,117330,2025073101022788,NMB,Naasa Securities Co. Ltd.,Arun Securities (PVT) Ltd.,69,266.1,18360.9,2025-07-31 12:06:50.861195
2025-07-31,117329,2025073101022789,NMB,Thrive Brokerage House Pvt. Ltd,Arun Securities (PVT) Ltd.,50,265.1,13255.0,2025-07-31 12:06:50.861336
2025-07-31,117328,2025073101022790,NMB,Nepal Stock House (PVT) Ltd.,Arun Securities (PVT) Ltd.,31,265.1,8218.1,2025-07-31 12:06:50.861392
2025-07-31,117028,2025073101022928,NMB,Nepal Stock House (PVT) Ltd.,Nepal Stock House (PVT) Ltd.,269,265.1,71311.9,2025-07-31 12:07:19.485168
2025-07-31,117027,2025073101022929,NMB,Oxford Securities Pvt. Ltd.,Nepal Stock House (PVT) Ltd.,40,265.0,10600.0,2025-07-31 12:07:19.485312
2025-07-31,117026,2025073101022930,NMB,Asian Securities Private Ltd.,Nepal Stock House (PVT) Ltd.,50,265.0,13250.0,2025-07-31 12:07:19.485363
2025-07-31,117025,2025073101022931,NMB,Dipshikha Dhitopatra Karobar Co. Pvt Ltd.,Nepal Stock House (PVT) Ltd.,10,265.0,2650.0,2025-07-31 12:07:19.485423
2025-07-31,117024,2025073101022932,NMB,Opal Securities Investment (PVT) Ltd.,Nepal Stock House (PVT) Ltd.,500,265.0,132500.0,2025-07-31 12:07:19.485477
2025-07-31,117023,2025073101022933,NMB,Trisul Securities & Invt. Ltd.,Nepal Stock House (PVT) Ltd.,131,265.0,34715.0,2025-07-31 12:07:19.485528
2025-07-31,116747,2025073101023049,NMB,Trisul Securities & Invt. Ltd.,Sumeru Securities Pvt. Ltd.,100,265.0,26500.0,2025-07-31 12:07:48.397117
2025-07-31,116706,2025073101023067,NMB,Trisul Securities & Invt. Ltd.,Aryatara Investment & Securities,269,265.0,71285.0,2025-07-31 12:07:52.397616
2025-07-31,116394,2025073101023230,NMB,Primo Securities (PVT) Ltd.,Aryatara Investment & Securities,30,264.6,7938.0,2025-07-31 12:08:18.654984
2025-07-31,114801,2025073101023904,NMB,Dakshinkali Investment & Securities Pvt. Ltd.,Bhrikuti Stock Broking Co. Pvt. Ltd.,56,265.1,14845.6,2025-07-31 12:10:38.028087
2025-07-31,114342,2025073101024140,NMB,Dakshinkali Investment & Securities Pvt. Ltd.,Opal Securities Investment (PVT) Ltd.,69,265.1,18291.9,2025-07-31 12:11:20.332134
2025-07-31,114341,2025073101024141,NMB,Vision Securities Pvt. Ltd,Opal Securities Investment (PVT) Ltd.,176,265.0,46640.0,2025-07-31 12:11:20.332173
2025-07-31,111896,2025073101025163,NMB,Neev Securities Pvt. Ltd.,Asian Securities Private Ltd.,12,265.1,3181.2,2025-07-31 12:15:09.309874
2025-07-31,111294,2025073101025421,NMB,Neev Securities Pvt. Ltd.,KALASH STOCK MARKET PVT. LTD.,88,265.1,23328.8,2025-07-31 12:16:03.009145
2025-07-31,111293,2025073101025422,NMB,Opal Securities Investment (PVT) Ltd.,KALASH STOCK MARKET PVT. LTD.,200,265.1,53020.0,2025-07-31 12:16:03.009308
2025-07-31,111292,2025073101025423,NMB,Vision Securities Pvt. Ltd,KALASH STOCK MARKET PVT. LTD.,212,265.0,56180.0,2025-07-31 12:16:03.009371
2025-07-31,110427,2025073101025754,NMB,Vision Securities Pvt. Ltd,Opal Securities Investment (PVT) Ltd.,200,265.0,53000.0,2025-07-31 12:17:20.459888
2025-07-31,110291,2025073101025812,NMB,Vision Securities Pvt. Ltd,Siprabi Securities Pvt. Ltd.,308,265.0,81620.0,2025-07-31 12:17:33.956264
2025-07-31,108700,2025073101026464,NMB,Dipshikha Dhitopatra Karobar Co. Pvt Ltd.,Naasa Securities Co. Ltd.,200,265.5,53100.0,2025-07-31 12:20:18.544861
2025-07-31,107926,2025073101026830,NMB,Opal Securities Investment (PVT) Ltd.,Online Securities Pvt. Ltd.,225,265.1,59647.5,2025-07-31 12:21:47.664361
2025-07-31,106022,2025073101027588,NMB,South Asian Bulls Pvt. Ltd.,Dakshinkali Investment & Securities Pvt. Ltd.,200,265.2,53040.0,2025-07-31 12:25:01.151427
2025-07-31,106021,2025073101027589,NMB,Opal Securities Investment (PVT) Ltd.,Dakshinkali Investment & Securities Pvt. Ltd.,775,265.1,205452.5,2025-07-31 12:25:01.151716
2025-07-31,105831,2025073101027645,NMB,Sewa Securities Pvt. Ltd.,Dakshinkali Investment & Securities Pvt. Ltd.,10,265.1,2651.0,2025-07-31 12:25:12.403292
2025-07-31,105249,2025073101027969,NMB,Vision Securities Pvt. Ltd,Siprabi Securities Pvt. Ltd.,213,265.0,56445.0,2025-07-31 12:26:03.524009
2025-07-31,105040,2025073101028057,NMB,Vision Securities Pvt. Ltd,Nepal Investment And Securities Trading Private Limited,113,265.0,29945.0,2025-07-31 12:26:27.167926
2025-07-31,104226,2025073101028370,NMB,KALASH STOCK MARKET PVT. LTD.,Dakshinkali Investment & Securities Pvt. Ltd.,15,265.1,3976.5,2025-07-31 12:27:44.645273
2025-07-31,104225,2025073101028371,NMB,KALASH STOCK MARKET PVT. LTD.,Thrive Brokerage House Pvt. Ltd,63,266.0,16758.0,2025-07-31 12:27:44.645426
2025-07-31,104224,2025073101028372,NMB,KALASH STOCK MARKET PVT. LTD.,Kohinoor Investment & Securities Pvt. Ltd.,100,266.0,26600.0,2025-07-31 12:27:44.645488
2025-07-31,102693,2025073101028902,NMB,KALASH STOCK MARKET PVT. LTD.,Aryatara Investment & Securities,322,266.0,85652.0,2025-07-31 12:29:35.872223
2025-07-31,99743,2025073101030118,NMB,Primo Securities (PVT) Ltd.,Asian Securities Private Ltd.,11,265.1,2916.1,2025-07-31 12:33:51.245924
2025-07-31,98503,2025073101030715,NMB,Primo Securities (PVT) Ltd.,Dipshikha Dhitopatra Karobar Co. Pvt Ltd.,200,265.1,53020.0,2025-07-31 12:35:27.272270
2025-07-31,98375,2025073101030752,NMB,Sundhara Securities Limited,Aryatara Investment & Securities,241,266.0,64106.0,2025-07-31 12:35:37.301103
2025-07-31,98374,2025073101030753,NMB,Sundhara Securities Limited,Capital Max Securities Ltd,4759,266.0,1265894.0,2025-07-31 12:35:37.301285
2025-07-31,98144,2025073101030840,NMB,Imperial Securities Company Pvt. Ltd.,Capital Max Securities Ltd,30,266.0,7980.0,2025-07-31 12:35:58.177929
2025-07-31,94521,2025073101032235,NMB,Asian Securities Private Ltd.,Vision Securities Pvt. Ltd,200,265.3,53060.0,2025-07-31 12:41:47.723615
2025-07-31,94519,2025073101032236,NMB,ABC Securities Private Limited,Capital Max Securities Ltd,200,266.0,53200.0,2025-07-31 12:41:48.203816
2025-07-31,94396,2025073101032298,NMB,Online Securities Pvt. Ltd.,Capital Max Securities Ltd,3227,266.0,858382.0,2025-07-31 12:42:06.120374
2025-07-31,94395,2025073101032299,NMB,Online Securities Pvt. Ltd.,Capital Max Securities Ltd,773,266.0,205618.0,2025-07-31 12:42:06.120526
2025-07-31,93998,2025073101032441,NMB,Online Securities Pvt. Ltd.,Capital Max Securities Ltd,1000,266.0,266000.0,2025-07-31 12:42:50.621431
2025-07-31,93856,2025073101032501,NMB,Kalika Securities Pvt. Ltd.,Capital Max Securities Ltd,100,266.0,26600.0,2025-07-31 12:43:07.072478
2025-07-31,93715,2025073101032549,NMB,Creative Securities Pvt Ltd,Capital Max Securities Ltd,2000,266.0,532000.0,2025-07-31 12:43:22.428827
2025-07-31,93171,2025073101032780,NMB,Nepal Stock House (PVT) Ltd.,Capital Max Securities Ltd,15000,266.0,3990000.0,2025-07-31 12:44:18.960967
2025-07-31,93139,2025073101032796,NMB,Asian Securities Private Ltd.,Cristal Kanchanjanga Securites Pvt. Ltd.,19,265.3,5040.7,2025-07-31 12:44:21.621535
2025-07-31,92875,2025073101032905,NMB,Online Securities Pvt. Ltd.,Capital Max Securities Ltd,1000,266.0,266000.0,2025-07-31 12:44:48.526847
2025-07-31,92173,2025073101033140,NMB,Dipshikha Dhitopatra Karobar Co. Pvt Ltd.,Capital Max Securities Ltd,207,266.0,55062.0,2025-07-31 12:46:05.136296
2025-07-31,92172,2025073101033141,NMB,Dipshikha Dhitopatra Karobar Co. Pvt Ltd.,Dipshikha Dhitopatra Karobar Co. Pvt Ltd.,650,266.0,172900.0,2025-07-31 12:46:05.136595
2025-07-31,92171,2025073101033142,NMB,Dipshikha Dhitopatra Karobar Co. Pvt Ltd.,Premier Securities Company Ltd.,112,266.0,29792.0,2025-07-31 12:46:05.136778
2025-07-31,92170,2025073101033143,NMB,Dipshikha Dhitopatra Karobar Co. Pvt Ltd.,Deevyaa Securities & Stock House Pvt. Ltd,31,266.0,8246.0,2025-07-31 12:46:05.137002
2025-07-31,91988,2025073101033207,NMB,Deevyaa Securities & Stock House Pvt. Ltd,Shree Krishna Securities Ltd.,200,265.4,53080.0,2025-07-31 12:46:25.646598
2025-07-31,91987,2025073101033208,NMB,Thrive Brokerage House Pvt. Ltd,Shree Krishna Securities Ltd.,50,265.3,13265.0,2025-07-31 12:46:25.646754
2025-07-31,91986,2025073101033209,NMB,Primo Securities (PVT) Ltd.,Shree Krishna Securities Ltd.,181,265.1,47983.1,2025-07-31 12:46:25.646834
2025-07-31,90023,2025073101033957,NMB,Primo Securities (PVT) Ltd.,Premier Securities Company Ltd.,112,265.1,29691.2,2025-07-31 12:49:46.437055
2025-07-31,89938,2025073101034007,NMB,Primo Securities (PVT) Ltd.,Sewa Securities Pvt. Ltd.,112,265.1,29691.2,2025-07-31 12:49:58.570083
2025-07-31,89053,2025073101034418,NMB,Primo Securities (PVT) Ltd.,Malla & Malla Stock Broking Company Pvt. Limited,100,265.1,26510.0,2025-07-31 12:51:30.434234
2025-07-31,88628,2025073101034616,NMB,Primo Securities (PVT) Ltd.,ABC Securities Private Limited,100,265.1,26510.0,2025-07-31 12:52:25.798244
2025-07-31,83441,2025073101036789,NMB,Capital Max Securities Ltd,ABC Securities Private Limited,300,265.3,79590.0,2025-07-31 13:04:45.482636
2025-07-31,82903,2025073101037031,NMB,Capital Max Securities Ltd,Opal Securities Investment (PVT) Ltd.,25,265.3,6632.5,2025-07-31 13:06:07.887807
2025-07-31,82795,2025073101037080,NMB,Capital Max Securities Ltd,Sri Hari Securities Pvt. Ltd.,435,265.3,115405.5,2025-07-31 13:06:22.530996
2025-07-31,82794,2025073101037081,NMB,Dakshinkali Investment & Securities Pvt. Ltd.,Sri Hari Securities Pvt. Ltd.,1800,265.3,477540.0,2025-07-31 13:06:22.531195
2025-07-31,82793,2025073101037082,NMB,Sani Securities Company Ltd.,Sri Hari Securities Pvt. Ltd.,200,265.2,53040.0,2025-07-31 13:06:22.531269
2025-07-31,82792,2025073101037083,NMB,Dynamic Money Managers Securities Pvt. Ltd.,Sri Hari Securities Pvt. Ltd.,65,265.2,17238.0,2025-07-31 13:06:22.531338
2025-07-31,82059,2025073101037339,NMB,Dynamic Money Managers Securities Pvt. Ltd.,Sweta Securities Private Limited,100,265.2,26520.0,2025-07-31 13:08:03.239553
2025-07-31,81028,2025073101037742,NMB,Pragyan Securities (PVT) Ltd.,Naasa Securities Co. Ltd.,50,265.3,13265.0,2025-07-31 13:10:36.348172
2025-07-31,80506,2025073101037947,NMB,Shree Krishna Securities Ltd.,Vision Securities Pvt. Ltd,145,265.9,38555.5,2025-07-31 13:11:51.743362
2025-07-31,80505,2025073101037948,NMB,Shree Krishna Securities Ltd.,Siprabi Securities Pvt. Ltd.,20,266.0,5320.0,2025-07-31 13:11:51.743543
2025-07-31,80504,2025073101037949,NMB,Shree Krishna Securities Ltd.,Imperial Securities Company Pvt. Ltd.,390,266.0,103740.0,2025-07-31 13:11:51.743616
2025-07-31,80503,2025073101037950,NMB,Shree Krishna Securities Ltd.,Sani Securities Company Ltd.,200,266.0,53200.0,2025-07-31 13:11:51.743688
2025-07-31,79840,2025073101038235,NMB,Shree Krishna Securities Ltd.,Sri Hari Securities Pvt. Ltd.,845,266.0,224770.0,2025-07-31 13:13:27.945933
2025-07-31,79839,2025073101038236,NMB,Capital Max Securities Ltd,Sri Hari Securities Pvt. Ltd.,190,266.0,50540.0,2025-07-31 13:13:27.946109
2025-07-31,78838,2025073101038650,NMB,S.P.S.A. Securities Limited,Sri Hari Securities Pvt. Ltd.,1000,266.0,266000.0,2025-07-31 13:15:27.523979
2025-07-31,78534,2025073101038768,NMB,Naasa Securities Co. Ltd.,Sri Hari Securities Pvt. Ltd.,100,266.0,26600.0,2025-07-31 13:16:05.935357
2025-07-31,78000,2025073101038965,NMB,Pragyan Securities (PVT) Ltd.,KALASH STOCK MARKET PVT. LTD.,100,265.6,26560.0,2025-07-31 13:17:06.671758
2025-07-31,77842,2025073101039005,NMB,Oxford Securities Pvt. Ltd.,Sri Hari Securities Pvt. Ltd.,365,266.0,97090.0,2025-07-31 13:17:20.830690
2025-07-31,77841,2025073101039006,NMB,Oxford Securities Pvt. Ltd.,Dipshikha Dhitopatra Karobar Co. Pvt Ltd.,1110,266.0,295260.0,2025-07-31 13:17:20.830921
2025-07-31,76983,2025073101039275,NMB,Swarna Laxmi Securities Pvt. Ltd.,Agrawal Securities (PVT) Ltd.,30,266.4,7992.0,2025-07-31 13:19:01.625038
2025-07-31,73263,2025073101040809,NMB,Naasa Securities Co. Ltd.,Agrawal Securities (PVT) Ltd.,17,266.4,4528.8,2025-07-31 13:25:58.374791
2025-07-31,73262,2025073101040810,NMB,Naasa Securities Co. Ltd.,Sumeru Securities Pvt. Ltd.,60,266.5,15990.0,2025-07-31 13:25:58.374837
2025-07-31,73261,2025073101040811,NMB,Naasa Securities Co. Ltd.,Premier Securities Company Ltd.,19,266.7,5067.3,2025-07-31 13:25:58.374865
2025-07-31,73260,2025073101040812,NMB,Naasa Securities Co. Ltd.,Trishakti Securities Public Limited,50,266.8,13340.0,2025-07-31 13:25:58.374903
2025-07-31,73259,2025073101040813,NMB,Naasa Securities Co. Ltd.,South Asian Bulls Pvt. Ltd.,150,266.8,40020.0,2025-07-31 13:25:58.374944
2025-07-31,73258,2025073101040814,NMB,Naasa Securities Co. Ltd.,Cristal Kanchanjanga Securites Pvt. Ltd.,70,266.8,18676.0,2025-07-31 13:25:58.374979
2025-07-31,73257,2025073101040815,NMB,Naasa Securities Co. Ltd.,Siprabi Securities Pvt. Ltd.,970,266.9,258893.0,2025-07-31 13:25:58.375016
2025-07-31,73256,2025073101040816,NMB,Naasa Securities Co. Ltd.,Nepal Stock House (PVT) Ltd.,300,266.9,80070.0,2025-07-31 13:25:58.375052
2025-07-31,73255,2025073101040817,NMB,Naasa Securities Co. Ltd.,Nepal Stock House (PVT) Ltd.,300,266.9,80070.0,2025-07-31 13:25:58.375077
2025-07-31,73254,2025073101040818,NMB,Naasa Securities Co. Ltd.,Cristal Kanchanjanga Securites Pvt. Ltd.,19,267.0,5073.0,2025-07-31 13:25:58.375104
2025-07-31,73253,2025073101040819,NMB,Naasa Securities Co. Ltd.,Cristal Kanchanjanga Securites Pvt. Ltd.,19,267.0,5073.0,2025-07-31 13:25:58.375134
2025-07-31,73252,2025073101040820,NMB,Naasa Securities Co. Ltd.,Naasa Securities Co. Ltd.,26,267.0,6942.0,2025-07-31 13:25:58.375161
2025-07-31,73221,2025073101040837,NMB,Naasa Securities Co. Ltd.,Naasa Securities Co. Ltd.,74,267.0,19758.0,2025-07-31 13:26:02.201204
2025-07-31,73220,2025073101040838,NMB,Naasa Securities Co. Ltd.,Online Securities Pvt. Ltd.,846,267.0,225882.0,2025-07-31 13:26:02.201241
2025-07-31,73219,2025073101040839,NMB,Naasa Securities Co. Ltd.,Linch Stock Market Ltd.,300,267.0,80100.0,2025-07-31 13:26:02.201265
2025-07-31,73218,2025073101040840,NMB,Naasa Securities Co. Ltd.,Cristal Kanchanjanga Securites Pvt. Ltd.,58,267.0,15486.0,2025-07-31 13:26:02.201289
2025-07-31,73217,2025073101040841,NMB,Naasa Securities Co. Ltd.,Vision Securities Pvt. Ltd,200,267.0,53400.0,2025-07-31 13:26:02.201321
2025-07-31,73216,2025073101040842,NMB,Naasa Securities Co. Ltd.,MILKY WAY SHARE BROKER COMPANY LTD ,500,267.9,133950.0,2025-07-31 13:26:02.201346
2025-07-31,73215,2025073101040843,NMB,Naasa Securities Co. Ltd.,Nepal Stock House (PVT) Ltd.,22,267.9,5893.8,2025-07-31 13:26:02.201369
2025-07-31,73086,2025073101040856,NMB,Naasa Securities Co. Ltd.,Nepal Stock House (PVT) Ltd.,378,267.9,101266.2,2025-07-31 13:26:07.766471
2025-07-31,73085,2025073101040857,NMB,Naasa Securities Co. Ltd.,Agrawal Securities (PVT) Ltd.,60,268.0,16080.0,2025-07-31 13:26:07.766521
2025-07-31,73084,2025073101040858,NMB,Naasa Securities Co. Ltd.,Deevyaa Securities & Stock House Pvt. Ltd,500,268.0,134000.0,2025-07-31 13:26:07.766549
2025-07-31,73083,2025073101040859,NMB,Naasa Securities Co. Ltd.,Naasa Securities Co. Ltd.,80,268.5,21480.0,2025-07-31 13:26:07.766570
2025-07-31,73082,2025073101040860,NMB,Naasa Securities Co. Ltd.,Nepal Stock House (PVT) Ltd.,300,268.9,80670.0,2025-07-31 13:26:07.766593
2025-07-31,73081,2025073101040861,NMB,Naasa Securities Co. Ltd.,Siprabi Securities Pvt. Ltd.,255,269.0,68595.0,2025-07-31 13:26:07.766630
2025-07-31,73080,2025073101040862,NMB,Naasa Securities Co. Ltd.,Trishakti Securities Public Limited,50,269.0,13450.0,2025-07-31 13:26:07.766654
2025-07-31,73079,2025073101040863,NMB,Naasa Securities Co. Ltd.,Opal Securities Investment (PVT) Ltd.,300,269.0,80700.0,2025-07-31 13:26:07.766679
2025-07-31,73078,2025073101040864,NMB,Naasa Securities Co. Ltd.,Naasa Securities Co. Ltd.,77,269.5,20751.5,2025-07-31 13:26:07.766710
2025-07-31,71996,2025073101041289,NMB,Creative Securities Pvt Ltd,Naasa Securities Co. Ltd.,123,269.5,33148.5,2025-07-31 13:27:51.806737
2025-07-31,71995,2025073101041290,NMB,Creative Securities Pvt Ltd,Siprabi Securities Pvt. Ltd.,877,269.7,236526.9,2025-07-31 13:27:51.806917
2025-07-31,71599,2025073101041421,NMB,Naasa Securities Co. Ltd.,Siprabi Securities Pvt. Ltd.,93,269.7,25082.1,2025-07-31 13:28:27.661486
2025-07-31,71598,2025073101041422,NMB,Naasa Securities Co. Ltd.,Kalika Securities Pvt. Ltd.,36,269.7,9709.2,2025-07-31 13:28:27.661581
2025-07-31,71597,2025073101041423,NMB,Naasa Securities Co. Ltd.,Trishakti Securities Public Limited,100,269.8,26980.0,2025-07-31 13:28:27.661658
2025-07-31,71596,2025073101041424,NMB,Naasa Securities Co. Ltd.,MILKY WAY SHARE BROKER COMPANY LTD ,1000,269.8,269800.0,2025-07-31 13:28:27.661728
2025-07-31,71595,2025073101041425,NMB,Naasa Securities Co. Ltd.,Nepal Stock House (PVT) Ltd.,300,269.9,80970.0,2025-07-31 13:28:27.661806
2025-07-31,71594,2025073101041426,NMB,Naasa Securities Co. Ltd.,Indira securities pvt. ltd,471,270.0,127170.0,2025-07-31 13:28:27.661883
2025-07-31,69781,2025073101041957,NMB,Dipshikha Dhitopatra Karobar Co. Pvt Ltd.,Indira securities pvt. ltd,29,270.0,7830.0,2025-07-31 13:30:41.248613
2025-07-31,69780,2025073101041958,NMB,Dipshikha Dhitopatra Karobar Co. Pvt Ltd.,Capital Hub P. Ltd,161,270.0,43470.0,2025-07-31 13:30:41.248785
2025-07-31,63802,2025073101044055,NMB,Kohinoor Investment & Securities Pvt. Ltd.,Kohinoor Investment & Securities Pvt. Ltd.,15,266.5,3997.5,2025-07-31 13:40:52.754931
2025-07-31,63801,2025073101044056,NMB,Imperial Securities Company Pvt. Ltd.,Kohinoor Investment & Securities Pvt. Ltd.,304,266.5,81016.0,2025-07-31 13:40:52.755129
2025-07-31,61063,2025073101044974,NMB,Pragyan Securities (PVT) Ltd.,Nepal Investment And Securities Trading Private Limited,150,266.6,39990.0,2025-07-31 13:44:00.668234
2025-07-31,61062,2025073101044975,NMB,Imperial Securities Company Pvt. Ltd.,Nepal Investment And Securities Trading Private Limited,196,266.5,52234.0,2025-07-31 13:44:00.668424
2025-07-31,60527,2025073101045097,NMB,Investment Management Nepal Pvt. Ltd.,Nepal Investment And Securities Trading Private Limited,154,266.5,41041.0,2025-07-31 13:44:40.943525
2025-07-31,60526,2025073101045098,NMB,Investment Management Nepal Pvt. Ltd.,Aryatara Investment & Securities,100,266.5,26650.0,2025-07-31 13:44:40.943692
2025-07-31,60525,2025073101045099,NMB,Investment Management Nepal Pvt. Ltd.,Nepal Investment And Securities Trading Private Limited,73,266.5,19454.5,2025-07-31 13:44:40.943767
2025-07-31,59790,2025073101045366,NMB,Investment Management Nepal Pvt. Ltd.,Nepal Stock House (PVT) Ltd.,123,266.5,32779.5,2025-07-31 13:45:50.651557
2025-07-31,59789,2025073101045367,NMB,Thrive Brokerage House Pvt. Ltd,Nepal Stock House (PVT) Ltd.,300,266.4,79920.0,2025-07-31 13:45:50.651736
2025-07-31,59788,2025073101045368,NMB,South Asian Bulls Pvt. Ltd.,Nepal Stock House (PVT) Ltd.,200,266.2,53240.0,2025-07-31 13:45:50.651813
2025-07-31,59787,2025073101045369,NMB,Secured Securities Ltd.,Nepal Stock House (PVT) Ltd.,20,266.0,5320.0,2025-07-31 13:45:50.651885
2025-07-31,59786,2025073101045370,NMB,Nepal Investment And Securities Trading Private Limited,Nepal Stock House (PVT) Ltd.,30,266.0,7980.0,2025-07-31 13:45:50.651959
2025-07-31,59785,2025073101045371,NMB,Midas Stock Broking Company Private Limited,Nepal Stock House (PVT) Ltd.,59,266.0,15694.0,2025-07-31 13:45:50.652038
2025-07-31,58782,2025073101045711,NMB,Trishakti Securities Public Limited,Malla & Malla Stock Broking Company Pvt. Limited,515,265.6,136784.0,2025-07-31 13:47:29.559617
2025-07-31,58481,2025073101045827,NMB,South Asian Bulls Pvt. Ltd.,Dynamic Money Managers Securities Pvt. Ltd.,33,265.7,8768.1,2025-07-31 13:48:06.707719
2025-07-31,58173,2025073101045949,NMB,South Asian Bulls Pvt. Ltd.,Kalika Securities Pvt. Ltd.,101,265.7,26835.7,2025-07-31 13:48:50.402412
2025-07-31,57396,2025073101046278,NMB,Malla & Malla Stock Broking Company Pvt. Limited,Nepal Stock House (PVT) Ltd.,1000,266.0,266000.0,2025-07-31 13:50:38.255392
2025-07-31,57238,2025073101046341,NMB,Malla & Malla Stock Broking Company Pvt. Limited,Nepal Stock House (PVT) Ltd.,268,266.0,71288.0,2025-07-31 13:51:02.313826
2025-07-31,54537,2025073101047282,NMB,South Asian Bulls Pvt. Ltd.,Neev Securities Pvt. Ltd.,66,265.7,17536.2,2025-07-31 13:56:56.017611
2025-07-31,54536,2025073101047283,NMB,Imperial Securities Company Pvt. Ltd.,Neev Securities Pvt. Ltd.,15,265.7,3985.5,2025-07-31 13:56:56.017819
2025-07-31,54535,2025073101047284,NMB,Thrive Brokerage House Pvt. Ltd,Neev Securities Pvt. Ltd.,200,265.7,53140.0,2025-07-31 13:56:56.017943
2025-07-31,54534,2025073101047285,NMB,Trishakti Securities Public Limited,Neev Securities Pvt. Ltd.,282,265.6,74899.2,2025-07-31 13:56:56.018061
2025-07-31,54109,2025073101047424,NMB,Trishakti Securities Public Limited,Opal Securities Investment (PVT) Ltd.,70,265.6,18592.0,2025-07-31 13:57:51.715831
2025-07-31,51237,2025073101048369,NMB,Sundhara Securities Limited,Linch Stock Market Ltd.,1000,266.0,266000.0,2025-07-31 14:04:01.939432
2025-07-31,48313,2025073101049322,NMB,Naasa Securities Co. Ltd.,Premier Securities Company Ltd.,10,267.0,2670.0,2025-07-31 14:10:40.158578
2025-07-31,48239,2025073101049370,NMB,Midas Stock Broking Company Private Limited,Dipshikha Dhitopatra Karobar Co. Pvt Ltd.,19,265.7,5048.3,2025-07-31 14:10:50.174868
2025-07-31,48198,2025073101049382,NMB,Naasa Securities Co. Ltd.,Premier Securities Company Ltd.,10,267.0,2670.0,2025-07-31 14:10:56.576334
2025-07-31,46889,2025073101049969,NMB,KALASH STOCK MARKET PVT. LTD.,Dipshikha Dhitopatra Karobar Co. Pvt Ltd.,19,265.8,5050.2,2025-07-31 14:13:35.906901
2025-07-31,46031,2025073101050247,NMB,KALASH STOCK MARKET PVT. LTD.,Dipshikha Dhitopatra Karobar Co. Pvt Ltd.,97,265.8,25782.6,2025-07-31 14:15:34.868873
2025-07-31,44206,2025073101050795,NMB,SHUBHAKAMANA SECURITIES PVT. LTD,Premier Securities Company Ltd.,30,267.0,8010.0,2025-07-31 14:19:13.477542
2025-07-31,44205,2025073101050796,NMB,SHUBHAKAMANA SECURITIES PVT. LTD,Linch Stock Market Ltd.,200,267.0,53400.0,2025-07-31 14:19:13.477953
2025-07-31,44204,2025073101050797,NMB,SHUBHAKAMANA SECURITIES PVT. LTD,Primo Securities (PVT) Ltd.,38,268.0,10184.0,2025-07-31 14:19:13.478202
2025-07-31,44203,2025073101050798,NMB,SHUBHAKAMANA SECURITIES PVT. LTD,Deevyaa Securities & Stock House Pvt. Ltd,532,268.0,142576.0,2025-07-31 14:19:13.478428
2025-07-31,43436,2025073101051005,NMB,Secured Securities Ltd.,Thrive Brokerage House Pvt. Ltd,19,267.0,5073.0,2025-07-31 14:20:54.292900
2025-07-31,42624,2025073101051254,NMB,Sri Hari Securities Pvt. Ltd.,Thrive Brokerage House Pvt. Ltd,31,267.0,8277.0,2025-07-31 14:22:29.312280
2025-07-31,42440,2025073101051279,NMB,Dipshikha Dhitopatra Karobar Co. Pvt Ltd.,ABC Securities Private Limited,75,266.1,19957.5,2025-07-31 14:22:40.379353
2025-07-31,42439,2025073101051280,NMB,Sani Securities Company Ltd.,ABC Securities Private Limited,73,266.1,19425.3,2025-07-31 14:22:40.379566
2025-07-31,42210,2025073101051351,NMB,Sani Securities Company Ltd.,ABC Securities Private Limited,148,266.1,39382.8,2025-07-31 14:23:04.649179
2025-07-31,39744,2025073101052327,NMB,Sani Securities Company Ltd.,Dipshikha Dhitopatra Karobar Co. Pvt Ltd.,76,266.1,20223.6,2025-07-31 14:26:52.303435
2025-07-31,39502,2025073101052402,NMB,Sani Securities Company Ltd.,Vision Securities Pvt. Ltd,10,266.1,2661.0,2025-07-31 14:27:09.171822
2025-07-31,39043,2025073101052546,NMB,Sani Securities Company Ltd.,Secured Securities Ltd.,193,266.1,51357.3,2025-07-31 14:27:51.012941
2025-07-31,39042,2025073101052547,NMB,Sri Hari Securities Pvt. Ltd.,Secured Securities Ltd.,69,266.1,18360.9,2025-07-31 14:27:51.013182
2025-07-31,39041,2025073101052548,NMB,Dipshikha Dhitopatra Karobar Co. Pvt Ltd.,Secured Securities Ltd.,1000,266.0,266000.0,2025-07-31 14:27:51.013273
2025-07-31,39040,2025073101052549,NMB,Shree Krishna Securities Ltd.,Secured Securities Ltd.,85,266.0,22610.0,2025-07-31 14:27:51.013353
2025-07-31,37795,2025073101052938,NMB,KALASH STOCK MARKET PVT. LTD.,Asian Securities Private Ltd.,50,265.8,13290.0,2025-07-31 14:29:38.555130
2025-07-31,37055,2025073101053166,NMB,KALASH STOCK MARKET PVT. LTD.,Imperial Securities Company Pvt. Ltd.,100,265.8,26580.0,2025-07-31 14:30:48.791185
2025-07-31,36420,2025073101053390,NMB,Nepal Stock House (PVT) Ltd.,Infinity Securities Limited,300,265.8,79740.0,2025-07-31 14:31:50.974734
2025-07-31,36419,2025073101053391,NMB,Online Securities Pvt. Ltd.,Infinity Securities Limited,100,265.8,26580.0,2025-07-31 14:31:50.974950
2025-07-31,36418,2025073101053392,NMB,Midas Stock Broking Company Private Limited,Infinity Securities Limited,116,265.7,30821.2,2025-07-31 14:31:50.975042
2025-07-31,36417,2025073101053393,NMB,Trishakti Securities Public Limited,Infinity Securities Limited,133,265.6,35324.8,2025-07-31 14:31:50.975127
2025-07-31,36416,2025073101053394,NMB,Dynamic Money Managers Securities Pvt. Ltd.,Infinity Securities Limited,1080,265.3,286524.0,2025-07-31 14:31:50.975216
2025-07-31,36415,2025073101053395,NMB,Dynamic Money Managers Securities Pvt. Ltd.,Infinity Securities Limited,775,265.2,205530.0,2025-07-31 14:31:50.975299
2025-07-31,36414,2025073101053396,NMB,Primo Securities (PVT) Ltd.,Infinity Securities Limited,100,265.2,26520.0,2025-07-31 14:31:50.975379
2025-07-31,36413,2025073101053397,NMB,Primo Securities (PVT) Ltd.,Infinity Securities Limited,184,265.1,48778.4,2025-07-31 14:31:50.975468
2025-07-31,36412,2025073101053398,NMB,Neev Securities Pvt. Ltd.,Infinity Securities Limited,100,265.1,26510.0,2025-07-31 14:31:50.975549
2025-07-31,36411,2025073101053399,NMB,Online Securities Pvt. Ltd.,Infinity Securities Limited,100,265.1,26510.0,2025-07-31 14:31:50.975630
2025-07-31,36410,2025073101053400,NMB,Opal Securities Investment (PVT) Ltd.,Infinity Securities Limited,103,265.1,27305.3,2025-07-31 14:31:50.975714
2025-07-31,36409,2025073101053401,NMB,Naasa Securities Co. Ltd.,Infinity Securities Limited,500,265.1,132550.0,2025-07-31 14:31:50.975799
2025-07-31,36408,2025073101053402,NMB,Nepal Stock House (PVT) Ltd.,Infinity Securities Limited,300,265.1,79530.0,2025-07-31 14:31:50.975887
2025-07-31,36407,2025073101053403,NMB,Vision Securities Pvt. Ltd,Infinity Securities Limited,778,265.0,206170.0,2025-07-31 14:31:50.975984
2025-07-31,36406,2025073101053404,NMB,Cristal Kanchanjanga Securites Pvt. Ltd.,Infinity Securities Limited,1500,265.0,397500.0,2025-07-31 14:31:50.976075
2025-07-31,36405,2025073101053405,NMB,Malla & Malla Stock Broking Company Pvt. Limited,Infinity Securities Limited,100,265.0,26500.0,2025-07-31 14:31:50.976164
2025-07-31,36404,2025073101053406,NMB,Agrawal Securities (PVT) Ltd.,Infinity Securities Limited,100,265.0,26500.0,2025-07-31 14:31:50.976243
2025-07-31,36403,2025073101053407,NMB,Sweta Securities Private Limited,Infinity Securities Limited,140,265.0,37100.0,2025-07-31 14:31:50.976316
2025-07-31,36402,2025073101053408,NMB,Malla & Malla Stock Broking Company Pvt. Limited,Infinity Securities Limited,1000,265.0,265000.0,2025-07-31 14:31:50.976391
2025-07-31,36401,2025073101053409,NMB,SUN SECURITIES PVT LTD,Infinity Securities Limited,500,265.0,132500.0,2025-07-31 14:31:50.976479
2025-07-31,36400,2025073101053410,NMB,Naasa Securities Co. Ltd.,Infinity Securities Limited,100,265.0,26500.0,2025-07-31 14:31:50.976554
2025-07-31,36399,2025073101053411,NMB,Agrawal Securities (PVT) Ltd.,Infinity Securities Limited,180,265.0,47700.0,2025-07-31 14:31:50.976629
2025-07-31,36398,2025073101053412,NMB,Naasa Securities Co. Ltd.,Infinity Securities Limited,100,265.0,26500.0,2025-07-31 14:31:50.976704
2025-07-31,36397,2025073101053413,NMB,Kumari Securities Private Limited,Infinity Securities Limited,200,265.0,53000.0,2025-07-31 14:31:50.976782
2025-07-31,36396,2025073101053414,NMB,Online Securities Pvt. Ltd.,Infinity Securities Limited,200,265.0,53000.0,2025-07-31 14:31:50.976875
2025-07-31,36395,2025073101053415,NMB,Sumeru Securities Pvt. Ltd.,Infinity Securities Limited,100,265.0,26500.0,2025-07-31 14:31:50.976968
2025-07-31,36394,2025073101053416,NMB,Kumari Securities Private Limited,Infinity Securities Limited,150,265.0,39750.0,2025-07-31 14:31:50.977052
2025-07-31,36393,2025073101053417,NMB,Sumeru Securities Pvt. Ltd.,Infinity Securities Limited,100,265.0,26500.0,2025-07-31 14:31:50.977125
2025-07-31,36392,2025073101053418,NMB,Cristal Kanchanjanga Securites Pvt. Ltd.,Infinity Securities Limited,370,265.0,98050.0,2025-07-31 14:31:50.977198
2025-07-31,36391,2025073101053419,NMB,Sharepro Securities Private Limited,Infinity Securities Limited,100,265.0,26500.0,2025-07-31 14:31:50.977273
2025-07-31,36390,2025073101053420,NMB,KALASH STOCK MARKET PVT. LTD.,Infinity Securities Limited,234,265.0,62010.0,2025-07-31 14:31:50.977347
2025-07-31,36045,2025073101053558,NMB,Dipshikha Dhitopatra Karobar Co. Pvt Ltd.,Infinity Securities Limited,25,265.0,6625.0,2025-07-31 14:32:18.322035
2025-07-31,34987,2025073101053954,NMB,Naasa Securities Co. Ltd.,Imperial Securities Company Pvt. Ltd.,500,264.7,132350.0,2025-07-31 14:33:37.093495
2025-07-31,34986,2025073101053955,NMB,Neev Securities Pvt. Ltd.,Imperial Securities Company Pvt. Ltd.,100,264.7,26470.0,2025-07-31 14:33:37.093682
2025-07-31,34985,2025073101053956,NMB,Neev Securities Pvt. Ltd.,Imperial Securities Company Pvt. Ltd.,100,264.7,26470.0,2025-07-31 14:33:37.093757
2025-07-31,34984,2025073101053957,NMB,Naasa Securities Co. Ltd.,Imperial Securities Company Pvt. Ltd.,338,264.6,89434.8,2025-07-31 14:33:37.093832
2025-07-31,34335,2025073101054244,NMB,Naasa Securities Co. Ltd.,Siprabi Securities Pvt. Ltd.,162,264.6,42865.2,2025-07-31 14:34:16.483298
2025-07-31,34334,2025073101054245,NMB,South Asian Bulls Pvt. Ltd.,Siprabi Securities Pvt. Ltd.,100,264.6,26460.0,2025-07-31 14:34:16.483479
2025-07-31,34333,2025073101054246,NMB,Siprabi Securities Pvt. Ltd.,Siprabi Securities Pvt. Ltd.,30,264.5,7935.0,2025-07-31 14:34:16.483561
2025-07-31,34332,2025073101054247,NMB,Asian Securities Private Ltd.,Siprabi Securities Pvt. Ltd.,500,264.3,132150.0,2025-07-31 14:34:16.483641
2025-07-31,34331,2025073101054248,NMB,Thrive Brokerage House Pvt. Ltd,Siprabi Securities Pvt. Ltd.,50,264.3,13215.0,2025-07-31 14:34:16.483716
2025-07-31,34330,2025073101054249,NMB,Nepal Stock House (PVT) Ltd.,Siprabi Securities Pvt. Ltd.,158,264.3,41759.4,2025-07-31 14:34:16.483786
2025-07-31,33456,2025073101054487,NMB,Trishakti Securities Public Limited,Imperial Securities Company Pvt. Ltd.,100,264.8,26480.0,2025-07-31 14:35:16.529713
2025-07-31,33455,2025073101054488,NMB,Trishakti Securities Public Limited,Infinity Securities Limited,400,265.0,106000.0,2025-07-31 14:35:16.529911
2025-07-31,33341,2025073101054522,NMB,Nepal Stock House (PVT) Ltd.,Deevyaa Securities & Stock House Pvt. Ltd,36,264.3,9514.8,2025-07-31 14:35:26.289896
2025-07-31,33238,2025073101054544,NMB,Nepal Stock House (PVT) Ltd.,Infinity Securities Limited,9000,265.0,2385000.0,2025-07-31 14:35:32.296990
2025-07-31,31621,2025073101055104,NMB,Kumari Securities Private Limited,Infinity Securities Limited,100,265.0,26500.0,2025-07-31 14:37:29.830252
2025-07-31,31247,2025073101055260,NMB,Imperial Securities Company Pvt. Ltd.,Imperial Securities Company Pvt. Ltd.,60,264.4,15864.0,2025-07-31 14:37:56.579684
2025-07-31,30822,2025073101055360,NMB,Nepal Stock House (PVT) Ltd.,Infinity Securities Limited,632,265.0,167480.0,2025-07-31 14:38:27.657832
2025-07-31,30821,2025073101055361,NMB,Nepal Stock House (PVT) Ltd.,Primo Securities (PVT) Ltd.,38,265.0,10070.0,2025-07-31 14:38:27.658005
2025-07-31,30820,2025073101055362,NMB,Nepal Stock House (PVT) Ltd.,Thrive Brokerage House Pvt. Ltd,81,265.0,21465.0,2025-07-31 14:38:27.658083
2025-07-31,30819,2025073101055363,NMB,Nepal Stock House (PVT) Ltd.,Opal Securities Investment (PVT) Ltd.,1000,265.0,265000.0,2025-07-31 14:38:27.658153
2025-07-31,28291,2025073101056191,NMB,Oxford Securities Pvt. Ltd.,Dakshinkali Investment & Securities Pvt. Ltd.,500,265.0,132500.0,2025-07-31 14:42:01.697328
2025-07-31,27979,2025073101056332,NMB,Secured Securities Ltd.,Sani Securities Company Ltd.,5,259.8,1299.0,2025-07-31 14:42:29.479140
2025-07-31,27672,2025073101056405,NMB,Secured Securities Ltd.,Oxford Securities Pvt. Ltd.,6,260.0,1560.0,2025-07-31 14:42:48.425340
2025-07-31,27419,2025073101056508,NMB,Secured Securities Ltd.,Oxford Securities Pvt. Ltd.,1,260.0,260.0,2025-07-31 14:43:11.295675
2025-07-31,27068,2025073101056619,NMB,Secured Securities Ltd.,Dipshikha Dhitopatra Karobar Co. Pvt Ltd.,1,260.3,260.3,2025-07-31 14:43:40.378857
2025-07-31,26114,2025073101056860,NMB,Oxford Securities Pvt. Ltd.,Thrive Brokerage House Pvt. Ltd,100,265.0,26500.0,2025-07-31 14:44:37.942748
2025-07-31,26002,2025073101056903,NMB,Sewa Securities Pvt. Ltd.,Oxford Securities Pvt. Ltd.,50,265.1,13255.0,2025-07-31 14:44:43.866818
2025-07-31,25910,2025073101056928,NMB,Oxford Securities Pvt. Ltd.,Oxford Securities Pvt. Ltd.,600,265.0,159000.0,2025-07-31 14:44:49.903594
2025-07-31,24905,2025073101057147,NMB,Oxford Securities Pvt. Ltd.,Linch Stock Market Ltd.,500,265.0,132500.0,2025-07-31 14:45:41.038504
2025-07-31,24445,2025073101057382,NMB,Secured Securities Ltd.,Secured Securities Ltd.,10,266.0,2660.0,2025-07-31 14:46:02.521769
2025-07-31,22958,2025073101057778,NMB,Oxford Securities Pvt. Ltd.,Siprabi Securities Pvt. Ltd.,103,265.0,27295.0,2025-07-31 14:47:19.062170
2025-07-31,22957,2025073101057779,NMB,Imperial Securities Company Pvt. Ltd.,Siprabi Securities Pvt. Ltd.,30,265.0,7950.0,2025-07-31 14:47:19.062580
2025-07-31,22956,2025073101057780,NMB,Sri Hari Securities Pvt. Ltd.,Siprabi Securities Pvt. Ltd.,67,265.0,17755.0,2025-07-31 14:47:19.062804
2025-07-31,22851,2025073101057824,NMB,Sri Hari Securities Pvt. Ltd.,Sundhara Securities Limited,33,265.0,8745.0,2025-07-31 14:47:22.905634
2025-07-31,22850,2025073101057825,NMB,Imperial Securities Company Pvt. Ltd.,Sundhara Securities Limited,100,264.5,26450.0,2025-07-31 14:47:22.905821
2025-07-31,22849,2025073101057826,NMB,Imperial Securities Company Pvt. Ltd.,Sundhara Securities Limited,315,264.4,83286.0,2025-07-31 14:47:22.905899
2025-07-31,21399,2025073101058238,NMB,Imperial Securities Company Pvt. Ltd.,Online Securities Pvt. Ltd.,100,264.4,26440.0,2025-07-31 14:48:25.935308
2025-07-31,19381,2025073101058827,NMB,Bhrikuti Stock Broking Co. Pvt. Ltd.,Sewa Securities Pvt. Ltd.,6,260.3,1561.8,2025-07-31 14:49:47.896871
2025-07-31,17921,2025073101059281,NMB,Naasa Securities Co. Ltd.,Siprabi Securities Pvt. Ltd.,23,265.9,6115.7,2025-07-31 14:50:50.557264
2025-07-31,16879,2025073101059625,NMB,Imperial Securities Company Pvt. Ltd.,Midas Stock Broking Company Private Limited,25,264.4,6610.0,2025-07-31 14:51:32.619175
2025-07-31,16878,2025073101059626,NMB,Nepal Stock House (PVT) Ltd.,Midas Stock Broking Company Private Limited,125,264.4,33050.0,2025-07-31 14:51:32.619350
2025-07-31,15218,2025073101060145,NMB,Aryatara Investment & Securities,Agrawal Securities (PVT) Ltd.,300,264.5,79350.0,2025-07-31 14:52:36.260453
2025-07-31,15079,2025073101060186,NMB,Nepal Stock House (PVT) Ltd.,Premier Securities Company Ltd.,81,264.4,21416.4,2025-07-31 14:52:42.404599
2025-07-31,15077,2025073101060187,NMB,Sani Securities Company Ltd.,Premier Securities Company Ltd.,200,264.4,52880.0,2025-07-31 14:52:42.404830
2025-07-31,15076,2025073101060188,NMB,Sundhara Securities Limited,Premier Securities Company Ltd.,219,264.4,57903.6,2025-07-31 14:52:42.404902
2025-07-31,14694,2025073101060270,NMB,Sundhara Securities Limited,Ashutosh Brokerage & Securities (PVT) Ltd.,20,264.4,5288.0,2025-07-31 14:52:56.850219
2025-07-31,14347,2025073101060380,NMB,Sundhara Securities Limited,Agrawal Securities (PVT) Ltd.,975,264.4,257790.0,2025-07-31 14:53:08.666271
2025-07-31,12114,2025073101061007,NMB,Creative Securities Pvt Ltd,Kumari Securities Private Limited,500,265.0,132500.0,2025-07-31 14:54:34.485994
2025-07-31,12113,2025073101061008,NMB,Creative Securities Pvt Ltd,Midas Stock Broking Company Private Limited,112,265.0,29680.0,2025-07-31 14:54:34.486186
2025-07-31,12112,2025073101061009,NMB,Creative Securities Pvt Ltd,Siprabi Securities Pvt. Ltd.,947,265.9,251807.3,2025-07-31 14:54:34.486269
2025-07-31,12111,2025073101061010,NMB,Creative Securities Pvt Ltd,Arun Securities (PVT) Ltd.,110,265.9,29249.0,2025-07-31 14:54:34.486347
2025-07-31,12110,2025073101061011,NMB,Creative Securities Pvt Ltd,Secured Securities Ltd.,143,266.0,38038.0,2025-07-31 14:54:34.486425
2025-07-31,12109,2025073101061012,NMB,Creative Securities Pvt Ltd,Vision Securities Pvt. Ltd,225,266.0,59850.0,2025-07-31 14:54:34.486500
2025-07-31,12044,2025073101061030,NMB,Creative Securities Pvt Ltd,Creative Securities Pvt Ltd,200,266.0,53200.0,2025-07-31 14:54:36.493695
2025-07-31,11996,2025073101061037,NMB,Creative Securities Pvt Ltd,Linch Stock Market Ltd.,343,266.0,91238.0,2025-07-31 14:54:37.281731
2025-07-31,11528,2025073101061170,NMB,Creative Securities Pvt Ltd,Kumari Securities Private Limited,420,266.0,111720.0,2025-07-31 14:54:57.441991
2025-07-31,8740,2025073101062038,NMB,Malla & Malla Stock Broking Company Pvt. Limited,Trishakti Securities Public Limited,734,264.5,194143.0,2025-07-31 14:56:37.629936
2025-07-31,8656,2025073101062111,NMB,Malla & Malla Stock Broking Company Pvt. Limited,Investment Management Nepal Pvt. Ltd.,500,264.5,132250.0,2025-07-31 14:56:38.945153
2025-07-31,4332,2025073101063470,NMB,Malla & Malla Stock Broking Company Pvt. Limited,Dynamic Money Managers Securities Pvt. Ltd.,66,264.5,17457.0,2025-07-31 14:58:45.883463
2025-07-31,4331,2025073101063471,NMB,Agrawal Securities (PVT) Ltd.,Dynamic Money Managers Securities Pvt. Ltd.,184,264.5,48668.0,2025-07-31 14:58:45.883623
2025-07-31,4330,2025073101063472,NMB,Agrawal Securities (PVT) Ltd.,Miyo Securities Pvt Ltd,16,264.5,4232.0,2025-07-31 14:58:45.890852
2025-07-31,4329,2025073101063473,NMB,Vision Securities Pvt. Ltd,Miyo Securities Pvt Ltd,500,264.5,132250.0,2025-07-31 14:58:45.890956
2025-07-31,4096,2025073101063574,NMB,Sundhara Securities Limited,Dynamic Money Managers Securities Pvt. Ltd.,1000,264.4,264400.0,2025-07-31 14:58:50.786587
2025-07-31,3816,2025073101063672,NMB,Sundhara Securities Limited,Miyo Securities Pvt Ltd,58,264.4,15335.2,2025-07-31 14:58:57.940858
2025-07-31,2202,2025073101064141,NMB,Sundhara Securities Limited,Siprabi Securities Pvt. Ltd.,100,264.4,26440.0,2025-07-31 14:59:27.134729
2025-07-31,2081,2025073101064194,NMB,Sundhara Securities Limited,Premier Securities Company Ltd.,245,264.4,64778.0,2025-07-31 14:59:28.687187
2025-07-31,129,2025073101064717,NMB,Sundhara Securities Limited,Naasa Securities Co. Ltd.,300,264.4,79320.0,2025-07-31 14:59:58.173073
