Date,S.N.,Contract ID,Symbol,Buyer Broker,Seller Broker,volume,rate,amount,transaction_time
2025-07-31,168207,2025073103000086,RLFL,Property Wiard Limited,Siprabi Securities Pvt. Ltd.,19,515.0,9785.0,2025-07-31 11:01:10.314708
2025-07-31,166991,2025073103000395,RLFL,Naasa Securities Co. Ltd.,NIMB Stock Markets Limited,10,517.0,5170.0,2025-07-31 11:03:44.647481
2025-07-31,166990,2025073103000396,RLFL,Ashutosh Brokerage & Securities (PVT) Ltd.,NIMB Stock Markets Limited,115,517.0,59455.0,2025-07-31 11:03:44.647618
2025-07-31,166947,2025073103000402,RLFL,Sweta Securities Private Limited,Dipshikha Dhitopatra Karobar Co. Pvt Ltd.,200,525.0,105000.0,2025-07-31 11:03:50.701829
2025-07-31,164708,2025073103000950,RLFL,Naasa Securities Co. Ltd.,Trishakti Securities Public Limited,10,518.2,5182.0,2025-07-31 11:07:33.509835
2025-07-31,164707,2025073103000951,RLFL,Naasa Securities Co. Ltd.,Trishakti Securities Public Limited,10,518.1,5181.0,2025-07-31 11:07:33.509980
2025-07-31,164706,2025073103000952,RLFL,Aryatara Investment & Securities,Trishakti Securities Public Limited,300,518.1,155430.0,2025-07-31 11:07:33.510103
2025-07-31,164705,2025073103000953,RLFL,Sri Hari Securities Pvt. Ltd.,Trishakti Securities Public Limited,125,518.0,64750.0,2025-07-31 11:07:33.510201
2025-07-31,164704,2025073103000954,RLFL,Ashutosh Brokerage & Securities (PVT) Ltd.,Trishakti Securities Public Limited,85,517.0,43945.0,2025-07-31 11:07:33.510301
2025-07-31,164703,2025073103000955,RLFL,Nagarik Stock Dealer ,Trishakti Securities Public Limited,100,517.0,51700.0,2025-07-31 11:07:33.510393
2025-07-31,164303,2025073103001059,RLFL,Primo Securities (PVT) Ltd.,Opal Securities Investment (PVT) Ltd.,250,516.6,129150.0,2025-07-31 11:08:09.202337
2025-07-31,163756,2025073103001137,RLFL,Premier Securities Company Ltd.,Opal Securities Investment (PVT) Ltd.,100,516.6,51660.0,2025-07-31 11:08:59.615970
2025-07-31,163717,2025073103001151,RLFL,Imperial Securities Company Pvt. Ltd.,Opal Securities Investment (PVT) Ltd.,50,516.6,25830.0,2025-07-31 11:09:03.249884
2025-07-31,162156,2025073103001462,RLFL,Trishakti Securities Public Limited,Oxford Securities Pvt. Ltd.,50,516.7,25835.0,2025-07-31 11:11:13.621295
2025-07-31,161928,2025073103001498,RLFL,Imperial Securities Company Pvt. Ltd.,Oxford Securities Pvt. Ltd.,50,516.6,25830.0,2025-07-31 11:11:29.833538
2025-07-31,161927,2025073103001499,RLFL,Nabil Stock Dealer Ltd.,Oxford Securities Pvt. Ltd.,50,516.1,25805.0,2025-07-31 11:11:29.833694
2025-07-31,161669,2025073103001549,RLFL,Nabil Stock Dealer Ltd.,Oxford Securities Pvt. Ltd.,100,516.1,51610.0,2025-07-31 11:11:49.910527
2025-07-31,161039,2025073103001654,RLFL,Nabil Stock Dealer Ltd.,Deevyaa Securities & Stock House Pvt. Ltd,350,516.1,180635.0,2025-07-31 11:12:37.221428
2025-07-31,161038,2025073103001655,RLFL,Primo Securities (PVT) Ltd.,Deevyaa Securities & Stock House Pvt. Ltd,10,516.1,5161.0,2025-07-31 11:12:37.221493
2025-07-31,156654,2025073103002549,RLFL,Sweta Securities Private Limited,Trishakti Securities Public Limited,48,523.0,25104.0,2025-07-31 11:18:02.866301
2025-07-31,153885,2025073103003091,RLFL,Sweta Securities Private Limited,Trishakti Securities Public Limited,92,523.0,48116.0,2025-07-31 11:21:33.641796
2025-07-31,153821,2025073103003104,RLFL,Sharepro Securities Private Limited,Sundhara Securities Limited,490,523.0,256270.0,2025-07-31 11:21:40.277796
2025-07-31,153530,2025073103003130,RLFL,Naasa Securities Co. Ltd.,Deevyaa Securities & Stock House Pvt. Ltd,15,524.0,7860.0,2025-07-31 11:22:00.533991
2025-07-31,153191,2025073103003176,RLFL,Naasa Securities Co. Ltd.,Deevyaa Securities & Stock House Pvt. Ltd,10,524.0,5240.0,2025-07-31 11:22:33.071205
2025-07-31,153106,2025073103003188,RLFL,Sharepro Securities Private Limited,Trishakti Securities Public Limited,10,523.0,5230.0,2025-07-31 11:22:40.653869
2025-07-31,151936,2025073103003366,RLFL,Siprabi Securities Pvt. Ltd.,Deevyaa Securities & Stock House Pvt. Ltd,25,524.0,13100.0,2025-07-31 11:24:23.082638
2025-07-31,151935,2025073103003367,RLFL,Siprabi Securities Pvt. Ltd.,Sweta Securities Private Limited,75,525.0,39375.0,2025-07-31 11:24:23.082747
2025-07-31,150738,2025073103003537,RLFL,Malla & Malla Stock Broking Company Pvt. Limited,Nabil Stock Dealer Ltd.,500,523.0,261500.0,2025-07-31 11:26:08.248265
2025-07-31,149347,2025073103003712,RLFL,Dakshinkali Investment & Securities Pvt. Ltd.,Online Securities Pvt. Ltd.,50,522.1,26105.0,2025-07-31 11:27:27.724992
2025-07-31,149346,2025073103003713,RLFL,Kalika Securities Pvt. Ltd.,Online Securities Pvt. Ltd.,60,522.1,31326.0,2025-07-31 11:27:27.725089
2025-07-31,149178,2025073103003747,RLFL,Market Securities & Exchange (PVT) Ltd.,Online Securities Pvt. Ltd.,100,522.0,52200.0,2025-07-31 11:27:38.673180
2025-07-31,149023,2025073103003779,RLFL,Siprabi Securities Pvt. Ltd.,Sundhara Securities Limited,100,521.0,52100.0,2025-07-31 11:27:46.697410
2025-07-31,148796,2025073103003828,RLFL,Naasa Securities Co. Ltd.,Online Securities Pvt. Ltd.,100,520.0,52000.0,2025-07-31 11:28:00.481210
2025-07-31,148451,2025073103003899,RLFL,R.B.B. Securities Company Ltd,Online Securities Pvt. Ltd.,200,518.1,103620.0,2025-07-31 11:28:23.778356
2025-07-31,148450,2025073103003900,RLFL,Malla & Malla Stock Broking Company Pvt. Limited,Online Securities Pvt. Ltd.,90,518.0,46620.0,2025-07-31 11:28:23.778457
2025-07-31,145992,2025073103004284,RLFL,Oxford Securities Pvt. Ltd.,Sundhara Securities Limited,50,520.0,26000.0,2025-07-31 11:31:16.677769
2025-07-31,145557,2025073103004334,RLFL,Kalika Securities Pvt. Ltd.,Linch Stock Market Ltd.,100,521.0,52100.0,2025-07-31 11:31:47.561126
2025-07-31,143452,2025073103004625,RLFL,Cristal Kanchanjanga Securites Pvt. Ltd.,Linch Stock Market Ltd.,15,521.0,7815.0,2025-07-31 11:34:11.717560
2025-07-31,130334,2025073103006261,RLFL,Cristal Kanchanjanga Securites Pvt. Ltd.,SUN SECURITIES PVT LTD,20,520.0,10400.0,2025-07-31 11:49:28.814867
2025-07-31,130333,2025073103006262,RLFL,Cristal Kanchanjanga Securites Pvt. Ltd.,SUN SECURITIES PVT LTD,10,519.0,5190.0,2025-07-31 11:49:28.814968
2025-07-31,130332,2025073103006263,RLFL,Malla & Malla Stock Broking Company Pvt. Limited,SUN SECURITIES PVT LTD,10,518.0,5180.0,2025-07-31 11:49:28.815102
2025-07-31,130331,2025073103006264,RLFL,Neev Securities Pvt. Ltd.,SUN SECURITIES PVT LTD,460,518.0,238280.0,2025-07-31 11:49:28.815205
2025-07-31,129231,2025073103006425,RLFL,Neev Securities Pvt. Ltd.,Secured Securities Ltd.,40,518.0,20720.0,2025-07-31 11:50:49.232008
2025-07-31,129230,2025073103006426,RLFL,SUN SECURITIES PVT LTD,Secured Securities Ltd.,60,518.0,31080.0,2025-07-31 11:50:49.232109
2025-07-31,128656,2025073103006508,RLFL,Dakshinkali Investment & Securities Pvt. Ltd.,Online Securities Pvt. Ltd.,10,521.0,5210.0,2025-07-31 11:51:28.329824
2025-07-31,127425,2025073103006677,RLFL,SUN SECURITIES PVT LTD,Naasa Securities Co. Ltd.,40,518.0,20720.0,2025-07-31 11:52:44.809625
2025-07-31,124582,2025073103007128,RLFL,Sani Securities Company Ltd.,Market Securities & Exchange (PVT) Ltd.,10,518.0,5180.0,2025-07-31 11:56:33.864609
2025-07-31,124581,2025073103007129,RLFL,Aryatara Investment & Securities,Market Securities & Exchange (PVT) Ltd.,490,518.0,253820.0,2025-07-31 11:56:33.864793
2025-07-31,121635,2025073103007570,RLFL,Blue Chip Securities Ltd,Kalika Securities Pvt. Ltd.,10,518.1,5181.0,2025-07-31 12:00:40.273790
2025-07-31,121438,2025073103007592,RLFL,Aryatara Investment & Securities,Aryatara Investment & Securities,10,518.0,5180.0,2025-07-31 12:00:57.699616
2025-07-31,121437,2025073103007593,RLFL,Sundhara Securities Limited,Aryatara Investment & Securities,100,518.0,51800.0,2025-07-31 12:00:57.699814
2025-07-31,121436,2025073103007594,RLFL,Naasa Securities Co. Ltd.,Aryatara Investment & Securities,51,518.0,26418.0,2025-07-31 12:00:57.699944
2025-07-31,119554,2025073103007898,RLFL,Naasa Securities Co. Ltd.,Market Securities & Exchange (PVT) Ltd.,49,518.0,25382.0,2025-07-31 12:03:31.510682
2025-07-31,119553,2025073103007899,RLFL,Swarna Laxmi Securities Pvt. Ltd.,Market Securities & Exchange (PVT) Ltd.,100,518.0,51800.0,2025-07-31 12:03:31.510906
2025-07-31,119552,2025073103007900,RLFL,Blue Chip Securities Ltd,Market Securities & Exchange (PVT) Ltd.,350,518.0,181300.0,2025-07-31 12:03:31.511054
2025-07-31,119018,2025073103008006,RLFL,Opal Securities Investment (PVT) Ltd.,Property Wiard Limited,100,517.5,51750.0,2025-07-31 12:04:21.617013
2025-07-31,119017,2025073103008007,RLFL,Nagarik Stock Dealer ,Property Wiard Limited,100,517.5,51750.0,2025-07-31 12:04:21.617136
2025-07-31,119016,2025073103008008,RLFL,Aryatara Investment & Securities,Property Wiard Limited,100,517.0,51700.0,2025-07-31 12:04:21.617185
2025-07-31,119015,2025073103008009,RLFL,Midas Stock Broking Company Private Limited,Property Wiard Limited,200,517.0,103400.0,2025-07-31 12:04:21.617226
2025-07-31,118912,2025073103008022,RLFL,Opal Securities Investment (PVT) Ltd.,Property Wiard Limited,30,516.6,15498.0,2025-07-31 12:04:33.648340
2025-07-31,118911,2025073103008023,RLFL,Linch Stock Market Ltd.,Property Wiard Limited,100,516.4,51640.0,2025-07-31 12:04:33.648566
2025-07-31,118910,2025073103008024,RLFL,Primo Securities (PVT) Ltd.,Property Wiard Limited,10,516.1,5161.0,2025-07-31 12:04:33.648686
2025-07-31,118909,2025073103008025,RLFL,Imperial Securities Company Pvt. Ltd.,Property Wiard Limited,10,516.0,5160.0,2025-07-31 12:04:33.648802
2025-07-31,118908,2025073103008026,RLFL,Kohinoor Investment & Securities Pvt. Ltd.,Property Wiard Limited,20,516.0,10320.0,2025-07-31 12:04:33.648913
2025-07-31,118907,2025073103008027,RLFL,Linch Stock Market Ltd.,Property Wiard Limited,100,516.0,51600.0,2025-07-31 12:04:33.649015
2025-07-31,118723,2025073103008046,RLFL,Online Securities Pvt. Ltd.,Property Wiard Limited,230,515.1,118473.0,2025-07-31 12:04:51.685102
2025-07-31,118637,2025073103008058,RLFL,Midas Stock Broking Company Private Limited,Kohinoor Investment & Securities Pvt. Ltd.,150,517.0,77550.0,2025-07-31 12:05:00.548342
2025-07-31,118110,2025073103008120,RLFL,Blue Chip Securities Ltd,Market Securities & Exchange (PVT) Ltd.,10,515.2,5152.0,2025-07-31 12:05:43.965806
2025-07-31,118109,2025073103008121,RLFL,Online Securities Pvt. Ltd.,Market Securities & Exchange (PVT) Ltd.,70,515.1,36057.0,2025-07-31 12:05:43.965909
2025-07-31,118108,2025073103008122,RLFL,Nepal Stock House (PVT) Ltd.,Market Securities & Exchange (PVT) Ltd.,200,515.1,103020.0,2025-07-31 12:05:43.965953
2025-07-31,117090,2025073103008275,RLFL,Naasa Securities Co. Ltd.,Asian Securities Private Ltd.,2,515.0,1030.0,2025-07-31 12:07:10.425997
2025-07-31,115691,2025073103008473,RLFL,Naasa Securities Co. Ltd.,Arun Securities (PVT) Ltd.,30,515.2,15456.0,2025-07-31 12:09:19.869987
2025-07-31,115690,2025073103008474,RLFL,Naasa Securities Co. Ltd.,Arun Securities (PVT) Ltd.,10,515.2,5152.0,2025-07-31 12:09:19.870112
2025-07-31,115689,2025073103008475,RLFL,Naasa Securities Co. Ltd.,Arun Securities (PVT) Ltd.,60,515.1,30906.0,2025-07-31 12:09:19.870158
2025-07-31,115199,2025073103008562,RLFL,Naasa Securities Co. Ltd.,Kohinoor Investment & Securities Pvt. Ltd.,40,515.1,20604.0,2025-07-31 12:10:05.256893
2025-07-31,115198,2025073103008563,RLFL,Imperial Securities Company Pvt. Ltd.,Kohinoor Investment & Securities Pvt. Ltd.,66,515.1,33996.6,2025-07-31 12:10:05.257004
2025-07-31,111802,2025073103009111,RLFL,SUN SECURITIES PVT LTD,Asian Securities Private Ltd.,100,516.0,51600.0,2025-07-31 12:15:21.351755
2025-07-31,111562,2025073103009170,RLFL,Dakshinkali Investment & Securities Pvt. Ltd.,Kohinoor Investment & Securities Pvt. Ltd.,10,517.0,5170.0,2025-07-31 12:15:44.031767
2025-07-31,110513,2025073103009341,RLFL,Trishakti Securities Public Limited,Kohinoor Investment & Securities Pvt. Ltd.,20,517.0,10340.0,2025-07-31 12:17:14.262515
2025-07-31,110505,2025073103009342,RLFL,Trishakti Securities Public Limited,Sumeru Securities Pvt. Ltd.,21,517.0,10857.0,2025-07-31 12:17:16.513968
2025-07-31,109644,2025073103009532,RLFL,Sani Securities Company Ltd.,Online Securities Pvt. Ltd.,13,521.0,6773.0,2025-07-31 12:18:37.392243
2025-07-31,104487,2025073103010469,RLFL,Imperial Securities Company Pvt. Ltd.,K.B.L. Securities Limited ,100,521.0,52100.0,2025-07-31 12:27:24.336178
2025-07-31,103613,2025073103010561,RLFL,Imperial Securities Company Pvt. Ltd.,Secured Securities Ltd.,475,521.0,247475.0,2025-07-31 12:28:13.492060
2025-07-31,102553,2025073103010766,RLFL,Nabil Stock Dealer Ltd.,Opal Securities Investment (PVT) Ltd.,500,518.1,259050.0,2025-07-31 12:29:48.040805
2025-07-31,102552,2025073103010767,RLFL,SUN SECURITIES PVT LTD,Opal Securities Investment (PVT) Ltd.,50,518.0,25900.0,2025-07-31 12:29:48.040923
2025-07-31,102551,2025073103010768,RLFL,Arun Securities (PVT) Ltd.,Opal Securities Investment (PVT) Ltd.,210,518.0,108780.0,2025-07-31 12:29:48.040971
2025-07-31,102550,2025073103010769,RLFL,Trishakti Securities Public Limited,Opal Securities Investment (PVT) Ltd.,159,517.0,82203.0,2025-07-31 12:29:48.041020
2025-07-31,102549,2025073103010770,RLFL,Aryatara Investment & Securities,Opal Securities Investment (PVT) Ltd.,500,516.0,258000.0,2025-07-31 12:29:48.041070
2025-07-31,102548,2025073103010771,RLFL,Imperial Securities Company Pvt. Ltd.,Opal Securities Investment (PVT) Ltd.,34,515.6,17530.4,2025-07-31 12:29:48.041117
2025-07-31,102547,2025073103010772,RLFL,Online Securities Pvt. Ltd.,Opal Securities Investment (PVT) Ltd.,40,515.5,20620.0,2025-07-31 12:29:48.041163
2025-07-31,102546,2025073103010773,RLFL,Malla & Malla Stock Broking Company Pvt. Limited,Opal Securities Investment (PVT) Ltd.,15,515.5,7732.5,2025-07-31 12:29:48.041207
2025-07-31,102545,2025073103010774,RLFL,Opal Securities Investment (PVT) Ltd.,Opal Securities Investment (PVT) Ltd.,39,515.4,20100.6,2025-07-31 12:29:48.041251
2025-07-31,100009,2025073103011276,RLFL,ABC Securities Private Limited,Primo Securities (PVT) Ltd.,105,517.1,54295.5,2025-07-31 12:33:31.770587
2025-07-31,98125,2025073103011570,RLFL,Arun Securities (PVT) Ltd.,Secured Securities Ltd.,25,521.0,13025.0,2025-07-31 12:36:00.351592
2025-07-31,98124,2025073103011571,RLFL,Arun Securities (PVT) Ltd.,Online Securities Pvt. Ltd.,10,522.0,5220.0,2025-07-31 12:36:00.351871
2025-07-31,98123,2025073103011572,RLFL,Arun Securities (PVT) Ltd.,J.F. Securites (PVT) Ltd.,23,522.0,12006.0,2025-07-31 12:36:00.352063
2025-07-31,98105,2025073103011573,RLFL,Aakashbhairab Securities Ltd.,J.F. Securites (PVT) Ltd.,27,522.0,14094.0,2025-07-31 12:36:01.934219
2025-07-31,98104,2025073103011574,RLFL,Aakashbhairab Securities Ltd.,ABC Securities Private Limited,20,522.0,10440.0,2025-07-31 12:36:01.934334
2025-07-31,98103,2025073103011575,RLFL,Aakashbhairab Securities Ltd.,Capital Hub P. Ltd,453,522.8,236828.4,2025-07-31 12:36:01.934388
2025-07-31,95967,2025073103011900,RLFL,Swarna Laxmi Securities Pvt. Ltd.,Capital Hub P. Ltd,47,522.8,24571.6,2025-07-31 12:38:59.596407
2025-07-31,95966,2025073103011901,RLFL,Swarna Laxmi Securities Pvt. Ltd.,Capital Hub P. Ltd,453,522.9,236873.7,2025-07-31 12:38:59.596542
2025-07-31,95173,2025073103012066,RLFL,Sweta Securities Private Limited,Capital Hub P. Ltd,47,522.9,24576.3,2025-07-31 12:40:29.572671
2025-07-31,95172,2025073103012067,RLFL,Sweta Securities Private Limited,Nabil Stock Dealer Ltd.,759,523.0,396957.0,2025-07-31 12:40:29.572912
2025-07-31,93858,2025073103012296,RLFL,Naasa Securities Co. Ltd.,Nabil Stock Dealer Ltd.,30,523.0,15690.0,2025-07-31 12:43:06.816128
2025-07-31,93521,2025073103012342,RLFL,Naasa Securities Co. Ltd.,Nabil Stock Dealer Ltd.,20,523.0,10460.0,2025-07-31 12:43:49.501479
2025-07-31,92321,2025073103012541,RLFL,Naasa Securities Co. Ltd.,Pragyan Securities (PVT) Ltd.,2,515.0,1030.0,2025-07-31 12:45:49.328130
2025-07-31,91706,2025073103012649,RLFL,Primo Securities (PVT) Ltd.,Aryatara Investment & Securities,100,521.0,52100.0,2025-07-31 12:46:48.823890
2025-07-31,90240,2025073103012944,RLFL,Primo Securities (PVT) Ltd.,Nepal Stock House (PVT) Ltd.,241,521.0,125561.0,2025-07-31 12:49:23.588663
2025-07-31,90239,2025073103012945,RLFL,Naasa Securities Co. Ltd.,Nepal Stock House (PVT) Ltd.,50,520.0,26000.0,2025-07-31 12:49:23.588899
2025-07-31,90238,2025073103012946,RLFL,Sharepro Securities Private Limited,Nepal Stock House (PVT) Ltd.,200,518.1,103620.0,2025-07-31 12:49:23.589071
2025-07-31,90237,2025073103012947,RLFL,INDEX SECURITIES LIMITED,Nepal Stock House (PVT) Ltd.,659,518.0,341362.0,2025-07-31 12:49:23.589229
2025-07-31,88773,2025073103013170,RLFL,Naasa Securities Co. Ltd.,Nabil Stock Dealer Ltd.,10,523.0,5230.0,2025-07-31 12:52:04.016710
2025-07-31,81091,2025073103014731,RLFL,Midas Stock Broking Company Private Limited,Linch Stock Market Ltd.,100,522.0,52200.0,2025-07-31 13:10:25.403080
2025-07-31,80911,2025073103014775,RLFL,Swarna Laxmi Securities Pvt. Ltd.,Linch Stock Market Ltd.,10,522.0,5220.0,2025-07-31 13:10:54.295712
2025-07-31,80910,2025073103014776,RLFL,Swarna Laxmi Securities Pvt. Ltd.,Siprabi Securities Pvt. Ltd.,180,522.0,93960.0,2025-07-31 13:10:54.295838
2025-07-31,79905,2025073103015004,RLFL,Kohinoor Investment & Securities Pvt. Ltd.,Siprabi Securities Pvt. Ltd.,20,522.0,10440.0,2025-07-31 13:13:20.380251
2025-07-31,78939,2025073103015192,RLFL,Online Securities Pvt. Ltd.,Nabil Stock Dealer Ltd.,200,523.0,104600.0,2025-07-31 13:15:12.468332
2025-07-31,77829,2025073103015478,RLFL,Kumari Securities Private Limited,Nabil Stock Dealer Ltd.,480,523.0,251040.0,2025-07-31 13:17:23.097146
2025-07-31,77828,2025073103015479,RLFL,Kumari Securities Private Limited,Secured Securities Ltd.,240,523.0,125520.0,2025-07-31 13:17:23.097338
2025-07-31,77827,2025073103015480,RLFL,Kumari Securities Private Limited,Kohinoor Investment & Securities Pvt. Ltd.,50,523.0,26150.0,2025-07-31 13:17:23.097405
2025-07-31,77826,2025073103015481,RLFL,Kumari Securities Private Limited,Arun Securities (PVT) Ltd.,61,523.0,31903.0,2025-07-31 13:17:23.097461
2025-07-31,77825,2025073103015482,RLFL,Kumari Securities Private Limited,J.F. Securites (PVT) Ltd.,10,525.0,5250.0,2025-07-31 13:17:23.097514
2025-07-31,77824,2025073103015483,RLFL,Kumari Securities Private Limited,Sweta Securities Private Limited,25,525.0,13125.0,2025-07-31 13:17:23.097566
2025-07-31,77823,2025073103015484,RLFL,Kumari Securities Private Limited,Investment Management Nepal Pvt. Ltd.,1134,525.0,595350.0,2025-07-31 13:17:23.097618
2025-07-31,76522,2025073103015869,RLFL,Online Securities Pvt. Ltd.,Investment Management Nepal Pvt. Ltd.,200,525.0,105000.0,2025-07-31 13:19:58.680450
2025-07-31,76295,2025073103015927,RLFL,Aryatara Investment & Securities,Investment Management Nepal Pvt. Ltd.,50,525.0,26250.0,2025-07-31 13:20:32.070834
2025-07-31,76255,2025073103015942,RLFL,Arun Securities (PVT) Ltd.,Investment Management Nepal Pvt. Ltd.,500,525.0,262500.0,2025-07-31 13:20:35.051067
2025-07-31,75988,2025073103015985,RLFL,Deevyaa Securities & Stock House Pvt. Ltd,Investment Management Nepal Pvt. Ltd.,100,525.0,52500.0,2025-07-31 13:20:52.247116
2025-07-31,75587,2025073103016054,RLFL,Kumari Securities Private Limited,Investment Management Nepal Pvt. Ltd.,20,525.0,10500.0,2025-07-31 13:21:41.782521
2025-07-31,73894,2025073103016436,RLFL,Arun Securities (PVT) Ltd.,Investment Management Nepal Pvt. Ltd.,148,525.0,77700.0,2025-07-31 13:24:43.441355
2025-07-31,73893,2025073103016437,RLFL,Arun Securities (PVT) Ltd.,Sundhara Securities Limited,32,525.0,16800.0,2025-07-31 13:24:43.441493
2025-07-31,72810,2025073103016633,RLFL,Premier Securities Company Ltd.,Asian Securities Private Ltd.,100,526.0,52600.0,2025-07-31 13:26:37.709786
2025-07-31,72809,2025073103016634,RLFL,Premier Securities Company Ltd.,Vision Securities Pvt. Ltd,60,526.0,31560.0,2025-07-31 13:26:37.709893
2025-07-31,72212,2025073103016796,RLFL,Sani Securities Company Ltd.,South Asian Bulls Pvt. Ltd.,50,527.0,26350.0,2025-07-31 13:27:35.986902
2025-07-31,71998,2025073103016851,RLFL,Sumeru Securities Pvt. Ltd.,Trishakti Securities Public Limited,500,528.0,264000.0,2025-07-31 13:27:51.695176
2025-07-31,71997,2025073103016852,RLFL,Sumeru Securities Pvt. Ltd.,Neev Securities Pvt. Ltd.,500,528.0,264000.0,2025-07-31 13:27:51.695502
2025-07-31,70591,2025073103017180,RLFL,Creative Securities Pvt Ltd,Dynamic Money Managers Securities Pvt. Ltd.,50,528.3,26415.0,2025-07-31 13:29:36.183141
2025-07-31,70306,2025073103017275,RLFL,Kalika Securities Pvt. Ltd.,Dynamic Money Managers Securities Pvt. Ltd.,230,528.3,121509.0,2025-07-31 13:29:55.243895
2025-07-31,69984,2025073103017396,RLFL,Nepal Stock House (PVT) Ltd.,Dynamic Money Managers Securities Pvt. Ltd.,169,528.3,89282.7,2025-07-31 13:30:22.640854
2025-07-31,69983,2025073103017397,RLFL,Nepal Stock House (PVT) Ltd.,Trishakti Securities Public Limited,231,528.3,122037.3,2025-07-31 13:30:22.640991
2025-07-31,69956,2025073103017408,RLFL,Kalika Securities Pvt. Ltd.,Trishakti Securities Public Limited,30,528.3,15849.0,2025-07-31 13:30:24.736187
2025-07-31,69083,2025073103017603,RLFL,Siprabi Securities Pvt. Ltd.,Naasa Securities Co. Ltd.,6,518.0,3108.0,2025-07-31 13:31:32.634396
2025-07-31,69066,2025073103017607,RLFL,Online Securities Pvt. Ltd.,Trishakti Securities Public Limited,120,528.3,63396.0,2025-07-31 13:31:34.447968
2025-07-31,68994,2025073103017626,RLFL,Siprabi Securities Pvt. Ltd.,Naasa Securities Co. Ltd.,2,518.0,1036.0,2025-07-31 13:31:40.707315
2025-07-31,68945,2025073103017635,RLFL,Secured Securities Ltd.,Trishakti Securities Public Limited,119,528.3,62867.7,2025-07-31 13:31:45.636200
2025-07-31,68798,2025073103017665,RLFL,Siprabi Securities Pvt. Ltd.,Ashutosh Brokerage & Securities (PVT) Ltd.,2,520.0,1040.0,2025-07-31 13:31:58.819290
2025-07-31,67837,2025073103017878,RLFL,Online Securities Pvt. Ltd.,Sri Hari Securities Pvt. Ltd.,16,529.0,8464.0,2025-07-31 13:33:38.628189
2025-07-31,67557,2025073103017955,RLFL,Aryatara Investment & Securities,Dynamic Money Managers Securities Pvt. Ltd.,30,530.0,15900.0,2025-07-31 13:34:02.837879
2025-07-31,67547,2025073103017962,RLFL,Creative Securities Pvt Ltd,Dynamic Money Managers Securities Pvt. Ltd.,50,530.0,26500.0,2025-07-31 13:34:03.255409
2025-07-31,67502,2025073103017973,RLFL,Vision Securities Pvt. Ltd,Dynamic Money Managers Securities Pvt. Ltd.,500,530.0,265000.0,2025-07-31 13:34:09.784390
2025-07-31,67269,2025073103018019,RLFL,Investment Management Nepal Pvt. Ltd.,Dynamic Money Managers Securities Pvt. Ltd.,20,530.0,10600.0,2025-07-31 13:34:32.198377
2025-07-31,66326,2025073103018253,RLFL,Online Securities Pvt. Ltd.,Dynamic Money Managers Securities Pvt. Ltd.,14,530.0,7420.0,2025-07-31 13:36:17.871996
2025-07-31,66069,2025073103018311,RLFL,Dipshikha Dhitopatra Karobar Co. Pvt Ltd.,Dynamic Money Managers Securities Pvt. Ltd.,556,530.0,294680.0,2025-07-31 13:36:49.881406
2025-07-31,66068,2025073103018312,RLFL,Dipshikha Dhitopatra Karobar Co. Pvt Ltd.,Vision Securities Pvt. Ltd,10,530.0,5300.0,2025-07-31 13:36:49.881535
2025-07-31,66067,2025073103018313,RLFL,Dipshikha Dhitopatra Karobar Co. Pvt Ltd.,Sewa Securities Pvt. Ltd.,60,530.0,31800.0,2025-07-31 13:36:49.881593
2025-07-31,66066,2025073103018314,RLFL,Dipshikha Dhitopatra Karobar Co. Pvt Ltd.,ABC Securities Private Limited,155,530.0,82150.0,2025-07-31 13:36:49.881651
2025-07-31,66065,2025073103018315,RLFL,Dipshikha Dhitopatra Karobar Co. Pvt Ltd.,Sani Securities Company Ltd.,200,530.0,106000.0,2025-07-31 13:36:49.881708
2025-07-31,66064,2025073103018316,RLFL,Dipshikha Dhitopatra Karobar Co. Pvt Ltd.,Aakashbhairab Securities Ltd.,500,530.0,265000.0,2025-07-31 13:36:49.881760
2025-07-31,64610,2025073103018585,RLFL,Vision Securities Pvt. Ltd,Siprabi Securities Pvt. Ltd.,6,523.0,3138.0,2025-07-31 13:39:21.113112
2025-07-31,64040,2025073103018687,RLFL,Blue Chip Securities Ltd,Sagarmatha Securities Private Limited,10,531.0,5310.0,2025-07-31 13:40:31.176519
2025-07-31,63155,2025073103018903,RLFL,Online Securities Pvt. Ltd.,Imperial Securities Company Pvt. Ltd.,100,529.0,52900.0,2025-07-31 13:41:47.548232
2025-07-31,62215,2025073103019141,RLFL,Market Securities & Exchange (PVT) Ltd.,Imperial Securities Company Pvt. Ltd.,200,529.0,105800.0,2025-07-31 13:42:49.039819
2025-07-31,62095,2025073103019158,RLFL,Sani Securities Company Ltd.,Citizens Share Broker Limited,50,530.0,26500.0,2025-07-31 13:42:56.072703
2025-07-31,62094,2025073103019159,RLFL,Market Securities & Exchange (PVT) Ltd.,Citizens Share Broker Limited,125,529.0,66125.0,2025-07-31 13:42:56.072842
2025-07-31,62091,2025073103019160,RLFL,Market Securities & Exchange (PVT) Ltd.,Sagarmatha Securities Private Limited,175,529.0,92575.0,2025-07-31 13:42:56.694559
2025-07-31,62090,2025073103019161,RLFL,Secured Securities Ltd.,Sagarmatha Securities Private Limited,315,528.3,166414.5,2025-07-31 13:42:56.694692
2025-07-31,61953,2025073103019212,RLFL,Secured Securities Ltd.,Dipshikha Dhitopatra Karobar Co. Pvt Ltd.,200,528.3,105660.0,2025-07-31 13:43:03.939821
2025-07-31,61567,2025073103019301,RLFL,Secured Securities Ltd.,Kohinoor Investment & Securities Pvt. Ltd.,66,528.3,34867.8,2025-07-31 13:43:23.862093
2025-07-31,61353,2025073103019355,RLFL,Vision Securities Pvt. Ltd,Malla & Malla Stock Broking Company Pvt. Limited,6,518.5,3111.0,2025-07-31 13:43:40.205663
2025-07-31,59990,2025073103019667,RLFL,Oxford Securities Pvt. Ltd.,Secured Securities Ltd.,100,527.0,52700.0,2025-07-31 13:45:28.676154
2025-07-31,58018,2025073103020211,RLFL,Oxford Securities Pvt. Ltd.,Kohinoor Investment & Securities Pvt. Ltd.,24,528.3,12679.2,2025-07-31 13:49:18.147591
2025-07-31,57523,2025073103020333,RLFL,Oxford Securities Pvt. Ltd.,Indira securities pvt. ltd,26,530.0,13780.0,2025-07-31 13:50:20.434530
2025-07-31,57413,2025073103020357,RLFL,Oxford Securities Pvt. Ltd.,Indira securities pvt. ltd,974,530.0,516220.0,2025-07-31 13:50:36.512152
2025-07-31,57412,2025073103020358,RLFL,Oxford Securities Pvt. Ltd.,Premier Securities Company Ltd.,200,530.0,106000.0,2025-07-31 13:50:36.512289
2025-07-31,57157,2025073103020421,RLFL,Sani Securities Company Ltd.,Blue Chip Securities Ltd,30,530.9,15927.0,2025-07-31 13:51:13.289339
2025-07-31,57156,2025073103020422,RLFL,Sani Securities Company Ltd.,J.F. Securites (PVT) Ltd.,10,531.4,5314.0,2025-07-31 13:51:13.289484
2025-07-31,57155,2025073103020423,RLFL,Sani Securities Company Ltd.,Vision Securities Pvt. Ltd,50,531.4,26570.0,2025-07-31 13:51:13.289565
2025-07-31,57154,2025073103020424,RLFL,Sani Securities Company Ltd.,Imperial Securities Company Pvt. Ltd.,200,532.0,106400.0,2025-07-31 13:51:13.289624
2025-07-31,57153,2025073103020425,RLFL,Sani Securities Company Ltd.,Primo Securities (PVT) Ltd.,400,533.0,213200.0,2025-07-31 13:51:13.289680
2025-07-31,57143,2025073103020427,RLFL,Sani Securities Company Ltd.,Malla & Malla Stock Broking Company Pvt. Limited,10,533.0,5330.0,2025-07-31 13:51:14.394090
2025-07-31,57142,2025073103020428,RLFL,Oxford Securities Pvt. Ltd.,Malla & Malla Stock Broking Company Pvt. Limited,26,530.0,13780.0,2025-07-31 13:51:14.394271
2025-07-31,57141,2025073103020429,RLFL,Aryatara Investment & Securities,Malla & Malla Stock Broking Company Pvt. Limited,264,530.0,139920.0,2025-07-31 13:51:14.394329
2025-07-31,56680,2025073103020528,RLFL,Stoxkarts Securities Limited,Naasa Securities Co. Ltd.,46,530.8,24416.8,2025-07-31 13:52:03.457164
2025-07-31,56594,2025073103020555,RLFL,Stoxkarts Securities Limited,Bhrikuti Stock Broking Co. Pvt. Ltd.,20,530.8,10616.0,2025-07-31 13:52:15.642647
2025-07-31,55868,2025073103020785,RLFL,Capital Max Securities Ltd,Aryatara Investment & Securities,200,534.9,106980.0,2025-07-31 13:53:47.080817
2025-07-31,55867,2025073103020786,RLFL,Capital Max Securities Ltd,Aryatara Investment & Securities,100,535.0,53500.0,2025-07-31 13:53:47.080977
2025-07-31,55866,2025073103020787,RLFL,Capital Max Securities Ltd,Capital Max Securities Ltd,100,535.0,53500.0,2025-07-31 13:53:47.081061
2025-07-31,55747,2025073103020822,RLFL,Aryatara Investment & Securities,Sundhara Securities Limited,10,531.0,5310.0,2025-07-31 13:54:03.588738
2025-07-31,55744,2025073103020825,RLFL,Dipshikha Dhitopatra Karobar Co. Pvt Ltd.,Capital Max Securities Ltd,400,535.0,214000.0,2025-07-31 13:54:04.064002
2025-07-31,54949,2025073103021035,RLFL,Dipshikha Dhitopatra Karobar Co. Pvt Ltd.,Blue Chip Securities Ltd,30,535.0,16050.0,2025-07-31 13:55:59.256996
2025-07-31,54948,2025073103021036,RLFL,Dipshikha Dhitopatra Karobar Co. Pvt Ltd.,Imperial Securities Company Pvt. Ltd.,70,535.0,37450.0,2025-07-31 13:55:59.257190
2025-07-31,54947,2025073103021037,RLFL,Dipshikha Dhitopatra Karobar Co. Pvt Ltd.,Aakashbhairab Securities Ltd.,400,535.0,214000.0,2025-07-31 13:55:59.257263
2025-07-31,54785,2025073103021075,RLFL,Sumeru Securities Pvt. Ltd.,Sani Securities Company Ltd.,200,535.0,107000.0,2025-07-31 13:56:24.805434
2025-07-31,54641,2025073103021131,RLFL,Thrive Brokerage House Pvt. Ltd,Sani Securities Company Ltd.,100,535.0,53500.0,2025-07-31 13:56:40.051864
2025-07-31,54640,2025073103021132,RLFL,Thrive Brokerage House Pvt. Ltd,Capital Max Securities Ltd,180,535.5,96390.0,2025-07-31 13:56:40.052156
2025-07-31,54639,2025073103021133,RLFL,Thrive Brokerage House Pvt. Ltd,Sumeru Securities Pvt. Ltd.,20,536.0,10720.0,2025-07-31 13:56:40.052342
2025-07-31,54638,2025073103021134,RLFL,Thrive Brokerage House Pvt. Ltd,Pragyan Securities (PVT) Ltd.,30,537.0,16110.0,2025-07-31 13:56:40.052516
2025-07-31,54637,2025073103021135,RLFL,Thrive Brokerage House Pvt. Ltd,Premier Securities Company Ltd.,10,538.7,5387.0,2025-07-31 13:56:40.052701
2025-07-31,54636,2025073103021136,RLFL,Thrive Brokerage House Pvt. Ltd,Magnet Securities and Investment Company Private Limited,200,540.0,108000.0,2025-07-31 13:56:40.052875
2025-07-31,54635,2025073103021137,RLFL,Thrive Brokerage House Pvt. Ltd,Online Securities Pvt. Ltd.,460,540.0,248400.0,2025-07-31 13:56:40.053060
2025-07-31,53948,2025073103021388,RLFL,Midas Stock Broking Company Private Limited,Online Securities Pvt. Ltd.,40,540.0,21600.0,2025-07-31 13:58:16.120362
2025-07-31,53947,2025073103021389,RLFL,Midas Stock Broking Company Private Limited,Dipshikha Dhitopatra Karobar Co. Pvt Ltd.,30,540.0,16200.0,2025-07-31 13:58:16.120522
2025-07-31,53852,2025073103021408,RLFL,Nagarik Stock Dealer ,Blue Chip Securities Ltd,50,539.9,26995.0,2025-07-31 13:58:29.663048
2025-07-31,53851,2025073103021409,RLFL,Nagarik Stock Dealer ,Dipshikha Dhitopatra Karobar Co. Pvt Ltd.,20,540.0,10800.0,2025-07-31 13:58:29.663105
2025-07-31,53833,2025073103021414,RLFL,Kumari Securities Private Limited,Primo Securities (PVT) Ltd.,30,540.0,16200.0,2025-07-31 13:58:32.104617
2025-07-31,53551,2025073103021515,RLFL,Nagarik Stock Dealer ,Primo Securities (PVT) Ltd.,70,540.0,37800.0,2025-07-31 13:59:13.749346
2025-07-31,53106,2025073103021665,RLFL,Aryatara Investment & Securities,Himalayan Brokerage Company Limited,200,539.0,107800.0,2025-07-31 14:00:11.900669
2025-07-31,53105,2025073103021666,RLFL,Aryatara Investment & Securities,Primo Securities (PVT) Ltd.,900,540.0,486000.0,2025-07-31 14:00:11.900826
2025-07-31,53104,2025073103021667,RLFL,Aryatara Investment & Securities,Trishakti Securities Public Limited,500,540.0,270000.0,2025-07-31 14:00:11.900890
2025-07-31,53103,2025073103021668,RLFL,Aryatara Investment & Securities,Primo Securities (PVT) Ltd.,60,540.0,32400.0,2025-07-31 14:00:11.900947
2025-07-31,52998,2025073103021706,RLFL,Aryatara Investment & Securities,Imperial Securities Company Pvt. Ltd.,50,539.0,26950.0,2025-07-31 14:00:28.118576
2025-07-31,52997,2025073103021707,RLFL,Aryatara Investment & Securities,Primo Securities (PVT) Ltd.,1440,540.0,777600.0,2025-07-31 14:00:28.118728
2025-07-31,52996,2025073103021708,RLFL,Aryatara Investment & Securities,Kumari Securities Private Limited,100,540.0,54000.0,2025-07-31 14:00:28.118788
2025-07-31,52779,2025073103021787,RLFL,KALASH STOCK MARKET PVT. LTD.,Aryatara Investment & Securities,100,540.6,54060.0,2025-07-31 14:00:55.761422
2025-07-31,52778,2025073103021788,RLFL,KALASH STOCK MARKET PVT. LTD.,Aryatara Investment & Securities,400,540.6,216240.0,2025-07-31 14:00:55.761531
2025-07-31,52736,2025073103021792,RLFL,Neev Securities Pvt. Ltd.,Aryatara Investment & Securities,100,540.6,54060.0,2025-07-31 14:00:56.969558
2025-07-31,52735,2025073103021793,RLFL,Neev Securities Pvt. Ltd.,Sundhara Securities Limited,100,540.6,54060.0,2025-07-31 14:00:56.969700
2025-07-31,52578,2025073103021829,RLFL,Aryatara Investment & Securities,Online Securities Pvt. Ltd.,44,540.0,23760.0,2025-07-31 14:01:16.741454
2025-07-31,52577,2025073103021830,RLFL,Aryatara Investment & Securities,Sundhara Securities Limited,450,540.6,243270.0,2025-07-31 14:01:16.741628
2025-07-31,52576,2025073103021831,RLFL,Aryatara Investment & Securities,Vision Securities Pvt. Ltd,500,541.0,270500.0,2025-07-31 14:01:16.741698
2025-07-31,52575,2025073103021832,RLFL,Aryatara Investment & Securities,Creative Securities Pvt Ltd,166,541.0,89806.0,2025-07-31 14:01:16.741757
2025-07-31,52406,2025073103021894,RLFL,Sani Securities Company Ltd.,Creative Securities Pvt Ltd,334,541.0,180694.0,2025-07-31 14:01:35.037411
2025-07-31,52405,2025073103021895,RLFL,Sani Securities Company Ltd.,Naasa Securities Co. Ltd.,10,541.0,5410.0,2025-07-31 14:01:35.037587
2025-07-31,52404,2025073103021896,RLFL,Sani Securities Company Ltd.,Premier Securities Company Ltd.,90,541.0,48690.0,2025-07-31 14:01:35.037684
2025-07-31,52387,2025073103021902,RLFL,Sani Securities Company Ltd.,Aryatara Investment & Securities,70,541.0,37870.0,2025-07-31 14:01:38.973850
2025-07-31,52353,2025073103021913,RLFL,Online Securities Pvt. Ltd.,Magnet Securities and Investment Company Private Limited,200,544.0,108800.0,2025-07-31 14:01:43.442867
2025-07-31,52352,2025073103021914,RLFL,Online Securities Pvt. Ltd.,Premier Securities Company Ltd.,300,545.0,163500.0,2025-07-31 14:01:43.442969
2025-07-31,52070,2025073103022000,RLFL,Dipshikha Dhitopatra Karobar Co. Pvt Ltd.,Premier Securities Company Ltd.,100,545.0,54500.0,2025-07-31 14:02:18.637318
2025-07-31,52069,2025073103022001,RLFL,Dipshikha Dhitopatra Karobar Co. Pvt Ltd.,Vision Securities Pvt. Ltd,150,545.0,81750.0,2025-07-31 14:02:18.637466
2025-07-31,52068,2025073103022002,RLFL,Dipshikha Dhitopatra Karobar Co. Pvt Ltd.,Investment Management Nepal Pvt. Ltd.,450,545.0,245250.0,2025-07-31 14:02:18.637568
2025-07-31,52067,2025073103022003,RLFL,Dipshikha Dhitopatra Karobar Co. Pvt Ltd.,Trishakti Securities Public Limited,300,545.0,163500.0,2025-07-31 14:02:18.637631
2025-07-31,51960,2025073103022029,RLFL,Naasa Securities Co. Ltd.,Trishakti Securities Public Limited,200,545.0,109000.0,2025-07-31 14:02:33.799946
2025-07-31,51768,2025073103022071,RLFL,Online Securities Pvt. Ltd.,Himalayan Brokerage Company Limited,50,545.0,27250.0,2025-07-31 14:02:56.610195
2025-07-31,51623,2025073103022115,RLFL,Online Securities Pvt. Ltd.,Himalayan Brokerage Company Limited,50,545.0,27250.0,2025-07-31 14:03:16.662748
2025-07-31,51598,2025073103022129,RLFL,Online Securities Pvt. Ltd.,Sundhara Securities Limited,300,545.0,163500.0,2025-07-31 14:03:19.785123
2025-07-31,51358,2025073103022196,RLFL,Arun Securities (PVT) Ltd.,Linch Stock Market Ltd.,100,545.7,54570.0,2025-07-31 14:03:43.179369
2025-07-31,51142,2025073103022253,RLFL,Imperial Securities Company Pvt. Ltd.,Trishakti Securities Public Limited,135,548.0,73980.0,2025-07-31 14:04:15.547322
2025-07-31,51050,2025073103022284,RLFL,Vision Securities Pvt. Ltd,Trishakti Securities Public Limited,100,548.0,54800.0,2025-07-31 14:04:29.258985
2025-07-31,50977,2025073103022300,RLFL,Dakshinkali Investment & Securities Pvt. Ltd.,Online Securities Pvt. Ltd.,250,546.1,136525.0,2025-07-31 14:04:37.280095
2025-07-31,50976,2025073103022301,RLFL,Arun Securities (PVT) Ltd.,Online Securities Pvt. Ltd.,315,546.0,171990.0,2025-07-31 14:04:37.280384
2025-07-31,50922,2025073103022315,RLFL,Arun Securities (PVT) Ltd.,Naasa Securities Co. Ltd.,85,546.0,46410.0,2025-07-31 14:04:45.665259
2025-07-31,50921,2025073103022316,RLFL,Online Securities Pvt. Ltd.,Naasa Securities Co. Ltd.,100,545.0,54500.0,2025-07-31 14:04:45.665427
2025-07-31,50917,2025073103022317,RLFL,Kohinoor Investment & Securities Pvt. Ltd.,Naasa Securities Co. Ltd.,60,545.0,32700.0,2025-07-31 14:04:45.739815
2025-07-31,50733,2025073103022362,RLFL,Capital Max Securities Ltd,Naasa Securities Co. Ltd.,20,545.0,10900.0,2025-07-31 14:05:09.798450
2025-07-31,50241,2025073103022475,RLFL,Prabhu Stock Market Limited,Agrawal Securities (PVT) Ltd.,300,542.1,162630.0,2025-07-31 14:06:15.220607
2025-07-31,49988,2025073103022545,RLFL,Trishakti Securities Public Limited,Aryatara Investment & Securities,200,543.9,108780.0,2025-07-31 14:06:46.382270
2025-07-31,49909,2025073103022568,RLFL,Prabhu Stock Market Limited,Aryatara Investment & Securities,200,542.1,108420.0,2025-07-31 14:06:59.245092
2025-07-31,49623,2025073103022641,RLFL,KALASH STOCK MARKET PVT. LTD.,Premier Securities Company Ltd.,200,542.0,108400.0,2025-07-31 14:07:38.935038
2025-07-31,49542,2025073103022661,RLFL,KALASH STOCK MARKET PVT. LTD.,Naasa Securities Co. Ltd.,100,542.0,54200.0,2025-07-31 14:07:50.929296
2025-07-31,49361,2025073103022735,RLFL,KALASH STOCK MARKET PVT. LTD.,Imperial Securities Company Pvt. Ltd.,50,542.0,27100.0,2025-07-31 14:08:13.355744
2025-07-31,49264,2025073103022746,RLFL,KALASH STOCK MARKET PVT. LTD.,KALASH STOCK MARKET PVT. LTD.,151,542.0,81842.0,2025-07-31 14:08:22.716406
2025-07-31,49263,2025073103022747,RLFL,Vision Securities Pvt. Ltd,KALASH STOCK MARKET PVT. LTD.,49,542.0,26558.0,2025-07-31 14:08:22.716579
2025-07-31,49255,2025073103022751,RLFL,Vision Securities Pvt. Ltd,Agrawal Securities (PVT) Ltd.,100,541.1,54110.0,2025-07-31 14:08:24.512857
2025-07-31,49090,2025073103022792,RLFL,Vision Securities Pvt. Ltd,Capital Max Securities Ltd,500,541.1,270550.0,2025-07-31 14:08:50.662286
2025-07-31,49089,2025073103022793,RLFL,Dipshikha Dhitopatra Karobar Co. Pvt Ltd.,Capital Max Securities Ltd,20,540.0,10800.0,2025-07-31 14:08:50.662462
2025-07-31,49088,2025073103022794,RLFL,Capital Max Securities Ltd,Capital Max Securities Ltd,20,540.0,10800.0,2025-07-31 14:08:50.662531
2025-07-31,49087,2025073103022795,RLFL,Kumari Securities Private Limited,Capital Max Securities Ltd,100,540.0,54000.0,2025-07-31 14:08:50.662619
2025-07-31,49086,2025073103022796,RLFL,Dakshinkali Investment & Securities Pvt. Ltd.,Capital Max Securities Ltd,100,539.1,53910.0,2025-07-31 14:08:50.662684
2025-07-31,49085,2025073103022797,RLFL,Sani Securities Company Ltd.,Capital Max Securities Ltd,120,539.0,64680.0,2025-07-31 14:08:50.662749
2025-07-31,48743,2025073103022888,RLFL,Creative Securities Pvt Ltd,Vision Securities Pvt. Ltd,200,540.0,108000.0,2025-07-31 14:09:30.250441
2025-07-31,48742,2025073103022889,RLFL,Sani Securities Company Ltd.,Vision Securities Pvt. Ltd,320,539.0,172480.0,2025-07-31 14:09:30.250606
2025-07-31,48695,2025073103022907,RLFL,Creative Securities Pvt Ltd,Naasa Securities Co. Ltd.,235,541.0,127135.0,2025-07-31 14:09:39.128954
2025-07-31,48580,2025073103022924,RLFL,Creative Securities Pvt Ltd,Aryatara Investment & Securities,65,541.0,35165.0,2025-07-31 14:09:55.558825
2025-07-31,47938,2025073103023066,RLFL,Prabhu Stock Market Limited,Imperial Securities Company Pvt. Ltd.,100,540.9,54090.0,2025-07-31 14:11:31.309563
2025-07-31,47937,2025073103023067,RLFL,Prabhu Stock Market Limited,Aryatara Investment & Securities,235,541.0,127135.0,2025-07-31 14:11:31.309732
2025-07-31,47936,2025073103023068,RLFL,Prabhu Stock Market Limited,Aryatara Investment & Securities,40,541.0,21640.0,2025-07-31 14:11:31.309799
2025-07-31,47548,2025073103023089,RLFL,Nabil Stock Dealer Ltd.,Oxford Securities Pvt. Ltd.,385,540.1,207938.5,2025-07-31 14:11:48.293232
2025-07-31,47547,2025073103023090,RLFL,Vision Securities Pvt. Ltd,Oxford Securities Pvt. Ltd.,31,540.0,16740.0,2025-07-31 14:11:48.293401
2025-07-31,46129,2025073103023478,RLFL,Sani Securities Company Ltd.,Asian Securities Private Ltd.,1000,537.2,537200.0,2025-07-31 14:15:26.060070
2025-07-31,45799,2025073103023559,RLFL,Siprabi Securities Pvt. Ltd.,Dipshikha Dhitopatra Karobar Co. Pvt Ltd.,100,538.0,53800.0,2025-07-31 14:16:01.081475
2025-07-31,45672,2025073103023595,RLFL,Deevyaa Securities & Stock House Pvt. Ltd,Oxford Securities Pvt. Ltd.,100,540.0,54000.0,2025-07-31 14:16:19.126039
2025-07-31,45670,2025073103023596,RLFL,Siprabi Securities Pvt. Ltd.,Kohinoor Investment & Securities Pvt. Ltd.,99,538.0,53262.0,2025-07-31 14:16:19.678446
2025-07-31,44561,2025073103023833,RLFL,Sani Securities Company Ltd.,Oxford Securities Pvt. Ltd.,756,537.2,406123.2,2025-07-31 14:18:25.054620
2025-07-31,44459,2025073103023850,RLFL,Stoxkarts Securities Limited,Himalayan Brokerage Company Limited,100,538.0,53800.0,2025-07-31 14:18:39.937175
2025-07-31,44425,2025073103023856,RLFL,Online Securities Pvt. Ltd.,Imperial Securities Company Pvt. Ltd.,20,537.3,10746.0,2025-07-31 14:18:45.633542
2025-07-31,44359,2025073103023876,RLFL,Online Securities Pvt. Ltd.,Opal Securities Investment (PVT) Ltd.,30,537.3,16119.0,2025-07-31 14:18:53.586257
2025-07-31,44243,2025073103023910,RLFL,Naasa Securities Co. Ltd.,Siprabi Securities Pvt. Ltd.,30,537.0,16110.0,2025-07-31 14:19:08.524457
2025-07-31,44160,2025073103023926,RLFL,Naasa Securities Co. Ltd.,Agrawal Securities (PVT) Ltd.,100,537.0,53700.0,2025-07-31 14:19:20.500663
2025-07-31,43953,2025073103024003,RLFL,Naasa Securities Co. Ltd.,Siprabi Securities Pvt. Ltd.,70,537.0,37590.0,2025-07-31 14:19:42.830418
2025-07-31,43647,2025073103024080,RLFL,Deevyaa Securities & Stock House Pvt. Ltd,Opal Securities Investment (PVT) Ltd.,45,536.0,24120.0,2025-07-31 14:20:26.337655
2025-07-31,43538,2025073103024117,RLFL,Deevyaa Securities & Stock House Pvt. Ltd,Siprabi Securities Pvt. Ltd.,45,536.0,24120.0,2025-07-31 14:20:41.278835
2025-07-31,43315,2025073103024168,RLFL,Online Securities Pvt. Ltd.,Naasa Securities Co. Ltd.,80,537.0,42960.0,2025-07-31 14:21:09.562790
2025-07-31,41904,2025073103024594,RLFL,Online Securities Pvt. Ltd.,Deevyaa Securities & Stock House Pvt. Ltd,10,536.1,5361.0,2025-07-31 14:23:35.788637
2025-07-31,41598,2025073103024628,RLFL,Online Securities Pvt. Ltd.,Himalayan Brokerage Company Limited,210,536.1,112581.0,2025-07-31 14:23:56.933105
2025-07-31,41597,2025073103024629,RLFL,Sani Securities Company Ltd.,Himalayan Brokerage Company Limited,300,536.1,160830.0,2025-07-31 14:23:56.933306
2025-07-31,41596,2025073103024630,RLFL,Deevyaa Securities & Stock House Pvt. Ltd,Himalayan Brokerage Company Limited,161,536.0,86296.0,2025-07-31 14:23:56.933386
2025-07-31,41161,2025073103024725,RLFL,Online Securities Pvt. Ltd.,Himalayan Brokerage Company Limited,20,536.0,10720.0,2025-07-31 14:24:38.261031
2025-07-31,41153,2025073103024728,RLFL,Sumeru Securities Pvt. Ltd.,Dynamic Money Managers Securities Pvt. Ltd.,50,535.2,26760.0,2025-07-31 14:24:39.271182
2025-07-31,41152,2025073103024729,RLFL,ABC Securities Private Limited,Dynamic Money Managers Securities Pvt. Ltd.,450,535.2,240840.0,2025-07-31 14:24:39.271361
2025-07-31,40677,2025073103024846,RLFL,ABC Securities Private Limited,Oxford Securities Pvt. Ltd.,350,535.2,187320.0,2025-07-31 14:25:23.669260
2025-07-31,40439,2025073103024880,RLFL,Sani Securities Company Ltd.,Asian Securities Private Ltd.,50,535.0,26750.0,2025-07-31 14:25:46.989322
2025-07-31,40197,2025073103024920,RLFL,Sani Securities Company Ltd.,Oxford Securities Pvt. Ltd.,450,535.0,240750.0,2025-07-31 14:26:10.060815
2025-07-31,39997,2025073103024948,RLFL,Primo Securities (PVT) Ltd.,Agrawal Securities (PVT) Ltd.,100,534.5,53450.0,2025-07-31 14:26:29.105409
2025-07-31,39895,2025073103024979,RLFL,Naasa Securities Co. Ltd.,Market Securities & Exchange (PVT) Ltd.,100,534.0,53400.0,2025-07-31 14:26:38.166336
2025-07-31,39501,2025073103025036,RLFL,Vision Securities Pvt. Ltd,Asian Securities Private Ltd.,20,534.0,10680.0,2025-07-31 14:27:09.173712
2025-07-31,38984,2025073103025152,RLFL,Nepal Stock House (PVT) Ltd.,Thrive Brokerage House Pvt. Ltd,50,533.0,26650.0,2025-07-31 14:27:57.180537
2025-07-31,38983,2025073103025153,RLFL,Online Securities Pvt. Ltd.,Thrive Brokerage House Pvt. Ltd,48,532.2,25545.6,2025-07-31 14:27:57.180714
2025-07-31,38982,2025073103025154,RLFL,Roadshow securities limited,Thrive Brokerage House Pvt. Ltd,50,532.2,26610.0,2025-07-31 14:27:57.180790
2025-07-31,38981,2025073103025155,RLFL,Naasa Securities Co. Ltd.,Thrive Brokerage House Pvt. Ltd,100,532.0,53200.0,2025-07-31 14:27:57.180858
2025-07-31,38980,2025073103025156,RLFL,Nepal Stock House (PVT) Ltd.,Thrive Brokerage House Pvt. Ltd,50,532.0,26600.0,2025-07-31 14:27:57.180926
2025-07-31,38979,2025073103025157,RLFL,Kohinoor Investment & Securities Pvt. Ltd.,Thrive Brokerage House Pvt. Ltd,402,531.6,213703.2,2025-07-31 14:27:57.180995
2025-07-31,38560,2025073103025231,RLFL,Roadshow securities limited,Vision Securities Pvt. Ltd,50,533.0,26650.0,2025-07-31 14:28:31.561612
2025-07-31,38354,2025073103025263,RLFL,Secured Securities Ltd.,Himalayan Brokerage Company Limited,200,531.0,106200.0,2025-07-31 14:28:51.474255
2025-07-31,37683,2025073103025413,RLFL,Sweta Securities Private Limited,Vision Securities Pvt. Ltd,40,530.0,21200.0,2025-07-31 14:29:49.302624
2025-07-31,36312,2025073103025734,RLFL,Sani Securities Company Ltd.,Sani Securities Company Ltd.,100,530.3,53030.0,2025-07-31 14:31:56.394894
2025-07-31,35957,2025073103025795,RLFL,Sweta Securities Private Limited,Sharepro Securities Private Limited,100,530.2,53020.0,2025-07-31 14:32:23.672440
2025-07-31,35956,2025073103025796,RLFL,Nepal Stock House (PVT) Ltd.,Sharepro Securities Private Limited,100,530.1,53010.0,2025-07-31 14:32:23.672621
2025-07-31,35955,2025073103025797,RLFL,Sweta Securities Private Limited,Sharepro Securities Private Limited,260,530.0,137800.0,2025-07-31 14:32:23.672701
2025-07-31,35954,2025073103025798,RLFL,Sani Securities Company Ltd.,Sharepro Securities Private Limited,40,530.0,21200.0,2025-07-31 14:32:23.672775
2025-07-31,35837,2025073103025825,RLFL,Sani Securities Company Ltd.,Kalika Securities Pvt. Ltd.,125,530.0,66250.0,2025-07-31 14:32:36.148006
2025-07-31,35836,2025073103025826,RLFL,Roadshow securities limited,Kalika Securities Pvt. Ltd.,30,530.0,15900.0,2025-07-31 14:32:36.148205
2025-07-31,35835,2025073103025827,RLFL,Trisul Securities & Invt. Ltd.,Kalika Securities Pvt. Ltd.,200,530.0,106000.0,2025-07-31 14:32:36.148277
2025-07-31,35391,2025073103025920,RLFL,Sani Securities Company Ltd.,Vision Securities Pvt. Ltd,10,530.0,5300.0,2025-07-31 14:33:12.605319
2025-07-31,35131,2025073103025954,RLFL,Sani Securities Company Ltd.,Vision Securities Pvt. Ltd,10,530.0,5300.0,2025-07-31 14:33:26.751662
2025-07-31,34153,2025073103026111,RLFL,Dakshinkali Investment & Securities Pvt. Ltd.,Vision Securities Pvt. Ltd,80,530.0,42400.0,2025-07-31 14:34:26.715095
2025-07-31,34152,2025073103026112,RLFL,Dakshinkali Investment & Securities Pvt. Ltd.,Opal Securities Investment (PVT) Ltd.,30,530.0,15900.0,2025-07-31 14:34:26.715136
2025-07-31,34151,2025073103026113,RLFL,Dakshinkali Investment & Securities Pvt. Ltd.,Sani Securities Company Ltd.,30,533.0,15990.0,2025-07-31 14:34:26.715166
2025-07-31,30688,2025073103026835,RLFL,Siprabi Securities Pvt. Ltd.,Arun Securities (PVT) Ltd.,3,525.0,1575.0,2025-07-31 14:38:39.319457
2025-07-31,30578,2025073103026868,RLFL,Siprabi Securities Pvt. Ltd.,Sewa Securities Pvt. Ltd.,6,525.0,3150.0,2025-07-31 14:38:47.403983
2025-07-31,29775,2025073103027065,RLFL,Siprabi Securities Pvt. Ltd.,Aryatara Investment & Securities,2,529.0,1058.0,2025-07-31 14:39:58.368609
2025-07-31,29416,2025073103027124,RLFL,Blue Chip Securities Ltd,Asian Securities Private Ltd.,50,532.0,26600.0,2025-07-31 14:40:27.728918
2025-07-31,29344,2025073103027139,RLFL,Blue Chip Securities Ltd,Imperial Securities Company Pvt. Ltd.,50,529.6,26480.0,2025-07-31 14:40:36.753340
2025-07-31,29343,2025073103027140,RLFL,Trisul Securities & Invt. Ltd.,Imperial Securities Company Pvt. Ltd.,50,529.5,26475.0,2025-07-31 14:40:36.753716
2025-07-31,28154,2025073103027374,RLFL,Siprabi Securities Pvt. Ltd.,ABC Securities Private Limited,10,529.1,5291.0,2025-07-31 14:42:14.273737
2025-07-31,28153,2025073103027375,RLFL,Blue Chip Securities Ltd,ABC Securities Private Limited,20,529.1,10582.0,2025-07-31 14:42:14.273934
2025-07-31,27840,2025073103027438,RLFL,Roadshow securities limited,Aryatara Investment & Securities,50,529.0,26450.0,2025-07-31 14:42:36.528587
2025-07-31,27839,2025073103027439,RLFL,Trisul Securities & Invt. Ltd.,Aryatara Investment & Securities,50,529.0,26450.0,2025-07-31 14:42:36.528799
2025-07-31,27586,2025073103027506,RLFL,Sani Securities Company Ltd.,Aryatara Investment & Securities,100,528.1,52810.0,2025-07-31 14:42:56.829871
2025-07-31,27421,2025073103027526,RLFL,Agrawal Securities (PVT) Ltd.,Aryatara Investment & Securities,200,528.0,105600.0,2025-07-31 14:43:11.029925
2025-07-31,26557,2025073103027723,RLFL,Nepal Stock House (PVT) Ltd.,Aryatara Investment & Securities,50,526.0,26300.0,2025-07-31 14:44:10.166726
2025-07-31,26540,2025073103027724,RLFL,Aryatara Investment & Securities,Ashutosh Brokerage & Securities (PVT) Ltd.,50,525.1,26255.0,2025-07-31 14:44:10.971520
2025-07-31,26539,2025073103027725,RLFL,Arun Securities (PVT) Ltd.,Ashutosh Brokerage & Securities (PVT) Ltd.,185,525.0,97125.0,2025-07-31 14:44:10.971706
2025-07-31,26021,2025073103027857,RLFL,Arun Securities (PVT) Ltd.,Aryatara Investment & Securities,252,525.0,132300.0,2025-07-31 14:44:42.576353
2025-07-31,25641,2025073103027911,RLFL,Investment Management Nepal Pvt. Ltd.,Naasa Securities Co. Ltd.,10,529.0,5290.0,2025-07-31 14:44:58.873421
2025-07-31,23349,2025073103028367,RLFL,Blue Chip Securities Ltd,Creative Securities Pvt Ltd,20,526.0,10520.0,2025-07-31 14:47:02.493632
2025-07-31,22322,2025073103028532,RLFL,Siprabi Securities Pvt. Ltd.,Kumari Securities Private Limited,2,516.5,1033.0,2025-07-31 14:47:43.319464
2025-07-31,21119,2025073103028829,RLFL,Sharepro Securities Private Limited,ABC Securities Private Limited,566,525.6,297489.6,2025-07-31 14:48:36.465990
2025-07-31,19407,2025073103029168,RLFL,Creative Securities Pvt Ltd,Primo Securities (PVT) Ltd.,200,528.0,105600.0,2025-07-31 14:49:46.158628
2025-07-31,18597,2025073103029331,RLFL,Creative Securities Pvt Ltd,Primo Securities (PVT) Ltd.,18,528.0,9504.0,2025-07-31 14:50:20.519197
2025-07-31,15904,2025073103029859,RLFL,Sharepro Securities Private Limited,Naasa Securities Co. Ltd.,134,525.6,70430.4,2025-07-31 14:52:14.385767
2025-07-31,15903,2025073103029860,RLFL,Trisul Securities & Invt. Ltd.,Naasa Securities Co. Ltd.,620,525.6,325872.0,2025-07-31 14:52:14.385967
2025-07-31,15902,2025073103029861,RLFL,Sani Securities Company Ltd.,Naasa Securities Co. Ltd.,245,525.6,128772.0,2025-07-31 14:52:14.386062
2025-07-31,15078,2025073103030060,RLFL,Vision Securities Pvt. Ltd,Naasa Securities Co. Ltd.,50,525.1,26255.0,2025-07-31 14:52:42.404823
2025-07-31,15075,2025073103030061,RLFL,Arun Securities (PVT) Ltd.,Naasa Securities Co. Ltd.,139,525.0,72975.0,2025-07-31 14:52:42.405006
2025-07-31,14777,2025073103030107,RLFL,Dakshinkali Investment & Securities Pvt. Ltd.,Deevyaa Securities & Stock House Pvt. Ltd,180,525.6,94608.0,2025-07-31 14:52:54.041377
2025-07-31,14313,2025073103030201,RLFL,Arun Securities (PVT) Ltd.,Naasa Securities Co. Ltd.,20,525.0,10500.0,2025-07-31 14:53:10.338626
2025-07-31,13971,2025073103030280,RLFL,Arun Securities (PVT) Ltd.,Trishakti Securities Public Limited,224,525.0,117600.0,2025-07-31 14:53:23.838139
2025-07-31,13970,2025073103030281,RLFL,Naasa Securities Co. Ltd.,Trishakti Securities Public Limited,15,525.0,7875.0,2025-07-31 14:53:23.838305
2025-07-31,13969,2025073103030282,RLFL,Roadshow securities limited,Trishakti Securities Public Limited,11,525.0,5775.0,2025-07-31 14:53:23.838382
2025-07-31,13541,2025073103030361,RLFL,Secured Securities Ltd.,Deevyaa Securities & Stock House Pvt. Ltd,300,525.6,157680.0,2025-07-31 14:53:38.260848
2025-07-31,12849,2025073103030514,RLFL,Blue Chip Securities Ltd,Naasa Securities Co. Ltd.,30,525.1,15753.0,2025-07-31 14:54:05.960963
2025-07-31,12745,2025073103030543,RLFL,Blue Chip Securities Ltd,Kalika Securities Pvt. Ltd.,70,525.1,36757.0,2025-07-31 14:54:09.223661
2025-07-31,12744,2025073103030544,RLFL,Roadshow securities limited,Kalika Securities Pvt. Ltd.,39,525.0,20475.0,2025-07-31 14:54:09.223830
2025-07-31,12743,2025073103030545,RLFL,Naasa Securities Co. Ltd.,Kalika Securities Pvt. Ltd.,102,524.2,53468.4,2025-07-31 14:54:09.223909
2025-07-31,12742,2025073103030546,RLFL,Naasa Securities Co. Ltd.,Kalika Securities Pvt. Ltd.,20,524.0,10480.0,2025-07-31 14:54:09.223983
2025-07-31,10819,2025073103030950,RLFL,Sani Securities Company Ltd.,ABC Securities Private Limited,100,524.0,52400.0,2025-07-31 14:55:21.444367
2025-07-31,10818,2025073103030951,RLFL,Neev Securities Pvt. Ltd.,ABC Securities Private Limited,100,524.0,52400.0,2025-07-31 14:55:21.444590
2025-07-31,10364,2025073103031051,RLFL,Naasa Securities Co. Ltd.,Kalika Securities Pvt. Ltd.,300,523.0,156900.0,2025-07-31 14:55:38.104339
2025-07-31,10363,2025073103031052,RLFL,Deevyaa Securities & Stock House Pvt. Ltd,Kalika Securities Pvt. Ltd.,10,522.1,5221.0,2025-07-31 14:55:38.104532
2025-07-31,10362,2025073103031053,RLFL,Aryatara Investment & Securities,Kalika Securities Pvt. Ltd.,40,522.1,20884.0,2025-07-31 14:55:38.104611
2025-07-31,10361,2025073103031054,RLFL,Aakashbhairab Securities Ltd.,Kalika Securities Pvt. Ltd.,150,522.1,78315.0,2025-07-31 14:55:38.104684
2025-07-31,10344,2025073103031056,RLFL,Vision Securities Pvt. Ltd,Kalika Securities Pvt. Ltd.,100,522.0,52200.0,2025-07-31 14:55:38.757338
2025-07-31,10232,2025073103031081,RLFL,Nepal Stock House (PVT) Ltd.,Kalika Securities Pvt. Ltd.,30,522.0,15660.0,2025-07-31 14:55:42.781930
2025-07-31,6871,2025073103031714,RLFL,Secured Securities Ltd.,Sani Securities Company Ltd.,500,523.9,261950.0,2025-07-31 14:57:38.381612
2025-07-31,2387,2025073103032591,RLFL,Investment Management Nepal Pvt. Ltd.,Market Securities & Exchange (PVT) Ltd.,10,525.0,5250.0,2025-07-31 14:59:24.331145
2025-07-31,789,2025073103032880,RLFL,Siprabi Securities Pvt. Ltd.,Market Securities & Exchange (PVT) Ltd.,20,521.9,10438.0,2025-07-31 14:59:48.167272
2025-07-31,788,2025073103032881,RLFL,South Asian Bulls Pvt. Ltd.,Market Securities & Exchange (PVT) Ltd.,30,521.2,15636.0,2025-07-31 14:59:48.167454
2025-07-31,747,2025073103032885,RLFL,Online Securities Pvt. Ltd.,Market Securities & Exchange (PVT) Ltd.,40,525.0,21000.0,2025-07-31 14:59:48.673116
2025-07-31,746,2025073103032886,RLFL,Online Securities Pvt. Ltd.,Sundhara Securities Limited,100,525.0,52500.0,2025-07-31 14:59:48.673367
2025-07-31,745,2025073103032887,RLFL,Online Securities Pvt. Ltd.,Premier Securities Company Ltd.,50,525.0,26250.0,2025-07-31 14:59:48.673528
2025-07-31,464,2025073103032940,RLFL,Capital Hub P. Ltd,Premier Securities Company Ltd.,300,525.0,157500.0,2025-07-31 14:59:53.309307
2025-07-31,245,2025073103032991,RLFL,Kalika Securities Pvt. Ltd.,Malla & Malla Stock Broking Company Pvt. Limited,10,522.7,5227.0,2025-07-31 14:59:56.429582
2025-07-31,244,2025073103032992,RLFL,Asian Securities Private Ltd.,Malla & Malla Stock Broking Company Pvt. Limited,40,522.1,20884.0,2025-07-31 14:59:56.429772
