Date,S.N.,Contract ID,Symbol,Buyer Broker,Seller Broker,quantity,rate,amount,transaction_time
2025-07-31,168153,2025073104000105,SHPC,Asian Securities Private Ltd.,Naasa Securities Co. Ltd.,500,615.0,307500.0,2025-07-31 11:01:20.561190
2025-07-31,167586,2025073104000215,SHPC,Dakshinkali Investment & Securities Pvt. Ltd.,Naasa Securities Co. Ltd.,10,615.0,6150.0,2025-07-31 11:02:38.065483
2025-07-31,166699,2025073104000368,SHPC,Kalika Securities Pvt. Ltd.,Sipla Securities Private Limited,500,616.0,308000.0,2025-07-31 11:04:20.373848
2025-07-31,165875,2025073104000478,SHPC,Thrive Brokerage House Pvt. Ltd,KALASH STOCK MARKET PVT. LTD.,200,616.1,123220.0,2025-07-31 11:05:42.886232
2025-07-31,165874,2025073104000479,SHPC,Malla & Malla Stock Broking Company Pvt. Limited,KALASH STOCK MARKET PVT. LTD.,145,616.1,89334.5,2025-07-31 11:05:42.886379
2025-07-31,165873,2025073104000480,SHPC,S.P.S.A. Securities Limited,KALASH STOCK MARKET PVT. LTD.,155,616.0,95480.0,2025-07-31 11:05:42.886432
2025-07-31,165569,2025073104000517,SHPC,S.P.S.A. Securities Limited,KALASH STOCK MARKET PVT. LTD.,95,616.0,58520.0,2025-07-31 11:06:12.960448
2025-07-31,165568,2025073104000518,SHPC,Dipshikha Dhitopatra Karobar Co. Pvt Ltd.,KALASH STOCK MARKET PVT. LTD.,50,616.0,30800.0,2025-07-31 11:06:12.960551
2025-07-31,165567,2025073104000519,SHPC,Shree Krishna Securities Ltd.,KALASH STOCK MARKET PVT. LTD.,63,616.0,38808.0,2025-07-31 11:06:12.960609
2025-07-31,165566,2025073104000520,SHPC,Asian Securities Private Ltd.,KALASH STOCK MARKET PVT. LTD.,80,616.0,49280.0,2025-07-31 11:06:12.960700
2025-07-31,165565,2025073104000521,SHPC,KALASH STOCK MARKET PVT. LTD.,KALASH STOCK MARKET PVT. LTD.,212,615.1,130401.2,2025-07-31 11:06:12.960749
2025-07-31,165365,2025073104000549,SHPC,Midas Stock Broking Company Private Limited,Trishakti Securities Public Limited,490,616.0,301840.0,2025-07-31 11:06:28.982700
2025-07-31,165164,2025073104000575,SHPC,Midas Stock Broking Company Private Limited,Sundhara Securities Limited,10,616.0,6160.0,2025-07-31 11:06:48.367469
2025-07-31,165163,2025073104000576,SHPC,KALASH STOCK MARKET PVT. LTD.,Sundhara Securities Limited,38,615.1,23373.8,2025-07-31 11:06:48.367591
2025-07-31,165162,2025073104000577,SHPC,Dakshinkali Investment & Securities Pvt. Ltd.,Sundhara Securities Limited,90,615.0,55350.0,2025-07-31 11:06:48.367640
2025-07-31,165161,2025073104000578,SHPC,Himalayan Brokerage Company Limited,Sundhara Securities Limited,150,615.0,92250.0,2025-07-31 11:06:48.367698
2025-07-31,165160,2025073104000579,SHPC,KALASH STOCK MARKET PVT. LTD.,Sundhara Securities Limited,12,615.0,7380.0,2025-07-31 11:06:48.367738
2025-07-31,164850,2025073104000630,SHPC,KALASH STOCK MARKET PVT. LTD.,BHOLE GANESH SECURITIES LTD,788,615.0,484620.0,2025-07-31 11:07:20.594863
2025-07-31,164849,2025073104000631,SHPC,Kohinoor Investment & Securities Pvt. Ltd.,BHOLE GANESH SECURITIES LTD,37,615.0,22755.0,2025-07-31 11:07:20.594960
2025-07-31,164670,2025073104000664,SHPC,Premier Securities Company Ltd.,Dakshinkali Investment & Securities Pvt. Ltd.,16,615.5,9848.0,2025-07-31 11:07:35.421485
2025-07-31,164669,2025073104000665,SHPC,Kohinoor Investment & Securities Pvt. Ltd.,Dakshinkali Investment & Securities Pvt. Ltd.,63,615.0,38745.0,2025-07-31 11:07:35.421603
2025-07-31,164309,2025073104000705,SHPC,Sweta Securities Private Limited,Sharepro Securities Private Limited,20,612.0,12240.0,2025-07-31 11:08:08.922664
2025-07-31,164305,2025073104000707,SHPC,Elite Stock House Limited,KALASH STOCK MARKET PVT. LTD.,20,612.0,12240.0,2025-07-31 11:08:09.175815
2025-07-31,164304,2025073104000708,SHPC,Kohinoor Investment & Securities Pvt. Ltd.,KALASH STOCK MARKET PVT. LTD.,980,610.1,597898.0,2025-07-31 11:08:09.175936
2025-07-31,164139,2025073104000737,SHPC,Kohinoor Investment & Securities Pvt. Ltd.,Dipshikha Dhitopatra Karobar Co. Pvt Ltd.,12,610.1,7321.2,2025-07-31 11:08:24.994585
2025-07-31,163627,2025073104000874,SHPC,Prabhu Stock Market Limited,Global IME Securities Limited,35,610.3,21360.5,2025-07-31 11:09:09.648288
2025-07-31,163590,2025073104000891,SHPC,Prabhu Stock Market Limited,Naasa Securities Co. Ltd.,88,610.3,53706.4,2025-07-31 11:09:15.046840
2025-07-31,162989,2025073104001017,SHPC,Sumeru Securities Pvt. Ltd.,Dynamic Money Managers Securities Pvt. Ltd.,10,610.3,6103.0,2025-07-31 11:10:05.659117
2025-07-31,162988,2025073104001018,SHPC,Malla & Malla Stock Broking Company Pvt. Limited,Dynamic Money Managers Securities Pvt. Ltd.,10,610.3,6103.0,2025-07-31 11:10:05.659251
2025-07-31,162987,2025073104001019,SHPC,Infinity Securities Limited,Dynamic Money Managers Securities Pvt. Ltd.,27,610.3,16478.1,2025-07-31 11:10:05.659330
2025-07-31,162753,2025073104001070,SHPC,Infinity Securities Limited,Imperial Securities Company Pvt. Ltd.,63,610.3,38448.9,2025-07-31 11:10:25.492695
2025-07-31,162520,2025073104001125,SHPC,Thrive Brokerage House Pvt. Ltd,Naasa Securities Co. Ltd.,50,610.4,30520.0,2025-07-31 11:10:44.108394
2025-07-31,162519,2025073104001126,SHPC,South Asian Bulls Pvt. Ltd.,Naasa Securities Co. Ltd.,150,610.4,91560.0,2025-07-31 11:10:44.108673
2025-07-31,162447,2025073104001148,SHPC,South Asian Bulls Pvt. Ltd.,Primo Securities (PVT) Ltd.,50,610.4,30520.0,2025-07-31 11:10:49.210028
2025-07-31,162446,2025073104001149,SHPC,Infinity Securities Limited,Primo Securities (PVT) Ltd.,410,610.3,250223.0,2025-07-31 11:10:49.210307
2025-07-31,162445,2025073104001150,SHPC,Primo Securities (PVT) Ltd.,Primo Securities (PVT) Ltd.,43,610.2,26238.6,2025-07-31 11:10:49.210491
2025-07-31,162370,2025073104001160,SHPC,Primo Securities (PVT) Ltd.,Trishakti Securities Public Limited,257,610.2,156821.4,2025-07-31 11:10:54.630755
2025-07-31,162369,2025073104001161,SHPC,Kohinoor Investment & Securities Pvt. Ltd.,Trishakti Securities Public Limited,1008,610.1,614980.8,2025-07-31 11:10:54.630882
2025-07-31,162368,2025073104001162,SHPC,Naasa Securities Co. Ltd.,Trishakti Securities Public Limited,200,610.1,122020.0,2025-07-31 11:10:54.630937
2025-07-31,162367,2025073104001163,SHPC,Midas Stock Broking Company Private Limited,Trishakti Securities Public Limited,100,610.0,61000.0,2025-07-31 11:10:54.631022
2025-07-31,162366,2025073104001164,SHPC,Imperial Securities Company Pvt. Ltd.,Trishakti Securities Public Limited,81,610.0,49410.0,2025-07-31 11:10:54.631091
2025-07-31,162365,2025073104001165,SHPC,Thrive Brokerage House Pvt. Ltd,Trishakti Securities Public Limited,50,610.0,30500.0,2025-07-31 11:10:54.631145
2025-07-31,162364,2025073104001166,SHPC,Infinity Securities Limited,Trishakti Securities Public Limited,304,610.0,185440.0,2025-07-31 11:10:54.631196
2025-07-31,161961,2025073104001239,SHPC,Deevyaa Securities & Stock House Pvt. Ltd,Aakashbhairab Securities Ltd.,1500,612.0,918000.0,2025-07-31 11:11:27.737470
2025-07-31,161152,2025073104001405,SHPC,Deevyaa Securities & Stock House Pvt. Ltd,Sharepro Securities Private Limited,68,612.0,41616.0,2025-07-31 11:12:30.145172
2025-07-31,160560,2025073104001477,SHPC,Deevyaa Securities & Stock House Pvt. Ltd,Imperial Securities Company Pvt. Ltd.,63,612.0,38556.0,2025-07-31 11:13:22.341356
2025-07-31,160263,2025073104001541,SHPC,Nepal Investment And Securities Trading Private Limited,Dipshikha Dhitopatra Karobar Co. Pvt Ltd.,12,612.1,7345.2,2025-07-31 11:13:44.069069
2025-07-31,159651,2025073104001642,SHPC,Trishakti Securities Public Limited,Investment Management Nepal Pvt. Ltd.,120,614.0,73680.0,2025-07-31 11:14:32.182406
2025-07-31,159290,2025073104001696,SHPC,Kohinoor Investment & Securities Pvt. Ltd.,Dynamic Money Managers Securities Pvt. Ltd.,10,612.2,6122.0,2025-07-31 11:14:57.244071
2025-07-31,159105,2025073104001716,SHPC,APPLE SECURITIES PRIVATE LIMITED,Investment Management Nepal Pvt. Ltd.,30,614.0,18420.0,2025-07-31 11:15:12.582629
2025-07-31,159104,2025073104001717,SHPC,APPLE SECURITIES PRIVATE LIMITED,Naasa Securities Co. Ltd.,10,614.0,6140.0,2025-07-31 11:15:12.582832
2025-07-31,159103,2025073104001718,SHPC,APPLE SECURITIES PRIVATE LIMITED,Naasa Securities Co. Ltd.,263,614.0,161482.0,2025-07-31 11:15:12.582914
2025-07-31,159025,2025073104001739,SHPC,Premier Securities Company Ltd.,Naasa Securities Co. Ltd.,200,614.0,122800.0,2025-07-31 11:15:17.787582
2025-07-31,158811,2025073104001762,SHPC,South Asian Bulls Pvt. Ltd.,Naasa Securities Co. Ltd.,400,614.0,245600.0,2025-07-31 11:15:34.570768
2025-07-31,158423,2025073104001822,SHPC,Imperial Securities Company Pvt. Ltd.,Naasa Securities Co. Ltd.,77,614.0,47278.0,2025-07-31 11:16:07.141959
2025-07-31,158422,2025073104001823,SHPC,Imperial Securities Company Pvt. Ltd.,Sundhara Securities Limited,123,614.0,75522.0,2025-07-31 11:16:07.142135
2025-07-31,158157,2025073104001867,SHPC,Imperial Securities Company Pvt. Ltd.,Nepal Stock House (PVT) Ltd.,100,612.3,61230.0,2025-07-31 11:16:26.230047
2025-07-31,157727,2025073104001935,SHPC,Asian Securities Private Ltd.,Midas Stock Broking Company Private Limited,50,613.0,30650.0,2025-07-31 11:16:52.769693
2025-07-31,157706,2025073104001940,SHPC,Sweta Securities Private Limited,Midas Stock Broking Company Private Limited,950,613.0,582350.0,2025-07-31 11:16:54.115475
2025-07-31,157629,2025073104001953,SHPC,Sweta Securities Private Limited,Imperial Securities Company Pvt. Ltd.,50,613.0,30650.0,2025-07-31 11:16:59.867846
2025-07-31,157351,2025073104001994,SHPC,ABC Securities Private Limited,Sundhara Securities Limited,100,614.0,61400.0,2025-07-31 11:17:13.571642
2025-07-31,157156,2025073104002022,SHPC,Asian Securities Private Ltd.,Garima Securities Limited,400,613.0,245200.0,2025-07-31 11:17:25.879796
2025-07-31,157155,2025073104002023,SHPC,Imperial Securities Company Pvt. Ltd.,Garima Securities Limited,100,612.3,61230.0,2025-07-31 11:17:25.879988
2025-07-31,157005,2025073104002057,SHPC,Kumari Securities Private Limited,Sundhara Securities Limited,400,614.0,245600.0,2025-07-31 11:17:36.294124
2025-07-31,156999,2025073104002059,SHPC,Sweta Securities Private Limited,Pragyan Securities (PVT) Ltd.,80,613.0,49040.0,2025-07-31 11:17:37.183631
2025-07-31,156489,2025073104002178,SHPC,Magnet Securities and Investment Company Private Limited,Sundhara Securities Limited,100,614.0,61400.0,2025-07-31 11:18:14.726303
2025-07-31,156432,2025073104002192,SHPC,Trishakti Securities Public Limited,Sumeru Securities Pvt. Ltd.,200,613.1,122620.0,2025-07-31 11:18:19.902454
2025-07-31,156431,2025073104002193,SHPC,Sweta Securities Private Limited,Sumeru Securities Pvt. Ltd.,20,613.0,12260.0,2025-07-31 11:18:19.902632
2025-07-31,156384,2025073104002197,SHPC,Sweta Securities Private Limited,Sweta Securities Private Limited,900,613.0,551700.0,2025-07-31 11:18:23.043205
2025-07-31,156383,2025073104002198,SHPC,Premier Securities Company Ltd.,Sweta Securities Private Limited,100,613.0,61300.0,2025-07-31 11:18:23.043382
2025-07-31,156205,2025073104002232,SHPC,Kohinoor Investment & Securities Pvt. Ltd.,Nepal Stock House (PVT) Ltd.,10,612.2,6122.0,2025-07-31 11:18:36.665371
2025-07-31,156204,2025073104002233,SHPC,Nepal Investment And Securities Trading Private Limited,Nepal Stock House (PVT) Ltd.,88,612.1,53864.8,2025-07-31 11:18:36.665535
2025-07-31,156012,2025073104002268,SHPC,Premier Securities Company Ltd.,Online Securities Pvt. Ltd.,200,613.0,122600.0,2025-07-31 11:18:52.993879
2025-07-31,155987,2025073104002283,SHPC,Premier Securities Company Ltd.,Online Securities Pvt. Ltd.,126,613.0,77238.0,2025-07-31 11:18:55.007111
2025-07-31,155703,2025073104002326,SHPC,Premier Securities Company Ltd.,Roadshow securities limited,174,613.0,106662.0,2025-07-31 11:19:16.302467
2025-07-31,155702,2025073104002327,SHPC,Dakshinkali Investment & Securities Pvt. Ltd.,Roadshow securities limited,200,612.2,122440.0,2025-07-31 11:19:16.302640
2025-07-31,155701,2025073104002328,SHPC,Sundhara Securities Limited,Roadshow securities limited,20,612.1,12242.0,2025-07-31 11:19:16.302732
2025-07-31,155700,2025073104002329,SHPC,Trishakti Securities Public Limited,Roadshow securities limited,100,612.1,61210.0,2025-07-31 11:19:16.302802
2025-07-31,155699,2025073104002330,SHPC,Sagarmatha Securities Private Limited,Roadshow securities limited,800,612.1,489680.0,2025-07-31 11:19:16.302871
2025-07-31,155698,2025073104002331,SHPC,Deevyaa Securities & Stock House Pvt. Ltd,Roadshow securities limited,369,612.0,225828.0,2025-07-31 11:19:16.302946
2025-07-31,155697,2025073104002332,SHPC,Deevyaa Securities & Stock House Pvt. Ltd,Roadshow securities limited,237,612.0,145044.0,2025-07-31 11:19:16.303014
2025-07-31,155537,2025073104002353,SHPC,Thrive Brokerage House Pvt. Ltd,Kumari Securities Private Limited,50,612.2,30610.0,2025-07-31 11:19:29.144060
2025-07-31,155373,2025073104002388,SHPC,Aryatara Investment & Securities,Sundhara Securities Limited,50,614.0,30700.0,2025-07-31 11:19:42.124839
2025-07-31,154716,2025073104002492,SHPC,Trademow Securities Private Limited,Sundhara Securities Limited,100,614.0,61400.0,2025-07-31 11:20:28.051651
2025-07-31,154262,2025073104002544,SHPC,Market Securities & Exchange (PVT) Ltd.,Sundhara Securities Limited,127,614.0,77978.0,2025-07-31 11:21:04.712503
2025-07-31,154192,2025073104002560,SHPC,Sumeru Securities Pvt. Ltd.,Sundhara Securities Limited,500,614.9,307450.0,2025-07-31 11:21:10.424564
2025-07-31,153973,2025073104002588,SHPC,Sumeru Securities Pvt. Ltd.,Sundhara Securities Limited,500,614.9,307450.0,2025-07-31 11:21:26.535925
2025-07-31,153850,2025073104002605,SHPC,Sumeru Securities Pvt. Ltd.,Miyo Securities Pvt Ltd,326,615.0,200490.0,2025-07-31 11:21:36.568367
2025-07-31,153849,2025073104002606,SHPC,Sumeru Securities Pvt. Ltd.,Agrawal Securities (PVT) Ltd.,174,615.0,107010.0,2025-07-31 11:21:36.568559
2025-07-31,153840,2025073104002610,SHPC,Kumari Securities Private Limited,Agrawal Securities (PVT) Ltd.,826,615.0,507990.0,2025-07-31 11:21:37.530791
2025-07-31,153839,2025073104002611,SHPC,Kumari Securities Private Limited,ABC Securities Private Limited,174,615.0,107010.0,2025-07-31 11:21:37.531130
2025-07-31,153813,2025073104002613,SHPC,Kumari Securities Private Limited,ABC Securities Private Limited,76,615.0,46740.0,2025-07-31 11:21:41.552400
2025-07-31,153588,2025073104002651,SHPC,Asian Securities Private Ltd.,Aryatara Investment & Securities,10,615.0,6150.0,2025-07-31 11:21:54.468353
2025-07-31,153587,2025073104002652,SHPC,Asian Securities Private Ltd.,Sewa Securities Pvt. Ltd.,10,615.0,6150.0,2025-07-31 11:21:54.468533
2025-07-31,153383,2025073104002684,SHPC,Dakshinkali Investment & Securities Pvt. Ltd.,Imperial Securities Company Pvt. Ltd.,150,616.0,92400.0,2025-07-31 11:22:15.243057
2025-07-31,153382,2025073104002685,SHPC,Dakshinkali Investment & Securities Pvt. Ltd.,Capital Max Securities Ltd,350,616.0,215600.0,2025-07-31 11:22:15.243247
2025-07-31,153370,2025073104002686,SHPC,Trisul Securities & Invt. Ltd.,Capital Max Securities Ltd,90,616.0,55440.0,2025-07-31 11:22:16.062133
2025-07-31,152125,2025073104002845,SHPC,Trisul Securities & Invt. Ltd.,J.F. Securites (PVT) Ltd.,110,616.0,67760.0,2025-07-31 11:24:01.298966
2025-07-31,152124,2025073104002846,SHPC,Sri Hari Securities Pvt. Ltd.,J.F. Securites (PVT) Ltd.,90,616.0,55440.0,2025-07-31 11:24:01.299184
2025-07-31,151897,2025073104002882,SHPC,Secured Securities Ltd.,Sundhara Securities Limited,200,616.9,123380.0,2025-07-31 11:24:27.703188
2025-07-31,151649,2025073104002916,SHPC,Kohinoor Investment & Securities Pvt. Ltd.,Sundhara Securities Limited,500,616.9,308450.0,2025-07-31 11:24:55.265696
2025-07-31,151590,2025073104002925,SHPC,Sweta Securities Private Limited,Sundhara Securities Limited,300,616.9,185070.0,2025-07-31 11:24:59.050042
2025-07-31,151589,2025073104002926,SHPC,Sweta Securities Private Limited,Imperial Securities Company Pvt. Ltd.,500,617.0,308500.0,2025-07-31 11:24:59.050299
2025-07-31,151374,2025073104002977,SHPC,Aryatara Investment & Securities,Imperial Securities Company Pvt. Ltd.,100,617.0,61700.0,2025-07-31 11:25:18.670200
2025-07-31,151300,2025073104002993,SHPC,Premier Securities Company Ltd.,Imperial Securities Company Pvt. Ltd.,20,617.0,12340.0,2025-07-31 11:25:27.028815
2025-07-31,150558,2025073104003094,SHPC,Sri Hari Securities Pvt. Ltd.,Pragyan Securities (PVT) Ltd.,10,616.0,6160.0,2025-07-31 11:26:18.644188
2025-07-31,148923,2025073104003381,SHPC,Secured Securities Ltd.,Sani Securities Company Ltd.,10,614.1,6141.0,2025-07-31 11:27:51.561745
2025-07-31,148922,2025073104003382,SHPC,ABC Securities Private Limited,Sani Securities Company Ltd.,150,614.1,92115.0,2025-07-31 11:27:51.561960
2025-07-31,148921,2025073104003383,SHPC,Market Securities & Exchange (PVT) Ltd.,Sani Securities Company Ltd.,150,614.0,92100.0,2025-07-31 11:27:51.562063
2025-07-31,148143,2025073104003483,SHPC,Market Securities & Exchange (PVT) Ltd.,Hatemalo Financial Services Private Limited,223,614.0,136922.0,2025-07-31 11:28:44.992714
2025-07-31,148142,2025073104003484,SHPC,Capital Max Securities Ltd,Hatemalo Financial Services Private Limited,200,614.0,122800.0,2025-07-31 11:28:44.993094
2025-07-31,147749,2025073104003545,SHPC,Global IME Securities Limited,Opal Securities Investment (PVT) Ltd.,100,613.2,61320.0,2025-07-31 11:29:09.133560
2025-07-31,147378,2025073104003617,SHPC,Global IME Securities Limited,Dynamic Money Managers Securities Pvt. Ltd.,200,613.2,122640.0,2025-07-31 11:29:34.340562
2025-07-31,147377,2025073104003618,SHPC,Naasa Securities Co. Ltd.,Dynamic Money Managers Securities Pvt. Ltd.,100,613.1,61310.0,2025-07-31 11:29:34.340778
2025-07-31,147376,2025073104003619,SHPC,Property Wiard Limited,Dynamic Money Managers Securities Pvt. Ltd.,500,613.1,306550.0,2025-07-31 11:29:34.340860
2025-07-31,147375,2025073104003620,SHPC,Sweta Securities Private Limited,Dynamic Money Managers Securities Pvt. Ltd.,700,613.0,429100.0,2025-07-31 11:29:34.340942
2025-07-31,146951,2025073104003710,SHPC,Cristal Kanchanjanga Securites Pvt. Ltd.,Naasa Securities Co. Ltd.,175,613.3,107327.5,2025-07-31 11:30:08.000155
2025-07-31,146950,2025073104003711,SHPC,Sweta Securities Private Limited,Naasa Securities Co. Ltd.,300,613.0,183900.0,2025-07-31 11:30:08.000385
2025-07-31,146949,2025073104003712,SHPC,Indira securities pvt. ltd,Naasa Securities Co. Ltd.,110,613.0,67430.0,2025-07-31 11:30:08.000479
2025-07-31,145967,2025073104003851,SHPC,Indira securities pvt. ltd,Premier Securities Company Ltd.,390,613.0,239070.0,2025-07-31 11:31:18.953002
2025-07-31,145966,2025073104003852,SHPC,Trisul Securities & Invt. Ltd.,Premier Securities Company Ltd.,210,613.0,128730.0,2025-07-31 11:31:18.953263
2025-07-31,145965,2025073104003853,SHPC,Cristal Kanchanjanga Securites Pvt. Ltd.,Premier Securities Company Ltd.,100,612.1,61210.0,2025-07-31 11:31:18.953379
2025-07-31,145964,2025073104003854,SHPC,Premier Securities Company Ltd.,Premier Securities Company Ltd.,200,612.1,122420.0,2025-07-31 11:31:18.953482
2025-07-31,145963,2025073104003855,SHPC,Deevyaa Securities & Stock House Pvt. Ltd,Premier Securities Company Ltd.,100,612.0,61200.0,2025-07-31 11:31:18.953566
2025-07-31,145889,2025073104003864,SHPC,Premier Securities Company Ltd.,ABC Securities Private Limited,1,600.0,600.0,2025-07-31 11:31:25.030099
2025-07-31,145873,2025073104003871,SHPC,Deevyaa Securities & Stock House Pvt. Ltd,Naasa Securities Co. Ltd.,22,612.0,13464.0,2025-07-31 11:31:26.220913
2025-07-31,145120,2025073104004023,SHPC,Deevyaa Securities & Stock House Pvt. Ltd,Miyo Securities Pvt Ltd,150,612.0,91800.0,2025-07-31 11:32:17.816847
2025-07-31,144320,2025073104004185,SHPC,Deevyaa Securities & Stock House Pvt. Ltd,Hatemalo Financial Services Private Limited,491,612.0,300492.0,2025-07-31 11:33:09.499400
2025-07-31,144319,2025073104004186,SHPC,Sumeru Securities Pvt. Ltd.,Hatemalo Financial Services Private Limited,200,612.0,122400.0,2025-07-31 11:33:09.499623
2025-07-31,144318,2025073104004187,SHPC,Bhrikuti Stock Broking Co. Pvt. Ltd.,Hatemalo Financial Services Private Limited,49,612.0,29988.0,2025-07-31 11:33:09.499712
2025-07-31,143199,2025073104004329,SHPC,Online Securities Pvt. Ltd.,Dipshikha Dhitopatra Karobar Co. Pvt Ltd.,80,612.2,48976.0,2025-07-31 11:34:30.436326
2025-07-31,142834,2025073104004387,SHPC,Malla & Malla Stock Broking Company Pvt. Limited,Aakashbhairab Securities Ltd.,10,612.3,6123.0,2025-07-31 11:34:52.822991
2025-07-31,142833,2025073104004388,SHPC,Online Securities Pvt. Ltd.,Aakashbhairab Securities Ltd.,120,612.2,73464.0,2025-07-31 11:34:52.823066
2025-07-31,142832,2025073104004389,SHPC,Bhrikuti Stock Broking Co. Pvt. Ltd.,Aakashbhairab Securities Ltd.,11,612.0,6732.0,2025-07-31 11:34:52.823094
2025-07-31,142831,2025073104004390,SHPC,ABC Securities Private Limited,Aakashbhairab Securities Ltd.,50,612.0,30600.0,2025-07-31 11:34:52.823119
2025-07-31,142830,2025073104004391,SHPC,Linch Stock Market Ltd.,Aakashbhairab Securities Ltd.,40,612.0,24480.0,2025-07-31 11:34:52.823148
2025-07-31,142829,2025073104004392,SHPC,ABC Securities Private Limited,Aakashbhairab Securities Ltd.,50,611.5,30575.0,2025-07-31 11:34:52.823189
2025-07-31,142828,2025073104004393,SHPC,Shree Krishna Securities Ltd.,Aakashbhairab Securities Ltd.,500,611.3,305650.0,2025-07-31 11:34:52.823217
2025-07-31,142827,2025073104004394,SHPC,Shree Krishna Securities Ltd.,Aakashbhairab Securities Ltd.,500,611.3,305650.0,2025-07-31 11:34:52.823241
2025-07-31,142826,2025073104004395,SHPC,Shree Krishna Securities Ltd.,Aakashbhairab Securities Ltd.,500,611.3,305650.0,2025-07-31 11:34:52.823265
2025-07-31,142825,2025073104004396,SHPC,Property Wiard Limited,Aakashbhairab Securities Ltd.,500,611.0,305500.0,2025-07-31 11:34:52.823288
2025-07-31,142824,2025073104004397,SHPC,Premier Securities Company Ltd.,Aakashbhairab Securities Ltd.,200,610.5,122100.0,2025-07-31 11:34:52.823354
2025-07-31,142823,2025073104004398,SHPC,Siprabi Securities Pvt. Ltd.,Aakashbhairab Securities Ltd.,519,610.3,316745.7,2025-07-31 11:34:52.823381
2025-07-31,142028,2025073104004499,SHPC,Cristal Kanchanjanga Securites Pvt. Ltd.,APPLE SECURITIES PRIVATE LIMITED,200,611.4,122280.0,2025-07-31 11:35:42.558254
2025-07-31,142027,2025073104004500,SHPC,Siprabi Securities Pvt. Ltd.,APPLE SECURITIES PRIVATE LIMITED,233,610.3,142199.9,2025-07-31 11:35:42.558495
2025-07-31,141288,2025073104004584,SHPC,Sewa Securities Pvt. Ltd.,Sani Securities Company Ltd.,50,611.0,30550.0,2025-07-31 11:36:37.350659
2025-07-31,141228,2025073104004592,SHPC,Miyo Securities Pvt Ltd,Sani Securities Company Ltd.,40,611.0,24440.0,2025-07-31 11:36:42.532963
2025-07-31,141127,2025073104004609,SHPC,Cristal Kanchanjanga Securites Pvt. Ltd.,Sani Securities Company Ltd.,210,611.0,128310.0,2025-07-31 11:36:50.277092
2025-07-31,141126,2025073104004610,SHPC,Cristal Kanchanjanga Securites Pvt. Ltd.,Miyo Securities Pvt Ltd,255,611.0,155805.0,2025-07-31 11:36:50.277342
2025-07-31,139415,2025073104004769,SHPC,Linch Stock Market Ltd.,Premier Securities Company Ltd.,10,611.1,6111.0,2025-07-31 11:38:51.771801
2025-07-31,139414,2025073104004770,SHPC,Cristal Kanchanjanga Securites Pvt. Ltd.,Premier Securities Company Ltd.,35,611.0,21385.0,2025-07-31 11:38:51.772014
2025-07-31,138963,2025073104004817,SHPC,Premier Securities Company Ltd.,South Asian Bulls Pvt. Ltd.,1,600.0,600.0,2025-07-31 11:39:19.717457
2025-07-31,136891,2025073104005081,SHPC,Kohinoor Investment & Securities Pvt. Ltd.,Oxford Securities Pvt. Ltd.,50,611.0,30550.0,2025-07-31 11:41:50.072650
2025-07-31,136513,2025073104005131,SHPC,Asian Securities Private Ltd.,Siprabi Securities Pvt. Ltd.,10,610.5,6105.0,2025-07-31 11:42:19.648198
2025-07-31,136512,2025073104005132,SHPC,Himalayan Securities Limited,Siprabi Securities Pvt. Ltd.,25,610.4,15260.0,2025-07-31 11:42:19.648478
2025-07-31,136511,2025073104005133,SHPC,Thrive Brokerage House Pvt. Ltd,Siprabi Securities Pvt. Ltd.,50,610.4,30520.0,2025-07-31 11:42:19.648575
2025-07-31,136510,2025073104005134,SHPC,Nepal Investment And Securities Trading Private Limited,Siprabi Securities Pvt. Ltd.,85,610.4,51884.0,2025-07-31 11:42:19.648705
2025-07-31,136282,2025073104005176,SHPC,Nepal Investment And Securities Trading Private Limited,Sweta Securities Private Limited,15,610.4,9156.0,2025-07-31 11:42:34.390567
2025-07-31,136281,2025073104005177,SHPC,Dakshinkali Investment & Securities Pvt. Ltd.,Sweta Securities Private Limited,10,610.4,6104.0,2025-07-31 11:42:34.391001
2025-07-31,136280,2025073104005178,SHPC,Siprabi Securities Pvt. Ltd.,Sweta Securities Private Limited,248,610.3,151354.4,2025-07-31 11:42:34.391275
2025-07-31,136279,2025073104005179,SHPC,Trisul Securities & Invt. Ltd.,Sweta Securities Private Limited,100,610.3,61030.0,2025-07-31 11:42:34.391565
2025-07-31,136278,2025073104005180,SHPC,Premier Securities Company Ltd.,Sweta Securities Private Limited,157,610.1,95785.7,2025-07-31 11:42:34.391832
2025-07-31,135967,2025073104005226,SHPC,Premier Securities Company Ltd.,J.F. Securites (PVT) Ltd.,43,610.1,26234.3,2025-07-31 11:42:59.114230
2025-07-31,135966,2025073104005227,SHPC,SUN SECURITIES PVT LTD,J.F. Securites (PVT) Ltd.,144,610.1,87854.4,2025-07-31 11:42:59.114725
2025-07-31,135965,2025073104005228,SHPC,Infinity Securities Limited,J.F. Securites (PVT) Ltd.,12,610.0,7320.0,2025-07-31 11:42:59.115066
2025-07-31,135900,2025073104005243,SHPC,Naasa Securities Co. Ltd.,Miyo Securities Pvt Ltd,10,610.1,6101.0,2025-07-31 11:43:04.892949
2025-07-31,135618,2025073104005291,SHPC,Infinity Securities Limited,ABC Securities Private Limited,84,610.0,51240.0,2025-07-31 11:43:20.945231
2025-07-31,135617,2025073104005292,SHPC,Trishakti Securities Public Limited,ABC Securities Private Limited,50,610.0,30500.0,2025-07-31 11:43:20.945296
2025-07-31,135616,2025073104005293,SHPC,Vision Securities Pvt. Ltd,ABC Securities Private Limited,150,610.0,91500.0,2025-07-31 11:43:20.945330
2025-07-31,135615,2025073104005294,SHPC,Naasa Securities Co. Ltd.,ABC Securities Private Limited,10,610.0,6100.0,2025-07-31 11:43:20.945357
2025-07-31,135614,2025073104005295,SHPC,Sanima Securities Limited,ABC Securities Private Limited,500,610.0,305000.0,2025-07-31 11:43:20.945381
2025-07-31,135613,2025073104005296,SHPC,Naasa Securities Co. Ltd.,ABC Securities Private Limited,10,610.0,6100.0,2025-07-31 11:43:20.945404
2025-07-31,135612,2025073104005297,SHPC,Premier Securities Company Ltd.,ABC Securities Private Limited,10,610.0,6100.0,2025-07-31 11:43:20.945431
2025-07-31,135611,2025073104005298,SHPC,Asian Securities Private Ltd.,ABC Securities Private Limited,90,610.0,54900.0,2025-07-31 11:43:20.945454
2025-07-31,135610,2025073104005299,SHPC,Opal Securities Investment (PVT) Ltd.,ABC Securities Private Limited,96,610.0,58560.0,2025-07-31 11:43:20.945482
2025-07-31,135208,2025073104005352,SHPC,Opal Securities Investment (PVT) Ltd.,Linch Stock Market Ltd.,100,610.0,61000.0,2025-07-31 11:43:56.967253
2025-07-31,135193,2025073104005353,SHPC,Online Securities Pvt. Ltd.,Sharepro Securities Private Limited,50,610.0,30500.0,2025-07-31 11:43:57.714730
2025-07-31,135192,2025073104005354,SHPC,Capital Hub P. Ltd,Sharepro Securities Private Limited,100,610.0,61000.0,2025-07-31 11:43:57.715001
2025-07-31,135191,2025073104005355,SHPC,Kohinoor Investment & Securities Pvt. Ltd.,Sharepro Securities Private Limited,100,610.0,61000.0,2025-07-31 11:43:57.715094
2025-07-31,135190,2025073104005356,SHPC,Vision Securities Pvt. Ltd,Sharepro Securities Private Limited,100,610.0,61000.0,2025-07-31 11:43:57.715183
2025-07-31,135189,2025073104005357,SHPC,Aryatara Investment & Securities,Sharepro Securities Private Limited,25,610.0,15250.0,2025-07-31 11:43:57.715300
2025-07-31,135188,2025073104005358,SHPC,Sajilo Broker Limited,Sharepro Securities Private Limited,25,610.0,15250.0,2025-07-31 11:43:57.715446
2025-07-31,135187,2025073104005359,SHPC,Himalayan Brokerage Company Limited,Sharepro Securities Private Limited,100,610.0,61000.0,2025-07-31 11:43:57.715534
2025-07-31,134990,2025073104005380,SHPC,Capital Max Securities Ltd,Bhrikuti Stock Broking Co. Pvt. Ltd.,300,610.0,183000.0,2025-07-31 11:44:12.179531
2025-07-31,133986,2025073104005543,SHPC,Naasa Securities Co. Ltd.,Malla & Malla Stock Broking Company Pvt. Limited,10,609.0,6090.0,2025-07-31 11:45:29.729293
2025-07-31,133927,2025073104005545,SHPC,Imperial Securities Company Pvt. Ltd.,Imperial Securities Company Pvt. Ltd.,50,608.7,30435.0,2025-07-31 11:45:32.519622
2025-07-31,133772,2025073104005643,SHPC,Investment Management Nepal Pvt. Ltd.,Malla & Malla Stock Broking Company Pvt. Limited,14,609.0,8526.0,2025-07-31 11:45:38.461898
2025-07-31,133178,2025073104005722,SHPC,Investment Management Nepal Pvt. Ltd.,Opal Securities Investment (PVT) Ltd.,10,609.0,6090.0,2025-07-31 11:46:12.309997
2025-07-31,133177,2025073104005723,SHPC,Primo Securities (PVT) Ltd.,Opal Securities Investment (PVT) Ltd.,24,609.0,14616.0,2025-07-31 11:46:12.310077
2025-07-31,133176,2025073104005724,SHPC,Investment Management Nepal Pvt. Ltd.,Opal Securities Investment (PVT) Ltd.,76,608.5,46246.0,2025-07-31 11:46:12.310109
2025-07-31,132812,2025073104005788,SHPC,Naasa Securities Co. Ltd.,Naasa Securities Co. Ltd.,10,608.8,6088.0,2025-07-31 11:46:43.304038
2025-07-31,132541,2025073104005806,SHPC,Citizens Share Broker Limited,Naasa Securities Co. Ltd.,90,608.8,54792.0,2025-07-31 11:46:59.377609
2025-07-31,132131,2025073104005891,SHPC,Citizens Share Broker Limited,Naasa Securities Co. Ltd.,10,608.8,6088.0,2025-07-31 11:47:24.122932
2025-07-31,132130,2025073104005892,SHPC,Investment Management Nepal Pvt. Ltd.,Naasa Securities Co. Ltd.,24,608.5,14604.0,2025-07-31 11:47:24.123164
2025-07-31,132129,2025073104005893,SHPC,Nepal Investment And Securities Trading Private Limited,Naasa Securities Co. Ltd.,50,608.5,30425.0,2025-07-31 11:47:24.123261
2025-07-31,132128,2025073104005894,SHPC,APPLE SECURITIES PRIVATE LIMITED,Naasa Securities Co. Ltd.,197,608.4,119854.8,2025-07-31 11:47:24.123361
2025-07-31,132127,2025073104005895,SHPC,Premier Securities Company Ltd.,Naasa Securities Co. Ltd.,200,608.3,121660.0,2025-07-31 11:47:24.123458
2025-07-31,132126,2025073104005896,SHPC,Agrawal Securities (PVT) Ltd.,Naasa Securities Co. Ltd.,500,608.2,304100.0,2025-07-31 11:47:24.123549
2025-07-31,132125,2025073104005897,SHPC,APPLE SECURITIES PRIVATE LIMITED,Naasa Securities Co. Ltd.,19,608.1,11553.9,2025-07-31 11:47:24.123642
2025-07-31,131868,2025073104005911,SHPC,APPLE SECURITIES PRIVATE LIMITED,Naasa Securities Co. Ltd.,481,608.1,292496.1,2025-07-31 11:47:39.070713
2025-07-31,131618,2025073104005953,SHPC,Naasa Securities Co. Ltd.,Naasa Securities Co. Ltd.,19,608.1,11553.9,2025-07-31 11:47:54.794132
2025-07-31,131309,2025073104005996,SHPC,Dipshikha Dhitopatra Karobar Co. Pvt Ltd.,Bhrikuti Stock Broking Co. Pvt. Ltd.,60,608.1,36486.0,2025-07-31 11:48:18.847232
2025-07-31,131084,2025073104006026,SHPC,Premier Securities Company Ltd.,Kumari Securities Private Limited,1,596.0,596.0,2025-07-31 11:48:32.798996
2025-07-31,130857,2025073104006062,SHPC,Vision Securities Pvt. Ltd,Secured Securities Ltd.,150,608.1,91215.0,2025-07-31 11:48:51.354822
2025-07-31,129891,2025073104006205,SHPC,Premier Securities Company Ltd.,Nepal Investment And Securities Trading Private Limited,100,609.0,60900.0,2025-07-31 11:50:05.200862
2025-07-31,129890,2025073104006206,SHPC,Cristal Kanchanjanga Securites Pvt. Ltd.,Nepal Investment And Securities Trading Private Limited,200,608.3,121660.0,2025-07-31 11:50:05.201114
2025-07-31,129889,2025073104006207,SHPC,Kumari Securities Private Limited,Nepal Investment And Securities Trading Private Limited,100,608.2,60820.0,2025-07-31 11:50:05.201219
2025-07-31,129865,2025073104006215,SHPC,Naasa Securities Co. Ltd.,Trisul Securities & Invt. Ltd.,100,610.0,61000.0,2025-07-31 11:50:07.464819
2025-07-31,129007,2025073104006338,SHPC,Naasa Securities Co. Ltd.,Aryatara Investment & Securities,1,608.1,608.1,2025-07-31 11:51:04.176218
2025-07-31,128544,2025073104006400,SHPC,Dipshikha Dhitopatra Karobar Co. Pvt Ltd.,Primo Securities (PVT) Ltd.,34,608.3,20682.2,2025-07-31 11:51:36.024433
2025-07-31,128541,2025073104006401,SHPC,Premier Securities Company Ltd.,APPLE SECURITIES PRIVATE LIMITED,200,609.1,121820.0,2025-07-31 11:51:37.038009
2025-07-31,127615,2025073104006512,SHPC,Naasa Securities Co. Ltd.,Opal Securities Investment (PVT) Ltd.,100,608.4,60840.0,2025-07-31 11:52:32.487883
2025-07-31,127146,2025073104006593,SHPC,Primo Securities (PVT) Ltd.,APPLE SECURITIES PRIVATE LIMITED,150,609.1,91365.0,2025-07-31 11:53:10.656519
2025-07-31,126630,2025073104006665,SHPC,Sweta Securities Private Limited,Secured Securities Ltd.,200,610.0,122000.0,2025-07-31 11:53:48.431179
2025-07-31,126629,2025073104006666,SHPC,Sweta Securities Private Limited,Linch Stock Market Ltd.,225,610.0,137250.0,2025-07-31 11:53:48.431450
2025-07-31,126628,2025073104006667,SHPC,Sweta Securities Private Limited,Trisul Securities & Invt. Ltd.,75,610.0,45750.0,2025-07-31 11:53:48.431559
2025-07-31,126543,2025073104006673,SHPC,Midas Stock Broking Company Private Limited,Trisul Securities & Invt. Ltd.,23,610.0,14030.0,2025-07-31 11:53:55.926182
2025-07-31,126542,2025073104006674,SHPC,Midas Stock Broking Company Private Limited,Online Securities Pvt. Ltd.,100,610.0,61000.0,2025-07-31 11:53:55.926464
2025-07-31,126541,2025073104006675,SHPC,Midas Stock Broking Company Private Limited,Sewa Securities Pvt. Ltd.,77,610.0,46970.0,2025-07-31 11:53:55.926582
2025-07-31,126487,2025073104006681,SHPC,Market Securities & Exchange (PVT) Ltd.,Sewa Securities Pvt. Ltd.,23,610.0,14030.0,2025-07-31 11:54:01.210478
2025-07-31,126253,2025073104006719,SHPC,Trisul Securities & Invt. Ltd.,Miyo Securities Pvt Ltd,100,610.1,61010.0,2025-07-31 11:54:21.778341
2025-07-31,126076,2025073104006748,SHPC,Market Securities & Exchange (PVT) Ltd.,Trishakti Securities Public Limited,177,610.0,107970.0,2025-07-31 11:54:34.716727
2025-07-31,126075,2025073104006749,SHPC,Premier Securities Company Ltd.,Trishakti Securities Public Limited,23,610.0,14030.0,2025-07-31 11:54:34.716982
2025-07-31,124989,2025073104006927,SHPC,Vision Securities Pvt. Ltd,Miyo Securities Pvt Ltd,25,610.1,15252.5,2025-07-31 11:55:56.687668
2025-07-31,124980,2025073104006928,SHPC,Premier Securities Company Ltd.,Online Securities Pvt. Ltd.,77,610.0,46970.0,2025-07-31 11:55:57.962988
2025-07-31,124979,2025073104006929,SHPC,Agrawal Securities (PVT) Ltd.,Online Securities Pvt. Ltd.,100,610.0,61000.0,2025-07-31 11:55:57.963287
2025-07-31,124978,2025073104006930,SHPC,Trishakti Securities Public Limited,Online Securities Pvt. Ltd.,123,610.0,75030.0,2025-07-31 11:55:57.963405
2025-07-31,124900,2025073104006949,SHPC,Trishakti Securities Public Limited,Primo Securities (PVT) Ltd.,77,610.0,46970.0,2025-07-31 11:56:05.416263
2025-07-31,124899,2025073104006950,SHPC,MILKY WAY SHARE BROKER COMPANY LTD ,Primo Securities (PVT) Ltd.,303,610.0,184830.0,2025-07-31 11:56:05.416551
2025-07-31,124847,2025073104006967,SHPC,MILKY WAY SHARE BROKER COMPANY LTD ,Sani Securities Company Ltd.,100,610.0,61000.0,2025-07-31 11:56:10.065425
2025-07-31,124650,2025073104006978,SHPC,MILKY WAY SHARE BROKER COMPANY LTD ,South Asian Bulls Pvt. Ltd.,2500,610.0,1525000.0,2025-07-31 11:56:28.417947
2025-07-31,124387,2025073104007005,SHPC,Nabil Stock Dealer Ltd.,Miyo Securities Pvt Ltd,15,610.1,9151.5,2025-07-31 11:56:46.752262
2025-07-31,124386,2025073104007006,SHPC,Nabil Stock Dealer Ltd.,Nepal Stock House (PVT) Ltd.,185,610.4,112924.0,2025-07-31 11:56:46.752627
2025-07-31,124139,2025073104007033,SHPC,MILKY WAY SHARE BROKER COMPANY LTD ,Arun Securities (PVT) Ltd.,50,610.0,30500.0,2025-07-31 11:57:11.420089
2025-07-31,124061,2025073104007042,SHPC,Trisul Securities & Invt. Ltd.,Dipshikha Dhitopatra Karobar Co. Pvt Ltd.,50,610.3,30515.0,2025-07-31 11:57:18.604874
2025-07-31,123913,2025073104007067,SHPC,MILKY WAY SHARE BROKER COMPANY LTD ,Agrawal Securities (PVT) Ltd.,47,610.0,28670.0,2025-07-31 11:57:32.212194
2025-07-31,123912,2025073104007068,SHPC,Aakashbhairab Securities Ltd.,Agrawal Securities (PVT) Ltd.,300,610.0,183000.0,2025-07-31 11:57:32.212465
2025-07-31,123909,2025073104007069,SHPC,Nepal Stock House (PVT) Ltd.,Agrawal Securities (PVT) Ltd.,153,610.0,93330.0,2025-07-31 11:57:32.793022
2025-07-31,123908,2025073104007070,SHPC,Nepal Stock House (PVT) Ltd.,Dipshikha Dhitopatra Karobar Co. Pvt Ltd.,347,610.3,211774.1,2025-07-31 11:57:32.793330
2025-07-31,123798,2025073104007089,SHPC,Primo Securities (PVT) Ltd.,Dipshikha Dhitopatra Karobar Co. Pvt Ltd.,30,609.4,18282.0,2025-07-31 11:57:45.410191
2025-07-31,123774,2025073104007092,SHPC,Trisul Securities & Invt. Ltd.,Dipshikha Dhitopatra Karobar Co. Pvt Ltd.,100,610.3,61030.0,2025-07-31 11:57:48.712708
2025-07-31,123450,2025073104007143,SHPC,Naasa Securities Co. Ltd.,Dipshikha Dhitopatra Karobar Co. Pvt Ltd.,70,610.3,42721.0,2025-07-31 11:58:21.205276
2025-07-31,123173,2025073104007195,SHPC,Online Securities Pvt. Ltd.,Arun Securities (PVT) Ltd.,40,610.0,24400.0,2025-07-31 11:58:43.476203
2025-07-31,123034,2025073104007233,SHPC,Trisul Securities & Invt. Ltd.,Dipshikha Dhitopatra Karobar Co. Pvt Ltd.,100,610.3,61030.0,2025-07-31 11:58:52.921609
2025-07-31,122143,2025073104007352,SHPC,Online Securities Pvt. Ltd.,Dipshikha Dhitopatra Karobar Co. Pvt Ltd.,33,610.0,20130.0,2025-07-31 11:59:58.728841
2025-07-31,121934,2025073104007391,SHPC,Online Securities Pvt. Ltd.,Premier Securities Company Ltd.,105,610.0,64050.0,2025-07-31 12:00:18.367869
2025-07-31,121737,2025073104007416,SHPC,Online Securities Pvt. Ltd.,Nepal Investment And Securities Trading Private Limited,22,610.0,13420.0,2025-07-31 12:00:34.131151
2025-07-31,121736,2025073104007417,SHPC,Imperial Securities Company Pvt. Ltd.,Nepal Investment And Securities Trading Private Limited,100,610.0,61000.0,2025-07-31 12:00:34.131762
2025-07-31,121735,2025073104007418,SHPC,Aryatara Investment & Securities,Nepal Investment And Securities Trading Private Limited,200,610.0,122000.0,2025-07-31 12:00:34.132121
2025-07-31,121407,2025073104007465,SHPC,Primo Securities (PVT) Ltd.,Sundhara Securities Limited,120,609.4,73128.0,2025-07-31 12:01:00.883905
2025-07-31,121328,2025073104007477,SHPC,ABC Securities Private Limited,Sundhara Securities Limited,200,609.4,121880.0,2025-07-31 12:01:08.585479
2025-07-31,121189,2025073104007497,SHPC,Premier Securities Company Ltd.,Sundhara Securities Limited,96,609.2,58483.2,2025-07-31 12:01:20.989026
2025-07-31,119617,2025073104007776,SHPC,Sani Securities Company Ltd.,Naasa Securities Co. Ltd.,300,609.3,182790.0,2025-07-31 12:03:23.023101
2025-07-31,119616,2025073104007777,SHPC,Premier Securities Company Ltd.,Naasa Securities Co. Ltd.,104,609.2,63356.8,2025-07-31 12:03:23.023691
2025-07-31,119615,2025073104007778,SHPC,Vision Securities Pvt. Ltd,Naasa Securities Co. Ltd.,296,609.2,180323.2,2025-07-31 12:03:23.024043
2025-07-31,119434,2025073104007807,SHPC,Imperial Securities Company Pvt. Ltd.,Naasa Securities Co. Ltd.,15,610.0,9150.0,2025-07-31 12:03:42.204531
2025-07-31,119433,2025073104007808,SHPC,Imperial Securities Company Pvt. Ltd.,Nepal Investment And Securities Trading Private Limited,49,610.0,29890.0,2025-07-31 12:03:42.204848
2025-07-31,119432,2025073104007809,SHPC,Imperial Securities Company Pvt. Ltd.,Nepal Stock House (PVT) Ltd.,15,610.4,9156.0,2025-07-31 12:03:42.204976
2025-07-31,119431,2025073104007810,SHPC,Imperial Securities Company Pvt. Ltd.,Vision Securities Pvt. Ltd,44,610.4,26857.6,2025-07-31 12:03:42.205097
2025-07-31,119430,2025073104007811,SHPC,Imperial Securities Company Pvt. Ltd.,Imperial Securities Company Pvt. Ltd.,100,611.0,61100.0,2025-07-31 12:03:42.205214
2025-07-31,119429,2025073104007812,SHPC,Imperial Securities Company Pvt. Ltd.,Imperial Securities Company Pvt. Ltd.,200,611.0,122200.0,2025-07-31 12:03:42.205346
2025-07-31,119428,2025073104007813,SHPC,Imperial Securities Company Pvt. Ltd.,Cristal Kanchanjanga Securites Pvt. Ltd.,77,611.0,47047.0,2025-07-31 12:03:42.205471
2025-07-31,119357,2025073104007825,SHPC,Vision Securities Pvt. Ltd,Aryatara Investment & Securities,123,609.2,74931.6,2025-07-31 12:03:47.620064
2025-07-31,119058,2025073104007871,SHPC,Machhapuchchhre Securities Limited,Hatemalo Financial Services Private Limited,10,610.0,6100.0,2025-07-31 12:04:18.269090
2025-07-31,118963,2025073104007880,SHPC,Imperial Securities Company Pvt. Ltd.,Hatemalo Financial Services Private Limited,500,610.0,305000.0,2025-07-31 12:04:27.209091
2025-07-31,118894,2025073104007891,SHPC,Dipshikha Dhitopatra Karobar Co. Pvt Ltd.,Hatemalo Financial Services Private Limited,200,610.0,122000.0,2025-07-31 12:04:34.919406
2025-07-31,118699,2025073104007923,SHPC,Imperial Securities Company Pvt. Ltd.,Miyo Securities Pvt Ltd,200,609.3,121860.0,2025-07-31 12:04:52.901782
2025-07-31,118352,2025073104007959,SHPC,Vision Securities Pvt. Ltd,Nagarik Stock Dealer ,81,609.2,49345.2,2025-07-31 12:05:16.572758
2025-07-31,118351,2025073104007960,SHPC,Online Securities Pvt. Ltd.,Nagarik Stock Dealer ,100,609.0,60900.0,2025-07-31 12:05:16.573095
2025-07-31,118350,2025073104007961,SHPC,Vision Securities Pvt. Ltd,Nagarik Stock Dealer ,500,609.0,304500.0,2025-07-31 12:05:16.573213
2025-07-31,118349,2025073104007962,SHPC,Agrawal Securities (PVT) Ltd.,Nagarik Stock Dealer ,250,609.0,152250.0,2025-07-31 12:05:16.573342
2025-07-31,118348,2025073104007963,SHPC,Deevyaa Securities & Stock House Pvt. Ltd,Nagarik Stock Dealer ,100,609.0,60900.0,2025-07-31 12:05:16.573458
2025-07-31,118347,2025073104007964,SHPC,Online Securities Pvt. Ltd.,Nagarik Stock Dealer ,469,609.0,285621.0,2025-07-31 12:05:16.573576
2025-07-31,118168,2025073104007990,SHPC,Online Securities Pvt. Ltd.,Secured Securities Ltd.,31,609.0,18879.0,2025-07-31 12:05:37.100693
2025-07-31,118085,2025073104007999,SHPC,Vision Securities Pvt. Ltd,Secured Securities Ltd.,30,609.0,18270.0,2025-07-31 12:05:47.179078
2025-07-31,118041,2025073104008011,SHPC,Imperial Securities Company Pvt. Ltd.,Secured Securities Ltd.,49,609.0,29841.0,2025-07-31 12:05:50.819730
2025-07-31,117883,2025073104008039,SHPC,Vision Securities Pvt. Ltd,Miyo Securities Pvt Ltd,50,609.3,30465.0,2025-07-31 12:06:05.403863
2025-07-31,117882,2025073104008040,SHPC,Vision Securities Pvt. Ltd,Thrive Brokerage House Pvt. Ltd,120,609.3,73116.0,2025-07-31 12:06:05.404392
2025-07-31,117881,2025073104008041,SHPC,Vision Securities Pvt. Ltd,Hatemalo Financial Services Private Limited,1918,610.0,1169980.0,2025-07-31 12:06:05.404627
2025-07-31,117880,2025073104008042,SHPC,Vision Securities Pvt. Ltd,Siprabi Securities Pvt. Ltd.,100,610.0,61000.0,2025-07-31 12:06:05.404917
2025-07-31,117879,2025073104008043,SHPC,Vision Securities Pvt. Ltd,Naasa Securities Co. Ltd.,110,610.0,67100.0,2025-07-31 12:06:05.405116
2025-07-31,117878,2025073104008044,SHPC,Vision Securities Pvt. Ltd,Opal Securities Investment (PVT) Ltd.,302,610.0,184220.0,2025-07-31 12:06:05.405263
2025-07-31,117726,2025073104008063,SHPC,Premier Securities Company Ltd.,Opal Securities Investment (PVT) Ltd.,138,610.0,84180.0,2025-07-31 12:06:18.349621
2025-07-31,117484,2025073104008117,SHPC,Premier Securities Company Ltd.,Naasa Securities Co. Ltd.,62,610.0,37820.0,2025-07-31 12:06:40.041407
2025-07-31,117483,2025073104008118,SHPC,Naasa Securities Co. Ltd.,Naasa Securities Co. Ltd.,38,610.0,23180.0,2025-07-31 12:06:40.041916
2025-07-31,117482,2025073104008119,SHPC,Naasa Securities Co. Ltd.,Sani Securities Company Ltd.,2,610.0,1220.0,2025-07-31 12:06:40.042125
2025-07-31,115766,2025073104008511,SHPC,Trisul Securities & Invt. Ltd.,ABC Securities Private Limited,100,610.0,61000.0,2025-07-31 12:09:11.624016
2025-07-31,115718,2025073104008526,SHPC,Imperial Securities Company Pvt. Ltd.,Sharepro Securities Private Limited,151,609.2,91989.2,2025-07-31 12:09:17.680989
2025-07-31,115717,2025073104008527,SHPC,ABC Securities Private Limited,Sharepro Securities Private Limited,100,609.2,60920.0,2025-07-31 12:09:17.681622
2025-07-31,115716,2025073104008528,SHPC,Nepal Investment And Securities Trading Private Limited,Sharepro Securities Private Limited,75,609.2,45690.0,2025-07-31 12:09:17.682029
2025-07-31,115715,2025073104008529,SHPC,Trisul Securities & Invt. Ltd.,Sharepro Securities Private Limited,200,608.4,121680.0,2025-07-31 12:09:17.682439
2025-07-31,115714,2025073104008530,SHPC,Dipshikha Dhitopatra Karobar Co. Pvt Ltd.,Sharepro Securities Private Limited,16,608.3,9732.8,2025-07-31 12:09:17.682840
2025-07-31,115713,2025073104008531,SHPC,Himalayan Securities Limited,Sharepro Securities Private Limited,25,608.3,15207.5,2025-07-31 12:09:17.683216
2025-07-31,115712,2025073104008532,SHPC,Online Securities Pvt. Ltd.,Sharepro Securities Private Limited,433,608.3,263393.9,2025-07-31 12:09:17.683611
2025-07-31,114404,2025073104008772,SHPC,Trisul Securities & Invt. Ltd.,Sri Hari Securities Pvt. Ltd.,70,609.3,42651.0,2025-07-31 12:11:15.426937
2025-07-31,113901,2025073104008905,SHPC,Trisul Securities & Invt. Ltd.,Aakashbhairab Securities Ltd.,930,609.3,566649.0,2025-07-31 12:12:03.411872
2025-07-31,113900,2025073104008906,SHPC,Dakshinkali Investment & Securities Pvt. Ltd.,Aakashbhairab Securities Ltd.,10,609.2,6092.0,2025-07-31 12:12:03.412237
2025-07-31,113899,2025073104008907,SHPC,Imperial Securities Company Pvt. Ltd.,Aakashbhairab Securities Ltd.,60,609.2,36552.0,2025-07-31 12:12:03.412393
2025-07-31,113695,2025073104008952,SHPC,Imperial Securities Company Pvt. Ltd.,Sri Hari Securities Pvt. Ltd.,40,609.2,24368.0,2025-07-31 12:12:25.987837
2025-07-31,113581,2025073104008973,SHPC,Online Securities Pvt. Ltd.,Sri Hari Securities Pvt. Ltd.,170,609.2,103564.0,2025-07-31 12:12:39.086707
2025-07-31,113580,2025073104008974,SHPC,Online Securities Pvt. Ltd.,Miyo Securities Pvt Ltd,350,609.9,213465.0,2025-07-31 12:12:39.087411
2025-07-31,113579,2025073104008975,SHPC,Online Securities Pvt. Ltd.,ABC Securities Private Limited,220,610.0,134200.0,2025-07-31 12:12:39.088006
2025-07-31,111164,2025073104009401,SHPC,Online Securities Pvt. Ltd.,Thrive Brokerage House Pvt. Ltd,121,610.0,73810.0,2025-07-31 12:16:16.597625
2025-07-31,110064,2025073104009660,SHPC,Kumari Securities Private Limited,Cristal Kanchanjanga Securites Pvt. Ltd.,277,611.0,169247.0,2025-07-31 12:17:54.799096
2025-07-31,110063,2025073104009661,SHPC,Kumari Securities Private Limited,Imperial Securities Company Pvt. Ltd.,13,611.0,7943.0,2025-07-31 12:17:54.799498
2025-07-31,109973,2025073104009678,SHPC,Online Securities Pvt. Ltd.,Online Securities Pvt. Ltd.,22,610.0,13420.0,2025-07-31 12:18:02.550840
2025-07-31,109309,2025073104009789,SHPC,Online Securities Pvt. Ltd.,Kohinoor Investment & Securities Pvt. Ltd.,31,610.0,18910.0,2025-07-31 12:19:12.660645
2025-07-31,109096,2025073104009823,SHPC,Sundhara Securities Limited,Kohinoor Investment & Securities Pvt. Ltd.,17,609.0,10353.0,2025-07-31 12:19:34.841740
2025-07-31,109029,2025073104009832,SHPC,Sundhara Securities Limited,Aryatara Investment & Securities,80,609.0,48720.0,2025-07-31 12:19:42.853354
2025-07-31,108802,2025073104009863,SHPC,Sundhara Securities Limited,Miyo Securities Pvt Ltd,250,609.0,152250.0,2025-07-31 12:20:09.224473
2025-07-31,108545,2025073104009893,SHPC,Sundhara Securities Limited,Bhrikuti Stock Broking Co. Pvt. Ltd.,153,609.0,93177.0,2025-07-31 12:20:33.467113
2025-07-31,108544,2025073104009894,SHPC,Sundhara Securities Limited,Bhrikuti Stock Broking Co. Pvt. Ltd.,297,609.0,180873.0,2025-07-31 12:20:33.467521
2025-07-31,108323,2025073104009930,SHPC,Sundhara Securities Limited,Indira securities pvt. ltd,103,609.0,62727.0,2025-07-31 12:21:01.755963
2025-07-31,108322,2025073104009931,SHPC,ABC Securities Private Limited,Indira securities pvt. ltd,20,609.0,12180.0,2025-07-31 12:21:01.756069
2025-07-31,108321,2025073104009932,SHPC,Kohinoor Investment & Securities Pvt. Ltd.,Indira securities pvt. ltd,27,609.0,16443.0,2025-07-31 12:21:01.756131
2025-07-31,108185,2025073104009946,SHPC,Kohinoor Investment & Securities Pvt. Ltd.,Sweta Securities Private Limited,80,609.0,48720.0,2025-07-31 12:21:13.198990
2025-07-31,107910,2025073104010004,SHPC,Kohinoor Investment & Securities Pvt. Ltd.,Sani Securities Company Ltd.,200,609.0,121800.0,2025-07-31 12:21:50.190596
2025-07-31,107855,2025073104010014,SHPC,Kohinoor Investment & Securities Pvt. Ltd.,Miyo Securities Pvt Ltd,193,609.0,117537.0,2025-07-31 12:21:55.444511
2025-07-31,107595,2025073104010073,SHPC,South Asian Bulls Pvt. Ltd.,Vision Securities Pvt. Ltd,100,608.6,60860.0,2025-07-31 12:22:19.153089
2025-07-31,107351,2025073104010119,SHPC,Dipshikha Dhitopatra Karobar Co. Pvt Ltd.,Vision Securities Pvt. Ltd,100,608.5,60850.0,2025-07-31 12:22:51.374254
2025-07-31,107350,2025073104010120,SHPC,Sani Securities Company Ltd.,Vision Securities Pvt. Ltd,70,608.5,42595.0,2025-07-31 12:22:51.374669
2025-07-31,107187,2025073104010164,SHPC,Naasa Securities Co. Ltd.,Ashutosh Brokerage & Securities (PVT) Ltd.,200,608.4,121680.0,2025-07-31 12:23:09.041684
2025-07-31,107186,2025073104010165,SHPC,Sani Securities Company Ltd.,Ashutosh Brokerage & Securities (PVT) Ltd.,300,608.4,182520.0,2025-07-31 12:23:09.042072
2025-07-31,106959,2025073104010226,SHPC,Sani Securities Company Ltd.,Imperial Securities Company Pvt. Ltd.,40,608.4,24336.0,2025-07-31 12:23:36.376980
2025-07-31,106838,2025073104010241,SHPC,Sani Securities Company Ltd.,Vision Securities Pvt. Ltd,90,608.4,54756.0,2025-07-31 12:23:48.221849
2025-07-31,106837,2025073104010242,SHPC,Online Securities Pvt. Ltd.,Vision Securities Pvt. Ltd,67,608.3,40756.1,2025-07-31 12:23:48.222509
2025-07-31,106836,2025073104010243,SHPC,Vision Securities Pvt. Ltd,Vision Securities Pvt. Ltd,500,608.3,304150.0,2025-07-31 12:23:48.222942
2025-07-31,106835,2025073104010244,SHPC,Kohinoor Investment & Securities Pvt. Ltd.,Vision Securities Pvt. Ltd,10,608.3,6083.0,2025-07-31 12:23:48.223363
2025-07-31,106834,2025073104010245,SHPC,Premier Securities Company Ltd.,Vision Securities Pvt. Ltd,200,608.2,121640.0,2025-07-31 12:23:48.223763
2025-07-31,106833,2025073104010246,SHPC,Malla & Malla Stock Broking Company Pvt. Limited,Vision Securities Pvt. Ltd,10,608.2,6082.0,2025-07-31 12:23:48.224161
2025-07-31,106832,2025073104010247,SHPC,Online Securities Pvt. Ltd.,Vision Securities Pvt. Ltd,500,608.2,304100.0,2025-07-31 12:23:48.224609
2025-07-31,106831,2025073104010248,SHPC,Cristal Kanchanjanga Securites Pvt. Ltd.,Vision Securities Pvt. Ltd,200,608.1,121620.0,2025-07-31 12:23:48.225014
2025-07-31,106830,2025073104010249,SHPC,Linch Stock Market Ltd.,Vision Securities Pvt. Ltd,10,608.1,6081.0,2025-07-31 12:23:48.225449
2025-07-31,106829,2025073104010250,SHPC,Kohinoor Investment & Securities Pvt. Ltd.,Vision Securities Pvt. Ltd,313,608.1,190335.3,2025-07-31 12:23:48.225867
2025-07-31,106705,2025073104010273,SHPC,Kohinoor Investment & Securities Pvt. Ltd.,J.F. Securites (PVT) Ltd.,187,608.1,113714.7,2025-07-31 12:24:03.552436
2025-07-31,106704,2025073104010274,SHPC,Online Securities Pvt. Ltd.,J.F. Securites (PVT) Ltd.,228,608.1,138646.8,2025-07-31 12:24:03.552863
2025-07-31,106699,2025073104010275,SHPC,Nepal Stock House (PVT) Ltd.,ABC Securities Private Limited,90,608.4,54756.0,2025-07-31 12:24:04.197529
2025-07-31,106698,2025073104010276,SHPC,Nepal Stock House (PVT) Ltd.,Vision Securities Pvt. Ltd,80,608.5,48680.0,2025-07-31 12:24:04.197893
2025-07-31,105741,2025073104010471,SHPC,Dynamic Money Managers Securities Pvt. Ltd.,Miyo Securities Pvt Ltd,50,609.0,30450.0,2025-07-31 12:25:18.819009
2025-07-31,105581,2025073104010500,SHPC,Naasa Securities Co. Ltd.,Online Securities Pvt. Ltd.,1000,609.0,609000.0,2025-07-31 12:25:33.444556
2025-07-31,105565,2025073104010505,SHPC,Opal Securities Investment (PVT) Ltd.,Naasa Securities Co. Ltd.,155,608.8,94364.0,2025-07-31 12:25:35.544635
2025-07-31,105257,2025073104010552,SHPC,Opal Securities Investment (PVT) Ltd.,ABC Securities Private Limited,30,608.8,18264.0,2025-07-31 12:26:02.806485
2025-07-31,105240,2025073104010556,SHPC,Nepal Stock House (PVT) Ltd.,Online Securities Pvt. Ltd.,630,609.0,383670.0,2025-07-31 12:26:04.244371
2025-07-31,105203,2025073104010567,SHPC,Kumari Securities Private Limited,Online Securities Pvt. Ltd.,100,609.0,60900.0,2025-07-31 12:26:09.424128
2025-07-31,105110,2025073104010595,SHPC,Sagarmatha Securities Private Limited,Online Securities Pvt. Ltd.,500,609.0,304500.0,2025-07-31 12:26:18.440886
2025-07-31,105039,2025073104010603,SHPC,Aryatara Investment & Securities,Online Securities Pvt. Ltd.,70,609.0,42630.0,2025-07-31 12:26:27.623972
2025-07-31,104524,2025073104010727,SHPC,Aryatara Investment & Securities,ABC Securities Private Limited,63,609.0,38367.0,2025-07-31 12:27:19.353176
2025-07-31,104501,2025073104010728,SHPC,Aryatara Investment & Securities,Dipshikha Dhitopatra Karobar Co. Pvt Ltd.,37,609.0,22533.0,2025-07-31 12:27:21.729734
2025-07-31,104285,2025073104010790,SHPC,South Asian Bulls Pvt. Ltd.,Capital Max Securities Ltd,100,608.7,60870.0,2025-07-31 12:27:40.467020
2025-07-31,103392,2025073104010882,SHPC,South Asian Bulls Pvt. Ltd.,Thrive Brokerage House Pvt. Ltd,100,608.7,60870.0,2025-07-31 12:28:29.020504
2025-07-31,103391,2025073104010883,SHPC,Online Securities Pvt. Ltd.,Thrive Brokerage House Pvt. Ltd,272,608.1,165403.2,2025-07-31 12:28:29.021135
2025-07-31,103390,2025073104010884,SHPC,Asian Securities Private Ltd.,Thrive Brokerage House Pvt. Ltd,500,608.1,304050.0,2025-07-31 12:28:29.021577
2025-07-31,103388,2025073104010885,SHPC,Dakshinkali Investment & Securities Pvt. Ltd.,Thrive Brokerage House Pvt. Ltd,10,608.1,6081.0,2025-07-31 12:28:29.021976
2025-07-31,103387,2025073104010886,SHPC,South Asian Bulls Pvt. Ltd.,Thrive Brokerage House Pvt. Ltd,50,608.1,30405.0,2025-07-31 12:28:29.022394
2025-07-31,103386,2025073104010887,SHPC,APPLE SECURITIES PRIVATE LIMITED,Thrive Brokerage House Pvt. Ltd,500,608.0,304000.0,2025-07-31 12:28:29.022802
2025-07-31,103385,2025073104010888,SHPC,Malla & Malla Stock Broking Company Pvt. Limited,Thrive Brokerage House Pvt. Ltd,50,608.0,30400.0,2025-07-31 12:28:29.023231
2025-07-31,103384,2025073104010889,SHPC,Sundhara Securities Limited,Thrive Brokerage House Pvt. Ltd,18,608.0,10944.0,2025-07-31 12:28:29.023634
2025-07-31,102627,2025073104011019,SHPC,Opal Securities Investment (PVT) Ltd.,Dipshikha Dhitopatra Karobar Co. Pvt Ltd.,313,609.0,190617.0,2025-07-31 12:29:42.005608
2025-07-31,102520,2025073104011030,SHPC,Nepal Stock House (PVT) Ltd.,Nepal Stock House (PVT) Ltd.,16,609.0,9744.0,2025-07-31 12:29:51.164402
2025-07-31,102478,2025073104011040,SHPC,Bhrikuti Stock Broking Co. Pvt. Ltd.,Nepal Stock House (PVT) Ltd.,100,609.0,60900.0,2025-07-31 12:29:55.651396
2025-07-31,101469,2025073104011240,SHPC,Midas Stock Broking Company Private Limited,Nepal Stock House (PVT) Ltd.,500,609.0,304500.0,2025-07-31 12:31:22.538273
2025-07-31,101292,2025073104011285,SHPC,Linch Stock Market Ltd.,Nepal Stock House (PVT) Ltd.,70,609.0,42630.0,2025-07-31 12:31:37.158922
2025-07-31,100922,2025073104011340,SHPC,Imperial Securities Company Pvt. Ltd.,Nepal Stock House (PVT) Ltd.,20,609.0,12180.0,2025-07-31 12:32:03.036395
2025-07-31,100084,2025073104011527,SHPC,ABC Securities Private Limited,Agrawal Securities (PVT) Ltd.,450,610.0,274500.0,2025-07-31 12:33:24.027097
2025-07-31,100083,2025073104011528,SHPC,ABC Securities Private Limited,Neev Securities Pvt. Ltd.,290,610.0,176900.0,2025-07-31 12:33:24.027804
2025-07-31,100082,2025073104011529,SHPC,ABC Securities Private Limited,Sri Hari Securities Pvt. Ltd.,36,610.0,21960.0,2025-07-31 12:33:24.028251
2025-07-31,100081,2025073104011530,SHPC,ABC Securities Private Limited,Online Securities Pvt. Ltd.,200,610.0,122000.0,2025-07-31 12:33:24.028706
2025-07-31,100080,2025073104011531,SHPC,ABC Securities Private Limited,Sani Securities Company Ltd.,24,610.0,14640.0,2025-07-31 12:33:24.029139
2025-07-31,99988,2025073104011540,SHPC,Market Securities & Exchange (PVT) Ltd.,Sani Securities Company Ltd.,46,610.0,28060.0,2025-07-31 12:33:34.022126
2025-07-31,99987,2025073104011541,SHPC,Market Securities & Exchange (PVT) Ltd.,Imperial Securities Company Pvt. Ltd.,30,610.0,18300.0,2025-07-31 12:33:34.022473
2025-07-31,99986,2025073104011542,SHPC,Market Securities & Exchange (PVT) Ltd.,Online Securities Pvt. Ltd.,78,610.0,47580.0,2025-07-31 12:33:34.022612
2025-07-31,99651,2025073104011597,SHPC,Market Securities & Exchange (PVT) Ltd.,Indira securities pvt. ltd,146,610.0,89060.0,2025-07-31 12:33:59.006948
2025-07-31,99650,2025073104011598,SHPC,Aryatara Investment & Securities,Indira securities pvt. ltd,500,610.0,305000.0,2025-07-31 12:33:59.007339
2025-07-31,99649,2025073104011599,SHPC,Linch Stock Market Ltd.,Indira securities pvt. ltd,254,610.0,154940.0,2025-07-31 12:33:59.007483
2025-07-31,99503,2025073104011613,SHPC,Trishakti Securities Public Limited,Miyo Securities Pvt Ltd,100,610.9,61090.0,2025-07-31 12:34:10.737558
2025-07-31,99106,2025073104011692,SHPC,Creative Securities Pvt Ltd,Miyo Securities Pvt Ltd,100,610.9,61090.0,2025-07-31 12:34:46.516953
2025-07-31,99073,2025073104011697,SHPC,Sri Hari Securities Pvt. Ltd.,Miyo Securities Pvt Ltd,10,610.9,6109.0,2025-07-31 12:34:50.606475
2025-07-31,98963,2025073104011725,SHPC,Linch Stock Market Ltd.,Miyo Securities Pvt Ltd,40,610.9,24436.0,2025-07-31 12:34:56.629870
2025-07-31,98962,2025073104011726,SHPC,Linch Stock Market Ltd.,Imperial Securities Company Pvt. Ltd.,110,611.0,67210.0,2025-07-31 12:34:56.630207
2025-07-31,98792,2025073104011769,SHPC,Sagarmatha Securities Private Limited,Imperial Securities Company Pvt. Ltd.,177,611.0,108147.0,2025-07-31 12:35:12.827566
2025-07-31,98791,2025073104011770,SHPC,Sagarmatha Securities Private Limited,Miyo Securities Pvt Ltd,250,611.0,152750.0,2025-07-31 12:35:12.827893
2025-07-31,98790,2025073104011771,SHPC,Sagarmatha Securities Private Limited,Agrawal Securities (PVT) Ltd.,73,611.0,44603.0,2025-07-31 12:35:12.828032
2025-07-31,98675,2025073104011794,SHPC,Vision Securities Pvt. Ltd,Agrawal Securities (PVT) Ltd.,1427,611.0,871897.0,2025-07-31 12:35:18.983133
2025-07-31,98362,2025073104011850,SHPC,Vision Securities Pvt. Ltd,Premier Securities Company Ltd.,99,611.0,60489.0,2025-07-31 12:35:39.556648
2025-07-31,98280,2025073104011864,SHPC,Trishakti Securities Public Limited,Dipshikha Dhitopatra Karobar Co. Pvt Ltd.,30,612.0,18360.0,2025-07-31 12:35:47.358648
2025-07-31,98279,2025073104011865,SHPC,Trishakti Securities Public Limited,Kumari Securities Private Limited,470,612.0,287640.0,2025-07-31 12:35:47.358969
2025-07-31,97532,2025073104011967,SHPC,Nepal Stock House (PVT) Ltd.,Kumari Securities Private Limited,30,612.0,18360.0,2025-07-31 12:36:34.126089
2025-07-31,97531,2025073104011968,SHPC,Nepal Stock House (PVT) Ltd.,Midas Stock Broking Company Private Limited,100,612.0,61200.0,2025-07-31 12:36:34.126443
2025-07-31,97530,2025073104011969,SHPC,Nepal Stock House (PVT) Ltd.,Aryatara Investment & Securities,170,612.0,104040.0,2025-07-31 12:36:34.126575
2025-07-31,97454,2025073104011982,SHPC,Vision Securities Pvt. Ltd,Aryatara Investment & Securities,50,612.0,30600.0,2025-07-31 12:36:38.785865
2025-07-31,97453,2025073104011983,SHPC,Vision Securities Pvt. Ltd,Linch Stock Market Ltd.,50,612.0,30600.0,2025-07-31 12:36:38.786287
2025-07-31,97452,2025073104011984,SHPC,Vision Securities Pvt. Ltd,Nagarik Stock Dealer ,200,612.2,122440.0,2025-07-31 12:36:38.786451
2025-07-31,97451,2025073104011985,SHPC,Vision Securities Pvt. Ltd,Aryatara Investment & Securities,60,612.5,36750.0,2025-07-31 12:36:38.786581
2025-07-31,97450,2025073104011986,SHPC,Vision Securities Pvt. Ltd,Capital Max Securities Ltd,50,613.0,30650.0,2025-07-31 12:36:38.786717
2025-07-31,97449,2025073104011987,SHPC,Vision Securities Pvt. Ltd,Imperial Securities Company Pvt. Ltd.,50,613.0,30650.0,2025-07-31 12:36:38.786845
2025-07-31,97448,2025073104011988,SHPC,Vision Securities Pvt. Ltd,Siprabi Securities Pvt. Ltd.,50,613.9,30695.0,2025-07-31 12:36:38.786974
2025-07-31,97447,2025073104011989,SHPC,Vision Securities Pvt. Ltd,Dipshikha Dhitopatra Karobar Co. Pvt Ltd.,200,614.0,122800.0,2025-07-31 12:36:38.787102
2025-07-31,97446,2025073104011990,SHPC,Vision Securities Pvt. Ltd,ABC Securities Private Limited,50,614.0,30700.0,2025-07-31 12:36:38.787225
2025-07-31,97445,2025073104011991,SHPC,Vision Securities Pvt. Ltd,Sumeru Securities Pvt. Ltd.,350,614.0,214900.0,2025-07-31 12:36:38.787365
2025-07-31,97444,2025073104011992,SHPC,Vision Securities Pvt. Ltd,Agrawal Securities (PVT) Ltd.,10,614.0,6140.0,2025-07-31 12:36:38.787491
2025-07-31,97443,2025073104011993,SHPC,Vision Securities Pvt. Ltd,Hatemalo Financial Services Private Limited,577,614.9,354797.3,2025-07-31 12:36:38.787619
2025-07-31,97442,2025073104011994,SHPC,Vision Securities Pvt. Ltd,Miyo Securities Pvt Ltd,100,615.0,61500.0,2025-07-31 12:36:38.787753
2025-07-31,97441,2025073104011995,SHPC,Vision Securities Pvt. Ltd,Dakshinkali Investment & Securities Pvt. Ltd.,400,615.0,246000.0,2025-07-31 12:36:38.787904
2025-07-31,97440,2025073104011996,SHPC,Vision Securities Pvt. Ltd,Indira securities pvt. ltd,100,615.0,61500.0,2025-07-31 12:36:38.788031
2025-07-31,97439,2025073104011997,SHPC,Vision Securities Pvt. Ltd,Aryatara Investment & Securities,250,615.0,153750.0,2025-07-31 12:36:38.788165
2025-07-31,97438,2025073104011998,SHPC,Vision Securities Pvt. Ltd,Capital Max Securities Ltd,50,615.0,30750.0,2025-07-31 12:36:38.788293
2025-07-31,97437,2025073104011999,SHPC,Vision Securities Pvt. Ltd,Sweta Securities Private Limited,500,615.0,307500.0,2025-07-31 12:36:38.788421
2025-07-31,97436,2025073104012000,SHPC,Vision Securities Pvt. Ltd,Naasa Securities Co. Ltd.,150,615.0,92250.0,2025-07-31 12:36:38.788542
2025-07-31,97435,2025073104012001,SHPC,Vision Securities Pvt. Ltd,Imperial Securities Company Pvt. Ltd.,100,615.0,61500.0,2025-07-31 12:36:38.788666
2025-07-31,97434,2025073104012002,SHPC,Vision Securities Pvt. Ltd,Sundhara Securities Limited,900,615.0,553500.0,2025-07-31 12:36:38.788785
2025-07-31,96856,2025073104012088,SHPC,Dipshikha Dhitopatra Karobar Co. Pvt Ltd.,Pragyan Securities (PVT) Ltd.,10,616.0,6160.0,2025-07-31 12:37:28.870101
2025-07-31,96855,2025073104012089,SHPC,Dipshikha Dhitopatra Karobar Co. Pvt Ltd.,Imperial Securities Company Pvt. Ltd.,800,616.0,492800.0,2025-07-31 12:37:28.870484
2025-07-31,96776,2025073104012108,SHPC,Vision Securities Pvt. Ltd,Aryatara Investment & Securities,700,615.0,430500.0,2025-07-31 12:37:39.815699
2025-07-31,96654,2025073104012147,SHPC,Imperial Securities Company Pvt. Ltd.,Imperial Securities Company Pvt. Ltd.,98,616.0,60368.0,2025-07-31 12:37:51.765893
2025-07-31,96481,2025073104012179,SHPC,Online Securities Pvt. Ltd.,Dakshinkali Investment & Securities Pvt. Ltd.,10,615.5,6155.0,2025-07-31 12:38:10.410066
2025-07-31,96480,2025073104012180,SHPC,Vision Securities Pvt. Ltd,Dakshinkali Investment & Securities Pvt. Ltd.,11,615.0,6765.0,2025-07-31 12:38:10.410659
2025-07-31,96453,2025073104012187,SHPC,Magnet Securities and Investment Company Private Limited,J.F. Securites (PVT) Ltd.,50,616.0,30800.0,2025-07-31 12:38:13.145754
2025-07-31,96185,2025073104012229,SHPC,Imperial Securities Company Pvt. Ltd.,J.F. Securites (PVT) Ltd.,30,616.0,18480.0,2025-07-31 12:38:34.378015
2025-07-31,96043,2025073104012262,SHPC,Sri Hari Securities Pvt. Ltd.,J.F. Securites (PVT) Ltd.,40,616.0,24640.0,2025-07-31 12:38:51.142917
2025-07-31,95959,2025073104012290,SHPC,Vision Securities Pvt. Ltd,Dakshinkali Investment & Securities Pvt. Ltd.,40,615.0,24600.0,2025-07-31 12:39:00.908929
2025-07-31,95519,2025073104012380,SHPC,Thrive Brokerage House Pvt. Ltd,Trishakti Securities Public Limited,200,616.0,123200.0,2025-07-31 12:39:51.258029
2025-07-31,94905,2025073104012496,SHPC,Sri Hari Securities Pvt. Ltd.,Linch Stock Market Ltd.,60,615.1,36906.0,2025-07-31 12:41:04.695027
2025-07-31,94904,2025073104012497,SHPC,Capital Max Securities Ltd,Linch Stock Market Ltd.,30,615.1,18453.0,2025-07-31 12:41:04.695353
2025-07-31,94746,2025073104012544,SHPC,Vision Securities Pvt. Ltd,Linch Stock Market Ltd.,100,616.0,61600.0,2025-07-31 12:41:24.895595
2025-07-31,94331,2025073104012614,SHPC,South Asian Bulls Pvt. Ltd.,Linch Stock Market Ltd.,200,615.0,123000.0,2025-07-31 12:42:11.181907
2025-07-31,94330,2025073104012615,SHPC,Vision Securities Pvt. Ltd,Linch Stock Market Ltd.,10,615.0,6150.0,2025-07-31 12:42:11.182515
2025-07-31,94326,2025073104012618,SHPC,Vision Securities Pvt. Ltd,Premier Securities Company Ltd.,400,615.0,246000.0,2025-07-31 12:42:11.541536
2025-07-31,93893,2025073104012695,SHPC,Sumeru Securities Pvt. Ltd.,Online Securities Pvt. Ltd.,8,609.0,4872.0,2025-07-31 12:43:04.871206
2025-07-31,93863,2025073104012703,SHPC,Property Wiard Limited,Premier Securities Company Ltd.,100,616.0,61600.0,2025-07-31 12:43:06.275388
2025-07-31,93630,2025073104012748,SHPC,Sumeru Securities Pvt. Ltd.,Nepal Stock House (PVT) Ltd.,9,609.0,5481.0,2025-07-31 12:43:33.065332
2025-07-31,93030,2025073104012890,SHPC,Vision Securities Pvt. Ltd,Vision Securities Pvt. Ltd,500,615.0,307500.0,2025-07-31 12:44:33.368525
2025-07-31,92913,2025073104012908,SHPC,Vision Securities Pvt. Ltd,Himalayan Securities Limited,1000,615.0,615000.0,2025-07-31 12:44:45.606957
2025-07-31,92824,2025073104012916,SHPC,Vision Securities Pvt. Ltd,Investment Management Nepal Pvt. Ltd.,1000,615.0,615000.0,2025-07-31 12:44:56.179801
2025-07-31,92811,2025073104012926,SHPC,Machhapuchchhre Securities Limited,Infinity Securities Limited,10,616.0,6160.0,2025-07-31 12:44:57.701599
2025-07-31,92567,2025073104012961,SHPC,Vision Securities Pvt. Ltd,Online Securities Pvt. Ltd.,1000,615.0,615000.0,2025-07-31 12:45:26.986676
2025-07-31,92520,2025073104012971,SHPC,Vision Securities Pvt. Ltd,Agrawal Securities (PVT) Ltd.,500,615.0,307500.0,2025-07-31 12:45:32.475012
2025-07-31,92437,2025073104012975,SHPC,Vision Securities Pvt. Ltd,Market Securities & Exchange (PVT) Ltd.,300,615.0,184500.0,2025-07-31 12:45:40.821257
2025-07-31,92361,2025073104012981,SHPC,Vision Securities Pvt. Ltd,Sani Securities Company Ltd.,200,615.0,123000.0,2025-07-31 12:45:44.992119
2025-07-31,92331,2025073104012984,SHPC,Vision Securities Pvt. Ltd,ABC Securities Private Limited,90,615.0,55350.0,2025-07-31 12:45:48.416246
2025-07-31,92330,2025073104012985,SHPC,Naasa Securities Co. Ltd.,ABC Securities Private Limited,160,615.0,98400.0,2025-07-31 12:45:48.416643
2025-07-31,92329,2025073104012986,SHPC,Sani Securities Company Ltd.,ABC Securities Private Limited,25,615.0,15375.0,2025-07-31 12:45:48.416778
2025-07-31,91832,2025073104013098,SHPC,Ashutosh Brokerage & Securities (PVT) Ltd.,Neev Securities Pvt. Ltd.,1,610.0,610.0,2025-07-31 12:46:38.427543
2025-07-31,91794,2025073104013103,SHPC,Aakashbhairab Securities Ltd.,Sajilo Broker Limited,40,613.0,24520.0,2025-07-31 12:46:42.199947
2025-07-31,91629,2025073104013139,SHPC,Vision Securities Pvt. Ltd,Sajilo Broker Limited,35,611.0,21385.0,2025-07-31 12:46:58.228729
2025-07-31,90869,2025073104013302,SHPC,Naasa Securities Co. Ltd.,NIMB Stock Markets Limited,80,614.8,49184.0,2025-07-31 12:48:13.600461
2025-07-31,89834,2025073104013493,SHPC,Aryatara Investment & Securities,Bhrikuti Stock Broking Co. Pvt. Ltd.,200,614.0,122800.0,2025-07-31 12:50:13.176344
2025-07-31,89354,2025073104013557,SHPC,Aryatara Investment & Securities,NIMB Stock Markets Limited,300,614.0,184200.0,2025-07-31 12:50:59.382923
2025-07-31,88775,2025073104013668,SHPC,Sumeru Securities Pvt. Ltd.,Miyo Securities Pvt Ltd,7,609.0,4263.0,2025-07-31 12:52:03.832106
2025-07-31,87815,2025073104013844,SHPC,Online Securities Pvt. Ltd.,Naasa Securities Co. Ltd.,33,613.0,20229.0,2025-07-31 12:54:16.204947
2025-07-31,87814,2025073104013845,SHPC,Online Securities Pvt. Ltd.,Trishakti Securities Public Limited,333,614.0,204462.0,2025-07-31 12:54:16.205658
2025-07-31,87813,2025073104013846,SHPC,Online Securities Pvt. Ltd.,Investment Management Nepal Pvt. Ltd.,100,614.0,61400.0,2025-07-31 12:54:16.206288
2025-07-31,87812,2025073104013847,SHPC,Online Securities Pvt. Ltd.,Oxford Securities Pvt. Ltd.,250,614.0,153500.0,2025-07-31 12:54:16.206911
2025-07-31,87811,2025073104013848,SHPC,Online Securities Pvt. Ltd.,Kohinoor Investment & Securities Pvt. Ltd.,206,614.5,126587.0,2025-07-31 12:54:16.207508
2025-07-31,87810,2025073104013849,SHPC,Online Securities Pvt. Ltd.,Infinity Securities Limited,190,614.6,116774.0,2025-07-31 12:54:16.208084
2025-07-31,87809,2025073104013850,SHPC,Online Securities Pvt. Ltd.,Nepal Investment And Securities Trading Private Limited,150,614.7,92205.0,2025-07-31 12:54:16.208694
2025-07-31,87808,2025073104013851,SHPC,Online Securities Pvt. Ltd.,Investment Management Nepal Pvt. Ltd.,100,614.7,61470.0,2025-07-31 12:54:16.209304
2025-07-31,87807,2025073104013852,SHPC,Online Securities Pvt. Ltd.,NIMB Stock Markets Limited,1920,614.8,1180416.0,2025-07-31 12:54:16.209943
2025-07-31,87506,2025073104013894,SHPC,Vision Securities Pvt. Ltd,Capital Max Securities Ltd,220,614.9,135278.0,2025-07-31 12:55:04.522579
2025-07-31,87505,2025073104013895,SHPC,Vision Securities Pvt. Ltd,ABC Securities Private Limited,1725,615.0,1060875.0,2025-07-31 12:55:04.523212
2025-07-31,87504,2025073104013896,SHPC,Vision Securities Pvt. Ltd,Premier Securities Company Ltd.,100,615.0,61500.0,2025-07-31 12:55:04.523699
2025-07-31,87503,2025073104013897,SHPC,Vision Securities Pvt. Ltd,INDEX SECURITIES LIMITED,455,615.0,279825.0,2025-07-31 12:55:04.524143
2025-07-31,87254,2025073104013954,SHPC,Online Securities Pvt. Ltd.,Primo Securities (PVT) Ltd.,44,614.8,27051.2,2025-07-31 12:55:26.634595
2025-07-31,86949,2025073104014009,SHPC,Trishakti Securities Public Limited,INDEX SECURITIES LIMITED,45,615.0,27675.0,2025-07-31 12:56:10.223407
2025-07-31,86948,2025073104014010,SHPC,Trishakti Securities Public Limited,Investment Management Nepal Pvt. Ltd.,20,615.0,12300.0,2025-07-31 12:56:10.223753
2025-07-31,86640,2025073104014049,SHPC,Trishakti Securities Public Limited,Primo Securities (PVT) Ltd.,35,615.0,21525.0,2025-07-31 12:56:52.946476
2025-07-31,86639,2025073104014050,SHPC,Imperial Securities Company Pvt. Ltd.,Primo Securities (PVT) Ltd.,40,615.0,24600.0,2025-07-31 12:56:52.947102
2025-07-31,86638,2025073104014051,SHPC,Online Securities Pvt. Ltd.,Primo Securities (PVT) Ltd.,2925,614.8,1798290.0,2025-07-31 12:56:52.947528
2025-07-31,86618,2025073104014060,SHPC,Online Securities Pvt. Ltd.,Online Securities Pvt. Ltd.,500,614.8,307400.0,2025-07-31 12:56:57.782348
2025-07-31,85669,2025073104014215,SHPC,Online Securities Pvt. Ltd.,Investment Management Nepal Pvt. Ltd.,30,614.8,18444.0,2025-07-31 12:59:17.443775
2025-07-31,85578,2025073104014233,SHPC,Online Securities Pvt. Ltd.,Nepal Investment And Securities Trading Private Limited,63,614.8,38732.4,2025-07-31 12:59:28.195675
2025-07-31,85477,2025073104014253,SHPC,Vision Securities Pvt. Ltd,Sani Securities Company Ltd.,150,615.0,92250.0,2025-07-31 12:59:43.764065
2025-07-31,85476,2025073104014254,SHPC,Vision Securities Pvt. Ltd,Investment Management Nepal Pvt. Ltd.,500,615.0,307500.0,2025-07-31 12:59:43.764479
2025-07-31,85305,2025073104014280,SHPC,Vision Securities Pvt. Ltd,Vision Securities Pvt. Ltd,50,615.0,30750.0,2025-07-31 13:00:04.642000
2025-07-31,85304,2025073104014281,SHPC,Online Securities Pvt. Ltd.,Vision Securities Pvt. Ltd,10,614.8,6148.0,2025-07-31 13:00:04.642070
2025-07-31,85303,2025073104014282,SHPC,Sumeru Securities Pvt. Ltd.,Trisul Securities & Invt. Ltd.,7,609.0,4263.0,2025-07-31 13:00:04.910827
2025-07-31,84884,2025073104014369,SHPC,Machhapuchchhre Securities Limited,Linch Stock Market Ltd.,10,615.5,6155.0,2025-07-31 13:01:01.317173
2025-07-31,84740,2025073104014400,SHPC,Premier Securities Company Ltd.,Linch Stock Market Ltd.,200,615.5,123100.0,2025-07-31 13:01:21.884781
2025-07-31,84343,2025073104014471,SHPC,Swarna Laxmi Securities Pvt. Ltd.,Dakshinkali Investment & Securities Pvt. Ltd.,200,615.0,123000.0,2025-07-31 13:02:16.851382
2025-07-31,84176,2025073104014497,SHPC,Online Securities Pvt. Ltd.,Miyo Securities Pvt Ltd,500,614.8,307400.0,2025-07-31 13:02:49.553606
2025-07-31,84116,2025073104014511,SHPC,Online Securities Pvt. Ltd.,Siprabi Securities Pvt. Ltd.,100,614.8,61480.0,2025-07-31 13:02:54.947227
2025-07-31,84000,2025073104014530,SHPC,Trisul Securities & Invt. Ltd.,Linch Stock Market Ltd.,11,615.5,6770.5,2025-07-31 13:03:14.545951
2025-07-31,83766,2025073104014569,SHPC,Trishakti Securities Public Limited,APPLE SECURITIES PRIVATE LIMITED,150,615.0,92250.0,2025-07-31 13:03:53.150102
2025-07-31,83717,2025073104014581,SHPC,Trisul Securities & Invt. Ltd.,Bhrikuti Stock Broking Co. Pvt. Ltd.,10,615.5,6155.0,2025-07-31 13:04:00.715424
2025-07-31,83635,2025073104014606,SHPC,Trishakti Securities Public Limited,Investment Management Nepal Pvt. Ltd.,90,615.0,55350.0,2025-07-31 13:04:16.813375
2025-07-31,83381,2025073104014642,SHPC,Online Securities Pvt. Ltd.,Investment Management Nepal Pvt. Ltd.,10,614.8,6148.0,2025-07-31 13:04:59.003455
2025-07-31,83024,2025073104014711,SHPC,Online Securities Pvt. Ltd.,Dynamic Money Managers Securities Pvt. Ltd.,536,614.8,329532.8,2025-07-31 13:05:55.346262
2025-07-31,82939,2025073104014723,SHPC,Vision Securities Pvt. Ltd,Dynamic Money Managers Securities Pvt. Ltd.,500,614.8,307400.0,2025-07-31 13:06:04.165967
2025-07-31,82846,2025073104014748,SHPC,Bhrikuti Stock Broking Co. Pvt. Ltd.,Online Securities Pvt. Ltd.,30,612.6,18378.0,2025-07-31 13:06:15.586100
2025-07-31,82845,2025073104014749,SHPC,Property Wiard Limited,Online Securities Pvt. Ltd.,470,612.5,287875.0,2025-07-31 13:06:15.586851
2025-07-31,82592,2025073104014785,SHPC,Property Wiard Limited,Shree Krishna Securities Ltd.,30,612.5,18375.0,2025-07-31 13:06:52.899293
2025-07-31,82591,2025073104014786,SHPC,Kalika Securities Pvt. Ltd.,Shree Krishna Securities Ltd.,970,612.4,594028.0,2025-07-31 13:06:52.899718
2025-07-31,82386,2025073104014819,SHPC,Sani Securities Company Ltd.,Opal Securities Investment (PVT) Ltd.,60,614.0,36840.0,2025-07-31 13:07:18.176640
2025-07-31,82252,2025073104014836,SHPC,Linch Stock Market Ltd.,Dynamic Money Managers Securities Pvt. Ltd.,646,614.8,397160.8,2025-07-31 13:07:39.380203
2025-07-31,81593,2025073104014956,SHPC,Vision Securities Pvt. Ltd,Dynamic Money Managers Securities Pvt. Ltd.,123,614.8,75620.4,2025-07-31 13:09:14.577676
2025-07-31,81592,2025073104014957,SHPC,Vision Securities Pvt. Ltd,Thrive Brokerage House Pvt. Ltd,25,615.0,15375.0,2025-07-31 13:09:14.578438
2025-07-31,80951,2025073104015072,SHPC,Kohinoor Investment & Securities Pvt. Ltd.,Kohinoor Investment & Securities Pvt. Ltd.,300,615.1,184530.0,2025-07-31 13:10:49.327458
2025-07-31,80932,2025073104015075,SHPC,Vision Securities Pvt. Ltd,Dakshinkali Investment & Securities Pvt. Ltd.,600,615.0,369000.0,2025-07-31 13:10:52.308691
2025-07-31,80889,2025073104015081,SHPC,Vision Securities Pvt. Ltd,Sumeru Securities Pvt. Ltd.,160,615.0,98400.0,2025-07-31 13:10:58.771491
2025-07-31,80452,2025073104015140,SHPC,Vision Securities Pvt. Ltd,Bhrikuti Stock Broking Co. Pvt. Ltd.,92,615.0,56580.0,2025-07-31 13:11:58.878258
2025-07-31,80018,2025073104015194,SHPC,Kohinoor Investment & Securities Pvt. Ltd.,Himalayan Securities Limited,100,614.6,61460.0,2025-07-31 13:13:04.977380
2025-07-31,80017,2025073104015195,SHPC,Online Securities Pvt. Ltd.,Himalayan Securities Limited,100,614.5,61450.0,2025-07-31 13:13:04.977818
2025-07-31,80016,2025073104015196,SHPC,Secured Securities Ltd.,Himalayan Securities Limited,20,614.5,12290.0,2025-07-31 13:13:04.977972
2025-07-31,80015,2025073104015197,SHPC,Sani Securities Company Ltd.,Himalayan Securities Limited,40,614.0,24560.0,2025-07-31 13:13:04.978127
2025-07-31,80014,2025073104015198,SHPC,Online Securities Pvt. Ltd.,Himalayan Securities Limited,200,614.0,122800.0,2025-07-31 13:13:04.978280
2025-07-31,79943,2025073104015224,SHPC,Online Securities Pvt. Ltd.,Himalayan Securities Limited,100,613.0,61300.0,2025-07-31 13:13:12.991911
2025-07-31,79942,2025073104015225,SHPC,Bhrikuti Stock Broking Co. Pvt. Ltd.,Himalayan Securities Limited,440,613.0,269720.0,2025-07-31 13:13:12.992629
2025-07-31,79826,2025073104015250,SHPC,Premier Securities Company Ltd.,Agrawal Securities (PVT) Ltd.,1,602.7,602.7,2025-07-31 13:13:31.787231
2025-07-31,79636,2025073104015275,SHPC,Neev Securities Pvt. Ltd.,Bhrikuti Stock Broking Co. Pvt. Ltd.,198,615.0,121770.0,2025-07-31 13:13:55.467912
2025-07-31,79018,2025073104015407,SHPC,Property Wiard Limited,Nepal Investment And Securities Trading Private Limited,10,615.4,6154.0,2025-07-31 13:15:03.869411
2025-07-31,79017,2025073104015408,SHPC,Property Wiard Limited,SUN SECURITIES PVT LTD,15,615.4,9231.0,2025-07-31 13:15:03.870162
2025-07-31,78679,2025073104015501,SHPC,Neev Securities Pvt. Ltd.,Linch Stock Market Ltd.,302,615.0,185730.0,2025-07-31 13:15:52.392862
2025-07-31,78678,2025073104015502,SHPC,Neev Securities Pvt. Ltd.,Linch Stock Market Ltd.,398,615.0,244770.0,2025-07-31 13:15:52.393303
2025-07-31,78533,2025073104015515,SHPC,Neev Securities Pvt. Ltd.,Linch Stock Market Ltd.,102,615.0,62730.0,2025-07-31 13:16:06.459559
2025-07-31,78532,2025073104015516,SHPC,Sipla Securities Private Limited,Linch Stock Market Ltd.,598,615.0,367770.0,2025-07-31 13:16:06.460286
2025-07-31,77902,2025073104015627,SHPC,Vision Securities Pvt. Ltd,SUN SECURITIES PVT LTD,185,615.4,113849.0,2025-07-31 13:17:13.907051
2025-07-31,77901,2025073104015628,SHPC,Vision Securities Pvt. Ltd,Arun Securities (PVT) Ltd.,125,615.8,76975.0,2025-07-31 13:17:13.907495
2025-07-31,77900,2025073104015629,SHPC,Vision Securities Pvt. Ltd,Naasa Securities Co. Ltd.,17,616.0,10472.0,2025-07-31 13:17:13.907740
2025-07-31,77899,2025073104015630,SHPC,Vision Securities Pvt. Ltd,Siprabi Securities Pvt. Ltd.,11,616.0,6776.0,2025-07-31 13:17:13.907960
2025-07-31,77898,2025073104015631,SHPC,Vision Securities Pvt. Ltd,Deevyaa Securities & Stock House Pvt. Ltd,100,616.0,61600.0,2025-07-31 13:17:13.908200
2025-07-31,77897,2025073104015632,SHPC,Vision Securities Pvt. Ltd,Sanima Securities Limited,117,616.0,72072.0,2025-07-31 13:17:13.908443
2025-07-31,77896,2025073104015633,SHPC,Vision Securities Pvt. Ltd,Sweta Securities Private Limited,1050,616.0,646800.0,2025-07-31 13:17:13.908677
2025-07-31,77895,2025073104015634,SHPC,Vision Securities Pvt. Ltd,Property Wiard Limited,80,616.0,49280.0,2025-07-31 13:17:13.908902
2025-07-31,77894,2025073104015635,SHPC,Vision Securities Pvt. Ltd,Asian Securities Private Ltd.,100,616.0,61600.0,2025-07-31 13:17:13.909130
2025-07-31,77791,2025073104015653,SHPC,Vision Securities Pvt. Ltd,Nagarik Stock Dealer ,31,616.0,19096.0,2025-07-31 13:17:26.682676
2025-07-31,77731,2025073104015658,SHPC,Cristal Kanchanjanga Securites Pvt. Ltd.,Trishakti Securities Public Limited,200,616.5,123300.0,2025-07-31 13:17:31.224714
2025-07-31,77730,2025073104015659,SHPC,Cristal Kanchanjanga Securites Pvt. Ltd.,Imperial Securities Company Pvt. Ltd.,130,617.0,80210.0,2025-07-31 13:17:31.225135
2025-07-31,77729,2025073104015660,SHPC,Cristal Kanchanjanga Securites Pvt. Ltd.,Hatemalo Financial Services Private Limited,170,617.0,104890.0,2025-07-31 13:17:31.225332
2025-07-31,77420,2025073104015693,SHPC,Sri Hari Securities Pvt. Ltd.,Hatemalo Financial Services Private Limited,66,617.0,40722.0,2025-07-31 13:18:06.603276
2025-07-31,77419,2025073104015694,SHPC,Sri Hari Securities Pvt. Ltd.,Sweta Securities Private Limited,10,617.0,6170.0,2025-07-31 13:18:06.603701
2025-07-31,77417,2025073104015695,SHPC,Sri Hari Securities Pvt. Ltd.,Sumeru Securities Pvt. Ltd.,500,617.9,308950.0,2025-07-31 13:18:06.603851
2025-07-31,77416,2025073104015696,SHPC,Sri Hari Securities Pvt. Ltd.,Ashutosh Brokerage & Securities (PVT) Ltd.,15,618.0,9270.0,2025-07-31 13:18:06.604006
2025-07-31,77415,2025073104015697,SHPC,Sri Hari Securities Pvt. Ltd.,Sani Securities Company Ltd.,12,618.0,7416.0,2025-07-31 13:18:06.604154
2025-07-31,77414,2025073104015698,SHPC,Sri Hari Securities Pvt. Ltd.,Investment Management Nepal Pvt. Ltd.,100,618.0,61800.0,2025-07-31 13:18:06.604294
2025-07-31,77413,2025073104015699,SHPC,Sri Hari Securities Pvt. Ltd.,Dipshikha Dhitopatra Karobar Co. Pvt Ltd.,55,618.0,33990.0,2025-07-31 13:18:06.604442
2025-07-31,77412,2025073104015700,SHPC,Sri Hari Securities Pvt. Ltd.,APPLE SECURITIES PRIVATE LIMITED,500,618.0,309000.0,2025-07-31 13:18:06.604587
2025-07-31,77411,2025073104015701,SHPC,Sri Hari Securities Pvt. Ltd.,Kohinoor Investment & Securities Pvt. Ltd.,200,618.0,123600.0,2025-07-31 13:18:06.604731
2025-07-31,77267,2025073104015738,SHPC,Sani Securities Company Ltd.,Aryatara Investment & Securities,100,618.9,61890.0,2025-07-31 13:18:24.346461
2025-07-31,77207,2025073104015745,SHPC,Nepal Stock House (PVT) Ltd.,Neev Securities Pvt. Ltd.,250,619.0,154750.0,2025-07-31 13:18:35.732122
2025-07-31,77178,2025073104015767,SHPC,Sri Hari Securities Pvt. Ltd.,Neev Securities Pvt. Ltd.,542,619.0,335498.0,2025-07-31 13:18:37.145897
2025-07-31,77010,2025073104015798,SHPC,Sumeru Securities Pvt. Ltd.,Siprabi Securities Pvt. Ltd.,7,610.0,4270.0,2025-07-31 13:18:58.633505
2025-07-31,75949,2025073104015961,SHPC,Sweta Securities Private Limited,Neev Securities Pvt. Ltd.,200,619.0,123800.0,2025-07-31 13:20:56.528803
2025-07-31,75313,2025073104016042,SHPC,Vision Securities Pvt. Ltd,Kumari Securities Private Limited,500,619.9,309950.0,2025-07-31 13:22:02.756989
2025-07-31,75312,2025073104016043,SHPC,Vision Securities Pvt. Ltd,Aryatara Investment & Securities,100,619.9,61990.0,2025-07-31 13:22:02.757428
2025-07-31,75311,2025073104016044,SHPC,Vision Securities Pvt. Ltd,KALASH STOCK MARKET PVT. LTD.,1000,620.0,620000.0,2025-07-31 13:22:02.757583
2025-07-31,75310,2025073104016045,SHPC,Vision Securities Pvt. Ltd,Nepal Investment And Securities Trading Private Limited,400,620.0,248000.0,2025-07-31 13:22:02.757782
2025-07-31,75130,2025073104016088,SHPC,Aryatara Investment & Securities,Nepal Investment And Securities Trading Private Limited,20,620.0,12400.0,2025-07-31 13:22:23.411360
2025-07-31,74976,2025073104016129,SHPC,Aryatara Investment & Securities,Nepal Investment And Securities Trading Private Limited,20,620.0,12400.0,2025-07-31 13:22:43.705084
2025-07-31,74447,2025073104016225,SHPC,Vision Securities Pvt. Ltd,Dynamic Money Managers Securities Pvt. Ltd.,500,617.0,308500.0,2025-07-31 13:23:41.032184
2025-07-31,74446,2025073104016226,SHPC,Premier Securities Company Ltd.,Dynamic Money Managers Securities Pvt. Ltd.,200,617.0,123400.0,2025-07-31 13:23:41.032867
2025-07-31,74427,2025073104016228,SHPC,Nepal Stock House (PVT) Ltd.,Dynamic Money Managers Securities Pvt. Ltd.,490,617.0,302330.0,2025-07-31 13:23:42.735799
2025-07-31,74171,2025073104016250,SHPC,Neev Securities Pvt. Ltd.,Dynamic Money Managers Securities Pvt. Ltd.,500,617.0,308500.0,2025-07-31 13:24:09.135904
2025-07-31,74156,2025073104016253,SHPC,KALASH STOCK MARKET PVT. LTD.,Dynamic Money Managers Securities Pvt. Ltd.,500,617.0,308500.0,2025-07-31 13:24:11.603181
2025-07-31,73971,2025073104016296,SHPC,Opal Securities Investment (PVT) Ltd.,Aryatara Investment & Securities,2,609.0,1218.0,2025-07-31 13:24:33.117437
2025-07-31,73917,2025073104016306,SHPC,Aryatara Investment & Securities,Dynamic Money Managers Securities Pvt. Ltd.,630,617.0,388710.0,2025-07-31 13:24:41.329041
2025-07-31,73702,2025073104016362,SHPC,Dipshikha Dhitopatra Karobar Co. Pvt Ltd.,Dynamic Money Managers Securities Pvt. Ltd.,50,617.0,30850.0,2025-07-31 13:25:06.040422
2025-07-31,73571,2025073104016384,SHPC,Deevyaa Securities & Stock House Pvt. Ltd,Dynamic Money Managers Securities Pvt. Ltd.,90,617.0,55530.0,2025-07-31 13:25:22.144755
2025-07-31,73356,2025073104016425,SHPC,Premier Securities Company Ltd.,Dynamic Money Managers Securities Pvt. Ltd.,100,617.0,61700.0,2025-07-31 13:25:49.492106
2025-07-31,72883,2025073104016494,SHPC,Vision Securities Pvt. Ltd,Dynamic Money Managers Securities Pvt. Ltd.,1540,617.0,950180.0,2025-07-31 13:26:28.511286
2025-07-31,72073,2025073104016620,SHPC,Vision Securities Pvt. Ltd,Agrawal Securities (PVT) Ltd.,200,619.8,123960.0,2025-07-31 13:27:44.818459
2025-07-31,72072,2025073104016621,SHPC,Vision Securities Pvt. Ltd,Imperial Securities Company Pvt. Ltd.,200,619.9,123980.0,2025-07-31 13:27:44.818891
2025-07-31,72071,2025073104016622,SHPC,Vision Securities Pvt. Ltd,Nepal Investment And Securities Trading Private Limited,560,620.0,347200.0,2025-07-31 13:27:44.819046
2025-07-31,72070,2025073104016623,SHPC,Vision Securities Pvt. Ltd,Pragyan Securities (PVT) Ltd.,36,620.0,22320.0,2025-07-31 13:27:44.819187
2025-07-31,72069,2025073104016624,SHPC,Vision Securities Pvt. Ltd,Sumeru Securities Pvt. Ltd.,110,620.0,68200.0,2025-07-31 13:27:44.819400
2025-07-31,72068,2025073104016625,SHPC,Vision Securities Pvt. Ltd,Sani Securities Company Ltd.,84,620.0,52080.0,2025-07-31 13:27:44.819600
2025-07-31,72067,2025073104016626,SHPC,Vision Securities Pvt. Ltd,Linch Stock Market Ltd.,200,620.0,124000.0,2025-07-31 13:27:44.819756
2025-07-31,72066,2025073104016627,SHPC,Vision Securities Pvt. Ltd,Sundhara Securities Limited,300,620.0,186000.0,2025-07-31 13:27:44.819931
2025-07-31,72065,2025073104016628,SHPC,Vision Securities Pvt. Ltd,Online Securities Pvt. Ltd.,181,620.0,112220.0,2025-07-31 13:27:44.820131
2025-07-31,72064,2025073104016629,SHPC,Vision Securities Pvt. Ltd,Sani Securities Company Ltd.,50,620.0,31000.0,2025-07-31 13:27:44.820292
2025-07-31,72063,2025073104016630,SHPC,Vision Securities Pvt. Ltd,Sri Hari Securities Pvt. Ltd.,20,620.0,12400.0,2025-07-31 13:27:44.820449
2025-07-31,72062,2025073104016631,SHPC,Vision Securities Pvt. Ltd,Capital Max Securities Ltd,50,620.0,31000.0,2025-07-31 13:27:44.820591
2025-07-31,71410,2025073104016755,SHPC,ABC Securities Private Limited,ABC Securities Private Limited,50,620.0,31000.0,2025-07-31 13:28:46.148756
2025-07-31,71409,2025073104016756,SHPC,ABC Securities Private Limited,Dakshinkali Investment & Securities Pvt. Ltd.,50,620.0,31000.0,2025-07-31 13:28:46.149158
2025-07-31,70647,2025073104016840,SHPC,Aryatara Investment & Securities,Kalika Securities Pvt. Ltd.,300,617.1,185130.0,2025-07-31 13:29:32.699095
2025-07-31,70035,2025073104016946,SHPC,Creative Securities Pvt Ltd,Online Securities Pvt. Ltd.,2,610.0,1220.0,2025-07-31 13:30:18.314240
2025-07-31,69792,2025073104016997,SHPC,Creative Securities Pvt Ltd,Sani Securities Company Ltd.,2,610.0,1220.0,2025-07-31 13:30:40.422186
2025-07-31,69740,2025073104017001,SHPC,Sipla Securities Private Limited,Investment Management Nepal Pvt. Ltd.,362,620.0,224440.0,2025-07-31 13:30:43.633674
2025-07-31,69467,2025073104017071,SHPC,Vision Securities Pvt. Ltd,Investment Management Nepal Pvt. Ltd.,138,620.0,85560.0,2025-07-31 13:31:06.488822
2025-07-31,69466,2025073104017072,SHPC,Vision Securities Pvt. Ltd,Premier Securities Company Ltd.,50,620.0,31000.0,2025-07-31 13:31:06.489208
2025-07-31,69465,2025073104017073,SHPC,Vision Securities Pvt. Ltd,Vision Securities Pvt. Ltd,50,620.0,31000.0,2025-07-31 13:31:06.489377
2025-07-31,69464,2025073104017074,SHPC,Vision Securities Pvt. Ltd,Kohinoor Investment & Securities Pvt. Ltd.,20,620.0,12400.0,2025-07-31 13:31:06.489515
2025-07-31,69463,2025073104017075,SHPC,Vision Securities Pvt. Ltd,Nagarik Stock Dealer ,100,620.0,62000.0,2025-07-31 13:31:06.489793
2025-07-31,69462,2025073104017076,SHPC,Vision Securities Pvt. Ltd,ABC Securities Private Limited,10,620.0,6200.0,2025-07-31 13:31:06.489953
2025-07-31,69461,2025073104017077,SHPC,Vision Securities Pvt. Ltd,Sumeru Securities Pvt. Ltd.,55,620.0,34100.0,2025-07-31 13:31:06.490113
2025-07-31,69460,2025073104017078,SHPC,Vision Securities Pvt. Ltd,Miyo Securities Pvt Ltd,200,620.0,124000.0,2025-07-31 13:31:06.490307
2025-07-31,69459,2025073104017079,SHPC,Vision Securities Pvt. Ltd,Linch Stock Market Ltd.,12,620.0,7440.0,2025-07-31 13:31:06.490481
2025-07-31,69365,2025073104017088,SHPC,Creative Securities Pvt Ltd,Sani Securities Company Ltd.,1,610.0,610.0,2025-07-31 13:31:12.582447
2025-07-31,69245,2025073104017119,SHPC,Naasa Securities Co. Ltd.,Trishakti Securities Public Limited,300,621.0,186300.0,2025-07-31 13:31:23.576981
2025-07-31,69244,2025073104017120,SHPC,Naasa Securities Co. Ltd.,Trishakti Securities Public Limited,82,621.0,50922.0,2025-07-31 13:31:23.577036
2025-07-31,69243,2025073104017121,SHPC,Naasa Securities Co. Ltd.,KALASH STOCK MARKET PVT. LTD.,94,621.0,58374.0,2025-07-31 13:31:23.577062
2025-07-31,69033,2025073104017146,SHPC,Vision Securities Pvt. Ltd,Vision Securities Pvt. Ltd,365,620.0,226300.0,2025-07-31 13:31:37.117896
2025-07-31,68542,2025073104017236,SHPC,Asian Securities Private Ltd.,Trishakti Securities Public Limited,200,618.1,123620.0,2025-07-31 13:32:21.681276
2025-07-31,68541,2025073104017237,SHPC,Property Wiard Limited,Trishakti Securities Public Limited,500,618.0,309000.0,2025-07-31 13:32:21.681326
2025-07-31,68540,2025073104017238,SHPC,Dakshinkali Investment & Securities Pvt. Ltd.,Trishakti Securities Public Limited,500,617.6,308800.0,2025-07-31 13:32:21.681369
2025-07-31,68539,2025073104017239,SHPC,Dipshikha Dhitopatra Karobar Co. Pvt Ltd.,Trishakti Securities Public Limited,500,617.6,308800.0,2025-07-31 13:32:21.681396
2025-07-31,68538,2025073104017240,SHPC,Naasa Securities Co. Ltd.,Trishakti Securities Public Limited,300,617.5,185250.0,2025-07-31 13:32:21.681423
2025-07-31,67623,2025073104017479,SHPC,Sumeru Securities Pvt. Ltd.,Sharepro Securities Private Limited,7,612.0,4284.0,2025-07-31 13:33:56.108480
2025-07-31,67152,2025073104017578,SHPC,Opal Securities Investment (PVT) Ltd.,Linch Stock Market Ltd.,4,610.0,2440.0,2025-07-31 13:34:46.922062
2025-07-31,66450,2025073104017739,SHPC,Vision Securities Pvt. Ltd,Sri Hari Securities Pvt. Ltd.,500,619.0,309500.0,2025-07-31 13:36:04.900941
2025-07-31,66195,2025073104017785,SHPC,Vision Securities Pvt. Ltd,Miyo Securities Pvt Ltd,90,619.0,55710.0,2025-07-31 13:36:34.359015
2025-07-31,66031,2025073104017828,SHPC,Himalayan Brokerage Company Limited,Swarna Laxmi Securities Pvt. Ltd.,200,619.9,123980.0,2025-07-31 13:36:51.399291
2025-07-31,66030,2025073104017829,SHPC,Himalayan Brokerage Company Limited,Arun Securities (PVT) Ltd.,100,619.9,61990.0,2025-07-31 13:36:51.399644
2025-07-31,66029,2025073104017830,SHPC,Himalayan Brokerage Company Limited,Bhrikuti Stock Broking Co. Pvt. Ltd.,504,620.0,312480.0,2025-07-31 13:36:51.399798
2025-07-31,66028,2025073104017831,SHPC,Himalayan Brokerage Company Limited,Trishakti Securities Public Limited,196,620.0,121520.0,2025-07-31 13:36:51.399941
2025-07-31,65790,2025073104017882,SHPC,Bhrikuti Stock Broking Co. Pvt. Ltd.,Trishakti Securities Public Limited,104,620.0,64480.0,2025-07-31 13:37:15.200069
2025-07-31,65789,2025073104017883,SHPC,Bhrikuti Stock Broking Co. Pvt. Ltd.,Blue Chip Securities Ltd,218,620.0,135160.0,2025-07-31 13:37:15.200476
2025-07-31,65765,2025073104017894,SHPC,Vision Securities Pvt. Ltd,Dynamic Money Managers Securities Pvt. Ltd.,500,619.0,309500.0,2025-07-31 13:37:18.950897
2025-07-31,65198,2025073104017996,SHPC,Vision Securities Pvt. Ltd,Trishakti Securities Public Limited,350,619.0,216650.0,2025-07-31 13:38:20.722447
2025-07-31,64018,2025073104018263,SHPC,Primo Securities (PVT) Ltd.,Trishakti Securities Public Limited,15,619.9,9298.5,2025-07-31 13:40:34.431157
2025-07-31,63907,2025073104018270,SHPC,Vision Securities Pvt. Ltd,Trishakti Securities Public Limited,85,619.9,52691.5,2025-07-31 13:40:45.945649
2025-07-31,63906,2025073104018271,SHPC,Vision Securities Pvt. Ltd,Blue Chip Securities Ltd,1915,620.0,1187300.0,2025-07-31 13:40:45.946001
2025-07-31,63515,2025073104018348,SHPC,Deevyaa Securities & Stock House Pvt. Ltd,Blue Chip Securities Ltd,50,620.0,31000.0,2025-07-31 13:41:21.249891
2025-07-31,62851,2025073104018489,SHPC,Vision Securities Pvt. Ltd,Oxford Securities Pvt. Ltd.,50,619.0,30950.0,2025-07-31 13:42:07.448645
2025-07-31,62326,2025073104018622,SHPC,Vision Securities Pvt. Ltd,Vision Securities Pvt. Ltd,10,619.0,6190.0,2025-07-31 13:42:43.197549
2025-07-31,62325,2025073104018623,SHPC,Deevyaa Securities & Stock House Pvt. Ltd,Vision Securities Pvt. Ltd,190,618.0,117420.0,2025-07-31 13:42:43.197656
2025-07-31,61533,2025073104018842,SHPC,Sipla Securities Private Limited,APPLE SECURITIES PRIVATE LIMITED,500,619.0,309500.0,2025-07-31 13:43:28.632110
2025-07-31,61532,2025073104018843,SHPC,Sipla Securities Private Limited,Nepal Investment And Securities Trading Private Limited,200,619.8,123960.0,2025-07-31 13:43:28.632775
2025-07-31,61531,2025073104018844,SHPC,Sipla Securities Private Limited,Miyo Securities Pvt Ltd,150,619.9,92985.0,2025-07-31 13:43:28.633213
2025-07-31,61530,2025073104018845,SHPC,Sipla Securities Private Limited,Blue Chip Securities Ltd,2817,620.0,1746540.0,2025-07-31 13:43:28.633666
2025-07-31,61529,2025073104018846,SHPC,Sipla Securities Private Limited,Linch Stock Market Ltd.,50,620.0,31000.0,2025-07-31 13:43:28.634103
2025-07-31,61528,2025073104018847,SHPC,Sipla Securities Private Limited,Sumeru Securities Pvt. Ltd.,220,620.0,136400.0,2025-07-31 13:43:28.634547
2025-07-31,61527,2025073104018848,SHPC,Sipla Securities Private Limited,Vision Securities Pvt. Ltd,100,620.0,62000.0,2025-07-31 13:43:28.634939
2025-07-31,61526,2025073104018849,SHPC,Sipla Securities Private Limited,KALASH STOCK MARKET PVT. LTD.,906,621.0,562626.0,2025-07-31 13:43:28.635370
2025-07-31,61525,2025073104018850,SHPC,Sipla Securities Private Limited,Online Securities Pvt. Ltd.,57,621.0,35397.0,2025-07-31 13:43:28.635784
2025-07-31,61479,2025073104018875,SHPC,Deevyaa Securities & Stock House Pvt. Ltd,Vision Securities Pvt. Ltd,20,618.0,12360.0,2025-07-31 13:43:31.885379
2025-07-31,61478,2025073104018876,SHPC,Vision Securities Pvt. Ltd,Vision Securities Pvt. Ltd,11,617.5,6792.5,2025-07-31 13:43:31.885501
2025-07-31,61450,2025073104018887,SHPC,Vision Securities Pvt. Ltd,Capital Max Securities Ltd,89,617.5,54957.5,2025-07-31 13:43:33.675353
2025-07-31,61449,2025073104018888,SHPC,Aryatara Investment & Securities,Capital Max Securities Ltd,330,617.1,203643.0,2025-07-31 13:43:33.675719
2025-07-31,61448,2025073104018889,SHPC,Bhrikuti Stock Broking Co. Pvt. Ltd.,Capital Max Securities Ltd,500,617.1,308550.0,2025-07-31 13:43:33.675866
2025-07-31,61447,2025073104018890,SHPC,Vision Securities Pvt. Ltd,Capital Max Securities Ltd,81,617.0,49977.0,2025-07-31 13:43:33.676003
2025-07-31,61198,2025073104018955,SHPC,Vision Securities Pvt. Ltd,Arun Securities (PVT) Ltd.,379,617.0,233843.0,2025-07-31 13:43:51.497214
2025-07-31,61197,2025073104018956,SHPC,Swarna Laxmi Securities Pvt. Ltd.,Arun Securities (PVT) Ltd.,121,617.0,74657.0,2025-07-31 13:43:51.497559
2025-07-31,61096,2025073104018980,SHPC,Swarna Laxmi Securities Pvt. Ltd.,Capital Max Securities Ltd,24,617.0,14808.0,2025-07-31 13:43:58.613145
2025-07-31,61095,2025073104018981,SHPC,Vision Securities Pvt. Ltd,Capital Max Securities Ltd,1976,617.0,1219192.0,2025-07-31 13:43:58.613526
2025-07-31,61012,2025073104019013,SHPC,Vision Securities Pvt. Ltd,Premier Securities Company Ltd.,24,617.0,14808.0,2025-07-31 13:44:05.172419
2025-07-31,61011,2025073104019014,SHPC,Kumari Securities Private Limited,Premier Securities Company Ltd.,76,617.0,46892.0,2025-07-31 13:44:05.172801
2025-07-31,60915,2025073104019034,SHPC,Kumari Securities Private Limited,Imperial Securities Company Pvt. Ltd.,24,617.0,14808.0,2025-07-31 13:44:13.652047
2025-07-31,60914,2025073104019035,SHPC,Aryatara Investment & Securities,Imperial Securities Company Pvt. Ltd.,50,616.3,30815.0,2025-07-31 13:44:13.652088
2025-07-31,60913,2025073104019036,SHPC,SUN SECURITIES PVT LTD,Imperial Securities Company Pvt. Ltd.,200,616.3,123260.0,2025-07-31 13:44:13.652110
2025-07-31,60912,2025073104019037,SHPC,Online Securities Pvt. Ltd.,Imperial Securities Company Pvt. Ltd.,926,616.2,570601.2,2025-07-31 13:44:13.652133
2025-07-31,60581,2025073104019166,SHPC,Online Securities Pvt. Ltd.,Midas Stock Broking Company Private Limited,500,616.2,308100.0,2025-07-31 13:44:36.643782
2025-07-31,60270,2025073104019244,SHPC,Online Securities Pvt. Ltd.,SUN SECURITIES PVT LTD,574,616.2,353698.8,2025-07-31 13:45:04.254158
2025-07-31,60269,2025073104019245,SHPC,Premier Securities Company Ltd.,SUN SECURITIES PVT LTD,200,616.1,123220.0,2025-07-31 13:45:04.254592
2025-07-31,60268,2025073104019246,SHPC,Vision Securities Pvt. Ltd,SUN SECURITIES PVT LTD,226,616.0,139216.0,2025-07-31 13:45:04.254772
2025-07-31,60150,2025073104019270,SHPC,Vision Securities Pvt. Ltd,Trishakti Securities Public Limited,958,616.0,590128.0,2025-07-31 13:45:17.537441
2025-07-31,60149,2025073104019271,SHPC,Thrive Brokerage House Pvt. Ltd,Trishakti Securities Public Limited,50,615.1,30755.0,2025-07-31 13:45:17.537541
2025-07-31,60148,2025073104019272,SHPC,Sri Hari Securities Pvt. Ltd.,Trishakti Securities Public Limited,100,615.0,61500.0,2025-07-31 13:45:17.537572
2025-07-31,60147,2025073104019273,SHPC,Premier Securities Company Ltd.,Trishakti Securities Public Limited,35,615.0,21525.0,2025-07-31 13:45:17.537604
2025-07-31,60146,2025073104019274,SHPC,Imperial Securities Company Pvt. Ltd.,Trishakti Securities Public Limited,500,615.0,307500.0,2025-07-31 13:45:17.537640
2025-07-31,60145,2025073104019275,SHPC,South Asian Bulls Pvt. Ltd.,Trishakti Securities Public Limited,100,615.0,61500.0,2025-07-31 13:45:17.537676
2025-07-31,60144,2025073104019276,SHPC,Dakshinkali Investment & Securities Pvt. Ltd.,Trishakti Securities Public Limited,200,615.0,123000.0,2025-07-31 13:45:17.537705
2025-07-31,60143,2025073104019277,SHPC,Bhrikuti Stock Broking Co. Pvt. Ltd.,Trishakti Securities Public Limited,1000,615.0,615000.0,2025-07-31 13:45:17.537730
2025-07-31,60142,2025073104019278,SHPC,Aryatara Investment & Securities,Trishakti Securities Public Limited,57,614.0,34998.0,2025-07-31 13:45:17.537762
2025-07-31,59890,2025073104019346,SHPC,Aryatara Investment & Securities,Agrawal Securities (PVT) Ltd.,100,614.0,61400.0,2025-07-31 13:45:37.728046
2025-07-31,59887,2025073104019349,SHPC,Creative Securities Pvt Ltd,Premier Securities Company Ltd.,1,602.7,602.7,2025-07-31 13:45:38.201474
2025-07-31,59647,2025073104019414,SHPC,Aryatara Investment & Securities,Aryatara Investment & Securities,40,614.0,24560.0,2025-07-31 13:46:01.444442
2025-07-31,59445,2025073104019447,SHPC,Aryatara Investment & Securities,S.P.S.A. Securities Limited,75,614.0,46050.0,2025-07-31 13:46:20.445013
2025-07-31,59280,2025073104019483,SHPC,Sundhara Securities Limited,Naasa Securities Co. Ltd.,2,608.0,1216.0,2025-07-31 13:46:35.736114
2025-07-31,58502,2025073104019619,SHPC,Secured Securities Ltd.,Dipshikha Dhitopatra Karobar Co. Pvt Ltd.,55,615.0,33825.0,2025-07-31 13:48:04.690307
2025-07-31,58457,2025073104019625,SHPC,Secured Securities Ltd.,Trisul Securities & Invt. Ltd.,500,615.0,307500.0,2025-07-31 13:48:11.611498
2025-07-31,58374,2025073104019643,SHPC,Machhapuchchhre Securities Limited,Vision Securities Pvt. Ltd,10,616.8,6168.0,2025-07-31 13:48:22.364976
2025-07-31,57662,2025073104019762,SHPC,Secured Securities Ltd.,Trishakti Securities Public Limited,606,615.0,372690.0,2025-07-31 13:50:05.502900
2025-07-31,57607,2025073104019774,SHPC,Secured Securities Ltd.,ABC Securities Private Limited,339,615.0,208485.0,2025-07-31 13:50:10.584735
2025-07-31,57606,2025073104019775,SHPC,Bhrikuti Stock Broking Co. Pvt. Ltd.,ABC Securities Private Limited,100,615.0,61500.0,2025-07-31 13:50:10.585103
2025-07-31,57605,2025073104019776,SHPC,Imperial Securities Company Pvt. Ltd.,ABC Securities Private Limited,61,615.0,37515.0,2025-07-31 13:50:10.585243
2025-07-31,57551,2025073104019781,SHPC,Imperial Securities Company Pvt. Ltd.,Sweta Securities Private Limited,439,615.0,269985.0,2025-07-31 13:50:14.134097
2025-07-31,57478,2025073104019792,SHPC,Aryatara Investment & Securities,Sweta Securities Private Limited,100,615.0,61500.0,2025-07-31 13:50:26.292452
2025-07-31,57177,2025073104019852,SHPC,Sumeru Securities Pvt. Ltd.,Trisul Securities & Invt. Ltd.,7,610.0,4270.0,2025-07-31 13:51:09.704333
2025-07-31,56941,2025073104019913,SHPC,Trisul Securities & Invt. Ltd.,Sweta Securities Private Limited,100,615.0,61500.0,2025-07-31 13:51:40.592937
2025-07-31,56897,2025073104019921,SHPC,Online Securities Pvt. Ltd.,Sri Hari Securities Pvt. Ltd.,1000,614.1,614100.0,2025-07-31 13:51:47.181075
2025-07-31,56707,2025073104019961,SHPC,Aryatara Investment & Securities,Kumari Securities Private Limited,28,614.0,17192.0,2025-07-31 13:52:01.681959
2025-07-31,56706,2025073104019962,SHPC,Asian Securities Private Ltd.,Kumari Securities Private Limited,50,614.0,30700.0,2025-07-31 13:52:01.682711
2025-07-31,56705,2025073104019963,SHPC,Online Securities Pvt. Ltd.,Kumari Securities Private Limited,50,614.0,30700.0,2025-07-31 13:52:01.683133
2025-07-31,56704,2025073104019964,SHPC,Creative Securities Pvt Ltd,Kumari Securities Private Limited,12,614.0,7368.0,2025-07-31 13:52:01.683546
