Date,S.N.,contract_id,symbol,buyer_broker,seller_broker,volume,price,amount,transaction_time
2025-07-31,165479,2025073104000536,SPDL,Primo Securities (PVT) Ltd.,Investment Management Nepal Pvt. Ltd.,250,416.1,104025.0,2025-07-31 11:06:18.576183
2025-07-31,164632,2025073104000670,SPDL,Primo Securities (PVT) Ltd.,Secured Securities Ltd.,150,416.1,62415.0,2025-07-31 11:07:38.088179
2025-07-31,164363,2025073104000695,SPDL,Primo Securities (PVT) Ltd.,Sani Securities Company Ltd.,600,416.1,249660.0,2025-07-31 11:08:03.117841
2025-07-31,163954,2025073104000771,SPDL,Linch Stock Market Ltd.,Naasa Securities Co. Ltd.,85,416.2,35377.0,2025-07-31 11:08:44.810946
2025-07-31,163918,2025073104000782,SPDL,Investment Management Nepal Pvt. Ltd.,Naasa Securities Co. Ltd.,100,416.2,41620.0,2025-07-31 11:08:47.250444
2025-07-31,163599,2025073104000888,SPDL,Elite Stock House Limited,Arun Securities (PVT) Ltd.,100,416.0,41600.0,2025-07-31 11:09:14.031733
2025-07-31,163591,2025073104000890,SPDL,Elite Stock House Limited,Cristal Kanchanjanga Securites Pvt. Ltd.,70,416.0,29120.0,2025-07-31 11:09:15.024439
2025-07-31,162815,2025073104001052,SPDL,Linch Stock Market Ltd.,Arun Securities (PVT) Ltd.,100,414.0,41400.0,2025-07-31 11:10:21.312446
2025-07-31,162125,2025073104001197,SPDL,Primo Securities (PVT) Ltd.,Agrawal Securities (PVT) Ltd.,50,413.1,20655.0,2025-07-31 11:11:15.365193
2025-07-31,162124,2025073104001198,SPDL,Imperial Securities Company Pvt. Ltd.,Agrawal Securities (PVT) Ltd.,150,413.1,61965.0,2025-07-31 11:11:15.365270
2025-07-31,162015,2025073104001223,SPDL,Midas Stock Broking Company Private Limited,Dipshikha Dhitopatra Karobar Co. Pvt Ltd.,1000,413.2,413200.0,2025-07-31 11:11:22.669615
2025-07-31,162014,2025073104001224,SPDL,Imperial Securities Company Pvt. Ltd.,Dipshikha Dhitopatra Karobar Co. Pvt Ltd.,850,413.1,351135.0,2025-07-31 11:11:22.669678
2025-07-31,162013,2025073104001225,SPDL,Dynamic Money Managers Securities Pvt. Ltd.,Dipshikha Dhitopatra Karobar Co. Pvt Ltd.,1000,413.0,413000.0,2025-07-31 11:11:22.669707
2025-07-31,162012,2025073104001226,SPDL,Property Wiard Limited,Dipshikha Dhitopatra Karobar Co. Pvt Ltd.,150,413.0,61950.0,2025-07-31 11:11:22.669731
2025-07-31,161449,2025073104001345,SPDL,Dynamic Money Managers Securities Pvt. Ltd.,Dynamic Money Managers Securities Pvt. Ltd.,58,412.1,23901.8,2025-07-31 11:12:05.894507
2025-07-31,161254,2025073104001382,SPDL,Dynamic Money Managers Securities Pvt. Ltd.,J.F. Securites (PVT) Ltd.,60,412.1,24726.0,2025-07-31 11:12:20.016772
2025-07-31,161227,2025073104001392,SPDL,Dynamic Money Managers Securities Pvt. Ltd.,Naasa Securities Co. Ltd.,61,412.1,25138.1,2025-07-31 11:12:22.189768
2025-07-31,161034,2025073104001422,SPDL,Dynamic Money Managers Securities Pvt. Ltd.,Naasa Securities Co. Ltd.,300,412.1,123630.0,2025-07-31 11:12:37.824690
2025-07-31,160180,2025073104001557,SPDL,Vision Securities Pvt. Ltd,Capital Max Securities Ltd,50,412.2,20610.0,2025-07-31 11:13:52.825585
2025-07-31,160077,2025073104001568,SPDL,Vision Securities Pvt. Ltd,Imperial Securities Company Pvt. Ltd.,169,412.2,69661.8,2025-07-31 11:14:01.210268
2025-07-31,160070,2025073104001570,SPDL,Vision Securities Pvt. Ltd,Kalika Securities Pvt. Ltd.,81,412.2,33388.2,2025-07-31 11:14:01.690023
2025-07-31,160069,2025073104001571,SPDL,Secured Securities Ltd.,Kalika Securities Pvt. Ltd.,19,412.2,7831.8,2025-07-31 11:14:01.690100
2025-07-31,159896,2025073104001593,SPDL,Secured Securities Ltd.,Naasa Securities Co. Ltd.,81,412.2,33388.2,2025-07-31 11:14:14.511734
2025-07-31,159895,2025073104001594,SPDL,Imperial Securities Company Pvt. Ltd.,Naasa Securities Co. Ltd.,62,412.2,25556.4,2025-07-31 11:14:14.511919
2025-07-31,159322,2025073104001688,SPDL,Sumeru Securities Pvt. Ltd.,Agrawal Securities (PVT) Ltd.,200,413.9,82780.0,2025-07-31 11:14:54.977090
2025-07-31,159175,2025073104001706,SPDL,Premier Securities Company Ltd.,Dipshikha Dhitopatra Karobar Co. Pvt Ltd.,10,412.3,4123.0,2025-07-31 11:15:07.042879
2025-07-31,159174,2025073104001707,SPDL,Imperial Securities Company Pvt. Ltd.,Dipshikha Dhitopatra Karobar Co. Pvt Ltd.,38,412.2,15663.6,2025-07-31 11:15:07.043046
2025-07-31,159173,2025073104001708,SPDL,Imperial Securities Company Pvt. Ltd.,Dipshikha Dhitopatra Karobar Co. Pvt Ltd.,952,412.2,392414.4,2025-07-31 11:15:07.043159
2025-07-31,158474,2025073104001814,SPDL,Imperial Securities Company Pvt. Ltd.,Dakshinkali Investment & Securities Pvt. Ltd.,48,412.2,19785.6,2025-07-31 11:16:03.385421
2025-07-31,158473,2025073104001815,SPDL,Arun Securities (PVT) Ltd.,Dakshinkali Investment & Securities Pvt. Ltd.,217,412.2,89447.4,2025-07-31 11:16:03.385520
2025-07-31,158454,2025073104001817,SPDL,Arun Securities (PVT) Ltd.,Deevyaa Securities & Stock House Pvt. Ltd,783,412.2,322752.6,2025-07-31 11:16:04.433980
2025-07-31,158453,2025073104001818,SPDL,Neev Securities Pvt. Ltd.,Deevyaa Securities & Stock House Pvt. Ltd,50,412.2,20610.0,2025-07-31 11:16:04.434071
2025-07-31,158452,2025073104001819,SPDL,Sweta Securities Private Limited,Deevyaa Securities & Stock House Pvt. Ltd,100,412.2,41220.0,2025-07-31 11:16:04.434183
2025-07-31,158451,2025073104001820,SPDL,Dynamic Money Managers Securities Pvt. Ltd.,Deevyaa Securities & Stock House Pvt. Ltd,3067,412.1,1263910.7,2025-07-31 11:16:04.434284
2025-07-31,156988,2025073104002065,SPDL,Trishakti Securities Public Limited,Nepal Stock House (PVT) Ltd.,62,413.0,25606.0,2025-07-31 11:17:37.897003
2025-07-31,156707,2025073104002142,SPDL,J.F. Securites (PVT) Ltd.,Creative Securities Pvt Ltd,500,415.9,207950.0,2025-07-31 11:17:59.482074
2025-07-31,156706,2025073104002143,SPDL,J.F. Securites (PVT) Ltd.,Deevyaa Securities & Stock House Pvt. Ltd,500,416.0,208000.0,2025-07-31 11:17:59.482117
2025-07-31,155806,2025073104002304,SPDL,Malla & Malla Stock Broking Company Pvt. Limited,Naasa Securities Co. Ltd.,100,419.0,41900.0,2025-07-31 11:19:06.609693
2025-07-31,154442,2025073104002526,SPDL,Sani Securities Company Ltd.,Sundhara Securities Limited,30,419.0,12570.0,2025-07-31 11:20:49.853579
2025-07-31,153120,2025073104002708,SPDL,Midas Stock Broking Company Private Limited,Sundhara Securities Limited,50,419.0,20950.0,2025-07-31 11:22:38.784038
2025-07-31,153119,2025073104002709,SPDL,Midas Stock Broking Company Private Limited,Dakshinkali Investment & Securities Pvt. Ltd.,185,419.0,77515.0,2025-07-31 11:22:38.784165
2025-07-31,152547,2025073104002777,SPDL,Dynamic Money Managers Securities Pvt. Ltd.,Dakshinkali Investment & Securities Pvt. Ltd.,15,419.0,6285.0,2025-07-31 11:23:27.923562
2025-07-31,152053,2025073104002856,SPDL,Dynamic Money Managers Securities Pvt. Ltd.,Imperial Securities Company Pvt. Ltd.,85,419.0,35615.0,2025-07-31 11:24:12.217706
2025-07-31,152052,2025073104002857,SPDL,INDEX SECURITIES LIMITED,Imperial Securities Company Pvt. Ltd.,420,419.0,175980.0,2025-07-31 11:24:12.217795
2025-07-31,151712,2025073104002910,SPDL,INDEX SECURITIES LIMITED,Sweta Securities Private Limited,400,419.0,167600.0,2025-07-31 11:24:50.964117
2025-07-31,151581,2025073104002928,SPDL,INDEX SECURITIES LIMITED,Linch Stock Market Ltd.,100,419.0,41900.0,2025-07-31 11:24:59.636078
2025-07-31,151474,2025073104002961,SPDL,INDEX SECURITIES LIMITED,Linch Stock Market Ltd.,80,419.0,33520.0,2025-07-31 11:25:09.692263
2025-07-31,151473,2025073104002962,SPDL,Dipshikha Dhitopatra Karobar Co. Pvt Ltd.,Linch Stock Market Ltd.,20,419.0,8380.0,2025-07-31 11:25:09.692442
2025-07-31,151274,2025073104002999,SPDL,Dipshikha Dhitopatra Karobar Co. Pvt Ltd.,Sani Securities Company Ltd.,80,419.0,33520.0,2025-07-31 11:25:29.278041
2025-07-31,150836,2025073104003054,SPDL,Sumeru Securities Pvt. Ltd.,Sani Securities Company Ltd.,200,417.0,83400.0,2025-07-31 11:26:03.720124
2025-07-31,150661,2025073104003075,SPDL,Neev Securities Pvt. Ltd.,Premier Securities Company Ltd.,1,410.0,410.0,2025-07-31 11:26:12.434428
2025-07-31,149891,2025073104003161,SPDL,Midas Stock Broking Company Private Limited,Online Securities Pvt. Ltd.,1000,418.0,418000.0,2025-07-31 11:26:54.740779
2025-07-31,146244,2025073104003794,SPDL,Capital Hub P. Ltd,Sani Securities Company Ltd.,30,416.0,12480.0,2025-07-31 11:30:56.496340
2025-07-31,146067,2025073104003819,SPDL,Sweta Securities Private Limited,Sani Securities Company Ltd.,200,415.0,83000.0,2025-07-31 11:31:10.704422
2025-07-31,146066,2025073104003820,SPDL,Sri Hari Securities Pvt. Ltd.,Sani Securities Company Ltd.,50,415.0,20750.0,2025-07-31 11:31:10.704756
2025-07-31,145807,2025073104003891,SPDL,Naasa Securities Co. Ltd.,Naasa Securities Co. Ltd.,100,414.1,41410.0,2025-07-31 11:31:30.071037
2025-07-31,145806,2025073104003892,SPDL,Ashutosh Brokerage & Securities (PVT) Ltd.,Naasa Securities Co. Ltd.,110,414.0,45540.0,2025-07-31 11:31:30.071135
2025-07-31,145683,2025073104003904,SPDL,Ashutosh Brokerage & Securities (PVT) Ltd.,Sani Securities Company Ltd.,1890,414.0,782460.0,2025-07-31 11:31:39.154864
2025-07-31,145682,2025073104003905,SPDL,Nepal Investment And Securities Trading Private Limited,Sani Securities Company Ltd.,100,414.0,41400.0,2025-07-31 11:31:39.155058
2025-07-31,145681,2025073104003906,SPDL,Oxford Securities Pvt. Ltd.,Sani Securities Company Ltd.,88,414.0,36432.0,2025-07-31 11:31:39.155120
2025-07-31,144243,2025073104004193,SPDL,Asian Securities Private Ltd.,Sani Securities Company Ltd.,52,413.3,21491.6,2025-07-31 11:33:14.688343
2025-07-31,143950,2025073104004224,SPDL,Vision Securities Pvt. Ltd,Trishakti Securities Public Limited,100,413.4,41340.0,2025-07-31 11:33:29.345225
2025-07-31,143949,2025073104004225,SPDL,Asian Securities Private Ltd.,Trishakti Securities Public Limited,48,413.3,19838.4,2025-07-31 11:33:29.345348
2025-07-31,143948,2025073104004226,SPDL,Trishakti Securities Public Limited,Trishakti Securities Public Limited,38,413.0,15694.0,2025-07-31 11:33:29.345401
2025-07-31,143947,2025073104004227,SPDL,Property Wiard Limited,Trishakti Securities Public Limited,514,413.0,212282.0,2025-07-31 11:33:29.345466
2025-07-31,142586,2025073104004444,SPDL,Shree Krishna Securities Ltd.,Creative Securities Pvt Ltd,100,413.1,41310.0,2025-07-31 11:35:07.675391
2025-07-31,142585,2025073104004445,SPDL,SHUBHAKAMANA SECURITIES PVT. LTD,Creative Securities Pvt Ltd,100,413.1,41310.0,2025-07-31 11:35:07.675515
2025-07-31,142584,2025073104004446,SPDL,Property Wiard Limited,Creative Securities Pvt Ltd,336,413.0,138768.0,2025-07-31 11:35:07.675565
2025-07-31,142583,2025073104004447,SPDL,Neev Securities Pvt. Ltd.,Creative Securities Pvt Ltd,726,413.0,299838.0,2025-07-31 11:35:07.675614
2025-07-31,142387,2025073104004467,SPDL,Thrive Brokerage House Pvt. Ltd,Creative Securities Pvt Ltd,10,413.0,4130.0,2025-07-31 11:35:23.712479
2025-07-31,141882,2025073104004527,SPDL,Thrive Brokerage House Pvt. Ltd,J.F. Securites (PVT) Ltd.,100,413.0,41300.0,2025-07-31 11:35:53.040308
2025-07-31,141708,2025073104004545,SPDL,Thrive Brokerage House Pvt. Ltd,Vision Securities Pvt. Ltd,90,413.0,37170.0,2025-07-31 11:36:07.035200
2025-07-31,141707,2025073104004546,SPDL,Vision Securities Pvt. Ltd,Vision Securities Pvt. Ltd,10,413.0,4130.0,2025-07-31 11:36:07.035413
2025-07-31,140987,2025073104004625,SPDL,SHUBHAKAMANA SECURITIES PVT. LTD,Agrawal Securities (PVT) Ltd.,70,412.4,28868.0,2025-07-31 11:36:57.585888
2025-07-31,140572,2025073104004672,SPDL,SHUBHAKAMANA SECURITIES PVT. LTD,Creative Securities Pvt Ltd,30,412.4,12372.0,2025-07-31 11:37:34.521665
2025-07-31,140571,2025073104004673,SPDL,Shree Krishna Securities Ltd.,Creative Securities Pvt Ltd,100,412.4,41240.0,2025-07-31 11:37:34.521786
2025-07-31,140570,2025073104004674,SPDL,Linch Stock Market Ltd.,Creative Securities Pvt Ltd,69,412.3,28448.7,2025-07-31 11:37:34.521854
2025-07-31,138648,2025073104004852,SPDL,INDEX SECURITIES LIMITED,Vision Securities Pvt. Ltd,90,413.0,37170.0,2025-07-31 11:39:40.827298
2025-07-31,138647,2025073104004853,SPDL,INDEX SECURITIES LIMITED,Pragyan Securities (PVT) Ltd.,165,413.0,68145.0,2025-07-31 11:39:40.827533
2025-07-31,138305,2025073104004892,SPDL,INDEX SECURITIES LIMITED,Opal Securities Investment (PVT) Ltd.,40,413.0,16520.0,2025-07-31 11:40:04.411927
2025-07-31,138269,2025073104004904,SPDL,INDEX SECURITIES LIMITED,Sumeru Securities Pvt. Ltd.,705,413.0,291165.0,2025-07-31 11:40:06.318761
2025-07-31,138268,2025073104004905,SPDL,Linch Stock Market Ltd.,Sumeru Securities Pvt. Ltd.,31,412.3,12781.3,2025-07-31 11:40:06.318896
2025-07-31,138267,2025073104004906,SPDL,Neev Securities Pvt. Ltd.,Sumeru Securities Pvt. Ltd.,50,412.2,20610.0,2025-07-31 11:40:06.318950
2025-07-31,138266,2025073104004907,SPDL,Dynamic Money Managers Securities Pvt. Ltd.,Sumeru Securities Pvt. Ltd.,14,412.1,5769.4,2025-07-31 11:40:06.319009
2025-07-31,135406,2025073104005321,SPDL,Aryatara Investment & Securities,Malla & Malla Stock Broking Company Pvt. Limited,44,412.4,18145.6,2025-07-31 11:43:39.078413
2025-07-31,135405,2025073104005322,SPDL,Sumeru Securities Pvt. Ltd.,Malla & Malla Stock Broking Company Pvt. Limited,200,412.2,82440.0,2025-07-31 11:43:39.078539
2025-07-31,135404,2025073104005323,SPDL,Dynamic Money Managers Securities Pvt. Ltd.,Malla & Malla Stock Broking Company Pvt. Limited,556,412.1,229127.6,2025-07-31 11:43:39.078600
2025-07-31,134776,2025073104005400,SPDL,Dynamic Money Managers Securities Pvt. Ltd.,Online Securities Pvt. Ltd.,70,412.2,28854.0,2025-07-31 11:44:29.271547
2025-07-31,133988,2025073104005542,SPDL,Neev Securities Pvt. Ltd.,Midas Stock Broking Company Private Limited,1,406.0,406.0,2025-07-31 11:45:29.079434
2025-07-31,133946,2025073104005544,SPDL,Shree Krishna Securities Ltd.,Sweta Securities Private Limited,60,412.3,24738.0,2025-07-31 11:45:31.442735
2025-07-31,131791,2025073104005918,SPDL,Neev Securities Pvt. Ltd.,Kumari Securities Private Limited,1,405.8,405.8,2025-07-31 11:47:43.939480
2025-07-31,131122,2025073104006023,SPDL,Naasa Securities Co. Ltd.,Imperial Securities Company Pvt. Ltd.,60,412.4,24744.0,2025-07-31 11:48:31.085914
2025-07-31,131121,2025073104006024,SPDL,Dakshinkali Investment & Securities Pvt. Ltd.,Imperial Securities Company Pvt. Ltd.,300,412.4,123720.0,2025-07-31 11:48:31.086065
2025-07-31,131090,2025073104006025,SPDL,Dakshinkali Investment & Securities Pvt. Ltd.,Linch Stock Market Ltd.,200,412.4,82480.0,2025-07-31 11:48:32.659706
2025-07-31,130414,2025073104006134,SPDL,Dakshinkali Investment & Securities Pvt. Ltd.,Aryatara Investment & Securities,300,412.4,123720.0,2025-07-31 11:49:22.810935
2025-07-31,129103,2025073104006323,SPDL,Opal Securities Investment (PVT) Ltd.,Capital Max Securities Ltd,100,413.0,41300.0,2025-07-31 11:50:57.360057
2025-07-31,128027,2025073104006468,SPDL,Opal Securities Investment (PVT) Ltd.,Sani Securities Company Ltd.,400,413.0,165200.0,2025-07-31 11:52:07.099013
2025-07-31,127426,2025073104006536,SPDL,Kalika Securities Pvt. Ltd.,Naasa Securities Co. Ltd.,50,414.1,20705.0,2025-07-31 11:52:44.712494
2025-07-31,127280,2025073104006563,SPDL,Sumeru Securities Pvt. Ltd.,Citizens Share Broker Limited,50,415.0,20750.0,2025-07-31 11:52:57.443301
2025-07-31,127279,2025073104006564,SPDL,Sumeru Securities Pvt. Ltd.,Aryatara Investment & Securities,450,415.0,186750.0,2025-07-31 11:52:57.443588
2025-07-31,126720,2025073104006655,SPDL,Capital Hub P. Ltd,Aryatara Investment & Securities,200,415.0,83000.0,2025-07-31 11:53:41.065422
2025-07-31,126297,2025073104006706,SPDL,Cristal Kanchanjanga Securites Pvt. Ltd.,Aryatara Investment & Securities,145,415.0,60175.0,2025-07-31 11:54:14.698391
2025-07-31,126296,2025073104006707,SPDL,Cristal Kanchanjanga Securites Pvt. Ltd.,Ashutosh Brokerage & Securities (PVT) Ltd.,55,415.0,22825.0,2025-07-31 11:54:14.698538
2025-07-31,123954,2025073104007062,SPDL,Kalika Securities Pvt. Ltd.,Oxford Securities Pvt. Ltd.,50,413.1,20655.0,2025-07-31 11:57:29.215068
2025-07-31,123517,2025073104007132,SPDL,Stoxkarts Securities Limited,Oxford Securities Pvt. Ltd.,180,413.0,74340.0,2025-07-31 11:58:13.525967
2025-07-31,123392,2025073104007150,SPDL,Neev Securities Pvt. Ltd.,Vision Securities Pvt. Ltd,1,405.0,405.0,2025-07-31 11:58:25.924488
2025-07-31,121522,2025073104007439,SPDL,Stoxkarts Securities Limited,Kalika Securities Pvt. Ltd.,20,413.0,8260.0,2025-07-31 12:00:49.237066
2025-07-31,121521,2025073104007440,SPDL,J.F. Securites (PVT) Ltd.,Kalika Securities Pvt. Ltd.,10,413.0,4130.0,2025-07-31 12:00:49.237382
2025-07-31,120966,2025073104007520,SPDL,J.F. Securites (PVT) Ltd.,Sani Securities Company Ltd.,10,413.0,4130.0,2025-07-31 12:01:35.725338
2025-07-31,120965,2025073104007521,SPDL,J.F. Securites (PVT) Ltd.,Sani Securities Company Ltd.,30,413.0,12390.0,2025-07-31 12:01:35.725647
2025-07-31,119994,2025073104007708,SPDL,Citizens Share Broker Limited,Property Wiard Limited,100,413.2,41320.0,2025-07-31 12:02:53.466278
2025-07-31,119993,2025073104007709,SPDL,Dipshikha Dhitopatra Karobar Co. Pvt Ltd.,Property Wiard Limited,500,413.1,206550.0,2025-07-31 12:02:53.466518
2025-07-31,119992,2025073104007710,SPDL,APPLE SECURITIES PRIVATE LIMITED,Property Wiard Limited,100,413.0,41300.0,2025-07-31 12:02:53.466627
2025-07-31,119991,2025073104007711,SPDL,J.F. Securites (PVT) Ltd.,Property Wiard Limited,1000,413.0,413000.0,2025-07-31 12:02:53.466704
2025-07-31,119990,2025073104007712,SPDL,Sumeru Securities Pvt. Ltd.,Property Wiard Limited,120,413.0,49560.0,2025-07-31 12:02:53.466771
2025-07-31,119455,2025073104007800,SPDL,Shree Krishna Securities Ltd.,Naasa Securities Co. Ltd.,40,412.7,16508.0,2025-07-31 12:03:40.141429
2025-07-31,119454,2025073104007801,SPDL,J.F. Securites (PVT) Ltd.,Naasa Securities Co. Ltd.,10,412.7,4127.0,2025-07-31 12:03:40.141748
2025-07-31,119453,2025073104007802,SPDL,J.F. Securites (PVT) Ltd.,Naasa Securities Co. Ltd.,100,412.6,41260.0,2025-07-31 12:03:40.142023
2025-07-31,119452,2025073104007803,SPDL,Trisul Securities & Invt. Ltd.,Naasa Securities Co. Ltd.,450,412.5,185625.0,2025-07-31 12:03:40.142334
2025-07-31,118961,2025073104007881,SPDL,Trisul Securities & Invt. Ltd.,Sani Securities Company Ltd.,40,412.5,16500.0,2025-07-31 12:04:27.815886
2025-07-31,118643,2025073104007929,SPDL,Trisul Securities & Invt. Ltd.,Arun Securities (PVT) Ltd.,10,412.5,4125.0,2025-07-31 12:04:59.992187
2025-07-31,118642,2025073104007930,SPDL,J.F. Securites (PVT) Ltd.,Arun Securities (PVT) Ltd.,10,412.5,4125.0,2025-07-31 12:04:59.992509
2025-07-31,118641,2025073104007931,SPDL,Aryatara Investment & Securities,Arun Securities (PVT) Ltd.,322,412.5,132825.0,2025-07-31 12:04:59.992708
2025-07-31,118640,2025073104007932,SPDL,Dakshinkali Investment & Securities Pvt. Ltd.,Arun Securities (PVT) Ltd.,158,412.4,65159.2,2025-07-31 12:04:59.992899
2025-07-31,117863,2025073104008046,SPDL,Dakshinkali Investment & Securities Pvt. Ltd.,Sani Securities Company Ltd.,20,412.4,8248.0,2025-07-31 12:06:07.341638
2025-07-31,115736,2025073104008522,SPDL,Dakshinkali Investment & Securities Pvt. Ltd.,Sani Securities Company Ltd.,22,412.4,9072.8,2025-07-31 12:09:16.200250
2025-07-31,115735,2025073104008523,SPDL,Naasa Securities Co. Ltd.,Sani Securities Company Ltd.,48,412.4,19795.2,2025-07-31 12:09:16.200469
2025-07-31,115726,2025073104008524,SPDL,SHUBHAKAMANA SECURITIES PVT. LTD,Online Securities Pvt. Ltd.,100,412.3,41230.0,2025-07-31 12:09:17.000573
2025-07-31,115725,2025073104008525,SPDL,Shree Krishna Securities Ltd.,Online Securities Pvt. Ltd.,100,412.3,41230.0,2025-07-31 12:09:17.000763
2025-07-31,115628,2025073104008555,SPDL,Sumeru Securities Pvt. Ltd.,Vision Securities Pvt. Ltd,50,412.3,20615.0,2025-07-31 12:09:25.808586
2025-07-31,115142,2025073104008614,SPDL,Sumeru Securities Pvt. Ltd.,Sumeru Securities Pvt. Ltd.,50,412.3,20615.0,2025-07-31 12:10:10.983166
2025-07-31,115141,2025073104008615,SPDL,Aryatara Investment & Securities,Sumeru Securities Pvt. Ltd.,56,412.3,23088.8,2025-07-31 12:10:10.983361
2025-07-31,115140,2025073104008616,SPDL,Dynamic Money Managers Securities Pvt. Ltd.,Sumeru Securities Pvt. Ltd.,244,412.2,100576.8,2025-07-31 12:10:10.983454
2025-07-31,114685,2025073104008725,SPDL,Kohinoor Investment & Securities Pvt. Ltd.,Dipshikha Dhitopatra Karobar Co. Pvt Ltd.,305,412.6,125843.0,2025-07-31 12:10:49.532922
2025-07-31,114399,2025073104008773,SPDL,Kohinoor Investment & Securities Pvt. Ltd.,Sani Securities Company Ltd.,450,412.6,185670.0,2025-07-31 12:11:15.863792
2025-07-31,113959,2025073104008894,SPDL,Kohinoor Investment & Securities Pvt. Ltd.,Dakshinkali Investment & Securities Pvt. Ltd.,110,412.6,45386.0,2025-07-31 12:11:56.789895
2025-07-31,112629,2025073104009170,SPDL,J.F. Securites (PVT) Ltd.,Investment Management Nepal Pvt. Ltd.,1,407.0,407.0,2025-07-31 12:14:01.139010
2025-07-31,112455,2025073104009205,SPDL,Kohinoor Investment & Securities Pvt. Ltd.,Vision Securities Pvt. Ltd,26,412.6,10727.6,2025-07-31 12:14:20.946274
2025-07-31,111900,2025073104009301,SPDL,Kohinoor Investment & Securities Pvt. Ltd.,Online Securities Pvt. Ltd.,109,412.6,44973.4,2025-07-31 12:15:08.733099
2025-07-31,111899,2025073104009302,SPDL,Sumeru Securities Pvt. Ltd.,Online Securities Pvt. Ltd.,50,412.5,20625.0,2025-07-31 12:15:08.733292
2025-07-31,111898,2025073104009303,SPDL,Imperial Securities Company Pvt. Ltd.,Online Securities Pvt. Ltd.,286,412.4,117946.4,2025-07-31 12:15:08.733383
2025-07-31,110761,2025073104009503,SPDL,Imperial Securities Company Pvt. Ltd.,KALASH STOCK MARKET PVT. LTD.,300,412.4,123720.0,2025-07-31 12:16:57.111798
2025-07-31,110750,2025073104009505,SPDL,Imperial Securities Company Pvt. Ltd.,Online Securities Pvt. Ltd.,38,412.4,15671.2,2025-07-31 12:16:57.826806
2025-07-31,110749,2025073104009506,SPDL,Dynamic Money Managers Securities Pvt. Ltd.,Online Securities Pvt. Ltd.,186,412.2,76669.2,2025-07-31 12:16:57.827141
2025-07-31,110748,2025073104009507,SPDL,Dynamic Money Managers Securities Pvt. Ltd.,Online Securities Pvt. Ltd.,1000,412.2,412200.0,2025-07-31 12:16:57.827388
2025-07-31,110531,2025073104009539,SPDL,Dynamic Money Managers Securities Pvt. Ltd.,Cristal Kanchanjanga Securites Pvt. Ltd.,884,412.1,364296.4,2025-07-31 12:17:14.021823
2025-07-31,110530,2025073104009540,SPDL,Cristal Kanchanjanga Securites Pvt. Ltd.,Cristal Kanchanjanga Securites Pvt. Ltd.,495,412.1,203989.5,2025-07-31 12:17:14.022041
2025-07-31,110529,2025073104009541,SPDL,Capital Hub P. Ltd,Cristal Kanchanjanga Securites Pvt. Ltd.,500,412.1,206050.0,2025-07-31 12:17:14.022111
2025-07-31,110528,2025073104009542,SPDL,Naasa Securities Co. Ltd.,Cristal Kanchanjanga Securites Pvt. Ltd.,200,412.1,82420.0,2025-07-31 12:17:14.022182
2025-07-31,110527,2025073104009543,SPDL,Capital Max Securities Ltd,Cristal Kanchanjanga Securites Pvt. Ltd.,100,412.0,41200.0,2025-07-31 12:17:14.022249
2025-07-31,110526,2025073104009544,SPDL,South Asian Bulls Pvt. Ltd.,Cristal Kanchanjanga Securites Pvt. Ltd.,200,412.0,82400.0,2025-07-31 12:17:14.022330
2025-07-31,110525,2025073104009545,SPDL,Sweta Securities Private Limited,Cristal Kanchanjanga Securites Pvt. Ltd.,95,412.0,39140.0,2025-07-31 12:17:14.022396
2025-07-31,110524,2025073104009546,SPDL,Nepal Investment And Securities Trading Private Limited,Cristal Kanchanjanga Securites Pvt. Ltd.,100,412.0,41200.0,2025-07-31 12:17:14.022458
2025-07-31,110523,2025073104009547,SPDL,Sani Securities Company Ltd.,Cristal Kanchanjanga Securites Pvt. Ltd.,10,412.0,4120.0,2025-07-31 12:17:14.022521
2025-07-31,110522,2025073104009548,SPDL,Nepal Stock House (PVT) Ltd.,Cristal Kanchanjanga Securites Pvt. Ltd.,500,412.0,206000.0,2025-07-31 12:17:14.022581
2025-07-31,110521,2025073104009549,SPDL,J.F. Securites (PVT) Ltd.,Cristal Kanchanjanga Securites Pvt. Ltd.,20,412.0,8240.0,2025-07-31 12:17:14.022642
2025-07-31,110248,2025073104009610,SPDL,Vision Securities Pvt. Ltd,Naasa Securities Co. Ltd.,20,411.5,8230.0,2025-07-31 12:17:38.514955
2025-07-31,109276,2025073104009795,SPDL,Vision Securities Pvt. Ltd,Bhrikuti Stock Broking Co. Pvt. Ltd.,80,411.5,32920.0,2025-07-31 12:19:18.576666
2025-07-31,109275,2025073104009796,SPDL,Capital Max Securities Ltd,Bhrikuti Stock Broking Co. Pvt. Ltd.,100,411.0,41100.0,2025-07-31 12:19:18.576886
2025-07-31,109274,2025073104009797,SPDL,Neev Securities Pvt. Ltd.,Bhrikuti Stock Broking Co. Pvt. Ltd.,420,411.0,172620.0,2025-07-31 12:19:18.576998
2025-07-31,109195,2025073104009811,SPDL,Neev Securities Pvt. Ltd.,Secured Securities Ltd.,80,411.0,32880.0,2025-07-31 12:19:27.791637
2025-07-31,109194,2025073104009812,SPDL,Naasa Securities Co. Ltd.,Secured Securities Ltd.,50,411.0,20550.0,2025-07-31 12:19:27.791956
2025-07-31,109193,2025073104009813,SPDL,SUN SECURITIES PVT LTD,Secured Securities Ltd.,10,411.0,4110.0,2025-07-31 12:19:27.792166
2025-07-31,108846,2025073104009857,SPDL,Kalika Securities Pvt. Ltd.,Secured Securities Ltd.,30,410.7,12321.0,2025-07-31 12:20:02.552135
2025-07-31,108845,2025073104009858,SPDL,Trishakti Securities Public Limited,Secured Securities Ltd.,10,410.7,4107.0,2025-07-31 12:20:02.552340
2025-07-31,108844,2025073104009859,SPDL,Premier Securities Company Ltd.,Secured Securities Ltd.,20,410.2,8204.0,2025-07-31 12:20:02.552520
2025-07-31,108397,2025073104009921,SPDL,Midas Stock Broking Company Private Limited,Cristal Kanchanjanga Securites Pvt. Ltd.,100,411.0,41100.0,2025-07-31 12:20:50.756426
2025-07-31,108396,2025073104009922,SPDL,Shree Krishna Securities Ltd.,Cristal Kanchanjanga Securites Pvt. Ltd.,50,410.3,20515.0,2025-07-31 12:20:50.756608
2025-07-31,108395,2025073104009923,SPDL,Capital Hub P. Ltd,Cristal Kanchanjanga Securites Pvt. Ltd.,500,410.2,205100.0,2025-07-31 12:20:50.756698
2025-07-31,108394,2025073104009924,SPDL,Imperial Securities Company Pvt. Ltd.,Cristal Kanchanjanga Securites Pvt. Ltd.,150,410.1,61515.0,2025-07-31 12:20:50.756761
2025-07-31,108393,2025073104009925,SPDL,Siprabi Securities Pvt. Ltd.,Cristal Kanchanjanga Securites Pvt. Ltd.,1026,410.1,420762.6,2025-07-31 12:20:50.756825
2025-07-31,105829,2025073104010459,SPDL,Pragyan Securities (PVT) Ltd.,Naasa Securities Co. Ltd.,160,411.5,65840.0,2025-07-31 12:25:12.505815
2025-07-31,104655,2025073104010680,SPDL,Bhrikuti Stock Broking Co. Pvt. Ltd.,Secured Securities Ltd.,100,412.0,41200.0,2025-07-31 12:27:04.277658
2025-07-31,104654,2025073104010681,SPDL,Bhrikuti Stock Broking Co. Pvt. Ltd.,Thrive Brokerage House Pvt. Ltd,25,412.0,10300.0,2025-07-31 12:27:04.277977
2025-07-31,104653,2025073104010682,SPDL,Bhrikuti Stock Broking Co. Pvt. Ltd.,Online Securities Pvt. Ltd.,276,412.2,113767.2,2025-07-31 12:27:04.278187
2025-07-31,104652,2025073104010683,SPDL,Bhrikuti Stock Broking Co. Pvt. Ltd.,Kohinoor Investment & Securities Pvt. Ltd.,131,413.9,54220.9,2025-07-31 12:27:04.278435
2025-07-31,104651,2025073104010684,SPDL,Bhrikuti Stock Broking Co. Pvt. Ltd.,Aryatara Investment & Securities,248,414.0,102672.0,2025-07-31 12:27:04.278637
2025-07-31,104650,2025073104010685,SPDL,Bhrikuti Stock Broking Co. Pvt. Ltd.,Ashutosh Brokerage & Securities (PVT) Ltd.,825,415.0,342375.0,2025-07-31 12:27:04.278837
2025-07-31,104649,2025073104010686,SPDL,Bhrikuti Stock Broking Co. Pvt. Ltd.,Citizens Share Broker Limited,150,415.0,62250.0,2025-07-31 12:27:04.279017
2025-07-31,104648,2025073104010687,SPDL,Bhrikuti Stock Broking Co. Pvt. Ltd.,Online Securities Pvt. Ltd.,30,415.0,12450.0,2025-07-31 12:27:04.279205
2025-07-31,104647,2025073104010688,SPDL,Bhrikuti Stock Broking Co. Pvt. Ltd.,Imperial Securities Company Pvt. Ltd.,200,415.0,83000.0,2025-07-31 12:27:04.279409
2025-07-31,104646,2025073104010689,SPDL,Bhrikuti Stock Broking Co. Pvt. Ltd.,Naasa Securities Co. Ltd.,30,415.0,12450.0,2025-07-31 12:27:04.279615
2025-07-31,104645,2025073104010690,SPDL,Bhrikuti Stock Broking Co. Pvt. Ltd.,Naasa Securities Co. Ltd.,60,415.0,24900.0,2025-07-31 12:27:04.279805
2025-07-31,104644,2025073104010691,SPDL,Bhrikuti Stock Broking Co. Pvt. Ltd.,Nepal Stock House (PVT) Ltd.,500,415.0,207500.0,2025-07-31 12:27:04.279988
2025-07-31,104643,2025073104010692,SPDL,Bhrikuti Stock Broking Co. Pvt. Ltd.,Sani Securities Company Ltd.,600,415.0,249000.0,2025-07-31 12:27:04.280181
2025-07-31,104642,2025073104010693,SPDL,Bhrikuti Stock Broking Co. Pvt. Ltd.,Sani Securities Company Ltd.,325,415.0,134875.0,2025-07-31 12:27:04.280376
2025-07-31,102353,2025073104011065,SPDL,Linch Stock Market Ltd.,KALASH STOCK MARKET PVT. LTD.,100,413.0,41300.0,2025-07-31 12:30:08.575663
2025-07-31,102352,2025073104011066,SPDL,Linch Stock Market Ltd.,Naasa Securities Co. Ltd.,299,414.9,124055.1,2025-07-31 12:30:08.575829
2025-07-31,101572,2025073104011213,SPDL,Linch Stock Market Ltd.,Siprabi Securities Pvt. Ltd.,600,414.9,248940.0,2025-07-31 12:31:11.904361
2025-07-31,101514,2025073104011230,SPDL,Primo Securities (PVT) Ltd.,Sani Securities Company Ltd.,25,415.0,10375.0,2025-07-31 12:31:19.190590
2025-07-31,101513,2025073104011231,SPDL,Primo Securities (PVT) Ltd.,Sweta Securities Private Limited,30,415.0,12450.0,2025-07-31 12:31:19.190947
2025-07-31,101512,2025073104011232,SPDL,Primo Securities (PVT) Ltd.,Aryatara Investment & Securities,150,415.0,62250.0,2025-07-31 12:31:19.191151
2025-07-31,101511,2025073104011233,SPDL,Primo Securities (PVT) Ltd.,Dipshikha Dhitopatra Karobar Co. Pvt Ltd.,45,415.0,18675.0,2025-07-31 12:31:19.191367
2025-07-31,100785,2025073104011355,SPDL,Sri Hari Securities Pvt. Ltd.,Aryatara Investment & Securities,500,413.0,206500.0,2025-07-31 12:32:20.229620
2025-07-31,100696,2025073104011375,SPDL,Sumeru Securities Pvt. Ltd.,Trishakti Securities Public Limited,40,416.0,16640.0,2025-07-31 12:32:28.191602
2025-07-31,100695,2025073104011376,SPDL,Sumeru Securities Pvt. Ltd.,ABC Securities Private Limited,710,416.0,295360.0,2025-07-31 12:32:28.191910
2025-07-31,99819,2025073104011569,SPDL,Bhrikuti Stock Broking Co. Pvt. Ltd.,Cristal Kanchanjanga Securites Pvt. Ltd.,500,415.9,207950.0,2025-07-31 12:33:47.263007
2025-07-31,99818,2025073104011570,SPDL,Bhrikuti Stock Broking Co. Pvt. Ltd.,ABC Securities Private Limited,140,416.0,58240.0,2025-07-31 12:33:47.263408
2025-07-31,99817,2025073104011571,SPDL,Bhrikuti Stock Broking Co. Pvt. Ltd.,Vision Securities Pvt. Ltd,750,416.0,312000.0,2025-07-31 12:33:47.263754
2025-07-31,99816,2025073104011572,SPDL,Bhrikuti Stock Broking Co. Pvt. Ltd.,Deevyaa Securities & Stock House Pvt. Ltd,3500,416.0,1456000.0,2025-07-31 12:33:47.264034
2025-07-31,99815,2025073104011573,SPDL,Bhrikuti Stock Broking Co. Pvt. Ltd.,Trishakti Securities Public Limited,100,416.0,41600.0,2025-07-31 12:33:47.264340
2025-07-31,98844,2025073104011757,SPDL,Kalika Securities Pvt. Ltd.,Thrive Brokerage House Pvt. Ltd,22,416.6,9165.2,2025-07-31 12:35:08.191306
2025-07-31,98585,2025073104011796,SPDL,Dynamic Money Managers Securities Pvt. Ltd.,Thrive Brokerage House Pvt. Ltd,200,416.6,83320.0,2025-07-31 12:35:20.658722
2025-07-31,98565,2025073104011800,SPDL,Naasa Securities Co. Ltd.,Thrive Brokerage House Pvt. Ltd,78,416.6,32494.8,2025-07-31 12:35:21.813748
2025-07-31,98564,2025073104011801,SPDL,Naasa Securities Co. Ltd.,Oxford Securities Pvt. Ltd.,124,417.0,51708.0,2025-07-31 12:35:21.813917
2025-07-31,98563,2025073104011802,SPDL,Naasa Securities Co. Ltd.,Naasa Securities Co. Ltd.,300,417.0,125100.0,2025-07-31 12:35:21.813990
2025-07-31,98562,2025073104011803,SPDL,Naasa Securities Co. Ltd.,Naasa Securities Co. Ltd.,45,418.0,18810.0,2025-07-31 12:35:21.814064
2025-07-31,98561,2025073104011804,SPDL,Naasa Securities Co. Ltd.,Dakshinkali Investment & Securities Pvt. Ltd.,300,418.0,125400.0,2025-07-31 12:35:21.814134
2025-07-31,98560,2025073104011805,SPDL,Naasa Securities Co. Ltd.,Trishakti Securities Public Limited,100,418.0,41800.0,2025-07-31 12:35:21.814205
2025-07-31,98559,2025073104011806,SPDL,Naasa Securities Co. Ltd.,Trishakti Securities Public Limited,50,418.0,20900.0,2025-07-31 12:35:21.814276
2025-07-31,97871,2025073104011928,SPDL,SUN SECURITIES PVT LTD,Kohinoor Investment & Securities Pvt. Ltd.,42,419.0,17598.0,2025-07-31 12:36:17.876808
2025-07-31,97870,2025073104011929,SPDL,SUN SECURITIES PVT LTD,Asian Securities Private Ltd.,958,419.0,401402.0,2025-07-31 12:36:17.877022
2025-07-31,97429,2025073104012003,SPDL,Capital Max Securities Ltd,Asian Securities Private Ltd.,150,419.0,62850.0,2025-07-31 12:36:39.424713
2025-07-31,97023,2025073104012048,SPDL,Capital Max Securities Ltd,Asian Securities Private Ltd.,20,419.0,8380.0,2025-07-31 12:37:11.738971
2025-07-31,96401,2025073104012200,SPDL,Primo Securities (PVT) Ltd.,Asian Securities Private Ltd.,50,419.0,20950.0,2025-07-31 12:38:16.903456
2025-07-31,96230,2025073104012223,SPDL,Naasa Securities Co. Ltd.,Online Securities Pvt. Ltd.,350,418.0,146300.0,2025-07-31 12:38:31.856344
2025-07-31,96062,2025073104012254,SPDL,Sani Securities Company Ltd.,Asian Securities Private Ltd.,22,419.0,9218.0,2025-07-31 12:38:48.614842
2025-07-31,96061,2025073104012255,SPDL,Sani Securities Company Ltd.,Malla & Malla Stock Broking Company Pvt. Limited,26,419.7,10912.2,2025-07-31 12:38:48.615019
2025-07-31,95801,2025073104012327,SPDL,Sani Securities Company Ltd.,Online Securities Pvt. Ltd.,10,419.9,4199.0,2025-07-31 12:39:16.882716
2025-07-31,95617,2025073104012359,SPDL,Arun Securities (PVT) Ltd.,Sumeru Securities Pvt. Ltd.,500,419.0,209500.0,2025-07-31 12:39:39.910385
2025-07-31,95616,2025073104012360,SPDL,J.F. Securites (PVT) Ltd.,Sumeru Securities Pvt. Ltd.,500,419.0,209500.0,2025-07-31 12:39:39.910590
2025-07-31,95457,2025073104012394,SPDL,Global IME Securities Limited,Sumeru Securities Pvt. Ltd.,1000,419.0,419000.0,2025-07-31 12:39:58.086922
2025-07-31,94920,2025073104012488,SPDL,Vision Securities Pvt. Ltd,Aryatara Investment & Securities,190,419.8,79762.0,2025-07-31 12:41:03.084784
2025-07-31,94919,2025073104012489,SPDL,Vision Securities Pvt. Ltd,Online Securities Pvt. Ltd.,20,419.9,8398.0,2025-07-31 12:41:03.085003
2025-07-31,94918,2025073104012490,SPDL,Vision Securities Pvt. Ltd,Kohinoor Investment & Securities Pvt. Ltd.,505,419.9,212049.5,2025-07-31 12:41:03.085108
2025-07-31,94917,2025073104012491,SPDL,Vision Securities Pvt. Ltd,Kohinoor Investment & Securities Pvt. Ltd.,500,419.9,209950.0,2025-07-31 12:41:03.085207
2025-07-31,94916,2025073104012492,SPDL,Vision Securities Pvt. Ltd,Prabhu Stock Market Limited,1000,419.9,419900.0,2025-07-31 12:41:03.085281
2025-07-31,94611,2025073104012561,SPDL,Nabil Stock Dealer Ltd.,Imperial Securities Company Pvt. Ltd.,11,420.0,4620.0,2025-07-31 12:41:39.304115
2025-07-31,94610,2025073104012562,SPDL,Nabil Stock Dealer Ltd.,Citizens Share Broker Limited,100,420.0,42000.0,2025-07-31 12:41:39.304278
2025-07-31,94609,2025073104012563,SPDL,Nabil Stock Dealer Ltd.,Imperial Securities Company Pvt. Ltd.,101,420.0,42420.0,2025-07-31 12:41:39.304354
2025-07-31,94608,2025073104012564,SPDL,Nabil Stock Dealer Ltd.,Dipshikha Dhitopatra Karobar Co. Pvt Ltd.,500,420.0,210000.0,2025-07-31 12:41:39.304420
2025-07-31,94607,2025073104012565,SPDL,Nabil Stock Dealer Ltd.,Trishakti Securities Public Limited,50,420.0,21000.0,2025-07-31 12:41:39.304487
2025-07-31,94606,2025073104012566,SPDL,Nabil Stock Dealer Ltd.,APPLE SECURITIES PRIVATE LIMITED,500,420.0,210000.0,2025-07-31 12:41:39.304551
2025-07-31,94605,2025073104012567,SPDL,Nabil Stock Dealer Ltd.,Dakshinkali Investment & Securities Pvt. Ltd.,500,420.0,210000.0,2025-07-31 12:41:39.304617
2025-07-31,94604,2025073104012568,SPDL,Nabil Stock Dealer Ltd.,Dipshikha Dhitopatra Karobar Co. Pvt Ltd.,41,420.0,17220.0,2025-07-31 12:41:39.304691
2025-07-31,94603,2025073104012569,SPDL,Nabil Stock Dealer Ltd.,Citizens Share Broker Limited,100,420.0,42000.0,2025-07-31 12:41:39.304755
2025-07-31,94602,2025073104012570,SPDL,Nabil Stock Dealer Ltd.,Naasa Securities Co. Ltd.,97,420.0,40740.0,2025-07-31 12:41:39.304815
2025-07-31,94556,2025073104012578,SPDL,Naasa Securities Co. Ltd.,Naasa Securities Co. Ltd.,103,420.0,43260.0,2025-07-31 12:41:44.248323
2025-07-31,94353,2025073104012608,SPDL,Sumeru Securities Pvt. Ltd.,Asian Securities Private Ltd.,50,420.3,21015.0,2025-07-31 12:42:08.603563
2025-07-31,94287,2025073104012621,SPDL,Sani Securities Company Ltd.,Neev Securities Pvt. Ltd.,10,421.0,4210.0,2025-07-31 12:42:17.630062
2025-07-31,94010,2025073104012671,SPDL,Vision Securities Pvt. Ltd,Neev Securities Pvt. Ltd.,580,421.0,244180.0,2025-07-31 12:42:48.589164
2025-07-31,93803,2025073104012730,SPDL,Sani Securities Company Ltd.,Sewa Securities Pvt. Ltd.,10,421.3,4213.0,2025-07-31 12:43:12.473059
2025-07-31,93624,2025073104012749,SPDL,Deevyaa Securities & Stock House Pvt. Ltd,Sewa Securities Pvt. Ltd.,90,421.3,37917.0,2025-07-31 12:43:33.912985
2025-07-31,93623,2025073104012750,SPDL,Deevyaa Securities & Stock House Pvt. Ltd,Sri Hari Securities Pvt. Ltd.,10,421.6,4216.0,2025-07-31 12:43:33.913165
2025-07-31,93568,2025073104012764,SPDL,Deevyaa Securities & Stock House Pvt. Ltd,Sri Hari Securities Pvt. Ltd.,190,421.6,80104.0,2025-07-31 12:43:44.140060
2025-07-31,93567,2025073104012765,SPDL,Deevyaa Securities & Stock House Pvt. Ltd,Vision Securities Pvt. Ltd,310,421.6,130696.0,2025-07-31 12:43:44.140273
2025-07-31,93261,2025073104012826,SPDL,Sumeru Securities Pvt. Ltd.,Secured Securities Ltd.,10,421.0,4210.0,2025-07-31 12:44:13.182814
2025-07-31,93183,2025073104012855,SPDL,Sumeru Securities Pvt. Ltd.,Dipshikha Dhitopatra Karobar Co. Pvt Ltd.,490,421.0,206290.0,2025-07-31 12:44:17.829738
2025-07-31,93182,2025073104012856,SPDL,Kohinoor Investment & Securities Pvt. Ltd.,Dipshikha Dhitopatra Karobar Co. Pvt Ltd.,250,421.0,105250.0,2025-07-31 12:44:17.830105
2025-07-31,93124,2025073104012871,SPDL,Naasa Securities Co. Ltd.,Neev Securities Pvt. Ltd.,150,420.0,63000.0,2025-07-31 12:44:23.812794
2025-07-31,92966,2025073104012900,SPDL,Naasa Securities Co. Ltd.,Dipshikha Dhitopatra Karobar Co. Pvt Ltd.,410,420.0,172200.0,2025-07-31 12:44:40.317553
2025-07-31,92667,2025073104012942,SPDL,Naasa Securities Co. Ltd.,SUN SECURITIES PVT LTD,4987,420.0,2094540.0,2025-07-31 12:45:17.008066
2025-07-31,92666,2025073104012943,SPDL,Deevyaa Securities & Stock House Pvt. Ltd,SUN SECURITIES PVT LTD,13,420.0,5460.0,2025-07-31 12:45:17.008260
2025-07-31,92544,2025073104012968,SPDL,Sumeru Securities Pvt. Ltd.,Imperial Securities Company Pvt. Ltd.,100,420.1,42010.0,2025-07-31 12:45:29.146203
2025-07-31,92543,2025073104012969,SPDL,Deevyaa Securities & Stock House Pvt. Ltd,Imperial Securities Company Pvt. Ltd.,400,420.0,168000.0,2025-07-31 12:45:29.146516
2025-07-31,92273,2025073104012997,SPDL,Opal Securities Investment (PVT) Ltd.,Trishakti Securities Public Limited,355,420.5,149277.5,2025-07-31 12:45:54.785025
2025-07-31,92272,2025073104012998,SPDL,Deevyaa Securities & Stock House Pvt. Ltd,Trishakti Securities Public Limited,87,420.0,36540.0,2025-07-31 12:45:54.785220
2025-07-31,92271,2025073104012999,SPDL,Malla & Malla Stock Broking Company Pvt. Limited,Trishakti Securities Public Limited,150,420.0,63000.0,2025-07-31 12:45:54.785297
2025-07-31,91755,2025073104013120,SPDL,Deevyaa Securities & Stock House Pvt. Ltd,Nepal Investment And Securities Trading Private Limited,500,419.0,209500.0,2025-07-31 12:46:45.340068
2025-07-31,91754,2025073104013121,SPDL,Cristal Kanchanjanga Securites Pvt. Ltd.,Nepal Investment And Securities Trading Private Limited,100,419.0,41900.0,2025-07-31 12:46:45.340266
2025-07-31,91753,2025073104013122,SPDL,Sumeru Securities Pvt. Ltd.,Nepal Investment And Securities Trading Private Limited,50,418.1,20905.0,2025-07-31 12:46:45.340361
2025-07-31,91752,2025073104013123,SPDL,Sumeru Securities Pvt. Ltd.,Nepal Investment And Securities Trading Private Limited,350,418.1,146335.0,2025-07-31 12:46:45.340434
2025-07-31,91211,2025073104013237,SPDL,Sumeru Securities Pvt. Ltd.,Secured Securities Ltd.,10,418.1,4181.0,2025-07-31 12:47:39.609756
2025-07-31,90949,2025073104013285,SPDL,Sumeru Securities Pvt. Ltd.,Thrive Brokerage House Pvt. Ltd,140,418.1,58534.0,2025-07-31 12:48:09.246475
2025-07-31,90948,2025073104013286,SPDL,Dynamic Money Managers Securities Pvt. Ltd.,Thrive Brokerage House Pvt. Ltd,10,418.0,4180.0,2025-07-31 12:48:09.246697
2025-07-31,90777,2025073104013319,SPDL,Dynamic Money Managers Securities Pvt. Ltd.,Sweta Securities Private Limited,100,418.0,41800.0,2025-07-31 12:48:21.820161
2025-07-31,90731,2025073104013322,SPDL,Dynamic Money Managers Securities Pvt. Ltd.,Naasa Securities Co. Ltd.,90,418.0,37620.0,2025-07-31 12:48:27.701134
2025-07-31,90730,2025073104013323,SPDL,Sagarmatha Securities Private Limited,Naasa Securities Co. Ltd.,160,418.0,66880.0,2025-07-31 12:48:27.701325
2025-07-31,90353,2025073104013404,SPDL,Sagarmatha Securities Private Limited,Sani Securities Company Ltd.,700,418.0,292600.0,2025-07-31 12:49:12.595764
2025-07-31,90317,2025073104013416,SPDL,Sagarmatha Securities Private Limited,Secured Securities Ltd.,10,418.0,4180.0,2025-07-31 12:49:16.310814
2025-07-31,90008,2025073104013470,SPDL,Sagarmatha Securities Private Limited,Trishakti Securities Public Limited,130,418.0,54340.0,2025-07-31 12:49:48.076688
2025-07-31,89594,2025073104013529,SPDL,Bhrikuti Stock Broking Co. Pvt. Ltd.,Imperial Securities Company Pvt. Ltd.,10,416.0,4160.0,2025-07-31 12:50:35.959185
2025-07-31,89593,2025073104013530,SPDL,J.F. Securites (PVT) Ltd.,Imperial Securities Company Pvt. Ltd.,250,416.0,104000.0,2025-07-31 12:50:35.959380
2025-07-31,89592,2025073104013531,SPDL,Sumeru Securities Pvt. Ltd.,Imperial Securities Company Pvt. Ltd.,190,416.0,79040.0,2025-07-31 12:50:35.959449
2025-07-31,89452,2025073104013547,SPDL,Sumeru Securities Pvt. Ltd.,Dipshikha Dhitopatra Karobar Co. Pvt Ltd.,10,416.0,4160.0,2025-07-31 12:50:51.511077
2025-07-31,89312,2025073104013563,SPDL,Deevyaa Securities & Stock House Pvt. Ltd,Naasa Securities Co. Ltd.,71,415.9,29528.9,2025-07-31 12:51:04.584060
2025-07-31,89153,2025073104013591,SPDL,Deevyaa Securities & Stock House Pvt. Ltd,Cristal Kanchanjanga Securites Pvt. Ltd.,229,415.9,95241.1,2025-07-31 12:51:21.064847
2025-07-31,89152,2025073104013592,SPDL,Investment Management Nepal Pvt. Ltd.,Cristal Kanchanjanga Securites Pvt. Ltd.,100,415.3,41530.0,2025-07-31 12:51:21.065047
2025-07-31,89151,2025073104013593,SPDL,Sri Hari Securities Pvt. Ltd.,Cristal Kanchanjanga Securites Pvt. Ltd.,30,415.0,12450.0,2025-07-31 12:51:21.065120
2025-07-31,89150,2025073104013594,SPDL,Aryatara Investment & Securities,Cristal Kanchanjanga Securites Pvt. Ltd.,250,415.0,103750.0,2025-07-31 12:51:21.065187
2025-07-31,89149,2025073104013595,SPDL,Sagarmatha Securities Private Limited,Cristal Kanchanjanga Securites Pvt. Ltd.,891,415.0,369765.0,2025-07-31 12:51:21.065251
2025-07-31,88869,2025073104013652,SPDL,Sagarmatha Securities Private Limited,Imperial Securities Company Pvt. Ltd.,109,415.0,45235.0,2025-07-31 12:51:51.109235
2025-07-31,88868,2025073104013653,SPDL,Sumeru Securities Pvt. Ltd.,Imperial Securities Company Pvt. Ltd.,51,415.0,21165.0,2025-07-31 12:51:51.109403
2025-07-31,88463,2025073104013737,SPDL,Sumeru Securities Pvt. Ltd.,Dynamic Money Managers Securities Pvt. Ltd.,1000,415.0,415000.0,2025-07-31 12:52:42.431187
2025-07-31,88093,2025073104013813,SPDL,Sumeru Securities Pvt. Ltd.,Naasa Securities Co. Ltd.,300,415.0,124500.0,2025-07-31 12:53:32.540021
2025-07-31,87658,2025073104013864,SPDL,Sani Securities Company Ltd.,Aryatara Investment & Securities,10,415.9,4159.0,2025-07-31 12:54:38.624482
2025-07-31,87545,2025073104013885,SPDL,Sumeru Securities Pvt. Ltd.,Naasa Securities Co. Ltd.,11,415.0,4565.0,2025-07-31 12:54:55.434896
2025-07-31,87198,2025073104013967,SPDL,Sumeru Securities Pvt. Ltd.,Vision Securities Pvt. Ltd,100,415.0,41500.0,2025-07-31 12:55:34.848522
2025-07-31,86943,2025073104014012,SPDL,Trishakti Securities Public Limited,Aryatara Investment & Securities,90,415.9,37431.0,2025-07-31 12:56:12.244556
2025-07-31,85852,2025073104014173,SPDL,Sani Securities Company Ltd.,Dipshikha Dhitopatra Karobar Co. Pvt Ltd.,10,415.8,4158.0,2025-07-31 12:58:54.059378
2025-07-31,85733,2025073104014194,SPDL,Sumeru Securities Pvt. Ltd.,Dipshikha Dhitopatra Karobar Co. Pvt Ltd.,180,415.0,74700.0,2025-07-31 12:59:10.166425
2025-07-31,85118,2025073104014322,SPDL,Vision Securities Pvt. Ltd,Sundhara Securities Limited,20,416.0,8320.0,2025-07-31 13:00:32.565244
2025-07-31,85117,2025073104014323,SPDL,Vision Securities Pvt. Ltd,Primo Securities (PVT) Ltd.,30,416.0,12480.0,2025-07-31 13:00:32.565309
2025-07-31,84619,2025073104014428,SPDL,Kohinoor Investment & Securities Pvt. Ltd.,Primo Securities (PVT) Ltd.,1000,416.0,416000.0,2025-07-31 13:01:36.335291
2025-07-31,84348,2025073104014470,SPDL,Sani Securities Company Ltd.,Thrive Brokerage House Pvt. Ltd,10,415.9,4159.0,2025-07-31 13:02:14.775983
2025-07-31,83712,2025073104014583,SPDL,J.F. Securites (PVT) Ltd.,Primo Securities (PVT) Ltd.,100,415.1,41510.0,2025-07-31 13:04:02.407560
2025-07-31,83566,2025073104014619,SPDL,Sumeru Securities Pvt. Ltd.,Trishakti Securities Public Limited,500,415.0,207500.0,2025-07-31 13:04:30.993380
2025-07-31,83029,2025073104014710,SPDL,Sumeru Securities Pvt. Ltd.,Secured Securities Ltd.,1000,415.0,415000.0,2025-07-31 13:05:54.721123
2025-07-31,82997,2025073104014716,SPDL,Sumeru Securities Pvt. Ltd.,Imperial Securities Company Pvt. Ltd.,358,415.0,148570.0,2025-07-31 13:05:59.157282
2025-07-31,82996,2025073104014717,SPDL,Aryatara Investment & Securities,Imperial Securities Company Pvt. Ltd.,100,415.0,41500.0,2025-07-31 13:05:59.157482
2025-07-31,82995,2025073104014718,SPDL,Online Securities Pvt. Ltd.,Imperial Securities Company Pvt. Ltd.,42,415.0,17430.0,2025-07-31 13:05:59.157557
2025-07-31,82778,2025073104014754,SPDL,Online Securities Pvt. Ltd.,Naasa Securities Co. Ltd.,58,415.0,24070.0,2025-07-31 13:06:23.042191
2025-07-31,82777,2025073104014755,SPDL,Cristal Kanchanjanga Securites Pvt. Ltd.,Naasa Securities Co. Ltd.,92,415.0,38180.0,2025-07-31 13:06:23.042442
2025-07-31,82423,2025073104014805,SPDL,Cristal Kanchanjanga Securites Pvt. Ltd.,Sajilo Broker Limited,16,415.0,6640.0,2025-07-31 13:07:14.228653
2025-07-31,81498,2025073104014973,SPDL,Cristal Kanchanjanga Securites Pvt. Ltd.,Primo Securities (PVT) Ltd.,92,415.0,38180.0,2025-07-31 13:09:29.434349
2025-07-31,81464,2025073104014980,SPDL,Vision Securities Pvt. Ltd,Primo Securities (PVT) Ltd.,1000,415.0,415000.0,2025-07-31 13:09:34.839139
2025-07-31,80837,2025073104015088,SPDL,Trishakti Securities Public Limited,Sani Securities Company Ltd.,10,414.9,4149.0,2025-07-31 13:11:04.945970
2025-07-31,80804,2025073104015097,SPDL,Siprabi Securities Pvt. Ltd.,Primo Securities (PVT) Ltd.,2000,415.0,830000.0,2025-07-31 13:11:12.214382
2025-07-31,80639,2025073104015106,SPDL,Neev Securities Pvt. Ltd.,Vision Securities Pvt. Ltd,500,414.0,207000.0,2025-07-31 13:11:32.108584
2025-07-31,79903,2025073104015233,SPDL,SUN SECURITIES PVT LTD,Vision Securities Pvt. Ltd,500,414.0,207000.0,2025-07-31 13:13:20.543269
2025-07-31,79295,2025073104015382,SPDL,Property Wiard Limited,Primo Securities (PVT) Ltd.,1000,415.0,415000.0,2025-07-31 13:14:39.835007
2025-07-31,79054,2025073104015401,SPDL,Sani Securities Company Ltd.,Dipshikha Dhitopatra Karobar Co. Pvt Ltd.,10,414.9,4149.0,2025-07-31 13:14:56.863649
2025-07-31,77892,2025073104015636,SPDL,Nepal Investment And Securities Trading Private Limited,Naasa Securities Co. Ltd.,30,414.0,12420.0,2025-07-31 13:17:14.063610
2025-07-31,76536,2025073104015877,SPDL,Naasa Securities Co. Ltd.,Primo Securities (PVT) Ltd.,10,415.0,4150.0,2025-07-31 13:19:55.948127
2025-07-31,76436,2025073104015888,SPDL,Dipshikha Dhitopatra Karobar Co. Pvt Ltd.,Primo Securities (PVT) Ltd.,2000,415.0,830000.0,2025-07-31 13:20:11.613113
2025-07-31,76402,2025073104015898,SPDL,Sharepro Securities Private Limited,Primo Securities (PVT) Ltd.,2868,415.0,1190220.0,2025-07-31 13:20:18.849102
2025-07-31,75165,2025073104016080,SPDL,Sani Securities Company Ltd.,Dipshikha Dhitopatra Karobar Co. Pvt Ltd.,10,415.8,4158.0,2025-07-31 13:22:16.625989
2025-07-31,75164,2025073104016081,SPDL,Sani Securities Company Ltd.,Dipshikha Dhitopatra Karobar Co. Pvt Ltd.,10,414.8,4148.0,2025-07-31 13:22:16.626393
2025-07-31,75163,2025073104016082,SPDL,Sani Securities Company Ltd.,Dipshikha Dhitopatra Karobar Co. Pvt Ltd.,10,414.7,4147.0,2025-07-31 13:22:16.626622
2025-07-31,75162,2025073104016083,SPDL,Nepal Investment And Securities Trading Private Limited,Dipshikha Dhitopatra Karobar Co. Pvt Ltd.,70,414.0,28980.0,2025-07-31 13:22:16.626834
2025-07-31,75161,2025073104016084,SPDL,Sani Securities Company Ltd.,Dipshikha Dhitopatra Karobar Co. Pvt Ltd.,100,414.0,41400.0,2025-07-31 13:22:16.627044
2025-07-31,74979,2025073104016127,SPDL,Sani Securities Company Ltd.,Thrive Brokerage House Pvt. Ltd,30,415.9,12477.0,2025-07-31 13:22:43.589786
2025-07-31,74978,2025073104016128,SPDL,Sani Securities Company Ltd.,Primo Securities (PVT) Ltd.,2133,416.0,887328.0,2025-07-31 13:22:43.589974
2025-07-31,74807,2025073104016143,SPDL,SUN SECURITIES PVT LTD,Primo Securities (PVT) Ltd.,2867,416.0,1192672.0,2025-07-31 13:22:57.569067
2025-07-31,74806,2025073104016144,SPDL,SUN SECURITIES PVT LTD,Aryatara Investment & Securities,133,416.0,55328.0,2025-07-31 13:22:57.569261
2025-07-31,74160,2025073104016251,SPDL,Kumari Securities Private Limited,Magnet Securities and Investment Company Private Limited,2000,414.2,828400.0,2025-07-31 13:24:10.912746
2025-07-31,73976,2025073104016292,SPDL,Sani Securities Company Ltd.,Aryatara Investment & Securities,25,416.0,10400.0,2025-07-31 13:24:32.997550
2025-07-31,73975,2025073104016293,SPDL,Sani Securities Company Ltd.,Aryatara Investment & Securities,10,417.0,4170.0,2025-07-31 13:24:32.997767
2025-07-31,73880,2025073104016317,SPDL,Sani Securities Company Ltd.,Imperial Securities Company Pvt. Ltd.,10,419.8,4198.0,2025-07-31 13:24:45.200505
2025-07-31,73716,2025073104016359,SPDL,Sani Securities Company Ltd.,Imperial Securities Company Pvt. Ltd.,10,419.8,4198.0,2025-07-31 13:25:03.332645
2025-07-31,72111,2025073104016615,SPDL,Premier Securities Company Ltd.,Imperial Securities Company Pvt. Ltd.,15,419.8,6297.0,2025-07-31 13:27:42.154144
2025-07-31,71620,2025073104016712,SPDL,Dakshinkali Investment & Securities Pvt. Ltd.,Imperial Securities Company Pvt. Ltd.,65,419.8,27287.0,2025-07-31 13:28:27.141059
2025-07-31,71619,2025073104016713,SPDL,Dakshinkali Investment & Securities Pvt. Ltd.,ABC Securities Private Limited,51,419.8,21409.8,2025-07-31 13:28:27.141465
2025-07-31,71618,2025073104016714,SPDL,Dakshinkali Investment & Securities Pvt. Ltd.,Sani Securities Company Ltd.,230,420.0,96600.0,2025-07-31 13:28:27.141678
2025-07-31,71617,2025073104016715,SPDL,Dakshinkali Investment & Securities Pvt. Ltd.,Capital Hub P. Ltd,200,420.0,84000.0,2025-07-31 13:28:27.141880
2025-07-31,71616,2025073104016716,SPDL,Dakshinkali Investment & Securities Pvt. Ltd.,Trishakti Securities Public Limited,100,420.0,42000.0,2025-07-31 13:28:27.142082
2025-07-31,71615,2025073104016717,SPDL,Dakshinkali Investment & Securities Pvt. Ltd.,Kohinoor Investment & Securities Pvt. Ltd.,60,420.0,25200.0,2025-07-31 13:28:27.142271
2025-07-31,71614,2025073104016718,SPDL,Dakshinkali Investment & Securities Pvt. Ltd.,Dynamic Money Managers Securities Pvt. Ltd.,294,420.0,123480.0,2025-07-31 13:28:27.142481
2025-07-31,71426,2025073104016753,SPDL,Sani Securities Company Ltd.,MILKY WAY SHARE BROKER COMPANY LTD ,10,419.7,4197.0,2025-07-31 13:28:42.930649
2025-07-31,70595,2025073104016852,SPDL,Kumari Securities Private Limited,Dynamic Money Managers Securities Pvt. Ltd.,56,420.0,23520.0,2025-07-31 13:29:35.805096
2025-07-31,70594,2025073104016853,SPDL,Kumari Securities Private Limited,Deevyaa Securities & Stock House Pvt. Ltd,1000,420.9,420900.0,2025-07-31 13:29:35.805470
2025-07-31,69311,2025073104017102,SPDL,Shree Krishna Securities Ltd.,Dakshinkali Investment & Securities Pvt. Ltd.,500,421.0,210500.0,2025-07-31 13:31:15.929676
2025-07-31,69257,2025073104017115,SPDL,Sani Securities Company Ltd.,Imperial Securities Company Pvt. Ltd.,10,420.9,4209.0,2025-07-31 13:31:22.173967
2025-07-31,67198,2025073104017569,SPDL,Sumeru Securities Pvt. Ltd.,J.F. Securites (PVT) Ltd.,250,420.0,105000.0,2025-07-31 13:34:40.350885
2025-07-31,66312,2025073104017759,SPDL,Premier Securities Company Ltd.,J.F. Securites (PVT) Ltd.,15,420.0,6300.0,2025-07-31 13:36:19.480344
2025-07-31,66163,2025073104017793,SPDL,Sani Securities Company Ltd.,Naasa Securities Co. Ltd.,5,412.0,2060.0,2025-07-31 13:36:39.666736
2025-07-31,66159,2025073104017794,SPDL,Creative Securities Pvt Ltd,Dipshikha Dhitopatra Karobar Co. Pvt Ltd.,15,419.7,6295.5,2025-07-31 13:36:39.808555
2025-07-31,65791,2025073104017881,SPDL,Creative Securities Pvt Ltd,Sani Securities Company Ltd.,150,419.7,62955.0,2025-07-31 13:37:14.372212
2025-07-31,64711,2025073104018105,SPDL,Sri Hari Securities Pvt. Ltd.,J.F. Securites (PVT) Ltd.,20,420.0,8400.0,2025-07-31 13:39:05.116926
2025-07-31,64510,2025073104018168,SPDL,Sumeru Securities Pvt. Ltd.,J.F. Securites (PVT) Ltd.,515,420.0,216300.0,2025-07-31 13:39:29.695731
2025-07-31,63348,2025073104018374,SPDL,J.F. Securites (PVT) Ltd.,Imperial Securities Company Pvt. Ltd.,70,420.9,29463.0,2025-07-31 13:41:30.511789
2025-07-31,62803,2025073104018511,SPDL,Creative Securities Pvt Ltd,Arun Securities (PVT) Ltd.,35,419.7,14689.5,2025-07-31 13:42:10.352022
2025-07-31,61770,2025073104018789,SPDL,Deevyaa Securities & Stock House Pvt. Ltd,Vision Securities Pvt. Ltd,200,418.1,83620.0,2025-07-31 13:43:11.541026
2025-07-31,61769,2025073104018790,SPDL,Kumari Securities Private Limited,Vision Securities Pvt. Ltd,300,418.1,125430.0,2025-07-31 13:43:11.541061
2025-07-31,61507,2025073104018861,SPDL,Kumari Securities Private Limited,Sani Securities Company Ltd.,250,418.1,104525.0,2025-07-31 13:43:30.335106
2025-07-31,61464,2025073104018881,SPDL,Kumari Securities Private Limited,Online Securities Pvt. Ltd.,294,418.1,122921.4,2025-07-31 13:43:32.572027
2025-07-31,61463,2025073104018882,SPDL,Deevyaa Securities & Stock House Pvt. Ltd,Online Securities Pvt. Ltd.,300,418.0,125400.0,2025-07-31 13:43:32.572228
2025-07-31,61143,2025073104018963,SPDL,Deevyaa Securities & Stock House Pvt. Ltd,Sagarmatha Securities Private Limited,100,417.1,41710.0,2025-07-31 13:43:55.206089
2025-07-31,60902,2025073104019038,SPDL,Primo Securities (PVT) Ltd.,K.B.L. Securities Limited ,500,417.0,208500.0,2025-07-31 13:44:14.434925
2025-07-31,60867,2025073104019049,SPDL,Naasa Securities Co. Ltd.,Sagarmatha Securities Private Limited,100,417.0,41700.0,2025-07-31 13:44:17.272328
2025-07-31,59278,2025073104019484,SPDL,Kumari Securities Private Limited,Dipshikha Dhitopatra Karobar Co. Pvt Ltd.,300,415.2,124560.0,2025-07-31 13:46:35.952690
2025-07-31,58620,2025073104019588,SPDL,Sani Securities Company Ltd.,Linch Stock Market Ltd.,10,415.1,4151.0,2025-07-31 13:47:50.923201
2025-07-31,58619,2025073104019589,SPDL,Trishakti Securities Public Limited,Linch Stock Market Ltd.,200,415.0,83000.0,2025-07-31 13:47:50.923598
2025-07-31,58618,2025073104019590,SPDL,Sagarmatha Securities Private Limited,Linch Stock Market Ltd.,100,415.0,41500.0,2025-07-31 13:47:50.923815
2025-07-31,58617,2025073104019591,SPDL,Secured Securities Ltd.,Linch Stock Market Ltd.,224,415.0,92960.0,2025-07-31 13:47:50.924029
2025-07-31,58386,2025073104019640,SPDL,Secured Securities Ltd.,J.F. Securites (PVT) Ltd.,76,415.0,31540.0,2025-07-31 13:48:20.719743
2025-07-31,58385,2025073104019641,SPDL,Cristal Kanchanjanga Securites Pvt. Ltd.,J.F. Securites (PVT) Ltd.,24,415.0,9960.0,2025-07-31 13:48:20.719795
2025-07-31,58092,2025073104019703,SPDL,Cristal Kanchanjanga Securites Pvt. Ltd.,Imperial Securities Company Pvt. Ltd.,76,415.0,31540.0,2025-07-31 13:49:09.245468
2025-07-31,58091,2025073104019704,SPDL,Midas Stock Broking Company Private Limited,Imperial Securities Company Pvt. Ltd.,500,415.0,207500.0,2025-07-31 13:49:09.245511
2025-07-31,58090,2025073104019705,SPDL,Trishakti Securities Public Limited,Imperial Securities Company Pvt. Ltd.,424,415.0,175960.0,2025-07-31 13:49:09.245540
2025-07-31,57961,2025073104019732,SPDL,Trishakti Securities Public Limited,Kohinoor Investment & Securities Pvt. Ltd.,76,415.0,31540.0,2025-07-31 13:49:26.230195
2025-07-31,57816,2025073104019741,SPDL,Kohinoor Investment & Securities Pvt. Ltd.,ABC Securities Private Limited,20,414.0,8280.0,2025-07-31 13:49:40.226588
2025-07-31,57815,2025073104019742,SPDL,Kumari Securities Private Limited,ABC Securities Private Limited,180,414.0,74520.0,2025-07-31 13:49:40.226940
2025-07-31,56318,2025073104020028,SPDL,Kumari Securities Private Limited,South Asian Bulls Pvt. Ltd.,17,414.0,7038.0,2025-07-31 13:52:53.802076
2025-07-31,55695,2025073104020128,SPDL,Agrawal Securities (PVT) Ltd.,Primo Securities (PVT) Ltd.,500,414.1,207050.0,2025-07-31 13:54:09.741917
2025-07-31,55694,2025073104020129,SPDL,Kumari Securities Private Limited,Primo Securities (PVT) Ltd.,303,414.0,125442.0,2025-07-31 13:54:09.742132
2025-07-31,55693,2025073104020130,SPDL,Indira securities pvt. ltd,Primo Securities (PVT) Ltd.,100,414.0,41400.0,2025-07-31 13:54:09.742209
2025-07-31,55692,2025073104020131,SPDL,Vision Securities Pvt. Ltd,Primo Securities (PVT) Ltd.,200,414.0,82800.0,2025-07-31 13:54:09.742280
2025-07-31,55691,2025073104020132,SPDL,Imperial Securities Company Pvt. Ltd.,Primo Securities (PVT) Ltd.,50,414.0,20700.0,2025-07-31 13:54:09.742372
2025-07-31,55548,2025073104020151,SPDL,Kumari Securities Private Limited,Primo Securities (PVT) Ltd.,155,414.0,64170.0,2025-07-31 13:54:30.866811
2025-07-31,55306,2025073104020193,SPDL,SUN SECURITIES PVT LTD,Thrive Brokerage House Pvt. Ltd,17,413.1,7022.7,2025-07-31 13:55:07.672273
2025-07-31,55171,2025073104020205,SPDL,Aryatara Investment & Securities,Dipshikha Dhitopatra Karobar Co. Pvt Ltd.,100,413.2,41320.0,2025-07-31 13:55:20.746563
2025-07-31,55170,2025073104020206,SPDL,SUN SECURITIES PVT LTD,Dipshikha Dhitopatra Karobar Co. Pvt Ltd.,175,413.1,72292.5,2025-07-31 13:55:20.746809
2025-07-31,54347,2025073104020338,SPDL,Himalayan Brokerage Company Limited,Primo Securities (PVT) Ltd.,100,414.0,41400.0,2025-07-31 13:57:19.925024
2025-07-31,54175,2025073104020386,SPDL,Linch Stock Market Ltd.,Primo Securities (PVT) Ltd.,251,414.0,103914.0,2025-07-31 13:57:47.069645
2025-07-31,53196,2025073104020529,SPDL,Sharepro Securities Private Limited,Primo Securities (PVT) Ltd.,632,414.0,261648.0,2025-07-31 13:59:59.648821
2025-07-31,53193,2025073104020531,SPDL,Vision Securities Pvt. Ltd,Primo Securities (PVT) Ltd.,202,414.0,83628.0,2025-07-31 14:00:00.286363
2025-07-31,53074,2025073104020551,SPDL,SUN SECURITIES PVT LTD,Primo Securities (PVT) Ltd.,308,414.0,127512.0,2025-07-31 14:00:18.112221
2025-07-31,52841,2025073104020586,SPDL,Sani Securities Company Ltd.,J.F. Securites (PVT) Ltd.,50,413.6,20680.0,2025-07-31 14:00:45.608533
2025-07-31,52805,2025073104020591,SPDL,Sharepro Securities Private Limited,Primo Securities (PVT) Ltd.,500,414.0,207000.0,2025-07-31 14:00:51.762542
2025-07-31,52651,2025073104020612,SPDL,Trishakti Securities Public Limited,Primo Securities (PVT) Ltd.,500,414.0,207000.0,2025-07-31 14:01:07.818073
2025-07-31,51849,2025073104020750,SPDL,Arun Securities (PVT) Ltd.,Sumeru Securities Pvt. Ltd.,250,413.9,103475.0,2025-07-31 14:02:46.532803
2025-07-31,51778,2025073104020761,SPDL,Trishakti Securities Public Limited,Primo Securities (PVT) Ltd.,50,414.0,20700.0,2025-07-31 14:02:54.569127
2025-07-31,51739,2025073104020764,SPDL,Arun Securities (PVT) Ltd.,Premier Securities Company Ltd.,100,413.9,41390.0,2025-07-31 14:03:01.283293
2025-07-31,51439,2025073104020869,SPDL,Vision Securities Pvt. Ltd,Primo Securities (PVT) Ltd.,300,414.0,124200.0,2025-07-31 14:03:32.740575
2025-07-31,51270,2025073104020897,SPDL,SUN SECURITIES PVT LTD,Primo Securities (PVT) Ltd.,500,414.0,207000.0,2025-07-31 14:03:56.507253
2025-07-31,51232,2025073104020903,SPDL,Siprabi Securities Pvt. Ltd.,Primo Securities (PVT) Ltd.,349,414.0,144486.0,2025-07-31 14:04:02.481267
2025-07-31,50850,2025073104020973,SPDL,Siprabi Securities Pvt. Ltd.,South Asian Bulls Pvt. Ltd.,51,414.0,21114.0,2025-07-31 14:04:57.653062
2025-07-31,50849,2025073104020974,SPDL,Kohinoor Investment & Securities Pvt. Ltd.,South Asian Bulls Pvt. Ltd.,39,414.0,16146.0,2025-07-31 14:04:57.653308
2025-07-31,50786,2025073104021009,SPDL,Swarna Laxmi Securities Pvt. Ltd.,South Asian Bulls Pvt. Ltd.,3,405.9,1217.7,2025-07-31 14:05:03.671505
2025-07-31,49986,2025073104021206,SPDL,Investment Management Nepal Pvt. Ltd.,Kohinoor Investment & Securities Pvt. Ltd.,200,415.0,83000.0,2025-07-31 14:06:46.654665
2025-07-31,49796,2025073104021252,SPDL,Arun Securities (PVT) Ltd.,Kohinoor Investment & Securities Pvt. Ltd.,194,415.0,80510.0,2025-07-31 14:07:14.778870
2025-07-31,49591,2025073104021293,SPDL,Investment Management Nepal Pvt. Ltd.,Imperial Securities Company Pvt. Ltd.,100,416.0,41600.0,2025-07-31 14:07:44.884732
2025-07-31,49590,2025073104021294,SPDL,Investment Management Nepal Pvt. Ltd.,Online Securities Pvt. Ltd.,100,416.0,41600.0,2025-07-31 14:07:44.885133
2025-07-31,48806,2025073104021451,SPDL,Arun Securities (PVT) Ltd.,Sagarmatha Securities Private Limited,300,417.0,125100.0,2025-07-31 14:09:24.787324
2025-07-31,48805,2025073104021452,SPDL,Arun Securities (PVT) Ltd.,Online Securities Pvt. Ltd.,34,418.0,14212.0,2025-07-31 14:09:24.787577
2025-07-31,48804,2025073104021453,SPDL,Arun Securities (PVT) Ltd.,Elite Stock House Limited,122,419.0,51118.0,2025-07-31 14:09:24.787695
2025-07-31,48078,2025073104021622,SPDL,Trishakti Securities Public Limited,Dipshikha Dhitopatra Karobar Co. Pvt Ltd.,26,416.0,10816.0,2025-07-31 14:11:14.384818
2025-07-31,46723,2025073104021871,SPDL,Trishakti Securities Public Limited,Dipshikha Dhitopatra Karobar Co. Pvt Ltd.,26,416.0,10816.0,2025-07-31 14:13:58.069073
2025-07-31,46694,2025073104021888,SPDL,Trishakti Securities Public Limited,MILKY WAY SHARE BROKER COMPANY LTD ,17,416.0,7072.0,2025-07-31 14:14:01.786100
2025-07-31,46621,2025073104021899,SPDL,Trishakti Securities Public Limited,Secured Securities Ltd.,31,416.0,12896.0,2025-07-31 14:14:13.947065
2025-07-31,46620,2025073104021900,SPDL,Aryatara Investment & Securities,Secured Securities Ltd.,69,416.0,28704.0,2025-07-31 14:14:13.947283
2025-07-31,46193,2025073104021970,SPDL,Aryatara Investment & Securities,Dipshikha Dhitopatra Karobar Co. Pvt Ltd.,26,416.0,10816.0,2025-07-31 14:15:16.718921
2025-07-31,45194,2025073104022188,SPDL,Sharepro Securities Private Limited,Primo Securities (PVT) Ltd.,100,416.2,41620.0,2025-07-31 14:17:12.871198
2025-07-31,45193,2025073104022189,SPDL,Aryatara Investment & Securities,Primo Securities (PVT) Ltd.,155,416.0,64480.0,2025-07-31 14:17:12.871444
2025-07-31,45192,2025073104022190,SPDL,J.F. Securites (PVT) Ltd.,Primo Securities (PVT) Ltd.,250,416.0,104000.0,2025-07-31 14:17:12.871529
2025-07-31,45191,2025073104022191,SPDL,Swarna Laxmi Securities Pvt. Ltd.,Primo Securities (PVT) Ltd.,10,416.0,4160.0,2025-07-31 14:17:12.871610
2025-07-31,45190,2025073104022192,SPDL,Kohinoor Investment & Securities Pvt. Ltd.,Primo Securities (PVT) Ltd.,161,415.1,66831.1,2025-07-31 14:17:12.871690
2025-07-31,45189,2025073104022193,SPDL,Premier Securities Company Ltd.,Primo Securities (PVT) Ltd.,250,415.0,103750.0,2025-07-31 14:17:12.871769
2025-07-31,45188,2025073104022194,SPDL,Sweta Securities Private Limited,Primo Securities (PVT) Ltd.,1000,415.0,415000.0,2025-07-31 14:17:12.871844
2025-07-31,45187,2025073104022195,SPDL,J.F. Securites (PVT) Ltd.,Primo Securities (PVT) Ltd.,50,415.0,20750.0,2025-07-31 14:17:12.871921
2025-07-31,45186,2025073104022196,SPDL,Bhrikuti Stock Broking Co. Pvt. Ltd.,Primo Securities (PVT) Ltd.,500,414.1,207050.0,2025-07-31 14:17:12.872023
2025-07-31,45185,2025073104022197,SPDL,Imperial Securities Company Pvt. Ltd.,Primo Securities (PVT) Ltd.,71,414.0,29394.0,2025-07-31 14:17:12.872099
2025-07-31,45184,2025073104022198,SPDL,Premier Securities Company Ltd.,Primo Securities (PVT) Ltd.,400,414.0,165600.0,2025-07-31 14:17:12.872191
2025-07-31,45183,2025073104022199,SPDL,Naasa Securities Co. Ltd.,Primo Securities (PVT) Ltd.,200,414.0,82800.0,2025-07-31 14:17:12.872269
2025-07-31,45182,2025073104022200,SPDL,Sani Securities Company Ltd.,Primo Securities (PVT) Ltd.,50,413.6,20680.0,2025-07-31 14:17:12.872353
2025-07-31,45181,2025073104022201,SPDL,Sumeru Securities Pvt. Ltd.,Primo Securities (PVT) Ltd.,100,413.6,41360.0,2025-07-31 14:17:12.872428
2025-07-31,45180,2025073104022202,SPDL,Sumeru Securities Pvt. Ltd.,Primo Securities (PVT) Ltd.,50,413.6,20680.0,2025-07-31 14:17:12.872502
2025-07-31,45179,2025073104022203,SPDL,Sani Securities Company Ltd.,Primo Securities (PVT) Ltd.,150,413.5,62025.0,2025-07-31 14:17:12.872622
2025-07-31,45178,2025073104022204,SPDL,Sani Securities Company Ltd.,Primo Securities (PVT) Ltd.,150,413.4,62010.0,2025-07-31 14:17:12.872697
2025-07-31,45177,2025073104022205,SPDL,Premier Securities Company Ltd.,Primo Securities (PVT) Ltd.,20,413.1,8262.0,2025-07-31 14:17:12.872779
2025-07-31,45176,2025073104022206,SPDL,Siprabi Securities Pvt. Ltd.,Primo Securities (PVT) Ltd.,15,413.1,6196.5,2025-07-31 14:17:12.872855
2025-07-31,43585,2025073104022544,SPDL,Kumari Securities Private Limited,Sagarmatha Securities Private Limited,200,414.0,82800.0,2025-07-31 14:20:33.103161
2025-07-31,41555,2025073104022937,SPDL,J.F. Securites (PVT) Ltd.,Online Securities Pvt. Ltd.,45,418.8,18846.0,2025-07-31 14:23:59.928277
2025-07-31,39593,2025073104023413,SPDL,Deevyaa Securities & Stock House Pvt. Ltd,Aryatara Investment & Securities,50,413.5,20675.0,2025-07-31 14:27:03.793321
2025-07-31,39592,2025073104023414,SPDL,Kumari Securities Private Limited,Aryatara Investment & Securities,36,413.5,14886.0,2025-07-31 14:27:03.793536
2025-07-31,39411,2025073104023479,SPDL,Linch Stock Market Ltd.,Aryatara Investment & Securities,100,413.3,41330.0,2025-07-31 14:27:20.006701
2025-07-31,39410,2025073104023480,SPDL,Dipshikha Dhitopatra Karobar Co. Pvt Ltd.,Aryatara Investment & Securities,300,413.3,123990.0,2025-07-31 14:27:20.007091
2025-07-31,39409,2025073104023481,SPDL,Cristal Kanchanjanga Securites Pvt. Ltd.,Aryatara Investment & Securities,300,413.3,123990.0,2025-07-31 14:27:20.007353
2025-07-31,39257,2025073104023532,SPDL,Siprabi Securities Pvt. Ltd.,Aryatara Investment & Securities,214,413.2,88424.8,2025-07-31 14:27:30.152769
2025-07-31,39143,2025073104023570,SPDL,Sani Securities Company Ltd.,Sani Securities Company Ltd.,52,413.5,21502.0,2025-07-31 14:27:43.501796
2025-07-31,38176,2025073104023866,SPDL,Siprabi Securities Pvt. Ltd.,Sumeru Securities Pvt. Ltd.,250,413.2,103300.0,2025-07-31 14:29:05.676194
2025-07-31,37505,2025073104023990,SPDL,Aryatara Investment & Securities,Imperial Securities Company Pvt. Ltd.,1000,414.0,414000.0,2025-07-31 14:30:12.287463
2025-07-31,36134,2025073104024331,SPDL,Vision Securities Pvt. Ltd,Vision Securities Pvt. Ltd,200,413.5,82700.0,2025-07-31 14:32:11.813256
2025-07-31,35301,2025073104024534,SPDL,Vision Securities Pvt. Ltd,ABC Securities Private Limited,11,413.3,4546.3,2025-07-31 14:33:18.492486
2025-07-31,35239,2025073104024551,SPDL,Vision Securities Pvt. Ltd,Ashutosh Brokerage & Securities (PVT) Ltd.,39,413.3,16118.7,2025-07-31 14:33:22.763712
2025-07-31,35238,2025073104024552,SPDL,Siprabi Securities Pvt. Ltd.,Ashutosh Brokerage & Securities (PVT) Ltd.,536,413.2,221475.2,2025-07-31 14:33:22.763951
2025-07-31,35237,2025073104024553,SPDL,Linch Stock Market Ltd.,Ashutosh Brokerage & Securities (PVT) Ltd.,25,413.0,10325.0,2025-07-31 14:33:22.764061
2025-07-31,35236,2025073104024554,SPDL,Cristal Kanchanjanga Securites Pvt. Ltd.,Ashutosh Brokerage & Securities (PVT) Ltd.,300,413.0,123900.0,2025-07-31 14:33:22.764146
2025-07-31,35235,2025073104024555,SPDL,Neev Securities Pvt. Ltd.,Ashutosh Brokerage & Securities (PVT) Ltd.,500,413.0,206500.0,2025-07-31 14:33:22.764231
2025-07-31,35234,2025073104024556,SPDL,Neev Securities Pvt. Ltd.,Ashutosh Brokerage & Securities (PVT) Ltd.,500,413.0,206500.0,2025-07-31 14:33:22.764323
2025-07-31,35233,2025073104024557,SPDL,Sharepro Securities Private Limited,Ashutosh Brokerage & Securities (PVT) Ltd.,250,413.0,103250.0,2025-07-31 14:33:22.764415
2025-07-31,35232,2025073104024558,SPDL,ABC Securities Private Limited,Ashutosh Brokerage & Securities (PVT) Ltd.,240,413.0,99120.0,2025-07-31 14:33:22.764493
2025-07-31,34645,2025073104024713,SPDL,Sumeru Securities Pvt. Ltd.,Imperial Securities Company Pvt. Ltd.,100,412.3,41230.0,2025-07-31 14:33:57.326475
2025-07-31,33942,2025073104024882,SPDL,Vision Securities Pvt. Ltd,Linch Stock Market Ltd.,40,412.5,16500.0,2025-07-31 14:34:41.242795
2025-07-31,33941,2025073104024883,SPDL,Vision Securities Pvt. Ltd,Sani Securities Company Ltd.,60,413.0,24780.0,2025-07-31 14:34:41.243058
2025-07-31,33491,2025073104025025,SPDL,Cristal Kanchanjanga Securites Pvt. Ltd.,Sani Securities Company Ltd.,200,413.0,82600.0,2025-07-31 14:35:12.712603
2025-07-31,32787,2025073104025249,SPDL,Sumeru Securities Pvt. Ltd.,Bhrikuti Stock Broking Co. Pvt. Ltd.,400,412.3,164920.0,2025-07-31 14:36:07.223011
2025-07-31,32786,2025073104025250,SPDL,Indira securities pvt. ltd,Bhrikuti Stock Broking Co. Pvt. Ltd.,100,412.3,41230.0,2025-07-31 14:36:07.223256
2025-07-31,32785,2025073104025251,SPDL,Cristal Kanchanjanga Securites Pvt. Ltd.,Bhrikuti Stock Broking Co. Pvt. Ltd.,100,412.3,41230.0,2025-07-31 14:36:07.223345
2025-07-31,32784,2025073104025252,SPDL,Deevyaa Securities & Stock House Pvt. Ltd,Bhrikuti Stock Broking Co. Pvt. Ltd.,100,412.1,41210.0,2025-07-31 14:36:07.223440
2025-07-31,32783,2025073104025253,SPDL,Property Wiard Limited,Bhrikuti Stock Broking Co. Pvt. Ltd.,300,412.0,123600.0,2025-07-31 14:36:07.223524
2025-07-31,32336,2025073104025344,SPDL,Property Wiard Limited,Ashutosh Brokerage & Securities (PVT) Ltd.,700,412.0,288400.0,2025-07-31 14:36:35.943460
2025-07-31,32335,2025073104025345,SPDL,South Asian Bulls Pvt. Ltd.,Ashutosh Brokerage & Securities (PVT) Ltd.,100,412.0,41200.0,2025-07-31 14:36:35.943857
2025-07-31,32334,2025073104025346,SPDL,Sumeru Securities Pvt. Ltd.,Ashutosh Brokerage & Securities (PVT) Ltd.,300,412.0,123600.0,2025-07-31 14:36:35.944117
2025-07-31,32333,2025073104025347,SPDL,ABC Securities Private Limited,Ashutosh Brokerage & Securities (PVT) Ltd.,20,412.0,8240.0,2025-07-31 14:36:35.944377
2025-07-31,32332,2025073104025348,SPDL,Asian Securities Private Ltd.,Ashutosh Brokerage & Securities (PVT) Ltd.,250,412.0,103000.0,2025-07-31 14:36:35.944635
2025-07-31,32331,2025073104025349,SPDL,Neev Securities Pvt. Ltd.,Ashutosh Brokerage & Securities (PVT) Ltd.,1000,412.0,412000.0,2025-07-31 14:36:35.944892
2025-07-31,32330,2025073104025350,SPDL,Dipshikha Dhitopatra Karobar Co. Pvt Ltd.,Ashutosh Brokerage & Securities (PVT) Ltd.,250,412.0,103000.0,2025-07-31 14:36:35.945132
2025-07-31,32329,2025073104025351,SPDL,Dynamic Money Managers Securities Pvt. Ltd.,Ashutosh Brokerage & Securities (PVT) Ltd.,1000,412.0,412000.0,2025-07-31 14:36:35.945419
2025-07-31,32236,2025073104025363,SPDL,Vision Securities Pvt. Ltd,Ashutosh Brokerage & Securities (PVT) Ltd.,100,412.0,41200.0,2025-07-31 14:36:45.074772
2025-07-31,32113,2025073104025396,SPDL,Asian Securities Private Ltd.,Ashutosh Brokerage & Securities (PVT) Ltd.,500,412.0,206000.0,2025-07-31 14:36:55.261909
2025-07-31,32048,2025073104025407,SPDL,Naasa Securities Co. Ltd.,Ashutosh Brokerage & Securities (PVT) Ltd.,100,412.0,41200.0,2025-07-31 14:36:59.720577
2025-07-31,31965,2025073104025421,SPDL,Siprabi Securities Pvt. Ltd.,Ashutosh Brokerage & Securities (PVT) Ltd.,490,412.0,201880.0,2025-07-31 14:37:05.905634
2025-07-31,31074,2025073104025646,SPDL,Naasa Securities Co. Ltd.,Siprabi Securities Pvt. Ltd.,100,412.0,41200.0,2025-07-31 14:38:11.092388
2025-07-31,30528,2025073104025813,SPDL,Sumeru Securities Pvt. Ltd.,Sagarmatha Securities Private Limited,50,411.9,20595.0,2025-07-31 14:38:52.370675
2025-07-31,30527,2025073104025814,SPDL,Premier Securities Company Ltd.,Sagarmatha Securities Private Limited,10,411.8,4118.0,2025-07-31 14:38:52.371123
2025-07-31,30526,2025073104025815,SPDL,Siprabi Securities Pvt. Ltd.,Sagarmatha Securities Private Limited,100,411.8,41180.0,2025-07-31 14:38:52.371422
2025-07-31,30325,2025073104025877,SPDL,Ashutosh Brokerage & Securities (PVT) Ltd.,Secured Securities Ltd.,45,412.0,18540.0,2025-07-31 14:39:06.769397
2025-07-31,29654,2025073104026054,SPDL,Ashutosh Brokerage & Securities (PVT) Ltd.,Linch Stock Market Ltd.,105,412.0,43260.0,2025-07-31 14:40:08.090710
2025-07-31,29062,2025073104026178,SPDL,Siprabi Securities Pvt. Ltd.,Primo Securities (PVT) Ltd.,500,411.8,205900.0,2025-07-31 14:41:00.999703
2025-07-31,28579,2025073104026332,SPDL,Sani Securities Company Ltd.,Imperial Securities Company Pvt. Ltd.,60,411.9,24714.0,2025-07-31 14:41:37.752372
2025-07-31,28578,2025073104026333,SPDL,Cristal Kanchanjanga Securites Pvt. Ltd.,Imperial Securities Company Pvt. Ltd.,100,411.8,41180.0,2025-07-31 14:41:37.752411
2025-07-31,28577,2025073104026334,SPDL,J.F. Securites (PVT) Ltd.,Imperial Securities Company Pvt. Ltd.,100,411.7,41170.0,2025-07-31 14:41:37.752446
2025-07-31,28576,2025073104026335,SPDL,Online Securities Pvt. Ltd.,Imperial Securities Company Pvt. Ltd.,100,411.6,41160.0,2025-07-31 14:41:37.752480
2025-07-31,28575,2025073104026336,SPDL,Deevyaa Securities & Stock House Pvt. Ltd,Imperial Securities Company Pvt. Ltd.,200,411.6,82320.0,2025-07-31 14:41:37.752513
2025-07-31,28574,2025073104026337,SPDL,Siprabi Securities Pvt. Ltd.,Imperial Securities Company Pvt. Ltd.,440,411.6,181104.0,2025-07-31 14:41:37.752545
2025-07-31,28526,2025073104026353,SPDL,Siprabi Securities Pvt. Ltd.,KALASH STOCK MARKET PVT. LTD.,60,411.6,24696.0,2025-07-31 14:41:41.382417
2025-07-31,28525,2025073104026354,SPDL,Deevyaa Securities & Stock House Pvt. Ltd,KALASH STOCK MARKET PVT. LTD.,500,411.5,205750.0,2025-07-31 14:41:41.382493
2025-07-31,28524,2025073104026355,SPDL,Premier Securities Company Ltd.,KALASH STOCK MARKET PVT. LTD.,10,411.2,4112.0,2025-07-31 14:41:41.382548
2025-07-31,28523,2025073104026356,SPDL,Trademow Securities Private Limited,KALASH STOCK MARKET PVT. LTD.,540,411.1,221994.0,2025-07-31 14:41:41.382574
2025-07-31,27698,2025073104026596,SPDL,Sumeru Securities Pvt. Ltd.,Himalayan Brokerage Company Limited,100,411.2,41120.0,2025-07-31 14:42:47.420174
2025-07-31,27697,2025073104026597,SPDL,Sumeru Securities Pvt. Ltd.,Himalayan Brokerage Company Limited,500,411.2,205600.0,2025-07-31 14:42:47.420462
2025-07-31,27696,2025073104026598,SPDL,Trademow Securities Private Limited,Himalayan Brokerage Company Limited,460,411.1,189106.0,2025-07-31 14:42:47.420546
2025-07-31,27695,2025073104026599,SPDL,Dakshinkali Investment & Securities Pvt. Ltd.,Himalayan Brokerage Company Limited,683,411.0,280713.0,2025-07-31 14:42:47.420635
2025-07-31,27342,2025073104026693,SPDL,Sri Hari Securities Pvt. Ltd.,Secured Securities Ltd.,200,411.2,82240.0,2025-07-31 14:43:16.025774
2025-07-31,27161,2025073104026724,SPDL,Ashutosh Brokerage & Securities (PVT) Ltd.,Himalayan Brokerage Company Limited,150,411.1,61665.0,2025-07-31 14:43:33.508532
2025-07-31,27160,2025073104026725,SPDL,Dakshinkali Investment & Securities Pvt. Ltd.,Himalayan Brokerage Company Limited,317,411.0,130287.0,2025-07-31 14:43:33.508836
2025-07-31,27159,2025073104026726,SPDL,Naasa Securities Co. Ltd.,Himalayan Brokerage Company Limited,333,411.0,136863.0,2025-07-31 14:43:33.508931
2025-07-31,26235,2025073104027032,SPDL,Naasa Securities Co. Ltd.,Malla & Malla Stock Broking Company Pvt. Limited,167,411.0,68637.0,2025-07-31 14:44:28.830613
2025-07-31,26234,2025073104027033,SPDL,Imperial Securities Company Pvt. Ltd.,Malla & Malla Stock Broking Company Pvt. Limited,53,411.0,21783.0,2025-07-31 14:44:28.830862
2025-07-31,25642,2025073104027194,SPDL,Trademow Securities Private Limited,Siprabi Securities Pvt. Ltd.,300,411.1,123330.0,2025-07-31 14:44:58.794432
2025-07-31,25238,2025073104027315,SPDL,Infinity Securities Limited,Nagarik Stock Dealer ,13,411.9,5354.7,2025-07-31 14:45:22.612904
2025-07-31,25104,2025073104027375,SPDL,Market Securities & Exchange (PVT) Ltd.,Midas Stock Broking Company Private Limited,50,411.2,20560.0,2025-07-31 14:45:30.326306
2025-07-31,25103,2025073104027376,SPDL,Imperial Securities Company Pvt. Ltd.,Midas Stock Broking Company Private Limited,17,411.0,6987.0,2025-07-31 14:45:30.326370
2025-07-31,25102,2025073104027377,SPDL,Dynamic Money Managers Securities Pvt. Ltd.,Midas Stock Broking Company Private Limited,293,411.0,120423.0,2025-07-31 14:45:30.326398
2025-07-31,25096,2025073104027378,SPDL,Sumeru Securities Pvt. Ltd.,Nagarik Stock Dealer ,87,411.9,35835.3,2025-07-31 14:45:30.853846
2025-07-31,25095,2025073104027379,SPDL,Sumeru Securities Pvt. Ltd.,Linch Stock Market Ltd.,25,412.0,10300.0,2025-07-31 14:45:30.853933
2025-07-31,25094,2025073104027380,SPDL,Sumeru Securities Pvt. Ltd.,Premier Securities Company Ltd.,188,412.0,77456.0,2025-07-31 14:45:30.853961
2025-07-31,24581,2025073104027481,SPDL,Dynamic Money Managers Securities Pvt. Ltd.,Imperial Securities Company Pvt. Ltd.,60,411.0,24660.0,2025-07-31 14:45:57.642505
2025-07-31,23834,2025073104027670,SPDL,Kohinoor Investment & Securities Pvt. Ltd.,Thrive Brokerage House Pvt. Ltd,100,411.1,41110.0,2025-07-31 14:46:36.464466
2025-07-31,23298,2025073104027882,SPDL,Vision Securities Pvt. Ltd,Naasa Securities Co. Ltd.,215,411.5,88472.5,2025-07-31 14:47:03.692798
2025-07-31,22967,2025073104027994,SPDL,Infinity Securities Limited,Premier Securities Company Ltd.,12,412.0,4944.0,2025-07-31 14:47:18.854398
2025-07-31,22966,2025073104027995,SPDL,Infinity Securities Limited,Sani Securities Company Ltd.,13,413.0,5369.0,2025-07-31 14:47:18.854621
2025-07-31,21482,2025073104028446,SPDL,Dakshinkali Investment & Securities Pvt. Ltd.,Naasa Securities Co. Ltd.,30,412.0,12360.0,2025-07-31 14:48:22.975589
2025-07-31,21481,2025073104028447,SPDL,Dakshinkali Investment & Securities Pvt. Ltd.,Swarna Laxmi Securities Pvt. Ltd.,470,412.0,193640.0,2025-07-31 14:48:22.975646
2025-07-31,20628,2025073104028651,SPDL,Vision Securities Pvt. Ltd,Himalayan Brokerage Company Limited,35,411.5,14402.5,2025-07-31 14:48:58.232621
2025-07-31,20627,2025073104028652,SPDL,Asian Securities Private Ltd.,Himalayan Brokerage Company Limited,500,411.2,205600.0,2025-07-31 14:48:58.232711
2025-07-31,20626,2025073104028653,SPDL,Kohinoor Investment & Securities Pvt. Ltd.,Himalayan Brokerage Company Limited,100,411.1,41110.0,2025-07-31 14:48:58.232747
2025-07-31,20625,2025073104028654,SPDL,Dynamic Money Managers Securities Pvt. Ltd.,Himalayan Brokerage Company Limited,147,411.0,60417.0,2025-07-31 14:48:58.232775
2025-07-31,20624,2025073104028655,SPDL,Opal Securities Investment (PVT) Ltd.,Himalayan Brokerage Company Limited,1068,411.0,438948.0,2025-07-31 14:48:58.232810
2025-07-31,20597,2025073104028673,SPDL,Siprabi Securities Pvt. Ltd.,Swarna Laxmi Securities Pvt. Ltd.,21,412.0,8652.0,2025-07-31 14:48:58.731866
2025-07-31,20513,2025073104028700,SPDL,Opal Securities Investment (PVT) Ltd.,Sweta Securities Private Limited,250,411.0,102750.0,2025-07-31 14:49:02.315725
2025-07-31,20331,2025073104028762,SPDL,Siprabi Securities Pvt. Ltd.,Sani Securities Company Ltd.,10,413.0,4130.0,2025-07-31 14:49:10.891711
2025-07-31,19831,2025073104028914,SPDL,Siprabi Securities Pvt. Ltd.,Pragyan Securities (PVT) Ltd.,17,411.5,6995.5,2025-07-31 14:49:32.067283
2025-07-31,19163,2025073104029084,SPDL,Miyo Securities Pvt Ltd,Sweta Securities Private Limited,26,411.1,10688.6,2025-07-31 14:49:56.809593
2025-07-31,19162,2025073104029085,SPDL,Opal Securities Investment (PVT) Ltd.,Sweta Securities Private Limited,54,411.0,22194.0,2025-07-31 14:49:56.809804
2025-07-31,19032,2025073104029108,SPDL,Deevyaa Securities & Stock House Pvt. Ltd,Agrawal Securities (PVT) Ltd.,50,412.0,20600.0,2025-07-31 14:50:02.084534
2025-07-31,18980,2025073104029116,SPDL,Opal Securities Investment (PVT) Ltd.,Primo Securities (PVT) Ltd.,128,411.0,52608.0,2025-07-31 14:50:03.793495
2025-07-31,18979,2025073104029117,SPDL,Neev Securities Pvt. Ltd.,Primo Securities (PVT) Ltd.,20,411.0,8220.0,2025-07-31 14:50:03.793725
2025-07-31,18978,2025073104029118,SPDL,KALASH STOCK MARKET PVT. LTD.,Primo Securities (PVT) Ltd.,337,411.0,138507.0,2025-07-31 14:50:03.793814
2025-07-31,18884,2025073104029150,SPDL,Investment Management Nepal Pvt. Ltd.,Agrawal Securities (PVT) Ltd.,100,412.0,41200.0,2025-07-31 14:50:06.708252
2025-07-31,18669,2025073104029190,SPDL,KALASH STOCK MARKET PVT. LTD.,Sani Securities Company Ltd.,163,411.0,66993.0,2025-07-31 14:50:16.470521
2025-07-31,18586,2025073104029213,SPDL,Neev Securities Pvt. Ltd.,Sani Securities Company Ltd.,100,411.0,41100.0,2025-07-31 14:50:21.148208
2025-07-31,18114,2025073104029399,SPDL,Linch Stock Market Ltd.,Sani Securities Company Ltd.,100,410.7,41070.0,2025-07-31 14:50:41.367916
2025-07-31,18113,2025073104029400,SPDL,Vision Securities Pvt. Ltd,Sani Securities Company Ltd.,100,410.7,41070.0,2025-07-31 14:50:41.368130
2025-07-31,18112,2025073104029401,SPDL,Kumari Securities Private Limited,Sani Securities Company Ltd.,121,410.6,49682.6,2025-07-31 14:50:41.368220
2025-07-31,18111,2025073104029402,SPDL,Dipshikha Dhitopatra Karobar Co. Pvt Ltd.,Sani Securities Company Ltd.,116,410.6,47629.6,2025-07-31 14:50:41.368320
2025-07-31,17866,2025073104029452,SPDL,Sani Securities Company Ltd.,Sharepro Securities Private Limited,250,410.8,102700.0,2025-07-31 14:50:53.370339
2025-07-31,17865,2025073104029453,SPDL,Dipshikha Dhitopatra Karobar Co. Pvt Ltd.,Sharepro Securities Private Limited,84,410.6,34490.4,2025-07-31 14:50:53.370381
2025-07-31,17864,2025073104029454,SPDL,Opal Securities Investment (PVT) Ltd.,Sharepro Securities Private Limited,1536,410.6,630681.6,2025-07-31 14:50:53.370412
2025-07-31,16990,2025073104029653,SPDL,Sumeru Securities Pvt. Ltd.,Nepal Stock House (PVT) Ltd.,50,411.0,20550.0,2025-07-31 14:51:27.256416
2025-07-31,16471,2025073104029756,SPDL,Sumeru Securities Pvt. Ltd.,Aryatara Investment & Securities,378,411.0,155358.0,2025-07-31 14:51:48.513797
2025-07-31,16470,2025073104029757,SPDL,Thrive Brokerage House Pvt. Ltd,Aryatara Investment & Securities,122,411.0,50142.0,2025-07-31 14:51:48.514218
2025-07-31,15982,2025073104029891,SPDL,Thrive Brokerage House Pvt. Ltd,Trishakti Securities Public Limited,158,411.0,64938.0,2025-07-31 14:52:11.172960
2025-07-31,15846,2025073104029931,SPDL,Opal Securities Investment (PVT) Ltd.,Oxford Securities Pvt. Ltd.,964,410.6,395818.4,2025-07-31 14:52:16.463753
2025-07-31,15845,2025073104029932,SPDL,Investment Management Nepal Pvt. Ltd.,Oxford Securities Pvt. Ltd.,36,410.5,14778.0,2025-07-31 14:52:16.463960
2025-07-31,15370,2025073104030045,SPDL,Investment Management Nepal Pvt. Ltd.,Market Securities & Exchange (PVT) Ltd.,214,410.5,87847.0,2025-07-31 14:52:31.304342
2025-07-31,15369,2025073104030046,SPDL,Deevyaa Securities & Stock House Pvt. Ltd,Market Securities & Exchange (PVT) Ltd.,200,410.1,82020.0,2025-07-31 14:52:31.304589
2025-07-31,15368,2025073104030047,SPDL,Naasa Securities Co. Ltd.,Market Securities & Exchange (PVT) Ltd.,86,410.1,35268.6,2025-07-31 14:52:31.304721
2025-07-31,15067,2025073104030119,SPDL,Naasa Securities Co. Ltd.,Trishakti Securities Public Limited,342,411.0,140562.0,2025-07-31 14:52:43.076848
2025-07-31,15018,2025073104030123,SPDL,Naasa Securities Co. Ltd.,Agrawal Securities (PVT) Ltd.,158,411.0,64938.0,2025-07-31 14:52:44.349668
2025-07-31,15017,2025073104030124,SPDL,Naasa Securities Co. Ltd.,Agrawal Securities (PVT) Ltd.,192,410.1,78739.2,2025-07-31 14:52:44.349894
2025-07-31,13682,2025073104030562,SPDL,Vision Securities Pvt. Ltd,Aryatara Investment & Securities,100,410.5,41050.0,2025-07-31 14:53:32.396124
2025-07-31,13174,2025073104030712,SPDL,Naasa Securities Co. Ltd.,Cristal Kanchanjanga Securites Pvt. Ltd.,22,410.1,9022.2,2025-07-31 14:53:52.036823
2025-07-31,13173,2025073104030713,SPDL,Bhrikuti Stock Broking Co. Pvt. Ltd.,Cristal Kanchanjanga Securites Pvt. Ltd.,278,410.1,114007.8,2025-07-31 14:53:52.037188
2025-07-31,13111,2025073104030723,SPDL,Dynamic Money Managers Securities Pvt. Ltd.,Aryatara Investment & Securities,470,410.5,192935.0,2025-07-31 14:53:55.850632
2025-07-31,13109,2025073104030724,SPDL,Dynamic Money Managers Securities Pvt. Ltd.,Dipshikha Dhitopatra Karobar Co. Pvt Ltd.,80,410.5,32840.0,2025-07-31 14:53:56.156881
2025-07-31,13108,2025073104030725,SPDL,Bhrikuti Stock Broking Co. Pvt. Ltd.,Dipshikha Dhitopatra Karobar Co. Pvt Ltd.,220,410.1,90222.0,2025-07-31 14:53:56.157082
2025-07-31,13100,2025073104030726,SPDL,Bhrikuti Stock Broking Co. Pvt. Ltd.,Siprabi Securities Pvt. Ltd.,244,410.1,100064.4,2025-07-31 14:53:56.426924
2025-07-31,12909,2025073104030777,SPDL,Kohinoor Investment & Securities Pvt. Ltd.,Sewa Securities Pvt. Ltd.,20,410.2,8204.0,2025-07-31 14:54:03.843045
2025-07-31,12578,2025073104030883,SPDL,Kohinoor Investment & Securities Pvt. Ltd.,Bhrikuti Stock Broking Co. Pvt. Ltd.,30,410.2,12306.0,2025-07-31 14:54:16.738292
2025-07-31,12473,2025073104030912,SPDL,Market Securities & Exchange (PVT) Ltd.,J.F. Securites (PVT) Ltd.,50,410.3,20515.0,2025-07-31 14:54:20.906218
2025-07-31,12472,2025073104030913,SPDL,Online Securities Pvt. Ltd.,J.F. Securites (PVT) Ltd.,50,410.2,20510.0,2025-07-31 14:54:20.906445
2025-07-31,12471,2025073104030914,SPDL,Bhrikuti Stock Broking Co. Pvt. Ltd.,J.F. Securites (PVT) Ltd.,238,410.1,97603.8,2025-07-31 14:54:20.906537
2025-07-31,12470,2025073104030915,SPDL,Cristal Kanchanjanga Securites Pvt. Ltd.,J.F. Securites (PVT) Ltd.,100,410.1,41010.0,2025-07-31 14:54:20.906620
2025-07-31,12469,2025073104030916,SPDL,Cristal Kanchanjanga Securites Pvt. Ltd.,J.F. Securites (PVT) Ltd.,50,410.0,20500.0,2025-07-31 14:54:20.906708
2025-07-31,12468,2025073104030917,SPDL,Kumari Securities Private Limited,J.F. Securites (PVT) Ltd.,50,410.0,20500.0,2025-07-31 14:54:20.906792
2025-07-31,12467,2025073104030918,SPDL,Shree Krishna Securities Ltd.,J.F. Securites (PVT) Ltd.,25,410.0,10250.0,2025-07-31 14:54:20.906873
2025-07-31,12466,2025073104030919,SPDL,Deevyaa Securities & Stock House Pvt. Ltd,J.F. Securites (PVT) Ltd.,105,410.0,43050.0,2025-07-31 14:54:20.906955
2025-07-31,12465,2025073104030920,SPDL,Sweta Securities Private Limited,J.F. Securites (PVT) Ltd.,100,410.0,41000.0,2025-07-31 14:54:20.907036
2025-07-31,12464,2025073104030921,SPDL,Secured Securities Ltd.,J.F. Securites (PVT) Ltd.,100,410.0,41000.0,2025-07-31 14:54:20.907116
2025-07-31,12463,2025073104030922,SPDL,Sumeru Securities Pvt. Ltd.,J.F. Securites (PVT) Ltd.,100,410.0,41000.0,2025-07-31 14:54:20.907201
2025-07-31,12462,2025073104030923,SPDL,Imperial Securities Company Pvt. Ltd.,J.F. Securites (PVT) Ltd.,32,410.0,13120.0,2025-07-31 14:54:20.907275
2025-07-31,12279,2025073104030993,SPDL,Imperial Securities Company Pvt. Ltd.,Nagarik Stock Dealer ,368,410.0,150880.0,2025-07-31 14:54:29.641648
2025-07-31,12278,2025073104030994,SPDL,Sumeru Securities Pvt. Ltd.,Nagarik Stock Dealer ,500,410.0,205000.0,2025-07-31 14:54:29.641875
2025-07-31,12277,2025073104030995,SPDL,Aakashbhairab Securities Ltd.,Nagarik Stock Dealer ,1000,410.0,410000.0,2025-07-31 14:54:29.641957
2025-07-31,12276,2025073104030996,SPDL,Aryatara Investment & Securities,Nagarik Stock Dealer ,100,410.0,41000.0,2025-07-31 14:54:29.642035
2025-07-31,12275,2025073104030997,SPDL,Sri Hari Securities Pvt. Ltd.,Nagarik Stock Dealer ,50,410.0,20500.0,2025-07-31 14:54:29.642109
2025-07-31,12274,2025073104030998,SPDL,Creative Securities Pvt Ltd,Nagarik Stock Dealer ,100,410.0,41000.0,2025-07-31 14:54:29.642195
2025-07-31,12273,2025073104030999,SPDL,Nepal Stock House (PVT) Ltd.,Nagarik Stock Dealer ,50,410.0,20500.0,2025-07-31 14:54:29.642283
2025-07-31,12272,2025073104031000,SPDL,Kohinoor Investment & Securities Pvt. Ltd.,Nagarik Stock Dealer ,200,410.0,82000.0,2025-07-31 14:54:29.642363
2025-07-31,12271,2025073104031001,SPDL,Naasa Securities Co. Ltd.,Nagarik Stock Dealer ,100,410.0,41000.0,2025-07-31 14:54:29.642439
2025-07-31,12270,2025073104031002,SPDL,Capital Max Securities Ltd,Nagarik Stock Dealer ,32,410.0,13120.0,2025-07-31 14:54:29.642517
2025-07-31,12212,2025073104031028,SPDL,Capital Max Securities Ltd,Neev Securities Pvt. Ltd.,68,410.0,27880.0,2025-07-31 14:54:31.184014
2025-07-31,12211,2025073104031029,SPDL,ABC Securities Private Limited,Neev Securities Pvt. Ltd.,50,410.0,20500.0,2025-07-31 14:54:31.184200
2025-07-31,12210,2025073104031030,SPDL,Neev Securities Pvt. Ltd.,Neev Securities Pvt. Ltd.,182,410.0,74620.0,2025-07-31 14:54:31.184284
2025-07-31,11482,2025073104031290,SPDL,Imperial Securities Company Pvt. Ltd.,J.F. Securites (PVT) Ltd.,200,410.1,82020.0,2025-07-31 14:54:59.167424
2025-07-31,11481,2025073104031291,SPDL,Neev Securities Pvt. Ltd.,J.F. Securites (PVT) Ltd.,218,410.0,89380.0,2025-07-31 14:54:59.167638
2025-07-31,11480,2025073104031292,SPDL,Naasa Securities Co. Ltd.,J.F. Securites (PVT) Ltd.,500,410.0,205000.0,2025-07-31 14:54:59.167723
2025-07-31,11479,2025073104031293,SPDL,Cristal Kanchanjanga Securites Pvt. Ltd.,J.F. Securites (PVT) Ltd.,100,410.0,41000.0,2025-07-31 14:54:59.167803
2025-07-31,11478,2025073104031294,SPDL,Neev Securities Pvt. Ltd.,J.F. Securites (PVT) Ltd.,130,410.0,53300.0,2025-07-31 14:54:59.167881
2025-07-31,11111,2025073104031391,SPDL,Neev Securities Pvt. Ltd.,Naasa Securities Co. Ltd.,70,410.0,28700.0,2025-07-31 14:55:10.827769
2025-07-31,11110,2025073104031392,SPDL,Nepal Stock House (PVT) Ltd.,Naasa Securities Co. Ltd.,65,410.0,26650.0,2025-07-31 14:55:10.827985
2025-07-31,10205,2025073104031624,SPDL,Nepal Investment And Securities Trading Private Limited,Online Securities Pvt. Ltd.,23,410.1,9432.3,2025-07-31 14:55:43.739032
2025-07-31,9992,2025073104031669,SPDL,Global IME Securities Limited,Sani Securities Company Ltd.,50,411.0,20550.0,2025-07-31 14:55:50.947259
2025-07-31,9929,2025073104031687,SPDL,Nepal Investment And Securities Trading Private Limited,Imperial Securities Company Pvt. Ltd.,57,410.1,23375.7,2025-07-31 14:55:54.120780
2025-07-31,9928,2025073104031688,SPDL,Nepal Stock House (PVT) Ltd.,Imperial Securities Company Pvt. Ltd.,435,410.0,178350.0,2025-07-31 14:55:54.120993
2025-07-31,9927,2025073104031689,SPDL,Primo Securities (PVT) Ltd.,Imperial Securities Company Pvt. Ltd.,20,410.0,8200.0,2025-07-31 14:55:54.121089
2025-07-31,9926,2025073104031690,SPDL,Online Securities Pvt. Ltd.,Imperial Securities Company Pvt. Ltd.,270,410.0,110700.0,2025-07-31 14:55:54.121183
2025-07-31,9673,2025073104031742,SPDL,Online Securities Pvt. Ltd.,Nepal Investment And Securities Trading Private Limited,300,410.0,123000.0,2025-07-31 14:56:04.843225
2025-07-31,9657,2025073104031752,SPDL,Siprabi Securities Pvt. Ltd.,ABC Securities Private Limited,90,411.0,36990.0,2025-07-31 14:56:04.934002
2025-07-31,9655,2025073104031754,SPDL,Online Securities Pvt. Ltd.,Oxford Securities Pvt. Ltd.,430,410.0,176300.0,2025-07-31 14:56:04.943445
2025-07-31,9654,2025073104031755,SPDL,Sumeru Securities Pvt. Ltd.,Oxford Securities Pvt. Ltd.,70,410.0,28700.0,2025-07-31 14:56:04.943580
2025-07-31,9228,2025073104031879,SPDL,Siprabi Securities Pvt. Ltd.,ABC Securities Private Limited,10,411.0,4110.0,2025-07-31 14:56:19.382005
2025-07-31,9227,2025073104031880,SPDL,Siprabi Securities Pvt. Ltd.,Indira securities pvt. ltd,21,411.0,8631.0,2025-07-31 14:56:19.382061
2025-07-31,8980,2025073104031958,SPDL,Sri Hari Securities Pvt. Ltd.,MILKY WAY SHARE BROKER COMPANY LTD ,28,410.1,11482.8,2025-07-31 14:56:28.520083
2025-07-31,8879,2025073104031981,SPDL,Siprabi Securities Pvt. Ltd.,Naasa Securities Co. Ltd.,36,411.2,14803.2,2025-07-31 14:56:31.539912
2025-07-31,8223,2025073104032173,SPDL,Vision Securities Pvt. Ltd,Vision Securities Pvt. Ltd,500,411.0,205500.0,2025-07-31 14:56:54.040295
2025-07-31,8039,2025073104032227,SPDL,Deevyaa Securities & Stock House Pvt. Ltd,Vision Securities Pvt. Ltd,50,410.2,20510.0,2025-07-31 14:57:00.123982
2025-07-31,6991,2025073104032516,SPDL,Asian Securities Private Ltd.,Nagarik Stock Dealer ,40,411.0,16440.0,2025-07-31 14:57:34.469960
2025-07-31,6990,2025073104032517,SPDL,Citizens Share Broker Limited,Nagarik Stock Dealer ,60,411.0,24660.0,2025-07-31 14:57:34.470198
2025-07-31,6060,2025073104032792,SPDL,Siprabi Securities Pvt. Ltd.,Aryatara Investment & Securities,10,411.9,4119.0,2025-07-31 14:57:59.638016
2025-07-31,6059,2025073104032793,SPDL,Sumeru Securities Pvt. Ltd.,Aryatara Investment & Securities,100,411.1,41110.0,2025-07-31 14:57:59.638380
2025-07-31,6058,2025073104032794,SPDL,Citizens Share Broker Limited,Aryatara Investment & Securities,40,411.0,16440.0,2025-07-31 14:57:59.638612
2025-07-31,5672,2025073104032897,SPDL,Citizens Share Broker Limited,Dynamic Money Managers Securities Pvt. Ltd.,100,411.0,41100.0,2025-07-31 14:58:12.175614
2025-07-31,5509,2025073104032955,SPDL,Siprabi Securities Pvt. Ltd.,Creative Securities Pvt Ltd,10,410.9,4109.0,2025-07-31 14:58:16.500583
2025-07-31,5508,2025073104032956,SPDL,Sani Securities Company Ltd.,Creative Securities Pvt Ltd,95,410.5,38997.5,2025-07-31 14:58:16.500644
2025-07-31,5507,2025073104032957,SPDL,Vision Securities Pvt. Ltd,Creative Securities Pvt Ltd,100,410.3,41030.0,2025-07-31 14:58:16.500673
2025-07-31,5506,2025073104032958,SPDL,Imperial Securities Company Pvt. Ltd.,Creative Securities Pvt Ltd,500,410.3,205150.0,2025-07-31 14:58:16.500701
2025-07-31,5505,2025073104032959,SPDL,Deevyaa Securities & Stock House Pvt. Ltd,Creative Securities Pvt Ltd,452,410.2,185410.4,2025-07-31 14:58:16.500728
2025-07-31,5504,2025073104032960,SPDL,Sumeru Securities Pvt. Ltd.,Creative Securities Pvt Ltd,343,410.2,140698.6,2025-07-31 14:58:16.500758
2025-07-31,5337,2025073104032988,SPDL,Naasa Securities Co. Ltd.,Dynamic Money Managers Securities Pvt. Ltd.,35,411.0,14385.0,2025-07-31 14:58:20.610520
2025-07-31,5182,2025073104033047,SPDL,Sumeru Securities Pvt. Ltd.,Dipshikha Dhitopatra Karobar Co. Pvt Ltd.,300,410.2,123060.0,2025-07-31 14:58:23.783570
2025-07-31,4887,2025073104033124,SPDL,Agrawal Securities (PVT) Ltd.,Vision Securities Pvt. Ltd,200,410.3,82060.0,2025-07-31 14:58:32.093862
2025-07-31,4886,2025073104033125,SPDL,Sumeru Securities Pvt. Ltd.,Vision Securities Pvt. Ltd,357,410.2,146441.4,2025-07-31 14:58:32.094017
2025-07-31,4885,2025073104033126,SPDL,Cristal Kanchanjanga Securites Pvt. Ltd.,Vision Securities Pvt. Ltd,2443,410.2,1002118.6,2025-07-31 14:58:32.094094
2025-07-31,4785,2025073104033161,SPDL,Kohinoor Investment & Securities Pvt. Ltd.,Dynamic Money Managers Securities Pvt. Ltd.,70,411.0,28770.0,2025-07-31 14:58:34.221587
2025-07-31,4739,2025073104033179,SPDL,Kohinoor Investment & Securities Pvt. Ltd.,Online Securities Pvt. Ltd.,30,411.0,12330.0,2025-07-31 14:58:35.899810
2025-07-31,4669,2025073104033198,SPDL,Cristal Kanchanjanga Securites Pvt. Ltd.,Trisul Securities & Invt. Ltd.,500,410.2,205100.0,2025-07-31 14:58:37.213470
2025-07-31,4536,2025073104033230,SPDL,Sri Hari Securities Pvt. Ltd.,Online Securities Pvt. Ltd.,20,411.0,8220.0,2025-07-31 14:58:40.833879
2025-07-31,4192,2025073104033322,SPDL,Sri Hari Securities Pvt. Ltd.,Thrive Brokerage House Pvt. Ltd,80,411.0,32880.0,2025-07-31 14:58:47.933241
2025-07-31,4191,2025073104033323,SPDL,Cristal Kanchanjanga Securites Pvt. Ltd.,Thrive Brokerage House Pvt. Ltd,20,411.0,8220.0,2025-07-31 14:58:47.933453
2025-07-31,3011,2025073104033667,SPDL,Siprabi Securities Pvt. Ltd.,Sani Securities Company Ltd.,10,412.0,4120.0,2025-07-31 14:59:14.575782
2025-07-31,2334,2025073104033918,SPDL,Cristal Kanchanjanga Securites Pvt. Ltd.,Shree Krishna Securities Ltd.,80,411.0,32880.0,2025-07-31 14:59:25.396859
2025-07-31,2333,2025073104033919,SPDL,Agrawal Securities (PVT) Ltd.,Shree Krishna Securities Ltd.,200,411.0,82200.0,2025-07-31 14:59:25.397015
2025-07-31,2049,2025073104033994,SPDL,Indira securities pvt. ltd,Shree Krishna Securities Ltd.,10,411.0,4110.0,2025-07-31 14:59:29.017257
2025-07-31,1850,2025073104034040,SPDL,Sri Hari Securities Pvt. Ltd.,Shree Krishna Securities Ltd.,200,411.0,82200.0,2025-07-31 14:59:32.274719
2025-07-31,1686,2025073104034094,SPDL,Kohinoor Investment & Securities Pvt. Ltd.,Shree Krishna Securities Ltd.,70,411.0,28770.0,2025-07-31 14:59:35.017660
2025-07-31,1620,2025073104034108,SPDL,Vision Securities Pvt. Ltd,Shree Krishna Securities Ltd.,270,411.0,110970.0,2025-07-31 14:59:35.891176
2025-07-31,1407,2025073104034210,SPDL,Siprabi Securities Pvt. Ltd.,Shree Krishna Securities Ltd.,10,411.0,4110.0,2025-07-31 14:59:37.659432
2025-07-31,1168,2025073104034304,SPDL,Naasa Securities Co. Ltd.,Shree Krishna Securities Ltd.,110,411.0,45210.0,2025-07-31 14:59:41.979707
2025-07-31,1157,2025073104034306,SPDL,Dynamic Money Managers Securities Pvt. Ltd.,Shree Krishna Securities Ltd.,50,411.0,20550.0,2025-07-31 14:59:42.153031
2025-07-31,1156,2025073104034307,SPDL,Dynamic Money Managers Securities Pvt. Ltd.,Aryatara Investment & Securities,100,411.0,41100.0,2025-07-31 14:59:42.153205
2025-07-31,838,2025073104034399,SPDL,Dynamic Money Managers Securities Pvt. Ltd.,Nepal Stock House (PVT) Ltd.,390,411.0,160290.0,2025-07-31 14:59:47.633614
2025-07-31,837,2025073104034400,SPDL,Market Securities & Exchange (PVT) Ltd.,Nepal Stock House (PVT) Ltd.,500,410.5,205250.0,2025-07-31 14:59:47.633803
2025-07-31,836,2025073104034401,SPDL,Cristal Kanchanjanga Securites Pvt. Ltd.,Nepal Stock House (PVT) Ltd.,557,410.2,228481.4,2025-07-31 14:59:47.633883
2025-07-31,835,2025073104034402,SPDL,Sri Hari Securities Pvt. Ltd.,Nepal Stock House (PVT) Ltd.,172,410.1,70537.2,2025-07-31 14:59:47.633960
2025-07-31,834,2025073104034403,SPDL,Premier Securities Company Ltd.,Nepal Stock House (PVT) Ltd.,10,410.1,4101.0,2025-07-31 14:59:47.634038
2025-07-31,833,2025073104034404,SPDL,Sumeru Securities Pvt. Ltd.,Nepal Stock House (PVT) Ltd.,180,410.0,73800.0,2025-07-31 14:59:47.634113
2025-07-31,832,2025073104034405,SPDL,Dipshikha Dhitopatra Karobar Co. Pvt Ltd.,Nepal Stock House (PVT) Ltd.,20,410.0,8200.0,2025-07-31 14:59:47.634193
2025-07-31,831,2025073104034406,SPDL,Sri Hari Securities Pvt. Ltd.,Nepal Stock House (PVT) Ltd.,1000,410.0,410000.0,2025-07-31 14:59:47.634267
2025-07-31,830,2025073104034407,SPDL,Trishakti Securities Public Limited,Nepal Stock House (PVT) Ltd.,200,410.0,82000.0,2025-07-31 14:59:47.634353
2025-07-31,829,2025073104034408,SPDL,Opal Securities Investment (PVT) Ltd.,Nepal Stock House (PVT) Ltd.,385,410.0,157850.0,2025-07-31 14:59:47.634425
2025-07-31,828,2025073104034409,SPDL,Kalika Securities Pvt. Ltd.,Nepal Stock House (PVT) Ltd.,10,410.0,4100.0,2025-07-31 14:59:47.634499
2025-07-31,827,2025073104034410,SPDL,Linch Stock Market Ltd.,Nepal Stock House (PVT) Ltd.,102,410.0,41820.0,2025-07-31 14:59:47.634574
2025-07-31,285,2025073104034542,SPDL,Siprabi Securities Pvt. Ltd.,Sani Securities Company Ltd.,10,412.0,4120.0,2025-07-31 14:59:55.951277
2025-07-31,48,2025073104034594,SPDL,Sweta Securities Private Limited,Bhrikuti Stock Broking Co. Pvt. Ltd.,200,411.0,82200.0,2025-07-31 14:59:59.300935
