Date,S.N.,Contract ID,Symbol,Buyer Broker,Seller Broker,volume,rate,amount,transaction_time
2025-09-07,56045,2025090703000161,CFCL,Naasa Securities Co. Ltd.,Thrive Brokerage House Pvt. Ltd,100,488.2,48820.0,2025-09-07 11:14:00.687826
2025-09-07,56044,2025090703000162,CFCL,Sewa Securities Pvt. Ltd.,Thrive Brokerage House Pvt. Ltd,50,488.2,24410.0,2025-09-07 11:14:00.687916
2025-09-07,56043,2025090703000163,CFCL,Vision Securities Pvt. Ltd,Thrive Brokerage House Pvt. Ltd,100,488.1,48810.0,2025-09-07 11:14:00.687942
2025-09-07,56042,2025090703000164,CFCL,Opal Securities Investment (PVT) Ltd.,Thrive Brokerage House Pvt. Ltd,50,488.0,24400.0,2025-09-07 11:14:00.687980
2025-09-07,53037,2025090703000415,CFCL,Ashutosh Brokerage & Securities (PVT) Ltd.,Siprabi Securities Pvt. Ltd.,10,489.9,4899.0,2025-09-07 11:29:29.585617
2025-09-07,51042,2025090703000577,CFCL,Trishakti Securities Public Limited,ABC Securities Private Limited,100,487.0,48700.0,2025-09-07 11:38:59.110158
2025-09-07,44605,2025090703001300,CFCL,Nepal Investment And Securities Trading Private Limited,Siprabi Securities Pvt. Ltd.,23,489.9,11267.7,2025-09-07 12:07:21.145423
2025-09-07,41809,2025090703001591,CFCL,Secured Securities Ltd.,Siprabi Securities Pvt. Ltd.,12,489.9,5878.8,2025-09-07 12:19:23.620226
2025-09-07,40804,2025090703001700,CFCL,ABC Securities Private Limited,Aryatara Investment & Securities,100,496.0,49600.0,2025-09-07 12:24:01.222896
2025-09-07,37379,2025090703002099,CFCL,Agrawal Securities (PVT) Ltd.,Thrive Brokerage House Pvt. Ltd,30,495.0,14850.0,2025-09-07 12:40:17.186225
2025-09-07,37233,2025090703002126,CFCL,Premier Securities Company Ltd.,Aryatara Investment & Securities,10,496.0,4960.0,2025-09-07 12:40:53.210960
2025-09-07,35765,2025090703002290,CFCL,Asian Securities Private Ltd.,ABC Securities Private Limited,300,492.1,147630.0,2025-09-07 12:46:45.140540
2025-09-07,34243,2025090703002501,CFCL,Asian Securities Private Ltd.,ABC Securities Private Limited,200,495.0,99000.0,2025-09-07 12:52:25.912696
2025-09-07,34184,2025090703002513,CFCL,Sweta Securities Private Limited,Aryatara Investment & Securities,50,496.0,24800.0,2025-09-07 12:52:44.436335
2025-09-07,34131,2025090703002517,CFCL,Thrive Brokerage House Pvt. Ltd,Aryatara Investment & Securities,40,496.0,19840.0,2025-09-07 12:52:53.889428
2025-09-07,34130,2025090703002518,CFCL,Thrive Brokerage House Pvt. Ltd,Sweta Securities Private Limited,10,496.0,4960.0,2025-09-07 12:52:53.889516
2025-09-07,33616,2025090703002590,CFCL,Dakshinkali Investment & Securities Pvt. Ltd.,Siprabi Securities Pvt. Ltd.,5,489.9,2449.5,2025-09-07 12:55:19.704525
2025-09-07,33578,2025090703002592,CFCL,Dakshinkali Investment & Securities Pvt. Ltd.,Sundhara Securities Limited,1,489.0,489.0,2025-09-07 12:55:29.757079
2025-09-07,31611,2025090703002819,CFCL,Vision Securities Pvt. Ltd,Thrive Brokerage House Pvt. Ltd,100,496.0,49600.0,2025-09-07 13:05:03.465038
2025-09-07,31294,2025090703002856,CFCL,Asian Securities Private Ltd.,Neev Securities Pvt. Ltd.,24,497.0,11928.0,2025-09-07 13:06:20.173553
2025-09-07,31293,2025090703002857,CFCL,Asian Securities Private Ltd.,Nabil Stock Dealer Ltd.,20,497.0,9940.0,2025-09-07 13:06:20.173746
2025-09-07,31076,2025090703002881,CFCL,Naasa Securities Co. Ltd.,K.B.L. Securities Limited ,17,494.2,8401.4,2025-09-07 13:07:19.650526
2025-09-07,29206,2025090703003107,CFCL,Naasa Securities Co. Ltd.,Dakshinkali Investment & Securities Pvt. Ltd.,50,494.2,24710.0,2025-09-07 13:15:35.461371
2025-09-07,28383,2025090703003225,CFCL,Naasa Securities Co. Ltd.,Bhrikuti Stock Broking Co. Pvt. Ltd.,33,494.2,16308.6,2025-09-07 13:18:51.178303
2025-09-07,27347,2025090703003360,CFCL,Asian Securities Private Ltd.,Asian Securities Private Ltd.,100,492.4,49240.0,2025-09-07 13:23:45.119664
2025-09-07,27112,2025090703003407,CFCL,Asian Securities Private Ltd.,Asian Securities Private Ltd.,100,492.4,49240.0,2025-09-07 13:24:57.747501
2025-09-07,27111,2025090703003408,CFCL,Aryatara Investment & Securities,Asian Securities Private Ltd.,100,492.3,49230.0,2025-09-07 13:24:57.747634
2025-09-07,27110,2025090703003409,CFCL,Shree Krishna Securities Ltd.,Asian Securities Private Ltd.,200,492.1,98420.0,2025-09-07 13:24:57.747835
2025-09-07,26848,2025090703003435,CFCL,Bhrikuti Stock Broking Co. Pvt. Ltd.,Bhrikuti Stock Broking Co. Pvt. Ltd.,152,492.0,74784.0,2025-09-07 13:26:22.067362
2025-09-07,26847,2025090703003436,CFCL,Online Securities Pvt. Ltd.,Bhrikuti Stock Broking Co. Pvt. Ltd.,30,492.0,14760.0,2025-09-07 13:26:22.067536
2025-09-07,26415,2025090703003491,CFCL,Opal Securities Investment (PVT) Ltd.,Bhrikuti Stock Broking Co. Pvt. Ltd.,360,492.0,177120.0,2025-09-07 13:28:50.676986
2025-09-07,25207,2025090703003626,CFCL,Opal Securities Investment (PVT) Ltd.,Oxford Securities Pvt. Ltd.,17,492.0,8364.0,2025-09-07 13:35:35.372500
2025-09-07,23109,2025090703003906,CFCL,Opal Securities Investment (PVT) Ltd.,Nepal Stock House (PVT) Ltd.,100,492.0,49200.0,2025-09-07 13:47:12.345800
2025-09-07,20060,2025090703004385,CFCL,Midas Stock Broking Company Private Limited,Kumari Securities Private Limited,10,493.0,4930.0,2025-09-07 14:02:18.933432
2025-09-07,20059,2025090703004386,CFCL,Opal Securities Investment (PVT) Ltd.,Kumari Securities Private Limited,10,492.0,4920.0,2025-09-07 14:02:18.933554
2025-09-07,17897,2025090703004630,CFCL,Opal Securities Investment (PVT) Ltd.,Naasa Securities Co. Ltd.,10,492.0,4920.0,2025-09-07 14:13:11.717647
2025-09-07,17788,2025090703004639,CFCL,Opal Securities Investment (PVT) Ltd.,Thrive Brokerage House Pvt. Ltd,503,492.0,247476.0,2025-09-07 14:13:36.444001
2025-09-07,14958,2025090703005013,CFCL,Shree Krishna Securities Ltd.,MILKY WAY SHARE BROKER COMPANY LTD ,45,490.5,22072.5,2025-09-07 14:24:48.309755
2025-09-07,14957,2025090703005014,CFCL,Midas Stock Broking Company Private Limited,MILKY WAY SHARE BROKER COMPANY LTD ,175,490.2,85785.0,2025-09-07 14:24:48.309850
2025-09-07,14956,2025090703005015,CFCL,Agrawal Securities (PVT) Ltd.,MILKY WAY SHARE BROKER COMPANY LTD ,280,490.1,137228.0,2025-09-07 14:24:48.309897
2025-09-07,11703,2025090703005566,CFCL,Sani Securities Company Ltd.,Imperial Securities Company Pvt. Ltd.,84,491.0,41244.0,2025-09-07 14:35:23.016995
2025-09-07,9887,2025090703005880,CFCL,Sani Securities Company Ltd.,Thrive Brokerage House Pvt. Ltd,222,491.0,109002.0,2025-09-07 14:41:40.117307
2025-09-07,9394,2025090703005937,CFCL,Agrawal Securities (PVT) Ltd.,Kohinoor Investment & Securities Pvt. Ltd.,25,490.1,12252.5,2025-09-07 14:43:04.258994
2025-09-07,9393,2025090703005938,CFCL,Imperial Securities Company Pvt. Ltd.,Kohinoor Investment & Securities Pvt. Ltd.,35,490.0,17150.0,2025-09-07 14:43:04.259087
2025-09-07,9326,2025090703005948,CFCL,Imperial Securities Company Pvt. Ltd.,Kohinoor Investment & Securities Pvt. Ltd.,10,490.0,4900.0,2025-09-07 14:43:19.307005
2025-09-07,8971,2025090703006002,CFCL,Imperial Securities Company Pvt. Ltd.,Sweta Securities Private Limited,155,490.0,75950.0,2025-09-07 14:44:11.628292
2025-09-07,8970,2025090703006003,CFCL,Deevyaa Securities & Stock House Pvt. Ltd,Sweta Securities Private Limited,100,490.0,49000.0,2025-09-07 14:44:11.628437
2025-09-07,8969,2025090703006004,CFCL,Oxford Securities Pvt. Ltd.,Sweta Securities Private Limited,85,490.0,41650.0,2025-09-07 14:44:11.628539
2025-09-07,7586,2025090703006179,CFCL,ABC Securities Private Limited,Thrive Brokerage House Pvt. Ltd,10,491.0,4910.0,2025-09-07 14:47:11.286709
2025-09-07,7386,2025090703006214,CFCL,Neev Securities Pvt. Ltd.,Thrive Brokerage House Pvt. Ltd,10,491.0,4910.0,2025-09-07 14:47:39.783361
2025-09-07,6408,2025090703006318,CFCL,MILKY WAY SHARE BROKER COMPANY LTD ,Thrive Brokerage House Pvt. Ltd,50,491.0,24550.0,2025-09-07 14:50:05.632489
2025-09-07,6057,2025090703006358,CFCL,Aryatara Investment & Securities,Sani Securities Company Ltd.,60,490.1,29406.0,2025-09-07 14:50:47.194318
2025-09-07,6003,2025090703006362,CFCL,Elite Stock House Limited,Thrive Brokerage House Pvt. Ltd,50,491.0,24550.0,2025-09-07 14:50:55.966612
2025-09-07,4883,2025090703006538,CFCL,Agrawal Securities (PVT) Ltd.,Thrive Brokerage House Pvt. Ltd,200,491.0,98200.0,2025-09-07 14:53:18.010312
2025-09-07,3583,2025090703006726,CFCL,Aryatara Investment & Securities,Trishakti Securities Public Limited,40,490.1,19604.0,2025-09-07 14:55:55.894815
2025-09-07,3582,2025090703006727,CFCL,Oxford Securities Pvt. Ltd.,Trishakti Securities Public Limited,15,490.0,7350.0,2025-09-07 14:55:55.895020
2025-09-07,3581,2025090703006728,CFCL,Opal Securities Investment (PVT) Ltd.,Trishakti Securities Public Limited,100,490.0,49000.0,2025-09-07 14:55:55.895159
2025-09-07,3580,2025090703006729,CFCL,Sri Hari Securities Pvt. Ltd.,Trishakti Securities Public Limited,255,490.0,124950.0,2025-09-07 14:55:55.895270
2025-09-07,3579,2025090703006730,CFCL,ABC Securities Private Limited,Trishakti Securities Public Limited,10,490.0,4900.0,2025-09-07 14:55:55.895380
2025-09-07,3578,2025090703006731,CFCL,Imperial Securities Company Pvt. Ltd.,Trishakti Securities Public Limited,20,490.0,9800.0,2025-09-07 14:55:55.895480
2025-09-07,3243,2025090703006789,CFCL,Sumeru Securities Pvt. Ltd.,Linch Stock Market Ltd.,100,489.0,48900.0,2025-09-07 14:56:31.651501
2025-09-07,3242,2025090703006790,CFCL,Midas Stock Broking Company Private Limited,Linch Stock Market Ltd.,20,489.0,9780.0,2025-09-07 14:56:31.651632
2025-09-07,3241,2025090703006791,CFCL,Kumari Securities Private Limited,Linch Stock Market Ltd.,240,489.0,117360.0,2025-09-07 14:56:31.651706
2025-09-07,2223,2025090703006928,CFCL,Dipshikha Dhitopatra Karobar Co. Pvt Ltd.,Trishakti Securities Public Limited,40,490.0,19600.0,2025-09-07 14:57:56.457511
2025-09-07,1906,2025090703006996,CFCL,Kumari Securities Private Limited,Sani Securities Company Ltd.,130,489.0,63570.0,2025-09-07 14:58:23.655257
2025-09-07,683,2025090703007187,CFCL,Dipshikha Dhitopatra Karobar Co. Pvt Ltd.,Trishakti Securities Public Limited,20,490.0,9800.0,2025-09-07 14:59:30.771381
2025-09-07,682,2025090703007188,CFCL,Dipshikha Dhitopatra Karobar Co. Pvt Ltd.,Nabil Stock Dealer Ltd.,15,490.0,7350.0,2025-09-07 14:59:30.771471
