Date,S.N.,Contract ID,Symbol,Buyer Broker,Seller Broker,volume,rate,amount,transaction_time
2025-09-07,57097,2025090703000076,GMFIL,Blue Chip Securities Ltd,Bhrikuti Stock Broking Co. Pvt. Ltd.,10,475.0,4750.0,2025-09-07 11:07:12.458052
2025-09-07,45073,2025090703001223,GMFIL,Online Securities Pvt. Ltd.,Sundhara Securities Limited,690,473.5,326715.0,2025-09-07 12:05:06.622282
2025-09-07,45072,2025090703001224,GMFIL,Online Securities Pvt. Ltd.,Imperial Securities Company Pvt. Ltd.,300,474.5,142350.0,2025-09-07 12:05:06.622345
2025-09-07,45071,2025090703001225,GMFIL,Online Securities Pvt. Ltd.,Trishakti Securities Public Limited,10,474.8,4748.0,2025-09-07 12:05:06.622383
2025-09-07,44815,2025090703001272,GMFIL,Online Securities Pvt. Ltd.,Trishakti Securities Public Limited,90,474.8,42732.0,2025-09-07 12:06:21.858458
2025-09-07,44814,2025090703001273,GMFIL,Online Securities Pvt. Ltd.,APPLE SECURITIES PRIVATE LIMITED,300,474.9,142470.0,2025-09-07 12:06:21.858515
2025-09-07,44813,2025090703001274,GMFIL,Online Securities Pvt. Ltd.,Bhrikuti Stock Broking Co. Pvt. Ltd.,190,475.0,90250.0,2025-09-07 12:06:21.858542
2025-09-07,44812,2025090703001275,GMFIL,Online Securities Pvt. Ltd.,KALASH STOCK MARKET PVT. LTD.,200,475.0,95000.0,2025-09-07 12:06:21.858568
2025-09-07,44811,2025090703001276,GMFIL,Online Securities Pvt. Ltd.,Midas Stock Broking Company Private Limited,210,475.0,99750.0,2025-09-07 12:06:21.858590
2025-09-07,44810,2025090703001277,GMFIL,Online Securities Pvt. Ltd.,Aryatara Investment & Securities,10,475.0,4750.0,2025-09-07 12:06:21.858621
2025-09-07,44708,2025090703001285,GMFIL,Online Securities Pvt. Ltd.,Aryatara Investment & Securities,490,475.0,232750.0,2025-09-07 12:06:51.954298
2025-09-07,41861,2025090703001581,GMFIL,Online Securities Pvt. Ltd.,Bhrikuti Stock Broking Co. Pvt. Ltd.,10,476.3,4763.0,2025-09-07 12:19:08.264835
2025-09-07,40847,2025090703001695,GMFIL,Dynamic Money Managers Securities Pvt. Ltd.,Kohinoor Investment & Securities Pvt. Ltd.,77,470.1,36197.7,2025-09-07 12:23:53.100515
2025-09-07,40846,2025090703001696,GMFIL,Cristal Kanchanjanga Securites Pvt. Ltd.,Kohinoor Investment & Securities Pvt. Ltd.,33,470.0,15510.0,2025-09-07 12:23:53.100640
2025-09-07,40771,2025090703001706,GMFIL,Cristal Kanchanjanga Securites Pvt. Ltd.,Kohinoor Investment & Securities Pvt. Ltd.,67,470.0,31490.0,2025-09-07 12:24:15.661242
2025-09-07,37361,2025090703002103,GMFIL,Imperial Securities Company Pvt. Ltd.,Investment Management Nepal Pvt. Ltd.,12,470.0,5640.0,2025-09-07 12:40:21.670272
2025-09-07,37360,2025090703002104,GMFIL,Miyo Securities Pvt Ltd,Investment Management Nepal Pvt. Ltd.,100,470.0,47000.0,2025-09-07 12:40:21.670339
2025-09-07,37182,2025090703002137,GMFIL,Blue Chip Securities Ltd,Creative Securities Pvt Ltd,10,475.0,4750.0,2025-09-07 12:41:09.934561
2025-09-07,32360,2025090703002746,GMFIL,Sundhara Securities Limited,Creative Securities Pvt Ltd,90,473.0,42570.0,2025-09-07 13:01:25.016690
2025-09-07,30027,2025090703002981,GMFIL,Sundhara Securities Limited,Arun Securities (PVT) Ltd.,60,474.9,28494.0,2025-09-07 13:11:46.096260
2025-09-07,29034,2025090703003130,GMFIL,Sundhara Securities Limited,Arun Securities (PVT) Ltd.,10,473.0,4730.0,2025-09-07 13:16:29.925225
2025-09-07,29033,2025090703003131,GMFIL,Sundhara Securities Limited,Arun Securities (PVT) Ltd.,100,472.0,47200.0,2025-09-07 13:16:29.925363
2025-09-07,29032,2025090703003132,GMFIL,Sundhara Securities Limited,Arun Securities (PVT) Ltd.,10,471.2,4712.0,2025-09-07 13:16:29.925416
2025-09-07,29031,2025090703003133,GMFIL,Aryatara Investment & Securities,Arun Securities (PVT) Ltd.,180,471.1,84798.0,2025-09-07 13:16:29.925445
2025-09-07,29030,2025090703003134,GMFIL,Sundhara Securities Limited,Arun Securities (PVT) Ltd.,100,471.0,47100.0,2025-09-07 13:16:29.925469
2025-09-07,28911,2025090703003153,GMFIL,Miyo Securities Pvt Ltd,Arun Securities (PVT) Ltd.,270,474.9,128223.0,2025-09-07 13:16:58.988822
2025-09-07,28766,2025090703003160,GMFIL,Miyo Securities Pvt Ltd,Primo Securities (PVT) Ltd.,200,474.9,94980.0,2025-09-07 13:17:24.246679
2025-09-07,28536,2025090703003208,GMFIL,Miyo Securities Pvt Ltd,Bhrikuti Stock Broking Co. Pvt. Ltd.,30,474.9,14247.0,2025-09-07 13:18:21.112699
2025-09-07,13417,2025090703005273,GMFIL,Online Securities Pvt. Ltd.,Aryatara Investment & Securities,100,470.1,47010.0,2025-09-07 14:29:58.743320
2025-09-07,13189,2025090703005320,GMFIL,Miyo Securities Pvt Ltd,Aryatara Investment & Securities,80,470.0,37600.0,2025-09-07 14:30:41.425254
2025-09-07,11774,2025090703005557,GMFIL,Miyo Securities Pvt Ltd,Kohinoor Investment & Securities Pvt. Ltd.,20,470.0,9400.0,2025-09-07 14:35:02.769150
2025-09-07,10477,2025090703005786,GMFIL,Market Securities & Exchange (PVT) Ltd.,Kohinoor Investment & Securities Pvt. Ltd.,50,468.0,23400.0,2025-09-07 14:39:53.661407
2025-09-07,10476,2025090703005787,GMFIL,Imperial Securities Company Pvt. Ltd.,Kohinoor Investment & Securities Pvt. Ltd.,30,468.0,14040.0,2025-09-07 14:39:53.661479
2025-09-07,9162,2025090703005973,GMFIL,Miyo Securities Pvt Ltd,Sweta Securities Private Limited,25,468.1,11702.5,2025-09-07 14:43:49.074586
2025-09-07,9161,2025090703005974,GMFIL,Imperial Securities Company Pvt. Ltd.,Sweta Securities Private Limited,20,468.0,9360.0,2025-09-07 14:43:49.074653
2025-09-07,9160,2025090703005975,GMFIL,SHUBHAKAMANA SECURITIES PVT. LTD,Sweta Securities Private Limited,689,466.2,321211.8,2025-09-07 14:43:49.074688
2025-09-07,5960,2025090703006369,GMFIL,Blue Chip Securities Ltd,Sumeru Securities Pvt. Ltd.,10,473.9,4739.0,2025-09-07 14:51:05.873459
2025-09-07,5483,2025090703006410,GMFIL,Blue Chip Securities Ltd,Sumeru Securities Pvt. Ltd.,10,473.9,4739.0,2025-09-07 14:51:53.429480
2025-09-07,4882,2025090703006539,GMFIL,Neev Securities Pvt. Ltd.,KALASH STOCK MARKET PVT. LTD.,10,473.8,4738.0,2025-09-07 14:53:18.235764
2025-09-07,3431,2025090703006755,GMFIL,Linch Stock Market Ltd.,Sani Securities Company Ltd.,10,468.0,4680.0,2025-09-07 14:56:07.343846
2025-09-07,1293,2025090703007093,GMFIL,SHUBHAKAMANA SECURITIES PVT. LTD,Capital Max Securities Ltd,300,470.0,141000.0,2025-09-07 14:59:03.947529
2025-09-07,965,2025090703007146,GMFIL,SHUBHAKAMANA SECURITIES PVT. LTD,Bhrikuti Stock Broking Co. Pvt. Ltd.,11,470.0,5170.0,2025-09-07 14:59:19.896837
2025-09-07,101,2025090703007262,GMFIL,Sani Securities Company Ltd.,Bhrikuti Stock Broking Co. Pvt. Ltd.,10,470.0,4700.0,2025-09-07 14:59:57.458287
