Date,S.N.,Contract ID,Symbol,Buyer Broker,Seller Broker,quantity,rate,amount,transaction_time
2025-09-07,58078,2025090705000005,HIDCL,Sipla Securities Private Limited,Roadshow securities limited,10,272.5,2725.0,2025-09-07 10:46:00.012477
2025-09-07,57752,2025090705000078,HIDCL,Sundhara Securities Limited,Sunrise Securities Limited,12,277.0,3324.0,2025-09-07 11:02:54.910877
2025-09-07,57402,2025090705000143,HIDCL,Malla & Malla Stock Broking Company Pvt. Limited,ABC Securities Private Limited,10,277.9,2779.0,2025-09-07 11:05:21.978965
2025-09-07,57329,2025090705000151,HIDCL,Vision Securities Pvt. Ltd,Thrive Brokerage House Pvt. Ltd,72,280.0,20160.0,2025-09-07 11:05:46.531219
2025-09-07,57328,2025090705000152,HIDCL,Vision Securities Pvt. Ltd,ABC Securities Private Limited,37,281.0,10397.0,2025-09-07 11:05:46.531340
2025-09-07,57327,2025090705000153,HIDCL,Vision Securities Pvt. Ltd,Sagarmatha Securities Private Limited,50,282.5,14125.0,2025-09-07 11:05:46.531415
2025-09-07,57326,2025090705000154,HIDCL,Vision Securities Pvt. Ltd,Blue Chip Securities Ltd,41,282.5,11582.5,2025-09-07 11:05:46.531484
2025-09-07,57109,2025090705000195,HIDCL,Online Securities Pvt. Ltd.,Naasa Securities Co. Ltd.,20,282.0,5640.0,2025-09-07 11:07:08.041379
2025-09-07,57108,2025090705000196,HIDCL,Online Securities Pvt. Ltd.,Aryatara Investment & Securities,1041,282.0,293562.0,2025-09-07 11:07:08.041599
2025-09-07,57027,2025090705000214,HIDCL,Sani Securities Company Ltd.,Nepal Stock House (PVT) Ltd.,100,278.0,27800.0,2025-09-07 11:07:36.099173
2025-09-07,55497,2025090705000646,HIDCL,Citizens Share Broker Limited,Creative Securities Pvt Ltd,20,278.1,5562.0,2025-09-07 11:16:57.100807
2025-09-07,55380,2025090705000688,HIDCL,Sundhara Securities Limited,Sundhara Securities Limited,288,278.2,80121.6,2025-09-07 11:17:37.241934
2025-09-07,55379,2025090705000689,HIDCL,Citizens Share Broker Limited,Sundhara Securities Limited,402,278.1,111796.2,2025-09-07 11:17:37.242130
2025-09-07,54870,2025090705000817,HIDCL,Trisul Securities & Invt. Ltd.,Dynamic Money Managers Securities Pvt. Ltd.,190,279.0,53010.0,2025-09-07 11:20:13.913902
2025-09-07,54817,2025090705000834,HIDCL,Citizens Share Broker Limited,Dynamic Money Managers Securities Pvt. Ltd.,78,278.1,21691.8,2025-09-07 11:20:36.310986
2025-09-07,54816,2025090705000835,HIDCL,Aakashbhairab Securities Ltd.,Dynamic Money Managers Securities Pvt. Ltd.,200,278.1,55620.0,2025-09-07 11:20:36.311106
2025-09-07,54815,2025090705000836,HIDCL,Sani Securities Company Ltd.,Dynamic Money Managers Securities Pvt. Ltd.,100,278.0,27800.0,2025-09-07 11:20:36.311157
2025-09-07,54814,2025090705000837,HIDCL,Naasa Securities Co. Ltd.,Dynamic Money Managers Securities Pvt. Ltd.,350,278.0,97300.0,2025-09-07 11:20:36.311211
2025-09-07,54813,2025090705000838,HIDCL,Sewa Securities Pvt. Ltd.,Dynamic Money Managers Securities Pvt. Ltd.,72,278.0,20016.0,2025-09-07 11:20:36.311258
2025-09-07,54757,2025090705000860,HIDCL,Dynamic Money Managers Securities Pvt. Ltd.,Sundhara Securities Limited,30,279.9,8397.0,2025-09-07 11:20:57.852331
2025-09-07,54604,2025090705000913,HIDCL,Sewa Securities Pvt. Ltd.,Vision Securities Pvt. Ltd,28,278.0,7784.0,2025-09-07 11:21:40.407569
2025-09-07,54603,2025090705000914,HIDCL,Sweta Securities Private Limited,Vision Securities Pvt. Ltd,22,277.4,6102.8,2025-09-07 11:21:40.407636
2025-09-07,54247,2025090705001004,HIDCL,ABC Securities Private Limited,ABC Securities Private Limited,24,278.0,6672.0,2025-09-07 11:23:13.720896
2025-09-07,52569,2025090705001497,HIDCL,Sani Securities Company Ltd.,Linch Stock Market Ltd.,20,278.1,5562.0,2025-09-07 11:31:45.667445
2025-09-07,52568,2025090705001498,HIDCL,Naasa Securities Co. Ltd.,Linch Stock Market Ltd.,20,278.0,5560.0,2025-09-07 11:31:45.667575
2025-09-07,52289,2025090705001580,HIDCL,Naasa Securities Co. Ltd.,Nepal Stock House (PVT) Ltd.,80,278.0,22240.0,2025-09-07 11:33:04.647987
2025-09-07,52288,2025090705001581,HIDCL,Imperial Securities Company Pvt. Ltd.,Nepal Stock House (PVT) Ltd.,80,278.0,22240.0,2025-09-07 11:33:04.648108
2025-09-07,52243,2025090705001588,HIDCL,Secured Securities Ltd.,Siprabi Securities Pvt. Ltd.,12,277.7,3332.4,2025-09-07 11:33:17.128605
2025-09-07,52205,2025090705001599,HIDCL,Kohinoor Investment & Securities Pvt. Ltd.,Siprabi Securities Pvt. Ltd.,38,277.6,10548.8,2025-09-07 11:33:32.161428
2025-09-07,51611,2025090705001763,HIDCL,Kohinoor Investment & Securities Pvt. Ltd.,Imperial Securities Company Pvt. Ltd.,312,277.6,86611.2,2025-09-07 11:36:39.194502
2025-09-07,51610,2025090705001764,HIDCL,Vision Securities Pvt. Ltd,Imperial Securities Company Pvt. Ltd.,50,277.5,13875.0,2025-09-07 11:36:39.194803
2025-09-07,51609,2025090705001765,HIDCL,Aakashbhairab Securities Ltd.,Imperial Securities Company Pvt. Ltd.,138,277.5,38295.0,2025-09-07 11:36:39.194948
2025-09-07,51542,2025090705001789,HIDCL,Sweta Securities Private Limited,Premier Securities Company Ltd.,1,272.5,272.5,2025-09-07 11:36:53.429927
2025-09-07,51447,2025090705001817,HIDCL,Aakashbhairab Securities Ltd.,Online Securities Pvt. Ltd.,22,277.5,6105.0,2025-09-07 11:37:24.052946
2025-09-07,51446,2025090705001818,HIDCL,Creative Securities Pvt Ltd,Online Securities Pvt. Ltd.,10,277.5,2775.0,2025-09-07 11:37:24.052997
2025-09-07,51445,2025090705001819,HIDCL,Sweta Securities Private Limited,Online Securities Pvt. Ltd.,168,277.4,46603.2,2025-09-07 11:37:24.053060
2025-09-07,51281,2025090705001867,HIDCL,Sweta Securities Private Limited,Bhrikuti Stock Broking Co. Pvt. Ltd.,310,277.4,85994.0,2025-09-07 11:38:11.166956
2025-09-07,51280,2025090705001868,HIDCL,Capital Max Securities Ltd,Bhrikuti Stock Broking Co. Pvt. Ltd.,500,277.3,138650.0,2025-09-07 11:38:11.167189
2025-09-07,51279,2025090705001869,HIDCL,Dynamic Money Managers Securities Pvt. Ltd.,Bhrikuti Stock Broking Co. Pvt. Ltd.,500,277.1,138550.0,2025-09-07 11:38:11.167364
2025-09-07,51278,2025090705001870,HIDCL,Ashutosh Brokerage & Securities (PVT) Ltd.,Bhrikuti Stock Broking Co. Pvt. Ltd.,90,277.0,24930.0,2025-09-07 11:38:11.167506
2025-09-07,51277,2025090705001871,HIDCL,Kumari Securities Private Limited,Bhrikuti Stock Broking Co. Pvt. Ltd.,350,277.0,96950.0,2025-09-07 11:38:11.167636
2025-09-07,51276,2025090705001872,HIDCL,Citizens Share Broker Limited,Bhrikuti Stock Broking Co. Pvt. Ltd.,250,277.0,69250.0,2025-09-07 11:38:11.167766
2025-09-07,51199,2025090705001892,HIDCL,Citizens Share Broker Limited,Nepal Stock House (PVT) Ltd.,250,277.0,69250.0,2025-09-07 11:38:36.006140
2025-09-07,50770,2025090705001993,HIDCL,Nabil Stock Dealer Ltd.,Aryatara Investment & Securities,30,276.0,8280.0,2025-09-07 11:40:04.884838
2025-09-07,50769,2025090705001994,HIDCL,Sumeru Securities Pvt. Ltd.,Aryatara Investment & Securities,170,276.0,46920.0,2025-09-07 11:40:04.885007
2025-09-07,50701,2025090705002017,HIDCL,Sumeru Securities Pvt. Ltd.,Secured Securities Ltd.,330,276.0,91080.0,2025-09-07 11:40:19.540016
2025-09-07,50700,2025090705002018,HIDCL,Midas Stock Broking Company Private Limited,Secured Securities Ltd.,20,276.0,5520.0,2025-09-07 11:40:19.540193
2025-09-07,50300,2025090705002124,HIDCL,Trishakti Securities Public Limited,Secured Securities Ltd.,150,276.0,41400.0,2025-09-07 11:41:55.700158
2025-09-07,50299,2025090705002125,HIDCL,Trishakti Securities Public Limited,Nepal Stock House (PVT) Ltd.,530,276.0,146280.0,2025-09-07 11:41:55.700295
2025-09-07,49736,2025090705002306,HIDCL,Vision Securities Pvt. Ltd,Sani Securities Company Ltd.,12,276.0,3312.0,2025-09-07 11:43:50.733978
2025-09-07,49735,2025090705002307,HIDCL,Vision Securities Pvt. Ltd,Sri Hari Securities Pvt. Ltd.,95,276.0,26220.0,2025-09-07 11:43:50.734155
2025-09-07,49668,2025090705002340,HIDCL,Trishakti Securities Public Limited,Shree Krishna Securities Ltd.,100,277.0,27700.0,2025-09-07 11:44:06.168962
2025-09-07,49446,2025090705002437,HIDCL,Bhrikuti Stock Broking Co. Pvt. Ltd.,Sundhara Securities Limited,100,278.0,27800.0,2025-09-07 11:45:12.419955
2025-09-07,49428,2025090705002443,HIDCL,Trishakti Securities Public Limited,Sundhara Securities Limited,120,278.0,33360.0,2025-09-07 11:45:18.871991
2025-09-07,49024,2025090705002588,HIDCL,Vision Securities Pvt. Ltd,Sundhara Securities Limited,150,278.0,41700.0,2025-09-07 11:47:04.099623
2025-09-07,48628,2025090705002699,HIDCL,Vision Securities Pvt. Ltd,Sundhara Securities Limited,83,278.0,23074.0,2025-09-07 11:48:44.450305
2025-09-07,48593,2025090705002708,HIDCL,Sweta Securities Private Limited,Aryatara Investment & Securities,1,275.2,275.2,2025-09-07 11:48:57.377009
2025-09-07,48020,2025090705002846,HIDCL,Capital Max Securities Ltd,Sri Hari Securities Pvt. Ltd.,90,276.4,24876.0,2025-09-07 11:51:21.033968
2025-09-07,47086,2025090705003111,HIDCL,Vision Securities Pvt. Ltd,Pragyan Securities (PVT) Ltd.,13,279.0,3627.0,2025-09-07 11:55:56.688457
2025-09-07,45622,2025090705003561,HIDCL,Imperial Securities Company Pvt. Ltd.,Market Securities & Exchange (PVT) Ltd.,21,276.9,5814.9,2025-09-07 12:02:04.374284
2025-09-07,45549,2025090705003580,HIDCL,Nepal Stock House (PVT) Ltd.,Pragyan Securities (PVT) Ltd.,50,278.8,13940.0,2025-09-07 12:02:24.953704
2025-09-07,45483,2025090705003600,HIDCL,Thrive Brokerage House Pvt. Ltd,SUN SECURITIES PVT LTD,1000,277.0,277000.0,2025-09-07 12:02:47.774548
2025-09-07,45482,2025090705003601,HIDCL,Imperial Securities Company Pvt. Ltd.,SUN SECURITIES PVT LTD,2979,276.9,824885.1,2025-09-07 12:02:47.774910
2025-09-07,45481,2025090705003602,HIDCL,Capital Max Securities Ltd,SUN SECURITIES PVT LTD,2910,276.8,805488.0,2025-09-07 12:02:47.775110
2025-09-07,45305,2025090705003650,HIDCL,Trishakti Securities Public Limited,SUN SECURITIES PVT LTD,100,276.8,27680.0,2025-09-07 12:03:47.524710
2025-09-07,45261,2025090705003668,HIDCL,Capital Max Securities Ltd,SUN SECURITIES PVT LTD,11,276.8,3044.8,2025-09-07 12:04:01.828272
2025-09-07,45200,2025090705003685,HIDCL,Capital Max Securities Ltd,Malla & Malla Stock Broking Company Pvt. Limited,30,276.8,8304.0,2025-09-07 12:04:31.918987
2025-09-07,44865,2025090705003781,HIDCL,Capital Max Securities Ltd,Vision Securities Pvt. Ltd,70,276.8,19376.0,2025-09-07 12:06:07.541720
2025-09-07,44864,2025090705003782,HIDCL,Oxford Securities Pvt. Ltd.,Vision Securities Pvt. Ltd,67,276.8,18545.6,2025-09-07 12:06:07.541775
2025-09-07,44420,2025090705003928,HIDCL,Oxford Securities Pvt. Ltd.,Thrive Brokerage House Pvt. Ltd,100,276.8,27680.0,2025-09-07 12:08:15.195261
2025-09-07,44030,2025090705004061,HIDCL,Bhrikuti Stock Broking Co. Pvt. Ltd.,Naasa Securities Co. Ltd.,20,276.9,5538.0,2025-09-07 12:09:55.862239
2025-09-07,43311,2025090705004292,HIDCL,Naasa Securities Co. Ltd.,Pragyan Securities (PVT) Ltd.,300,277.0,83100.0,2025-09-07 12:13:13.845307
2025-09-07,43310,2025090705004293,HIDCL,Bhrikuti Stock Broking Co. Pvt. Ltd.,Pragyan Securities (PVT) Ltd.,62,276.9,17167.8,2025-09-07 12:13:13.845489
2025-09-07,43292,2025090705004296,HIDCL,Bhrikuti Stock Broking Co. Pvt. Ltd.,Linch Stock Market Ltd.,50,276.9,13845.0,2025-09-07 12:13:17.709458
2025-09-07,43206,2025090705004315,HIDCL,Bhrikuti Stock Broking Co. Pvt. Ltd.,Opal Securities Investment (PVT) Ltd.,58,276.9,16060.2,2025-09-07 12:13:39.485820
2025-09-07,42345,2025090705004570,HIDCL,Naasa Securities Co. Ltd.,Cristal Kanchanjanga Securites Pvt. Ltd.,30,277.0,8310.0,2025-09-07 12:16:54.609931
2025-09-07,42344,2025090705004571,HIDCL,Naasa Securities Co. Ltd.,Cristal Kanchanjanga Securites Pvt. Ltd.,20,277.0,5540.0,2025-09-07 12:16:54.610136
2025-09-07,42315,2025090705004580,HIDCL,Naasa Securities Co. Ltd.,Aakashbhairab Securities Ltd.,100,277.0,27700.0,2025-09-07 12:17:00.930778
2025-09-07,42314,2025090705004581,HIDCL,Naasa Securities Co. Ltd.,Naasa Securities Co. Ltd.,130,277.0,36010.0,2025-09-07 12:17:01.155725
2025-09-07,42313,2025090705004582,HIDCL,MILKY WAY SHARE BROKER COMPANY LTD ,Naasa Securities Co. Ltd.,70,277.0,19390.0,2025-09-07 12:17:01.155916
2025-09-07,41354,2025090705004928,HIDCL,MILKY WAY SHARE BROKER COMPANY LTD ,Vision Securities Pvt. Ltd,500,277.0,138500.0,2025-09-07 12:21:40.718610
2025-09-07,41201,2025090705004978,HIDCL,MILKY WAY SHARE BROKER COMPANY LTD ,Market Securities & Exchange (PVT) Ltd.,10,277.0,2770.0,2025-09-07 12:22:20.232570
2025-09-07,40407,2025090705005228,HIDCL,Himalayan Securities Limited,Naasa Securities Co. Ltd.,20,277.2,5544.0,2025-09-07 12:26:12.516697
2025-09-07,40406,2025090705005229,HIDCL,Kumari Securities Private Limited,Naasa Securities Co. Ltd.,30,277.1,8313.0,2025-09-07 12:26:12.517057
2025-09-07,40230,2025090705005271,HIDCL,Kumari Securities Private Limited,Sweta Securities Private Limited,20,277.1,5542.0,2025-09-07 12:27:00.150247
2025-09-07,39966,2025090705005358,HIDCL,Himalayan Securities Limited,Primo Securities (PVT) Ltd.,10,277.2,2772.0,2025-09-07 12:28:03.891656
2025-09-07,39965,2025090705005359,HIDCL,Kumari Securities Private Limited,Primo Securities (PVT) Ltd.,30,277.1,8313.0,2025-09-07 12:28:03.891908
2025-09-07,39158,2025090705005591,HIDCL,South Asian Bulls Pvt. Ltd.,Cristal Kanchanjanga Securites Pvt. Ltd.,140,278.0,38920.0,2025-09-07 12:32:01.883046
2025-09-07,38907,2025090705005673,HIDCL,Vision Securities Pvt. Ltd,Naasa Securities Co. Ltd.,43,278.5,11975.5,2025-09-07 12:33:27.892385
2025-09-07,38906,2025090705005674,HIDCL,Vision Securities Pvt. Ltd,Himalayan Brokerage Company Limited,100,278.5,27850.0,2025-09-07 12:33:27.892440
2025-09-07,38905,2025090705005675,HIDCL,Vision Securities Pvt. Ltd,Pragyan Securities (PVT) Ltd.,37,278.8,10315.6,2025-09-07 12:33:27.892465
2025-09-07,38904,2025090705005676,HIDCL,Vision Securities Pvt. Ltd,Sumeru Securities Pvt. Ltd.,20,279.0,5580.0,2025-09-07 12:33:27.892493
2025-09-07,37978,2025090705005901,HIDCL,South Asian Bulls Pvt. Ltd.,Premier Securities Company Ltd.,60,278.0,16680.0,2025-09-07 12:37:47.624221
2025-09-07,37977,2025090705005902,HIDCL,Dipshikha Dhitopatra Karobar Co. Pvt Ltd.,Premier Securities Company Ltd.,440,278.0,122320.0,2025-09-07 12:37:47.624443
2025-09-07,37517,2025090705006072,HIDCL,Dipshikha Dhitopatra Karobar Co. Pvt Ltd.,Online Securities Pvt. Ltd.,30,278.1,8343.0,2025-09-07 12:39:38.876242
2025-09-07,37466,2025090705006086,HIDCL,Dipshikha Dhitopatra Karobar Co. Pvt Ltd.,Online Securities Pvt. Ltd.,170,278.1,47277.0,2025-09-07 12:39:56.433907
2025-09-07,37465,2025090705006087,HIDCL,Dipshikha Dhitopatra Karobar Co. Pvt Ltd.,Online Securities Pvt. Ltd.,80,278.0,22240.0,2025-09-07 12:39:56.434120
2025-09-07,36999,2025090705006220,HIDCL,Vision Securities Pvt. Ltd,Naasa Securities Co. Ltd.,80,278.5,22280.0,2025-09-07 12:42:01.374899
2025-09-07,36998,2025090705006221,HIDCL,Vision Securities Pvt. Ltd,Sumeru Securities Pvt. Ltd.,20,279.0,5580.0,2025-09-07 12:42:01.375006
2025-09-07,36880,2025090705006278,HIDCL,Dipshikha Dhitopatra Karobar Co. Pvt Ltd.,Sumeru Securities Pvt. Ltd.,460,279.0,128340.0,2025-09-07 12:42:25.130920
2025-09-07,36879,2025090705006279,HIDCL,Dipshikha Dhitopatra Karobar Co. Pvt Ltd.,Aryatara Investment & Securities,140,279.0,39060.0,2025-09-07 12:42:25.131433
2025-09-07,36878,2025090705006280,HIDCL,Dipshikha Dhitopatra Karobar Co. Pvt Ltd.,Online Securities Pvt. Ltd.,21,279.0,5859.0,2025-09-07 12:42:25.131849
2025-09-07,36877,2025090705006281,HIDCL,Dipshikha Dhitopatra Karobar Co. Pvt Ltd.,Himalayan Brokerage Company Limited,130,279.0,36270.0,2025-09-07 12:42:25.132200
2025-09-07,36876,2025090705006282,HIDCL,Dipshikha Dhitopatra Karobar Co. Pvt Ltd.,Imperial Securities Company Pvt. Ltd.,350,279.0,97650.0,2025-09-07 12:42:25.132547
2025-09-07,36875,2025090705006283,HIDCL,Dipshikha Dhitopatra Karobar Co. Pvt Ltd.,Aryatara Investment & Securities,370,279.0,103230.0,2025-09-07 12:42:25.132890
2025-09-07,36874,2025090705006284,HIDCL,Dipshikha Dhitopatra Karobar Co. Pvt Ltd.,Midas Stock Broking Company Private Limited,40,279.0,11160.0,2025-09-07 12:42:25.133227
2025-09-07,36873,2025090705006285,HIDCL,Dipshikha Dhitopatra Karobar Co. Pvt Ltd.,Linch Stock Market Ltd.,120,279.0,33480.0,2025-09-07 12:42:25.133580
2025-09-07,36872,2025090705006286,HIDCL,Dipshikha Dhitopatra Karobar Co. Pvt Ltd.,SUN SECURITIES PVT LTD,2000,279.3,558600.0,2025-09-07 12:42:25.133942
2025-09-07,36871,2025090705006287,HIDCL,Dipshikha Dhitopatra Karobar Co. Pvt Ltd.,SUN SECURITIES PVT LTD,2000,279.4,558800.0,2025-09-07 12:42:25.134285
2025-09-07,36870,2025090705006288,HIDCL,Dipshikha Dhitopatra Karobar Co. Pvt Ltd.,SUN SECURITIES PVT LTD,1000,279.4,279400.0,2025-09-07 12:42:25.134653
2025-09-07,36869,2025090705006289,HIDCL,Dipshikha Dhitopatra Karobar Co. Pvt Ltd.,Dynamic Money Managers Securities Pvt. Ltd.,300,279.5,83850.0,2025-09-07 12:42:25.134991
2025-09-07,36868,2025090705006290,HIDCL,Dipshikha Dhitopatra Karobar Co. Pvt Ltd.,Dynamic Money Managers Securities Pvt. Ltd.,249,279.9,69695.1,2025-09-07 12:42:25.135336
2025-09-07,36792,2025090705006324,HIDCL,Market Securities & Exchange (PVT) Ltd.,Imperial Securities Company Pvt. Ltd.,500,279.0,139500.0,2025-09-07 12:42:45.843709
2025-09-07,36713,2025090705006348,HIDCL,Thrive Brokerage House Pvt. Ltd,Imperial Securities Company Pvt. Ltd.,140,278.2,38948.0,2025-09-07 12:43:05.058609
2025-09-07,35707,2025090705006622,HIDCL,Thrive Brokerage House Pvt. Ltd,Himalayan Brokerage Company Limited,10,279.0,2790.0,2025-09-07 12:47:03.415229
2025-09-07,35681,2025090705006626,HIDCL,Sri Hari Securities Pvt. Ltd.,Dynamic Money Managers Securities Pvt. Ltd.,36,279.9,10076.4,2025-09-07 12:47:12.413656
2025-09-07,35623,2025090705006643,HIDCL,Vision Securities Pvt. Ltd,Dynamic Money Managers Securities Pvt. Ltd.,15,279.9,4198.5,2025-09-07 12:47:17.805767
2025-09-07,35622,2025090705006644,HIDCL,Vision Securities Pvt. Ltd,Citizens Share Broker Limited,85,280.0,23800.0,2025-09-07 12:47:17.805849
2025-09-07,35419,2025090705006683,HIDCL,Cristal Kanchanjanga Securites Pvt. Ltd.,Citizens Share Broker Limited,54,280.0,15120.0,2025-09-07 12:47:55.481951
2025-09-07,35418,2025090705006684,HIDCL,Cristal Kanchanjanga Securites Pvt. Ltd.,Imperial Securities Company Pvt. Ltd.,73,280.0,20440.0,2025-09-07 12:47:55.482167
2025-09-07,35417,2025090705006685,HIDCL,Cristal Kanchanjanga Securites Pvt. Ltd.,ABC Securities Private Limited,70,280.0,19600.0,2025-09-07 12:47:55.482266
2025-09-07,35416,2025090705006686,HIDCL,Cristal Kanchanjanga Securites Pvt. Ltd.,Dynamic Money Managers Securities Pvt. Ltd.,100,280.0,28000.0,2025-09-07 12:47:55.482353
2025-09-07,35415,2025090705006687,HIDCL,Cristal Kanchanjanga Securites Pvt. Ltd.,ABC Securities Private Limited,10,280.0,2800.0,2025-09-07 12:47:55.482426
2025-09-07,35414,2025090705006688,HIDCL,Cristal Kanchanjanga Securites Pvt. Ltd.,Shree Krishna Securities Ltd.,150,280.0,42000.0,2025-09-07 12:47:55.482501
2025-09-07,35413,2025090705006689,HIDCL,Cristal Kanchanjanga Securites Pvt. Ltd.,Agrawal Securities (PVT) Ltd.,139,280.0,38920.0,2025-09-07 12:47:55.482576
2025-09-07,35412,2025090705006690,HIDCL,Cristal Kanchanjanga Securites Pvt. Ltd.,Linch Stock Market Ltd.,50,280.0,14000.0,2025-09-07 12:47:55.482678
2025-09-07,35411,2025090705006691,HIDCL,Cristal Kanchanjanga Securites Pvt. Ltd.,Online Securities Pvt. Ltd.,354,280.0,99120.0,2025-09-07 12:47:55.482832
2025-09-07,34948,2025090705006883,HIDCL,Market Securities & Exchange (PVT) Ltd.,Online Securities Pvt. Ltd.,140,280.0,39200.0,2025-09-07 12:49:31.682282
2025-09-07,34913,2025090705006900,HIDCL,Vision Securities Pvt. Ltd,Garima Securities Limited,10,280.8,2808.0,2025-09-07 12:49:40.856363
2025-09-07,34670,2025090705006993,HIDCL,Cristal Kanchanjanga Securites Pvt. Ltd.,Garima Securities Limited,500,280.8,140400.0,2025-09-07 12:50:40.831241
2025-09-07,34401,2025090705007074,HIDCL,Nabil Stock Dealer Ltd.,Garima Securities Limited,30,280.8,8424.0,2025-09-07 12:51:51.076930
2025-09-07,34370,2025090705007087,HIDCL,Cristal Kanchanjanga Securites Pvt. Ltd.,Garima Securities Limited,250,280.8,70200.0,2025-09-07 12:51:56.030970
2025-09-07,34242,2025090705007145,HIDCL,Cristal Kanchanjanga Securites Pvt. Ltd.,Garima Securities Limited,20,280.8,5616.0,2025-09-07 12:52:26.081621
2025-09-07,34105,2025090705007195,HIDCL,Cristal Kanchanjanga Securites Pvt. Ltd.,Garima Securities Limited,10,280.8,2808.0,2025-09-07 12:53:01.152977
2025-09-07,34078,2025090705007206,HIDCL,Thrive Brokerage House Pvt. Ltd,Dipshikha Dhitopatra Karobar Co. Pvt Ltd.,1000,280.0,280000.0,2025-09-07 12:53:11.988320
2025-09-07,33765,2025090705007290,HIDCL,Market Securities & Exchange (PVT) Ltd.,ABC Securities Private Limited,10,279.1,2791.0,2025-09-07 12:54:44.201729
2025-09-07,33759,2025090705007292,HIDCL,Market Securities & Exchange (PVT) Ltd.,Vision Securities Pvt. Ltd,100,279.1,27910.0,2025-09-07 12:54:47.172965
2025-09-07,33493,2025090705007361,HIDCL,Imperial Securities Company Pvt. Ltd.,Linch Stock Market Ltd.,99,280.0,27720.0,2025-09-07 12:55:48.728547
2025-09-07,33141,2025090705007478,HIDCL,Market Securities & Exchange (PVT) Ltd.,Kalika Securities Pvt. Ltd.,100,279.1,27910.0,2025-09-07 12:57:36.630595
2025-09-07,32954,2025090705007543,HIDCL,Market Securities & Exchange (PVT) Ltd.,Himalayan Brokerage Company Limited,15,279.1,4186.5,2025-09-07 12:58:35.922402
2025-09-07,32938,2025090705007551,HIDCL,Nagarik Stock Dealer ,Linch Stock Market Ltd.,200,280.0,56000.0,2025-09-07 12:58:40.562025
2025-09-07,32793,2025090705007596,HIDCL,Nepal Investment And Securities Trading Private Limited,Dynamic Money Managers Securities Pvt. Ltd.,1,277.0,277.0,2025-09-07 12:59:34.143646
2025-09-07,32548,2025090705007688,HIDCL,Siprabi Securities Pvt. Ltd.,Linch Stock Market Ltd.,401,280.0,112280.0,2025-09-07 13:00:39.866505
2025-09-07,32547,2025090705007689,HIDCL,Siprabi Securities Pvt. Ltd.,Aryatara Investment & Securities,99,280.0,27720.0,2025-09-07 13:00:39.866723
2025-09-07,32423,2025090705007719,HIDCL,Vision Securities Pvt. Ltd,Trishakti Securities Public Limited,90,280.0,25200.0,2025-09-07 13:01:09.719698
2025-09-07,32422,2025090705007720,HIDCL,Vision Securities Pvt. Ltd,Garima Securities Limited,10,280.8,2808.0,2025-09-07 13:01:09.719738
2025-09-07,32125,2025090705007830,HIDCL,Nepal Stock House (PVT) Ltd.,Imperial Securities Company Pvt. Ltd.,70,280.0,19600.0,2025-09-07 13:02:41.242036
2025-09-07,31981,2025090705007875,HIDCL,Nepal Stock House (PVT) Ltd.,Dipshikha Dhitopatra Karobar Co. Pvt Ltd.,150,280.0,42000.0,2025-09-07 13:03:24.671617
2025-09-07,31932,2025090705007890,HIDCL,Nepal Stock House (PVT) Ltd.,Naasa Securities Co. Ltd.,300,280.0,84000.0,2025-09-07 13:03:41.554000
2025-09-07,31792,2025090705007931,HIDCL,Nepal Stock House (PVT) Ltd.,Naasa Securities Co. Ltd.,200,280.0,56000.0,2025-09-07 13:04:20.081964
2025-09-07,31587,2025090705008018,HIDCL,Nepal Stock House (PVT) Ltd.,Investment Management Nepal Pvt. Ltd.,174,280.0,48720.0,2025-09-07 13:05:07.509945
2025-09-07,31569,2025090705008026,HIDCL,Nepal Stock House (PVT) Ltd.,Sani Securities Company Ltd.,606,280.0,169680.0,2025-09-07 13:05:12.680070
2025-09-07,31228,2025090705008164,HIDCL,Market Securities & Exchange (PVT) Ltd.,Blue Chip Securities Ltd,275,279.1,76752.5,2025-09-07 13:06:36.532405
2025-09-07,31227,2025090705008165,HIDCL,Thrive Brokerage House Pvt. Ltd,Blue Chip Securities Ltd,650,279.0,181350.0,2025-09-07 13:06:36.532624
2025-09-07,31226,2025090705008166,HIDCL,Malla & Malla Stock Broking Company Pvt. Limited,Blue Chip Securities Ltd,143,279.0,39897.0,2025-09-07 13:06:36.532697
2025-09-07,31225,2025090705008167,HIDCL,Kumari Securities Private Limited,Blue Chip Securities Ltd,25,279.0,6975.0,2025-09-07 13:06:36.532776
2025-09-07,31224,2025090705008168,HIDCL,Sani Securities Company Ltd.,Blue Chip Securities Ltd,500,279.0,139500.0,2025-09-07 13:06:36.532851
2025-09-07,31223,2025090705008169,HIDCL,Aryatara Investment & Securities,Blue Chip Securities Ltd,4366,279.0,1218114.0,2025-09-07 13:06:36.532926
2025-09-07,30927,2025090705008242,HIDCL,Vision Securities Pvt. Ltd,Vision Securities Pvt. Ltd,10,278.2,2782.0,2025-09-07 13:07:54.131453
2025-09-07,30620,2025090705008331,HIDCL,Vision Securities Pvt. Ltd,K.B.L. Securities Limited ,40,278.2,11128.0,2025-09-07 13:09:09.846682
2025-09-07,30619,2025090705008332,HIDCL,Primo Securities (PVT) Ltd.,K.B.L. Securities Limited ,960,278.1,266976.0,2025-09-07 13:09:09.846915
2025-09-07,30088,2025090705008497,HIDCL,Primo Securities (PVT) Ltd.,Bhrikuti Stock Broking Co. Pvt. Ltd.,40,278.1,11124.0,2025-09-07 13:11:27.535851
2025-09-07,30087,2025090705008498,HIDCL,Naasa Securities Co. Ltd.,Bhrikuti Stock Broking Co. Pvt. Ltd.,250,278.1,69525.0,2025-09-07 13:11:27.536190
2025-09-07,30086,2025090705008499,HIDCL,Naasa Securities Co. Ltd.,Bhrikuti Stock Broking Co. Pvt. Ltd.,20,278.0,5560.0,2025-09-07 13:11:27.536431
2025-09-07,30085,2025090705008500,HIDCL,Kumari Securities Private Limited,Bhrikuti Stock Broking Co. Pvt. Ltd.,500,278.0,139000.0,2025-09-07 13:11:27.536670
2025-09-07,29824,2025090705008587,HIDCL,Sajilo Broker Limited,Vision Securities Pvt. Ltd,10,277.5,2775.0,2025-09-07 13:12:35.568409
2025-09-07,29822,2025090705008588,HIDCL,Sajilo Broker Limited,Imperial Securities Company Pvt. Ltd.,30,277.5,8325.0,2025-09-07 13:12:35.866609
2025-09-07,29821,2025090705008589,HIDCL,Linch Stock Market Ltd.,Imperial Securities Company Pvt. Ltd.,110,277.5,30525.0,2025-09-07 13:12:35.866814
2025-09-07,29820,2025090705008590,HIDCL,Naasa Securities Co. Ltd.,Imperial Securities Company Pvt. Ltd.,120,277.3,33276.0,2025-09-07 13:12:35.866898
2025-09-07,29819,2025090705008591,HIDCL,Kumari Securities Private Limited,Imperial Securities Company Pvt. Ltd.,640,277.1,177344.0,2025-09-07 13:12:35.866974
2025-09-07,29818,2025090705008592,HIDCL,MILKY WAY SHARE BROKER COMPANY LTD ,Imperial Securities Company Pvt. Ltd.,100,277.0,27700.0,2025-09-07 13:12:35.867049
2025-09-07,29530,2025090705008661,HIDCL,Secured Securities Ltd.,Sani Securities Company Ltd.,11,278.0,3058.0,2025-09-07 13:13:57.923831
2025-09-07,28469,2025090705008972,HIDCL,Siprabi Securities Pvt. Ltd.,Imperial Securities Company Pvt. Ltd.,50,277.1,13855.0,2025-09-07 13:18:35.349914
2025-09-07,28357,2025090705009008,HIDCL,MILKY WAY SHARE BROKER COMPANY LTD ,Imperial Securities Company Pvt. Ltd.,89,277.0,24653.0,2025-09-07 13:19:00.519206
2025-09-07,27883,2025090705009175,HIDCL,Sani Securities Company Ltd.,Vision Securities Pvt. Ltd,185,277.1,51263.5,2025-09-07 13:21:00.575391
2025-09-07,27882,2025090705009176,HIDCL,MILKY WAY SHARE BROKER COMPANY LTD ,Vision Securities Pvt. Ltd,231,277.0,63987.0,2025-09-07 13:21:00.575794
2025-09-07,27881,2025090705009177,HIDCL,Aryatara Investment & Securities,Vision Securities Pvt. Ltd,200,277.0,55400.0,2025-09-07 13:21:00.576042
2025-09-07,27880,2025090705009178,HIDCL,Naasa Securities Co. Ltd.,Vision Securities Pvt. Ltd,200,277.0,55400.0,2025-09-07 13:21:00.576264
2025-09-07,27879,2025090705009179,HIDCL,Malla & Malla Stock Broking Company Pvt. Limited,Vision Securities Pvt. Ltd,100,277.0,27700.0,2025-09-07 13:21:00.576532
2025-09-07,27800,2025090705009204,HIDCL,Online Securities Pvt. Ltd.,Vision Securities Pvt. Ltd,35,277.0,9695.0,2025-09-07 13:21:27.881151
2025-09-07,27740,2025090705009218,HIDCL,Aryatara Investment & Securities,Vision Securities Pvt. Ltd,1316,277.0,364532.0,2025-09-07 13:21:46.439895
2025-09-07,27348,2025090705009316,HIDCL,Nepal Stock House (PVT) Ltd.,Secured Securities Ltd.,20,277.0,5540.0,2025-09-07 13:23:45.015866
2025-09-07,27292,2025090705009333,HIDCL,Vision Securities Pvt. Ltd,Premier Securities Company Ltd.,2000,277.5,555000.0,2025-09-07 13:24:04.237137
2025-09-07,27167,2025090705009375,HIDCL,Dipshikha Dhitopatra Karobar Co. Pvt Ltd.,Sumeru Securities Pvt. Ltd.,100,278.0,27800.0,2025-09-07 13:24:43.316097
2025-09-07,27134,2025090705009377,HIDCL,Deevyaa Securities & Stock House Pvt. Ltd,Aryatara Investment & Securities,50,278.0,13900.0,2025-09-07 13:24:52.550119
2025-09-07,27133,2025090705009378,HIDCL,Nepal Stock House (PVT) Ltd.,Aryatara Investment & Securities,20,277.6,5552.0,2025-09-07 13:24:52.550339
2025-09-07,25484,2025090705009881,HIDCL,Nepal Stock House (PVT) Ltd.,Nepal Stock House (PVT) Ltd.,10,277.3,2773.0,2025-09-07 13:33:59.238596
2025-09-07,24834,2025090705010082,HIDCL,Nepal Stock House (PVT) Ltd.,Creative Securities Pvt Ltd,72,277.3,19965.6,2025-09-07 13:37:28.787056
2025-09-07,24602,2025090705010149,HIDCL,Nepal Stock House (PVT) Ltd.,Dipshikha Dhitopatra Karobar Co. Pvt Ltd.,500,277.3,138650.0,2025-09-07 13:38:56.482361
2025-09-07,24592,2025090705010155,HIDCL,Nepal Stock House (PVT) Ltd.,Siprabi Securities Pvt. Ltd.,378,277.3,104819.4,2025-09-07 13:39:00.375133
2025-09-07,24591,2025090705010156,HIDCL,Capital Max Securities Ltd,Siprabi Securities Pvt. Ltd.,389,277.2,107830.8,2025-09-07 13:39:00.375572
2025-09-07,24590,2025090705010157,HIDCL,Naasa Securities Co. Ltd.,Siprabi Securities Pvt. Ltd.,223,277.1,61793.3,2025-09-07 13:39:00.375846
2025-09-07,24589,2025090705010158,HIDCL,Dipshikha Dhitopatra Karobar Co. Pvt Ltd.,Siprabi Securities Pvt. Ltd.,100,277.0,27700.0,2025-09-07 13:39:00.376138
2025-09-07,24588,2025090705010159,HIDCL,Naasa Securities Co. Ltd.,Siprabi Securities Pvt. Ltd.,250,277.0,69250.0,2025-09-07 13:39:00.376531
2025-09-07,24439,2025090705010287,HIDCL,Capital Max Securities Ltd,Siprabi Securities Pvt. Ltd.,460,277.0,127420.0,2025-09-07 13:39:18.986019
2025-09-07,24415,2025090705010302,HIDCL,Capital Max Securities Ltd,Siprabi Securities Pvt. Ltd.,40,277.0,11080.0,2025-09-07 13:39:25.448615
2025-09-07,24414,2025090705010303,HIDCL,Vision Securities Pvt. Ltd,Siprabi Securities Pvt. Ltd.,260,277.0,72020.0,2025-09-07 13:39:25.449018
2025-09-07,24162,2025090705010382,HIDCL,Vision Securities Pvt. Ltd,Midas Stock Broking Company Private Limited,226,277.0,62602.0,2025-09-07 13:41:10.335767
2025-09-07,24119,2025090705010397,HIDCL,Vision Securities Pvt. Ltd,Bhrikuti Stock Broking Co. Pvt. Ltd.,14,277.9,3890.6,2025-09-07 13:41:22.871996
2025-09-07,23833,2025090705010475,HIDCL,Naasa Securities Co. Ltd.,ABC Securities Private Limited,5,273.0,1365.0,2025-09-07 13:43:00.313667
2025-09-07,23666,2025090705010516,HIDCL,Oxford Securities Pvt. Ltd.,Premier Securities Company Ltd.,333,276.8,92174.4,2025-09-07 13:43:57.946933
2025-09-07,23665,2025090705010517,HIDCL,Neev Securities Pvt. Ltd.,Premier Securities Company Ltd.,360,276.5,99540.0,2025-09-07 13:43:57.947373
2025-09-07,23664,2025090705010518,HIDCL,Capital Max Securities Ltd,Premier Securities Company Ltd.,407,276.2,112413.4,2025-09-07 13:43:57.947632
2025-09-07,23371,2025090705010601,HIDCL,Naasa Securities Co. Ltd.,Online Securities Pvt. Ltd.,2,271.4,542.8,2025-09-07 13:45:34.793989
2025-09-07,23076,2025090705010673,HIDCL,Capital Max Securities Ltd,Dakshinkali Investment & Securities Pvt. Ltd.,69,276.2,19057.8,2025-09-07 13:47:24.961673
2025-09-07,23032,2025090705010682,HIDCL,Capital Max Securities Ltd,Dipshikha Dhitopatra Karobar Co. Pvt Ltd.,24,276.2,6628.8,2025-09-07 13:47:37.469892
2025-09-07,23031,2025090705010683,HIDCL,Hatemalo Financial Services Private Limited,Dipshikha Dhitopatra Karobar Co. Pvt Ltd.,100,276.1,27610.0,2025-09-07 13:47:37.470174
2025-09-07,23030,2025090705010684,HIDCL,Dipshikha Dhitopatra Karobar Co. Pvt Ltd.,Dipshikha Dhitopatra Karobar Co. Pvt Ltd.,360,276.0,99360.0,2025-09-07 13:47:37.470296
2025-09-07,23029,2025090705010685,HIDCL,Bhrikuti Stock Broking Co. Pvt. Ltd.,Dipshikha Dhitopatra Karobar Co. Pvt Ltd.,16,276.0,4416.0,2025-09-07 13:47:37.470396
2025-09-07,22805,2025090705010739,HIDCL,Bhrikuti Stock Broking Co. Pvt. Ltd.,Dipshikha Dhitopatra Karobar Co. Pvt Ltd.,134,276.0,36984.0,2025-09-07 13:48:52.675206
2025-09-07,22804,2025090705010740,HIDCL,Vision Securities Pvt. Ltd,Dipshikha Dhitopatra Karobar Co. Pvt Ltd.,100,276.0,27600.0,2025-09-07 13:48:52.675476
2025-09-07,22803,2025090705010741,HIDCL,Naasa Securities Co. Ltd.,Dipshikha Dhitopatra Karobar Co. Pvt Ltd.,10,276.0,2760.0,2025-09-07 13:48:52.675566
2025-09-07,22802,2025090705010742,HIDCL,Naasa Securities Co. Ltd.,Dipshikha Dhitopatra Karobar Co. Pvt Ltd.,33,276.0,9108.0,2025-09-07 13:48:52.675648
2025-09-07,22801,2025090705010743,HIDCL,Sri Hari Securities Pvt. Ltd.,Dipshikha Dhitopatra Karobar Co. Pvt Ltd.,16,276.0,4416.0,2025-09-07 13:48:52.675730
2025-09-07,22800,2025090705010744,HIDCL,Neev Securities Pvt. Ltd.,Dipshikha Dhitopatra Karobar Co. Pvt Ltd.,207,276.0,57132.0,2025-09-07 13:48:52.675807
2025-09-07,22603,2025090705010801,HIDCL,Neev Securities Pvt. Ltd.,Secured Securities Ltd.,93,276.0,25668.0,2025-09-07 13:49:57.620605
2025-09-07,22602,2025090705010802,HIDCL,Cristal Kanchanjanga Securites Pvt. Ltd.,Secured Securities Ltd.,100,276.0,27600.0,2025-09-07 13:49:57.621057
2025-09-07,22601,2025090705010803,HIDCL,Nepal Stock House (PVT) Ltd.,Secured Securities Ltd.,50,276.0,13800.0,2025-09-07 13:49:57.621306
2025-09-07,22600,2025090705010804,HIDCL,Online Securities Pvt. Ltd.,Secured Securities Ltd.,60,276.0,16560.0,2025-09-07 13:49:57.621562
2025-09-07,22599,2025090705010805,HIDCL,Agrawal Securities (PVT) Ltd.,Secured Securities Ltd.,447,276.0,123372.0,2025-09-07 13:49:57.621790
2025-09-07,22520,2025090705010829,HIDCL,Agrawal Securities (PVT) Ltd.,Vision Securities Pvt. Ltd,53,276.0,14628.0,2025-09-07 13:50:25.066187
2025-09-07,22519,2025090705010830,HIDCL,Sani Securities Company Ltd.,Vision Securities Pvt. Ltd,150,275.6,41340.0,2025-09-07 13:50:25.066307
2025-09-07,22518,2025090705010831,HIDCL,Sweta Securities Private Limited,Vision Securities Pvt. Ltd,50,275.5,13775.0,2025-09-07 13:50:25.066391
2025-09-07,22517,2025090705010832,HIDCL,Dynamic Money Managers Securities Pvt. Ltd.,Vision Securities Pvt. Ltd,27,275.3,7433.1,2025-09-07 13:50:25.066462
2025-09-07,21789,2025090705011031,HIDCL,Siprabi Securities Pvt. Ltd.,Trisul Securities & Invt. Ltd.,112,275.5,30856.0,2025-09-07 13:53:37.099132
2025-09-07,20552,2025090705011330,HIDCL,Arun Securities (PVT) Ltd.,Vision Securities Pvt. Ltd,10,276.9,2769.0,2025-09-07 13:59:51.199367
2025-09-07,19614,2025090705011632,HIDCL,Bhrikuti Stock Broking Co. Pvt. Ltd.,Himalayan Brokerage Company Limited,91,275.6,25079.6,2025-09-07 14:04:39.461741
2025-09-07,19533,2025090705011662,HIDCL,Bhrikuti Stock Broking Co. Pvt. Ltd.,Himalayan Brokerage Company Limited,10,275.6,2756.0,2025-09-07 14:04:51.085966
2025-09-07,18941,2025090705011813,HIDCL,Siprabi Securities Pvt. Ltd.,Imperial Securities Company Pvt. Ltd.,19,275.7,5238.3,2025-09-07 14:07:51.879966
2025-09-07,18821,2025090705011845,HIDCL,Siprabi Securities Pvt. Ltd.,Naasa Securities Co. Ltd.,369,275.7,101733.3,2025-09-07 14:08:43.647588
2025-09-07,18701,2025090705011876,HIDCL,Bhrikuti Stock Broking Co. Pvt. Ltd.,Naasa Securities Co. Ltd.,99,275.6,27284.4,2025-09-07 14:09:16.497305
2025-09-07,18700,2025090705011877,HIDCL,Capital Max Securities Ltd,Naasa Securities Co. Ltd.,382,275.6,105279.2,2025-09-07 14:09:16.497771
2025-09-07,18564,2025090705011920,HIDCL,Capital Max Securities Ltd,Siprabi Securities Pvt. Ltd.,13,275.6,3582.8,2025-09-07 14:09:57.356299
2025-09-07,18507,2025090705011929,HIDCL,Dipshikha Dhitopatra Karobar Co. Pvt Ltd.,S.P.S.A. Securities Limited,10,276.9,2769.0,2025-09-07 14:10:10.461713
2025-09-07,18054,2025090705012053,HIDCL,Naasa Securities Co. Ltd.,Creative Securities Pvt Ltd,1,272.0,272.0,2025-09-07 14:12:18.979245
2025-09-07,17932,2025090705012092,HIDCL,Sundhara Securities Limited,Nepal Stock House (PVT) Ltd.,140,276.0,38640.0,2025-09-07 14:12:56.660307
2025-09-07,17805,2025090705012123,HIDCL,Sundhara Securities Limited,Trishakti Securities Public Limited,14,276.0,3864.0,2025-09-07 14:13:31.883639
2025-09-07,17743,2025090705012158,HIDCL,Sri Hari Securities Pvt. Ltd.,S.P.S.A. Securities Limited,130,276.9,35997.0,2025-09-07 14:13:48.656505
2025-09-07,17742,2025090705012159,HIDCL,Sri Hari Securities Pvt. Ltd.,Siprabi Securities Pvt. Ltd.,65,276.9,17998.5,2025-09-07 14:13:48.656926
2025-09-07,17741,2025090705012160,HIDCL,Sri Hari Securities Pvt. Ltd.,Aryatara Investment & Securities,360,277.0,99720.0,2025-09-07 14:13:48.657198
2025-09-07,17740,2025090705012161,HIDCL,Sri Hari Securities Pvt. Ltd.,Siprabi Securities Pvt. Ltd.,56,277.0,15512.0,2025-09-07 14:13:48.657493
2025-09-07,17739,2025090705012162,HIDCL,Sri Hari Securities Pvt. Ltd.,Sani Securities Company Ltd.,315,277.0,87255.0,2025-09-07 14:13:48.657752
2025-09-07,17738,2025090705012163,HIDCL,Sri Hari Securities Pvt. Ltd.,Premier Securities Company Ltd.,74,277.0,20498.0,2025-09-07 14:13:48.658006
2025-09-07,17614,2025090705012188,HIDCL,Sundhara Securities Limited,J.F. Securites (PVT) Ltd.,46,276.0,12696.0,2025-09-07 14:14:15.776066
2025-09-07,17307,2025090705012278,HIDCL,Siprabi Securities Pvt. Ltd.,SUN SECURITIES PVT LTD,500,275.7,137850.0,2025-09-07 14:15:45.375163
2025-09-07,17306,2025090705012279,HIDCL,Capital Max Securities Ltd,SUN SECURITIES PVT LTD,605,275.6,166738.0,2025-09-07 14:15:45.375404
2025-09-07,17305,2025090705012280,HIDCL,Dynamic Money Managers Securities Pvt. Ltd.,SUN SECURITIES PVT LTD,895,275.6,246662.0,2025-09-07 14:15:45.375496
2025-09-07,17067,2025090705012368,HIDCL,Imperial Securities Company Pvt. Ltd.,J.F. Securites (PVT) Ltd.,11,276.0,3036.0,2025-09-07 14:16:42.034876
2025-09-07,16710,2025090705012480,HIDCL,Dynamic Money Managers Securities Pvt. Ltd.,Trishakti Securities Public Limited,45,275.6,12402.0,2025-09-07 14:17:57.562320
2025-09-07,16707,2025090705012482,HIDCL,Dynamic Money Managers Securities Pvt. Ltd.,ABC Securities Private Limited,24,275.6,6614.4,2025-09-07 14:17:57.954541
2025-09-07,16289,2025090705012602,HIDCL,Dynamic Money Managers Securities Pvt. Ltd.,J.F. Securites (PVT) Ltd.,36,275.6,9921.6,2025-09-07 14:19:21.494706
2025-09-07,16288,2025090705012603,HIDCL,Imperial Securities Company Pvt. Ltd.,J.F. Securites (PVT) Ltd.,407,275.5,112128.5,2025-09-07 14:19:21.494991
2025-09-07,16059,2025090705012663,HIDCL,Imperial Securities Company Pvt. Ltd.,Vision Securities Pvt. Ltd,74,275.5,20387.0,2025-09-07 14:20:21.983026
2025-09-07,16013,2025090705012684,HIDCL,Imperial Securities Company Pvt. Ltd.,Bhrikuti Stock Broking Co. Pvt. Ltd.,19,275.5,5234.5,2025-09-07 14:20:32.679003
2025-09-07,16012,2025090705012685,HIDCL,Aryatara Investment & Securities,Bhrikuti Stock Broking Co. Pvt. Ltd.,1000,275.5,275500.0,2025-09-07 14:20:32.679270
2025-09-07,16011,2025090705012686,HIDCL,South Asian Bulls Pvt. Ltd.,Bhrikuti Stock Broking Co. Pvt. Ltd.,260,275.5,71630.0,2025-09-07 14:20:32.679373
2025-09-07,16010,2025090705012687,HIDCL,N.I.M.B. Stock Markets Limited,Bhrikuti Stock Broking Co. Pvt. Ltd.,25,275.5,6887.5,2025-09-07 14:20:32.679463
2025-09-07,15776,2025090705012732,HIDCL,Sundhara Securities Limited,Bhrikuti Stock Broking Co. Pvt. Ltd.,100,275.5,27550.0,2025-09-07 14:21:30.398042
2025-09-07,15628,2025090705012782,HIDCL,Roadshow securities limited,Sani Securities Company Ltd.,12,275.2,3302.4,2025-09-07 14:22:03.305499
2025-09-07,15619,2025090705012783,HIDCL,Roadshow securities limited,SUN SECURITIES PVT LTD,488,275.2,134297.6,2025-09-07 14:22:05.922802
2025-09-07,15618,2025090705012784,HIDCL,Siprabi Securities Pvt. Ltd.,SUN SECURITIES PVT LTD,50,275.1,13755.0,2025-09-07 14:22:05.923244
2025-09-07,15617,2025090705012785,HIDCL,Dipshikha Dhitopatra Karobar Co. Pvt Ltd.,SUN SECURITIES PVT LTD,20,275.1,5502.0,2025-09-07 14:22:05.923527
2025-09-07,15616,2025090705012786,HIDCL,Kohinoor Investment & Securities Pvt. Ltd.,SUN SECURITIES PVT LTD,1000,275.1,275100.0,2025-09-07 14:22:05.923785
2025-09-07,15615,2025090705012787,HIDCL,Imperial Securities Company Pvt. Ltd.,SUN SECURITIES PVT LTD,250,275.1,68775.0,2025-09-07 14:22:05.924023
2025-09-07,15282,2025090705012869,HIDCL,Dipshikha Dhitopatra Karobar Co. Pvt Ltd.,Deevyaa Securities & Stock House Pvt. Ltd,25,275.0,6875.0,2025-09-07 14:23:32.170354
2025-09-07,15281,2025090705012870,HIDCL,Midas Stock Broking Company Private Limited,Deevyaa Securities & Stock House Pvt. Ltd,115,275.0,31625.0,2025-09-07 14:23:32.170520
2025-09-07,15278,2025090705012871,HIDCL,MILKY WAY SHARE BROKER COMPANY LTD ,Bhrikuti Stock Broking Co. Pvt. Ltd.,1000,275.3,275300.0,2025-09-07 14:23:33.227636
2025-09-07,15067,2025090705012918,HIDCL,Online Securities Pvt. Ltd.,SUN SECURITIES PVT LTD,400,275.4,110160.0,2025-09-07 14:24:23.006522
2025-09-07,14978,2025090705012959,HIDCL,Midas Stock Broking Company Private Limited,Premier Securities Company Ltd.,85,275.0,23375.0,2025-09-07 14:24:42.626085
2025-09-07,14977,2025090705012960,HIDCL,Aryatara Investment & Securities,Premier Securities Company Ltd.,300,275.0,82500.0,2025-09-07 14:24:42.626365
2025-09-07,14976,2025090705012961,HIDCL,Thrive Brokerage House Pvt. Ltd,Premier Securities Company Ltd.,41,275.0,11275.0,2025-09-07 14:24:42.626455
2025-09-07,14787,2025090705013017,HIDCL,Thrive Brokerage House Pvt. Ltd,Midas Stock Broking Company Private Limited,139,275.0,38225.0,2025-09-07 14:25:25.631771
2025-09-07,14786,2025090705013018,HIDCL,Thrive Brokerage House Pvt. Ltd,N.I.M.B. Stock Markets Limited,320,275.0,88000.0,2025-09-07 14:25:25.692257
2025-09-07,14785,2025090705013019,HIDCL,Malla & Malla Stock Broking Company Pvt. Limited,N.I.M.B. Stock Markets Limited,100,275.0,27500.0,2025-09-07 14:25:25.692472
2025-09-07,14784,2025090705013020,HIDCL,Sumeru Securities Pvt. Ltd.,N.I.M.B. Stock Markets Limited,500,275.0,137500.0,2025-09-07 14:25:25.692563
2025-09-07,14783,2025090705013021,HIDCL,Sri Hari Securities Pvt. Ltd.,N.I.M.B. Stock Markets Limited,200,275.0,55000.0,2025-09-07 14:25:25.692646
2025-09-07,14782,2025090705013022,HIDCL,Bhrikuti Stock Broking Co. Pvt. Ltd.,N.I.M.B. Stock Markets Limited,412,275.0,113300.0,2025-09-07 14:25:25.692727
2025-09-07,14748,2025090705013031,HIDCL,Bhrikuti Stock Broking Co. Pvt. Ltd.,Nepal Stock House (PVT) Ltd.,300,275.0,82500.0,2025-09-07 14:25:31.931207
2025-09-07,14730,2025090705013039,HIDCL,Bhrikuti Stock Broking Co. Pvt. Ltd.,Naasa Securities Co. Ltd.,100,275.0,27500.0,2025-09-07 14:25:37.479162
2025-09-07,14559,2025090705013101,HIDCL,Bhrikuti Stock Broking Co. Pvt. Ltd.,Nepal Stock House (PVT) Ltd.,188,275.0,51700.0,2025-09-07 14:26:17.881332
2025-09-07,14558,2025090705013102,HIDCL,Sani Securities Company Ltd.,Nepal Stock House (PVT) Ltd.,500,275.0,137500.0,2025-09-07 14:26:17.881772
2025-09-07,14557,2025090705013103,HIDCL,Thrive Brokerage House Pvt. Ltd,Nepal Stock House (PVT) Ltd.,100,275.0,27500.0,2025-09-07 14:26:17.882032
2025-09-07,14556,2025090705013104,HIDCL,Secured Securities Ltd.,Nepal Stock House (PVT) Ltd.,130,275.0,35750.0,2025-09-07 14:26:17.882288
2025-09-07,14555,2025090705013105,HIDCL,ABC Securities Private Limited,Nepal Stock House (PVT) Ltd.,1082,275.0,297550.0,2025-09-07 14:26:17.882564
2025-09-07,14434,2025090705013134,HIDCL,Dipshikha Dhitopatra Karobar Co. Pvt Ltd.,ABC Securities Private Limited,10,275.1,2751.0,2025-09-07 14:26:44.362698
2025-09-07,14433,2025090705013135,HIDCL,ABC Securities Private Limited,ABC Securities Private Limited,990,275.0,272250.0,2025-09-07 14:26:44.362943
2025-09-07,14165,2025090705013196,HIDCL,Online Securities Pvt. Ltd.,Sajilo Broker Limited,100,275.3,27530.0,2025-09-07 14:27:37.368592
2025-09-07,14078,2025090705013249,HIDCL,ABC Securities Private Limited,Sri Hari Securities Pvt. Ltd.,500,275.0,137500.0,2025-09-07 14:27:47.369458
2025-09-07,13993,2025090705013281,HIDCL,APPLE SECURITIES PRIVATE LIMITED,SUN SECURITIES PVT LTD,500,275.4,137700.0,2025-09-07 14:28:04.256511
2025-09-07,13889,2025090705013319,HIDCL,ABC Securities Private Limited,Naasa Securities Co. Ltd.,540,275.0,148500.0,2025-09-07 14:28:32.235988
2025-09-07,13744,2025090705013362,HIDCL,ABC Securities Private Limited,Oxford Securities Pvt. Ltd.,75,275.0,20625.0,2025-09-07 14:29:04.695207
2025-09-07,13656,2025090705013379,HIDCL,Aryatara Investment & Securities,SUN SECURITIES PVT LTD,292,275.4,80416.8,2025-09-07 14:29:18.538470
2025-09-07,13494,2025090705013415,HIDCL,Aryatara Investment & Securities,K.B.L. Securities Limited ,208,275.4,57283.2,2025-09-07 14:29:48.929308
2025-09-07,12975,2025090705013554,HIDCL,Imperial Securities Company Pvt. Ltd.,Vision Securities Pvt. Ltd,10,275.1,2751.0,2025-09-07 14:31:22.988568
2025-09-07,12974,2025090705013555,HIDCL,Primo Securities (PVT) Ltd.,Vision Securities Pvt. Ltd,10,275.0,2750.0,2025-09-07 14:31:22.988684
2025-09-07,12973,2025090705013556,HIDCL,Primo Securities (PVT) Ltd.,Nepal Stock House (PVT) Ltd.,990,275.0,272250.0,2025-09-07 14:31:23.076409
2025-09-07,12972,2025090705013557,HIDCL,Opal Securities Investment (PVT) Ltd.,Nepal Stock House (PVT) Ltd.,360,275.0,99000.0,2025-09-07 14:31:23.076848
2025-09-07,12971,2025090705013558,HIDCL,Nepal Stock House (PVT) Ltd.,Nepal Stock House (PVT) Ltd.,100,275.0,27500.0,2025-09-07 14:31:23.077101
2025-09-07,12970,2025090705013559,HIDCL,Investment Management Nepal Pvt. Ltd.,Nepal Stock House (PVT) Ltd.,1000,275.0,275000.0,2025-09-07 14:31:23.077375
2025-09-07,12969,2025090705013560,HIDCL,Nepal Stock House (PVT) Ltd.,Nepal Stock House (PVT) Ltd.,50,275.0,13750.0,2025-09-07 14:31:23.077637
2025-09-07,12968,2025090705013561,HIDCL,Roadshow securities limited,Nepal Stock House (PVT) Ltd.,5000,275.0,1375000.0,2025-09-07 14:31:23.077894
2025-09-07,12967,2025090705013562,HIDCL,Nepal Stock House (PVT) Ltd.,Nepal Stock House (PVT) Ltd.,50,275.0,13750.0,2025-09-07 14:31:23.078161
2025-09-07,12966,2025090705013563,HIDCL,Vision Securities Pvt. Ltd,Nepal Stock House (PVT) Ltd.,100,275.0,27500.0,2025-09-07 14:31:23.078411
2025-09-07,12965,2025090705013564,HIDCL,Aryatara Investment & Securities,Nepal Stock House (PVT) Ltd.,200,275.0,55000.0,2025-09-07 14:31:23.078662
2025-09-07,12964,2025090705013565,HIDCL,Aryatara Investment & Securities,Nepal Stock House (PVT) Ltd.,1000,275.0,275000.0,2025-09-07 14:31:23.078896
2025-09-07,12963,2025090705013566,HIDCL,Dipshikha Dhitopatra Karobar Co. Pvt Ltd.,Nepal Stock House (PVT) Ltd.,500,275.0,137500.0,2025-09-07 14:31:23.079129
2025-09-07,12962,2025090705013567,HIDCL,Aryatara Investment & Securities,Nepal Stock House (PVT) Ltd.,300,275.0,82500.0,2025-09-07 14:31:23.079382
2025-09-07,12961,2025090705013568,HIDCL,Trisul Securities & Invt. Ltd.,Nepal Stock House (PVT) Ltd.,358,275.0,98450.0,2025-09-07 14:31:23.079613
2025-09-07,12854,2025090705013587,HIDCL,Trisul Securities & Invt. Ltd.,Sewa Securities Pvt. Ltd.,52,275.0,14300.0,2025-09-07 14:31:40.425781
2025-09-07,12813,2025090705013604,HIDCL,Roadshow securities limited,K.B.L. Securities Limited ,292,275.4,80416.8,2025-09-07 14:31:49.304125
2025-09-07,12812,2025090705013605,HIDCL,Roadshow securities limited,Sani Securities Company Ltd.,2477,276.0,683652.0,2025-09-07 14:31:49.304178
2025-09-07,12811,2025090705013606,HIDCL,Roadshow securities limited,Premier Securities Company Ltd.,675,276.0,186300.0,2025-09-07 14:31:49.304200
2025-09-07,12810,2025090705013607,HIDCL,Roadshow securities limited,Sani Securities Company Ltd.,756,276.0,208656.0,2025-09-07 14:31:49.304221
2025-09-07,12230,2025090705013752,HIDCL,Agrawal Securities (PVT) Ltd.,Secured Securities Ltd.,60,275.1,16506.0,2025-09-07 14:33:41.916166
2025-09-07,12229,2025090705013753,HIDCL,Trisul Securities & Invt. Ltd.,Secured Securities Ltd.,90,275.0,24750.0,2025-09-07 14:33:41.916657
2025-09-07,12228,2025090705013754,HIDCL,Imperial Securities Company Pvt. Ltd.,Secured Securities Ltd.,1100,275.0,302500.0,2025-09-07 14:33:41.916984
2025-09-07,12121,2025090705013778,HIDCL,Nabil Stock Dealer Ltd.,Vision Securities Pvt. Ltd,15,275.0,4125.0,2025-09-07 14:34:03.706709
2025-09-07,12120,2025090705013779,HIDCL,Capital Max Securities Ltd,Vision Securities Pvt. Ltd,50,275.0,13750.0,2025-09-07 14:34:03.706802
2025-09-07,12119,2025090705013780,HIDCL,Dynamic Money Managers Securities Pvt. Ltd.,Vision Securities Pvt. Ltd,35,274.2,9597.0,2025-09-07 14:34:03.706830
2025-09-07,12006,2025090705013816,HIDCL,Nepal Stock House (PVT) Ltd.,Vision Securities Pvt. Ltd,50,275.1,13755.0,2025-09-07 14:34:28.797544
2025-09-07,11489,2025090705013933,HIDCL,Capital Max Securities Ltd,Vision Securities Pvt. Ltd,50,275.0,13750.0,2025-09-07 14:36:11.698727
2025-09-07,11488,2025090705013934,HIDCL,Dynamic Money Managers Securities Pvt. Ltd.,Vision Securities Pvt. Ltd,10,274.2,2742.0,2025-09-07 14:36:11.698821
2025-09-07,10899,2025090705014077,HIDCL,Sipla Securities Private Limited,Cristal Kanchanjanga Securites Pvt. Ltd.,100,274.3,27430.0,2025-09-07 14:38:17.776168
2025-09-07,10898,2025090705014078,HIDCL,Dynamic Money Managers Securities Pvt. Ltd.,Cristal Kanchanjanga Securites Pvt. Ltd.,955,274.2,261861.0,2025-09-07 14:38:17.776436
2025-09-07,10897,2025090705014079,HIDCL,Capital Max Securities Ltd,Cristal Kanchanjanga Securites Pvt. Ltd.,751,274.1,205849.1,2025-09-07 14:38:17.776521
2025-09-07,10874,2025090705014088,HIDCL,Naasa Securities Co. Ltd.,Capital Max Securities Ltd,30,275.0,8250.0,2025-09-07 14:38:22.140033
2025-09-07,10402,2025090705014189,HIDCL,Capital Max Securities Ltd,Capital Max Securities Ltd,370,274.1,101417.0,2025-09-07 14:40:06.612916
2025-09-07,10044,2025090705014263,HIDCL,Capital Max Securities Ltd,Shree Krishna Securities Ltd.,26,274.1,7126.6,2025-09-07 14:41:08.211257
2025-09-07,9345,2025090705014524,HIDCL,Capital Max Securities Ltd,South Asian Bulls Pvt. Ltd.,210,274.3,57603.0,2025-09-07 14:43:12.450370
2025-09-07,9035,2025090705014594,HIDCL,Capital Max Securities Ltd,Imperial Securities Company Pvt. Ltd.,200,274.3,54860.0,2025-09-07 14:44:07.845347
2025-09-07,8989,2025090705014611,HIDCL,Capital Max Securities Ltd,Naasa Securities Co. Ltd.,135,274.3,37030.5,2025-09-07 14:44:10.472827
2025-09-07,8873,2025090705014635,HIDCL,Vision Securities Pvt. Ltd,Nagarik Stock Dealer ,10,275.0,2750.0,2025-09-07 14:44:29.335429
2025-09-07,8872,2025090705014636,HIDCL,Vision Securities Pvt. Ltd,Creative Securities Pvt Ltd,50,275.4,13770.0,2025-09-07 14:44:29.335544
2025-09-07,8871,2025090705014637,HIDCL,Vision Securities Pvt. Ltd,Sani Securities Company Ltd.,10,276.0,2760.0,2025-09-07 14:44:29.335624
2025-09-07,8144,2025090705014870,HIDCL,Aryatara Investment & Securities,Sani Securities Company Ltd.,234,276.0,64584.0,2025-09-07 14:46:06.115423
2025-09-07,8143,2025090705014871,HIDCL,Aryatara Investment & Securities,Premier Securities Company Ltd.,489,276.0,134964.0,2025-09-07 14:46:06.115828
2025-09-07,8142,2025090705014872,HIDCL,Aryatara Investment & Securities,Nagarik Stock Dealer ,10,276.0,2760.0,2025-09-07 14:46:06.116086
2025-09-07,7480,2025090705015046,HIDCL,Aryatara Investment & Securities,Bhrikuti Stock Broking Co. Pvt. Ltd.,120,276.0,33120.0,2025-09-07 14:47:24.022939
2025-09-07,7479,2025090705015047,HIDCL,Aryatara Investment & Securities,Primo Securities (PVT) Ltd.,200,276.8,55360.0,2025-09-07 14:47:24.023185
2025-09-07,7067,2025090705015151,HIDCL,South Asian Bulls Pvt. Ltd.,Linch Stock Market Ltd.,32,276.0,8832.0,2025-09-07 14:48:28.968196
2025-09-07,6948,2025090705015171,HIDCL,Dipshikha Dhitopatra Karobar Co. Pvt Ltd.,Sagarmatha Securities Private Limited,180,276.8,49824.0,2025-09-07 14:48:47.823138
2025-09-07,6586,2025090705015281,HIDCL,Dipshikha Dhitopatra Karobar Co. Pvt Ltd.,Sagarmatha Securities Private Limited,50,276.8,13840.0,2025-09-07 14:49:40.066741
2025-09-07,5783,2025090705015520,HIDCL,Nabil Stock Dealer Ltd.,Imperial Securities Company Pvt. Ltd.,50,276.1,13805.0,2025-09-07 14:51:33.545962
2025-09-07,4870,2025090705015736,HIDCL,Nabil Stock Dealer Ltd.,Kohinoor Investment & Securities Pvt. Ltd.,128,276.1,35340.8,2025-09-07 14:53:19.027672
2025-09-07,4650,2025090705015811,HIDCL,Nabil Stock Dealer Ltd.,Online Securities Pvt. Ltd.,500,276.2,138100.0,2025-09-07 14:53:51.803852
2025-09-07,4649,2025090705015812,HIDCL,Nabil Stock Dealer Ltd.,Online Securities Pvt. Ltd.,222,276.1,61294.2,2025-09-07 14:53:51.804065
2025-09-07,4648,2025090705015813,HIDCL,Naasa Securities Co. Ltd.,Online Securities Pvt. Ltd.,250,276.1,69025.0,2025-09-07 14:53:51.804158
2025-09-07,4647,2025090705015814,HIDCL,South Asian Bulls Pvt. Ltd.,Online Securities Pvt. Ltd.,28,276.0,7728.0,2025-09-07 14:53:51.804246
2025-09-07,4552,2025090705015847,HIDCL,South Asian Bulls Pvt. Ltd.,ABC Securities Private Limited,940,276.0,259440.0,2025-09-07 14:54:05.140135
2025-09-07,4551,2025090705015848,HIDCL,Swarna Laxmi Securities Pvt. Ltd.,ABC Securities Private Limited,60,276.0,16560.0,2025-09-07 14:54:05.140258
2025-09-07,3743,2025090705016066,HIDCL,Swarna Laxmi Securities Pvt. Ltd.,Vision Securities Pvt. Ltd,40,276.0,11040.0,2025-09-07 14:55:35.688819
2025-09-07,3742,2025090705016067,HIDCL,Swarna Laxmi Securities Pvt. Ltd.,Vision Securities Pvt. Ltd,10,275.0,2750.0,2025-09-07 14:55:35.688875
2025-09-07,3413,2025090705016148,HIDCL,Swarna Laxmi Securities Pvt. Ltd.,Sumeru Securities Pvt. Ltd.,10,275.0,2750.0,2025-09-07 14:56:08.966586
2025-09-07,3207,2025090705016225,HIDCL,Naasa Securities Co. Ltd.,Sumeru Securities Pvt. Ltd.,5,269.5,1347.5,2025-09-07 14:56:34.615471
2025-09-07,3002,2025090705016317,HIDCL,Thrive Brokerage House Pvt. Ltd,Malla & Malla Stock Broking Company Pvt. Limited,300,275.5,82650.0,2025-09-07 14:56:52.215494
2025-09-07,2366,2025090705016492,HIDCL,Roadshow securities limited,Agrawal Securities (PVT) Ltd.,550,276.5,152075.0,2025-09-07 14:57:45.022664
2025-09-07,2365,2025090705016493,HIDCL,Roadshow securities limited,Vision Securities Pvt. Ltd,150,276.5,41475.0,2025-09-07 14:57:45.022762
2025-09-07,2364,2025090705016494,HIDCL,Roadshow securities limited,Dynamic Money Managers Securities Pvt. Ltd.,300,276.7,83010.0,2025-09-07 14:57:45.022848
2025-09-07,2363,2025090705016495,HIDCL,Roadshow securities limited,Vision Securities Pvt. Ltd,400,276.7,110680.0,2025-09-07 14:57:45.022918
2025-09-07,1020,2025090705016935,HIDCL,Online Securities Pvt. Ltd.,Sagarmatha Securities Private Limited,20,276.0,5520.0,2025-09-07 14:59:16.954532
2025-09-07,1019,2025090705016936,HIDCL,Primo Securities (PVT) Ltd.,Sagarmatha Securities Private Limited,20,276.0,5520.0,2025-09-07 14:59:16.954734
2025-09-07,1018,2025090705016937,HIDCL,Imperial Securities Company Pvt. Ltd.,Sagarmatha Securities Private Limited,110,275.9,30349.0,2025-09-07 14:59:16.954831
2025-09-07,1017,2025090705016938,HIDCL,BHOLE GANESH SECURITIES LTD,Sagarmatha Securities Private Limited,50,275.9,13795.0,2025-09-07 14:59:16.954926
2025-09-07,363,2025090705017142,HIDCL,Premier Securities Company Ltd.,Linch Stock Market Ltd.,20,276.0,5520.0,2025-09-07 14:59:45.276535
2025-09-07,194,2025090705017184,HIDCL,Capital Max Securities Ltd,Premier Securities Company Ltd.,13,276.6,3595.8,2025-09-07 14:59:53.158903
2025-09-07,193,2025090705017185,HIDCL,Capital Max Securities Ltd,Vision Securities Pvt. Ltd,295,276.7,81626.5,2025-09-07 14:59:53.159210
2025-09-07,173,2025090705017188,HIDCL,Premier Securities Company Ltd.,Kumari Securities Private Limited,30,276.0,8280.0,2025-09-07 14:59:53.921938
2025-09-07,172,2025090705017189,HIDCL,BHOLE GANESH SECURITIES LTD,Kumari Securities Private Limited,220,275.9,60698.0,2025-09-07 14:59:53.922395
2025-09-07,142,2025090705017202,HIDCL,Vision Securities Pvt. Ltd,Vision Securities Pvt. Ltd,30,276.7,8301.0,2025-09-07 14:59:55.258612
2025-09-07,114,2025090705017210,HIDCL,BHOLE GANESH SECURITIES LTD,Imperial Securities Company Pvt. Ltd.,30,275.9,8277.0,2025-09-07 14:59:57.140277
2025-09-07,113,2025090705017211,HIDCL,Kumari Securities Private Limited,Imperial Securities Company Pvt. Ltd.,52,275.8,14341.6,2025-09-07 14:59:57.140514
2025-09-07,112,2025090705017212,HIDCL,Trishakti Securities Public Limited,Imperial Securities Company Pvt. Ltd.,50,275.8,13790.0,2025-09-07 14:59:57.140612
2025-09-07,111,2025090705017213,HIDCL,Sweta Securities Private Limited,Imperial Securities Company Pvt. Ltd.,618,275.7,170382.6,2025-09-07 14:59:57.140708
