Date,S.N.,contract_id,symbol,buyer_broker,seller_broker,volume,price,amount,transaction_time
2025-09-07,57705,2025090701000145,MBL,Siprabi Securities Pvt. Ltd.,Naasa Securities Co. Ltd.,10,253.8,2538.0,2025-09-07 11:03:25.317441
2025-09-07,57579,2025090701000191,MBL,Agrawal Securities (PVT) Ltd.,Dynamic Money Managers Securities Pvt. Ltd.,10,252.0,2520.0,2025-09-07 11:04:16.030612
2025-09-07,57578,2025090701000192,MBL,Naasa Securities Co. Ltd.,Dynamic Money Managers Securities Pvt. Ltd.,100,252.0,25200.0,2025-09-07 11:04:16.030670
2025-09-07,57577,2025090701000193,MBL,Siprabi Securities Pvt. Ltd.,Dynamic Money Managers Securities Pvt. Ltd.,40,252.0,10080.0,2025-09-07 11:04:16.030698
2025-09-07,57517,2025090701000217,MBL,Online Securities Pvt. Ltd.,Dynamic Money Managers Securities Pvt. Ltd.,300,251.4,75420.0,2025-09-07 11:04:31.652804
2025-09-07,57491,2025090701000229,MBL,Deevyaa Securities & Stock House Pvt. Ltd,Dynamic Money Managers Securities Pvt. Ltd.,10,251.0,2510.0,2025-09-07 11:04:44.646021
2025-09-07,57490,2025090701000230,MBL,Online Securities Pvt. Ltd.,Dynamic Money Managers Securities Pvt. Ltd.,990,251.0,248490.0,2025-09-07 11:04:44.646122
2025-09-07,57243,2025090701000356,MBL,Kumari Securities Private Limited,Nepal Stock House (PVT) Ltd.,100,253.0,25300.0,2025-09-07 11:06:08.851184
2025-09-07,57209,2025090701000375,MBL,Kumari Securities Private Limited,Vision Securities Pvt. Ltd,400,253.0,101200.0,2025-09-07 11:06:26.746304
2025-09-07,57137,2025090701000397,MBL,Kumari Securities Private Limited,Vision Securities Pvt. Ltd,500,253.0,126500.0,2025-09-07 11:06:56.446617
2025-09-07,57123,2025090701000406,MBL,Aryatara Investment & Securities,Vision Securities Pvt. Ltd,100,253.0,25300.0,2025-09-07 11:07:02.763471
2025-09-07,57069,2025090701000436,MBL,Kumari Securities Private Limited,Aryatara Investment & Securities,500,252.0,126000.0,2025-09-07 11:07:22.849318
2025-09-07,56967,2025090701000486,MBL,Kumari Securities Private Limited,Nepal Stock House (PVT) Ltd.,500,252.8,126400.0,2025-09-07 11:07:56.631942
2025-09-07,56894,2025090701000514,MBL,Kohinoor Investment & Securities Pvt. Ltd.,Nepal Stock House (PVT) Ltd.,10,252.7,2527.0,2025-09-07 11:08:19.604117
2025-09-07,56725,2025090701000597,MBL,Kumari Securities Private Limited,Nepal Stock House (PVT) Ltd.,190,252.7,48013.0,2025-09-07 11:09:26.882183
2025-09-07,56724,2025090701000598,MBL,Kumari Securities Private Limited,Nepal Stock House (PVT) Ltd.,310,252.8,78368.0,2025-09-07 11:09:26.882380
2025-09-07,56617,2025090701000640,MBL,Thrive Brokerage House Pvt. Ltd,Nepal Stock House (PVT) Ltd.,190,252.8,48032.0,2025-09-07 11:10:10.241317
2025-09-07,56550,2025090701000666,MBL,Thrive Brokerage House Pvt. Ltd,Aryatara Investment & Securities,200,252.8,50560.0,2025-09-07 11:10:36.220736
2025-09-07,56536,2025090701000673,MBL,Thrive Brokerage House Pvt. Ltd,Naasa Securities Co. Ltd.,110,252.8,27808.0,2025-09-07 11:10:43.447282
2025-09-07,56354,2025090701000757,MBL,Dipshikha Dhitopatra Karobar Co. Pvt Ltd.,Kalika Securities Pvt. Ltd.,200,252.0,50400.0,2025-09-07 11:11:58.681185
2025-09-07,56077,2025090701000844,MBL,Siprabi Securities Pvt. Ltd.,Nepal Stock House (PVT) Ltd.,84,251.5,21126.0,2025-09-07 11:13:43.561107
2025-09-07,56002,2025090701000887,MBL,Siprabi Securities Pvt. Ltd.,Nepal Stock House (PVT) Ltd.,100,251.4,25140.0,2025-09-07 11:14:16.682039
2025-09-07,55973,2025090701000900,MBL,Global IME Securities Limited,Kalika Securities Pvt. Ltd.,200,252.0,50400.0,2025-09-07 11:14:27.949264
2025-09-07,55972,2025090701000901,MBL,Global IME Securities Limited,Dakshinkali Investment & Securities Pvt. Ltd.,400,252.0,100800.0,2025-09-07 11:14:27.949350
2025-09-07,55757,2025090701001005,MBL,Nepal Stock House (PVT) Ltd.,INDEX SECURITIES LIMITED,1000,251.2,251200.0,2025-09-07 11:15:34.339997
2025-09-07,55411,2025090701001143,MBL,Trishakti Securities Public Limited,Capital Hub P. Ltd,1000,251.1,251100.0,2025-09-07 11:17:23.933250
2025-09-07,55376,2025090701001157,MBL,Vision Securities Pvt. Ltd,Creative Securities Pvt Ltd,500,251.1,125550.0,2025-09-07 11:17:39.674994
2025-09-07,54848,2025090701001338,MBL,Online Securities Pvt. Ltd.,Ashutosh Brokerage & Securities (PVT) Ltd.,10,251.0,2510.0,2025-09-07 11:20:23.611891
2025-09-07,54847,2025090701001339,MBL,Sani Securities Company Ltd.,Ashutosh Brokerage & Securities (PVT) Ltd.,800,251.0,200800.0,2025-09-07 11:20:23.611994
2025-09-07,54846,2025090701001340,MBL,Trishakti Securities Public Limited,Ashutosh Brokerage & Securities (PVT) Ltd.,290,251.0,72790.0,2025-09-07 11:20:23.612047
2025-09-07,54827,2025090701001351,MBL,Trishakti Securities Public Limited,Imperial Securities Company Pvt. Ltd.,90,251.0,22590.0,2025-09-07 11:20:32.238038
2025-09-07,54487,2025090701001479,MBL,Trishakti Securities Public Limited,Aryatara Investment & Securities,620,251.0,155620.0,2025-09-07 11:22:16.572844
2025-09-07,54486,2025090701001480,MBL,Online Securities Pvt. Ltd.,Aryatara Investment & Securities,380,251.0,95380.0,2025-09-07 11:22:16.573022
2025-09-07,53454,2025090701001839,MBL,Trishakti Securities Public Limited,Opal Securities Investment (PVT) Ltd.,524,251.1,131576.4,2025-09-07 11:27:29.932876
2025-09-07,53443,2025090701001840,MBL,Trishakti Securities Public Limited,Dakshinkali Investment & Securities Pvt. Ltd.,166,251.1,41682.6,2025-09-07 11:27:33.274802
2025-09-07,52397,2025090701002154,MBL,Trishakti Securities Public Limited,Nepal Stock House (PVT) Ltd.,310,251.1,77841.0,2025-09-07 11:32:33.929994
2025-09-07,52396,2025090701002155,MBL,South Asian Bulls Pvt. Ltd.,Nepal Stock House (PVT) Ltd.,70,251.1,17577.0,2025-09-07 11:32:33.930113
2025-09-07,52395,2025090701002156,MBL,Online Securities Pvt. Ltd.,Nepal Stock House (PVT) Ltd.,620,251.0,155620.0,2025-09-07 11:32:33.930160
2025-09-07,51782,2025090701002395,MBL,South Asian Bulls Pvt. Ltd.,Shree Krishna Securities Ltd.,200,251.1,50220.0,2025-09-07 11:35:37.421854
2025-09-07,51781,2025090701002396,MBL,Online Securities Pvt. Ltd.,Shree Krishna Securities Ltd.,800,251.0,200800.0,2025-09-07 11:35:37.421967
2025-09-07,51772,2025090701002399,MBL,Online Securities Pvt. Ltd.,Cristal Kanchanjanga Securites Pvt. Ltd.,50,251.0,12550.0,2025-09-07 11:35:42.606731
2025-09-07,51741,2025090701002412,MBL,Online Securities Pvt. Ltd.,Online Securities Pvt. Ltd.,10,251.0,2510.0,2025-09-07 11:35:56.031079
2025-09-07,50788,2025090701002778,MBL,Online Securities Pvt. Ltd.,Malla & Malla Stock Broking Company Pvt. Limited,100,251.0,25100.0,2025-09-07 11:40:01.567173
2025-09-07,50412,2025090701002894,MBL,Online Securities Pvt. Ltd.,Siprabi Securities Pvt. Ltd.,1000,251.0,251000.0,2025-09-07 11:41:25.693443
2025-09-07,49829,2025090701003107,MBL,Midas Stock Broking Company Private Limited,Neev Securities Pvt. Ltd.,3,247.0,741.0,2025-09-07 11:43:31.582676
2025-09-07,49152,2025090701003344,MBL,Online Securities Pvt. Ltd.,Swarna Laxmi Securities Pvt. Ltd.,641,251.0,160891.0,2025-09-07 11:46:29.863866
2025-09-07,47586,2025090701003908,MBL,Online Securities Pvt. Ltd.,Creative Securities Pvt Ltd,22,251.0,5522.0,2025-09-07 11:53:23.342830
2025-09-07,46771,2025090701004318,MBL,K.B.L. Securities Limited ,Nepal Stock House (PVT) Ltd.,22,251.8,5539.6,2025-09-07 11:56:53.934081
2025-09-07,46102,2025090701004577,MBL,Dipshikha Dhitopatra Karobar Co. Pvt Ltd.,Sundhara Securities Limited,1000,251.1,251100.0,2025-09-07 11:59:37.780092
2025-09-07,46101,2025090701004578,MBL,Trishakti Securities Public Limited,Sundhara Securities Limited,1000,251.1,251100.0,2025-09-07 11:59:37.780356
2025-09-07,46100,2025090701004579,MBL,Online Securities Pvt. Ltd.,Sundhara Securities Limited,377,251.0,94627.0,2025-09-07 11:59:37.780526
2025-09-07,46099,2025090701004580,MBL,Kumari Securities Private Limited,Sundhara Securities Limited,50,251.0,12550.0,2025-09-07 11:59:37.780684
2025-09-07,46098,2025090701004581,MBL,Ashutosh Brokerage & Securities (PVT) Ltd.,Sundhara Securities Limited,100,251.0,25100.0,2025-09-07 11:59:37.780828
2025-09-07,46097,2025090701004582,MBL,Naasa Securities Co. Ltd.,Sundhara Securities Limited,25,251.0,6275.0,2025-09-07 11:59:37.780982
2025-09-07,46096,2025090701004583,MBL,Aakashbhairab Securities Ltd.,Sundhara Securities Limited,1000,251.0,251000.0,2025-09-07 11:59:37.781150
2025-09-07,45991,2025090701004623,MBL,Sundhara Securities Limited,Sundhara Securities Limited,1000,251.0,251000.0,2025-09-07 12:00:15.331252
2025-09-07,45171,2025090701004923,MBL,Linch Stock Market Ltd.,Sundhara Securities Limited,448,251.0,112448.0,2025-09-07 12:04:36.923287
2025-09-07,44992,2025090701004982,MBL,Infinity Securities Limited,Aryatara Investment & Securities,500,251.0,125500.0,2025-09-07 12:05:30.252450
2025-09-07,44909,2025090701005009,MBL,Dynamic Money Managers Securities Pvt. Ltd.,Aryatara Investment & Securities,382,251.0,95882.0,2025-09-07 12:05:53.349972
2025-09-07,44345,2025090701005204,MBL,Online Securities Pvt. Ltd.,Aryatara Investment & Securities,118,251.0,29618.0,2025-09-07 12:08:39.880656
2025-09-07,43112,2025090701005682,MBL,Online Securities Pvt. Ltd.,Premier Securities Company Ltd.,500,251.0,125500.0,2025-09-07 12:14:01.005851
2025-09-07,42225,2025090701006024,MBL,Online Securities Pvt. Ltd.,Global IME Securities Limited,50,251.0,12550.0,2025-09-07 12:17:36.244657
2025-09-07,41541,2025090701006277,MBL,Online Securities Pvt. Ltd.,Naasa Securities Co. Ltd.,332,251.0,83332.0,2025-09-07 12:20:44.239314
2025-09-07,41540,2025090701006278,MBL,Sweta Securities Private Limited,Naasa Securities Co. Ltd.,94,251.0,23594.0,2025-09-07 12:20:44.239595
2025-09-07,41004,2025090701006468,MBL,KALASH STOCK MARKET PVT. LTD.,Online Securities Pvt. Ltd.,15,250.8,3762.0,2025-09-07 12:23:14.166445
2025-09-07,41003,2025090701006469,MBL,Online Securities Pvt. Ltd.,Online Securities Pvt. Ltd.,1000,250.8,250800.0,2025-09-07 12:23:14.166499
2025-09-07,41002,2025090701006470,MBL,Sundhara Securities Limited,Online Securities Pvt. Ltd.,20,250.7,5014.0,2025-09-07 12:23:14.166528
2025-09-07,41001,2025090701006471,MBL,Kohinoor Investment & Securities Pvt. Ltd.,Online Securities Pvt. Ltd.,20,250.6,5012.0,2025-09-07 12:23:14.166554
2025-09-07,41000,2025090701006472,MBL,Online Securities Pvt. Ltd.,Online Securities Pvt. Ltd.,449,250.6,112519.4,2025-09-07 12:23:14.166590
2025-09-07,40669,2025090701006585,MBL,Ashutosh Brokerage & Securities (PVT) Ltd.,Naasa Securities Co. Ltd.,374,251.0,93874.0,2025-09-07 12:24:43.357958
2025-09-07,40217,2025090701006760,MBL,Ashutosh Brokerage & Securities (PVT) Ltd.,Nepal Stock House (PVT) Ltd.,426,251.0,106926.0,2025-09-07 12:27:03.060959
2025-09-07,39093,2025090701007178,MBL,Arun Securities (PVT) Ltd.,Nepal Stock House (PVT) Ltd.,1653,250.7,414407.1,2025-09-07 12:32:23.024063
2025-09-07,39083,2025090701007183,MBL,Arun Securities (PVT) Ltd.,Nepal Stock House (PVT) Ltd.,1500,250.7,376050.0,2025-09-07 12:32:28.172002
2025-09-07,39061,2025090701007192,MBL,Arun Securities (PVT) Ltd.,Nepal Stock House (PVT) Ltd.,1500,250.7,376050.0,2025-09-07 12:32:33.745813
2025-09-07,38282,2025090701007495,MBL,Hatemalo Financial Services Private Limited,Nepal Stock House (PVT) Ltd.,100,251.5,25150.0,2025-09-07 12:36:28.220183
2025-09-07,38281,2025090701007496,MBL,Hatemalo Financial Services Private Limited,Nepal Stock House (PVT) Ltd.,74,251.5,18611.0,2025-09-07 12:36:28.220367
2025-09-07,38280,2025090701007497,MBL,Hatemalo Financial Services Private Limited,Aryatara Investment & Securities,200,251.5,50300.0,2025-09-07 12:36:28.220436
2025-09-07,38279,2025090701007498,MBL,Hatemalo Financial Services Private Limited,Siprabi Securities Pvt. Ltd.,616,251.6,154985.6,2025-09-07 12:36:28.220504
2025-09-07,37399,2025090701007784,MBL,Himalayan Securities Limited,Siprabi Securities Pvt. Ltd.,250,251.6,62900.0,2025-09-07 12:40:12.232013
2025-09-07,35796,2025090701008339,MBL,Oxford Securities Pvt. Ltd.,Sani Securities Company Ltd.,5,247.0,1235.0,2025-09-07 12:46:33.338222
2025-09-07,34540,2025090701008742,MBL,Sewa Securities Pvt. Ltd.,Premier Securities Company Ltd.,10,250.9,2509.0,2025-09-07 12:51:10.133279
2025-09-07,34539,2025090701008743,MBL,Market Securities & Exchange (PVT) Ltd.,Premier Securities Company Ltd.,200,250.9,50180.0,2025-09-07 12:51:10.133610
2025-09-07,34538,2025090701008744,MBL,Online Securities Pvt. Ltd.,Premier Securities Company Ltd.,31,250.8,7774.8,2025-09-07 12:51:10.133814
2025-09-07,34193,2025090701008819,MBL,Market Securities & Exchange (PVT) Ltd.,Nepal Stock House (PVT) Ltd.,44,251.5,11066.0,2025-09-07 12:52:42.087851
2025-09-07,34192,2025090701008820,MBL,Market Securities & Exchange (PVT) Ltd.,Naasa Securities Co. Ltd.,70,251.5,17605.0,2025-09-07 12:52:42.088205
2025-09-07,33615,2025090701009009,MBL,J.F. Securites (PVT) Ltd.,Neev Securities Pvt. Ltd.,100,251.0,25100.0,2025-09-07 12:55:19.819681
2025-09-07,33614,2025090701009010,MBL,Nepal Investment And Securities Trading Private Limited,Neev Securities Pvt. Ltd.,10,250.9,2509.0,2025-09-07 12:55:19.820003
2025-09-07,33613,2025090701009011,MBL,Online Securities Pvt. Ltd.,Neev Securities Pvt. Ltd.,421,250.8,105586.8,2025-09-07 12:55:19.820233
2025-09-07,32014,2025090701009517,MBL,Siprabi Securities Pvt. Ltd.,Nepal Stock House (PVT) Ltd.,50,251.4,12570.0,2025-09-07 13:03:12.654522
2025-09-07,31296,2025090701009726,MBL,Siprabi Securities Pvt. Ltd.,Aryatara Investment & Securities,100,251.1,25110.0,2025-09-07 13:06:19.537830
2025-09-07,31295,2025090701009727,MBL,KALASH STOCK MARKET PVT. LTD.,Aryatara Investment & Securities,100,251.0,25100.0,2025-09-07 13:06:19.538203
2025-09-07,30811,2025090701009916,MBL,Online Securities Pvt. Ltd.,Nepal Stock House (PVT) Ltd.,1000,251.0,251000.0,2025-09-07 13:08:22.273763
2025-09-07,30810,2025090701009917,MBL,J.F. Securites (PVT) Ltd.,Nepal Stock House (PVT) Ltd.,10,251.0,2510.0,2025-09-07 13:08:22.273993
2025-09-07,30809,2025090701009918,MBL,Online Securities Pvt. Ltd.,Nepal Stock House (PVT) Ltd.,190,251.0,47690.0,2025-09-07 13:08:22.274128
2025-09-07,30561,2025090701009987,MBL,Malla & Malla Stock Broking Company Pvt. Limited,Secured Securities Ltd.,30,251.4,7542.0,2025-09-07 13:09:21.352262
2025-09-07,30560,2025090701009988,MBL,Malla & Malla Stock Broking Company Pvt. Limited,Nepal Stock House (PVT) Ltd.,70,251.4,17598.0,2025-09-07 13:09:21.352436
2025-09-07,30100,2025090701010127,MBL,Online Securities Pvt. Ltd.,Naasa Securities Co. Ltd.,10,251.0,2510.0,2025-09-07 13:11:25.781299
2025-09-07,30099,2025090701010128,MBL,Linch Stock Market Ltd.,Naasa Securities Co. Ltd.,90,251.0,22590.0,2025-09-07 13:11:25.781470
2025-09-07,29978,2025090701010180,MBL,Linch Stock Market Ltd.,Online Securities Pvt. Ltd.,10,251.0,2510.0,2025-09-07 13:12:00.012072
2025-09-07,29977,2025090701010181,MBL,Malla & Malla Stock Broking Company Pvt. Limited,Online Securities Pvt. Ltd.,40,251.0,10040.0,2025-09-07 13:12:00.012231
2025-09-07,29592,2025090701010299,MBL,Malla & Malla Stock Broking Company Pvt. Limited,Deevyaa Securities & Stock House Pvt. Ltd,160,251.0,40160.0,2025-09-07 13:13:40.115507
2025-09-07,29591,2025090701010300,MBL,Shree Krishna Securities Ltd.,Deevyaa Securities & Stock House Pvt. Ltd,200,251.0,50200.0,2025-09-07 13:13:40.115703
2025-09-07,29290,2025090701010392,MBL,Deevyaa Securities & Stock House Pvt. Ltd,Capital Max Securities Ltd,500,250.9,125450.0,2025-09-07 13:15:16.042819
2025-09-07,29074,2025090701010487,MBL,Online Securities Pvt. Ltd.,Nepal Stock House (PVT) Ltd.,500,250.8,125400.0,2025-09-07 13:16:10.183242
2025-09-07,28732,2025090701010617,MBL,Online Securities Pvt. Ltd.,Nepal Stock House (PVT) Ltd.,48,250.8,12038.4,2025-09-07 13:17:33.208618
2025-09-07,28731,2025090701010618,MBL,Oxford Securities Pvt. Ltd.,Nepal Stock House (PVT) Ltd.,13,250.8,3260.4,2025-09-07 13:17:33.208824
2025-09-07,28730,2025090701010619,MBL,Kumari Securities Private Limited,Nepal Stock House (PVT) Ltd.,50,250.7,12535.0,2025-09-07 13:17:33.208906
2025-09-07,28729,2025090701010620,MBL,Bhrikuti Stock Broking Co. Pvt. Ltd.,Nepal Stock House (PVT) Ltd.,19,250.7,4763.3,2025-09-07 13:17:33.208978
2025-09-07,27887,2025090701010872,MBL,Bhrikuti Stock Broking Co. Pvt. Ltd.,Deevyaa Securities & Stock House Pvt. Ltd,390,250.7,97773.0,2025-09-07 13:20:57.568395
2025-09-07,26532,2025090701011375,MBL,Bhrikuti Stock Broking Co. Pvt. Ltd.,Nepal Stock House (PVT) Ltd.,300,250.7,75210.0,2025-09-07 13:28:15.129274
2025-09-07,26013,2025090701011579,MBL,Opal Securities Investment (PVT) Ltd.,Sundhara Securities Limited,22,250.9,5519.8,2025-09-07 13:31:05.942322
2025-09-07,26012,2025090701011580,MBL,Opal Securities Investment (PVT) Ltd.,Siprabi Securities Pvt. Ltd.,100,251.0,25100.0,2025-09-07 13:31:05.942518
2025-09-07,26011,2025090701011581,MBL,Opal Securities Investment (PVT) Ltd.,Kohinoor Investment & Securities Pvt. Ltd.,3890,251.0,976390.0,2025-09-07 13:31:05.942598
2025-09-07,26010,2025090701011582,MBL,Opal Securities Investment (PVT) Ltd.,Midas Stock Broking Company Private Limited,19,251.0,4769.0,2025-09-07 13:31:05.942676
2025-09-07,26009,2025090701011583,MBL,Opal Securities Investment (PVT) Ltd.,Aryatara Investment & Securities,200,251.3,50260.0,2025-09-07 13:31:05.942757
2025-09-07,26008,2025090701011584,MBL,Opal Securities Investment (PVT) Ltd.,Premier Securities Company Ltd.,53,251.4,13324.2,2025-09-07 13:31:05.942832
2025-09-07,26007,2025090701011585,MBL,Opal Securities Investment (PVT) Ltd.,Naasa Securities Co. Ltd.,43,251.5,10814.5,2025-09-07 13:31:05.942909
2025-09-07,26006,2025090701011586,MBL,Opal Securities Investment (PVT) Ltd.,Sharepro Securities Private Limited,600,251.5,150900.0,2025-09-07 13:31:05.942984
2025-09-07,26005,2025090701011587,MBL,Opal Securities Investment (PVT) Ltd.,Kohinoor Investment & Securities Pvt. Ltd.,100,251.8,25180.0,2025-09-07 13:31:05.943069
2025-09-07,26004,2025090701011588,MBL,Opal Securities Investment (PVT) Ltd.,Shree Krishna Securities Ltd.,473,251.8,119101.4,2025-09-07 13:31:05.943158
2025-09-07,25681,2025090701011768,MBL,Bhrikuti Stock Broking Co. Pvt. Ltd.,Sipla Securities Private Limited,11,250.7,2757.7,2025-09-07 13:32:46.226224
2025-09-07,25581,2025090701011808,MBL,Asian Securities Private Ltd.,Capital Max Securities Ltd,50,251.7,12585.0,2025-09-07 13:33:23.820041
2025-09-07,24793,2025090701012134,MBL,Naasa Securities Co. Ltd.,Nepal Investment And Securities Trading Private Limited,4,250.0,1000.0,2025-09-07 13:37:40.263156
2025-09-07,24324,2025090701012256,MBL,Naasa Securities Co. Ltd.,Nepal Stock House (PVT) Ltd.,20,251.6,5032.0,2025-09-07 13:40:00.690841
2025-09-07,24312,2025090701012259,MBL,Kohinoor Investment & Securities Pvt. Ltd.,Capital Max Securities Ltd,50,251.0,12550.0,2025-09-07 13:40:04.838836
2025-09-07,23512,2025090701012575,MBL,Online Securities Pvt. Ltd.,Nepal Stock House (PVT) Ltd.,30,251.6,7548.0,2025-09-07 13:44:51.085870
2025-09-07,23511,2025090701012576,MBL,Online Securities Pvt. Ltd.,Shree Krishna Securities Ltd.,350,251.8,88130.0,2025-09-07 13:44:51.086257
2025-09-07,22529,2025090701012895,MBL,Online Securities Pvt. Ltd.,Shree Krishna Securities Ltd.,177,251.8,44568.6,2025-09-07 13:50:22.425261
2025-09-07,22419,2025090701012938,MBL,Kumari Securities Private Limited,Deevyaa Securities & Stock House Pvt. Ltd,50,251.0,12550.0,2025-09-07 13:50:53.459736
2025-09-07,22418,2025090701012939,MBL,Oxford Securities Pvt. Ltd.,Deevyaa Securities & Stock House Pvt. Ltd,200,251.0,50200.0,2025-09-07 13:50:53.460111
2025-09-07,22203,2025090701012997,MBL,Dynamic Money Managers Securities Pvt. Ltd.,Aryatara Investment & Securities,200,251.8,50360.0,2025-09-07 13:51:55.531050
2025-09-07,22202,2025090701012998,MBL,Dynamic Money Managers Securities Pvt. Ltd.,Shree Krishna Securities Ltd.,1000,252.0,252000.0,2025-09-07 13:51:55.531280
2025-09-07,22201,2025090701012999,MBL,Dynamic Money Managers Securities Pvt. Ltd.,Aryatara Investment & Securities,40,252.0,10080.0,2025-09-07 13:51:55.531369
2025-09-07,22200,2025090701013000,MBL,Dynamic Money Managers Securities Pvt. Ltd.,Aryatara Investment & Securities,200,252.0,50400.0,2025-09-07 13:51:55.531461
2025-09-07,22199,2025090701013001,MBL,Dynamic Money Managers Securities Pvt. Ltd.,Online Securities Pvt. Ltd.,38,252.0,9576.0,2025-09-07 13:51:55.531540
2025-09-07,22198,2025090701013002,MBL,Dynamic Money Managers Securities Pvt. Ltd.,Kalika Securities Pvt. Ltd.,22,252.0,5544.0,2025-09-07 13:51:55.531620
2025-09-07,22155,2025090701013025,MBL,Oxford Securities Pvt. Ltd.,Online Securities Pvt. Ltd.,800,251.0,200800.0,2025-09-07 13:52:05.296470
2025-09-07,22154,2025090701013026,MBL,Kohinoor Investment & Securities Pvt. Ltd.,Online Securities Pvt. Ltd.,100,251.0,25100.0,2025-09-07 13:52:05.296513
2025-09-07,22153,2025090701013027,MBL,Sewa Securities Pvt. Ltd.,Online Securities Pvt. Ltd.,10,250.8,2508.0,2025-09-07 13:52:05.296539
2025-09-07,22152,2025090701013028,MBL,Trishakti Securities Public Limited,Online Securities Pvt. Ltd.,50,250.8,12540.0,2025-09-07 13:52:05.296564
2025-09-07,22151,2025090701013029,MBL,Trishakti Securities Public Limited,Online Securities Pvt. Ltd.,200,250.8,50160.0,2025-09-07 13:52:05.296591
2025-09-07,22150,2025090701013030,MBL,Online Securities Pvt. Ltd.,Online Securities Pvt. Ltd.,12,250.8,3009.6,2025-09-07 13:52:05.296641
2025-09-07,22149,2025090701013031,MBL,Bhrikuti Stock Broking Co. Pvt. Ltd.,Online Securities Pvt. Ltd.,111,250.7,27827.7,2025-09-07 13:52:05.296681
2025-09-07,21907,2025090701013113,MBL,Bhrikuti Stock Broking Co. Pvt. Ltd.,Online Securities Pvt. Ltd.,169,250.7,42368.3,2025-09-07 13:53:03.138771
2025-09-07,21906,2025090701013114,MBL,Sewa Securities Pvt. Ltd.,Online Securities Pvt. Ltd.,10,250.7,2507.0,2025-09-07 13:53:03.138871
2025-09-07,21905,2025090701013115,MBL,Dynamic Money Managers Securities Pvt. Ltd.,Online Securities Pvt. Ltd.,840,250.7,210588.0,2025-09-07 13:53:03.138927
2025-09-07,20688,2025090701013507,MBL,Online Securities Pvt. Ltd.,Imperial Securities Company Pvt. Ltd.,100,250.8,25080.0,2025-09-07 13:59:12.056518
2025-09-07,20687,2025090701013508,MBL,Dynamic Money Managers Securities Pvt. Ltd.,Imperial Securities Company Pvt. Ltd.,150,250.7,37605.0,2025-09-07 13:59:12.056728
2025-09-07,20108,2025090701013727,MBL,Sani Securities Company Ltd.,Kumari Securities Private Limited,20,251.0,5020.0,2025-09-07 14:02:01.511002
2025-09-07,19042,2025090701014132,MBL,Trishakti Securities Public Limited,Kumari Securities Private Limited,50,251.0,12550.0,2025-09-07 14:07:23.183766
2025-09-07,18747,2025090701014256,MBL,Market Securities & Exchange (PVT) Ltd.,Kumari Securities Private Limited,16,251.0,4016.0,2025-09-07 14:09:01.328940
2025-09-07,18614,2025090701014300,MBL,Thrive Brokerage House Pvt. Ltd,Kumari Securities Private Limited,100,251.0,25100.0,2025-09-07 14:09:41.007561
2025-09-07,17672,2025090701014643,MBL,Linch Stock Market Ltd.,Aryatara Investment & Securities,20,250.9,5018.0,2025-09-07 14:13:58.610821
2025-09-07,17671,2025090701014644,MBL,Capital Max Securities Ltd,Aryatara Investment & Securities,42,250.8,10533.6,2025-09-07 14:13:58.610998
2025-09-07,17670,2025090701014645,MBL,Midas Stock Broking Company Private Limited,Aryatara Investment & Securities,338,250.8,84770.4,2025-09-07 14:13:58.611087
2025-09-07,17560,2025090701014689,MBL,Trisul Securities & Invt. Ltd.,Kumari Securities Private Limited,14,251.0,3514.0,2025-09-07 14:14:34.440887
2025-09-07,17559,2025090701014690,MBL,Trisul Securities & Invt. Ltd.,Agrawal Securities (PVT) Ltd.,155,251.3,38951.5,2025-09-07 14:14:34.441318
2025-09-07,17558,2025090701014691,MBL,Trisul Securities & Invt. Ltd.,Nepal Stock House (PVT) Ltd.,500,251.9,125950.0,2025-09-07 14:14:34.441654
2025-09-07,17557,2025090701014692,MBL,Trisul Securities & Invt. Ltd.,Kalika Securities Pvt. Ltd.,178,252.0,44856.0,2025-09-07 14:14:34.441951
2025-09-07,17556,2025090701014693,MBL,Trisul Securities & Invt. Ltd.,Trishakti Securities Public Limited,153,252.0,38556.0,2025-09-07 14:14:34.442233
2025-09-07,17210,2025090701014804,MBL,Trisul Securities & Invt. Ltd.,Nepal Stock House (PVT) Ltd.,500,251.9,125950.0,2025-09-07 14:16:07.118801
2025-09-07,17209,2025090701014805,MBL,Trisul Securities & Invt. Ltd.,Trishakti Securities Public Limited,247,252.0,62244.0,2025-09-07 14:16:07.119166
2025-09-07,17208,2025090701014806,MBL,Trisul Securities & Invt. Ltd.,Opal Securities Investment (PVT) Ltd.,130,252.0,32760.0,2025-09-07 14:16:07.119390
2025-09-07,17207,2025090701014807,MBL,Trisul Securities & Invt. Ltd.,Online Securities Pvt. Ltd.,123,252.0,30996.0,2025-09-07 14:16:07.119622
2025-09-07,16514,2025090701014996,MBL,Trisul Securities & Invt. Ltd.,Linch Stock Market Ltd.,420,251.4,105588.0,2025-09-07 14:18:29.872518
2025-09-07,16041,2025090701015149,MBL,Trisul Securities & Invt. Ltd.,Capital Max Securities Ltd,415,251.2,104248.0,2025-09-07 14:20:27.813741
2025-09-07,14939,2025090701015554,MBL,Linch Stock Market Ltd.,Premier Securities Company Ltd.,1000,251.0,251000.0,2025-09-07 14:24:51.673679
2025-09-07,14938,2025090701015555,MBL,Linch Stock Market Ltd.,Sani Securities Company Ltd.,500,251.1,125550.0,2025-09-07 14:24:51.674096
2025-09-07,14738,2025090701015606,MBL,Deevyaa Securities & Stock House Pvt. Ltd,Dipshikha Dhitopatra Karobar Co. Pvt Ltd.,40,251.1,10044.0,2025-09-07 14:25:34.927712
2025-09-07,14349,2025090701015720,MBL,Oxford Securities Pvt. Ltd.,Dipshikha Dhitopatra Karobar Co. Pvt Ltd.,11,251.1,2762.1,2025-09-07 14:27:01.887427
2025-09-07,14348,2025090701015721,MBL,Oxford Securities Pvt. Ltd.,Sani Securities Company Ltd.,39,251.1,9792.9,2025-09-07 14:27:01.887620
2025-09-07,13694,2025090701015915,MBL,Midas Stock Broking Company Private Limited,Nepal Stock House (PVT) Ltd.,662,250.8,166029.6,2025-09-07 14:29:12.046294
2025-09-07,13693,2025090701015916,MBL,Sumeru Securities Pvt. Ltd.,Nepal Stock House (PVT) Ltd.,200,250.8,50160.0,2025-09-07 14:29:12.046653
2025-09-07,13692,2025090701015917,MBL,Dynamic Money Managers Securities Pvt. Ltd.,Nepal Stock House (PVT) Ltd.,10,250.7,2507.0,2025-09-07 14:29:12.046893
2025-09-07,13691,2025090701015918,MBL,Aryatara Investment & Securities,Nepal Stock House (PVT) Ltd.,1000,250.7,250700.0,2025-09-07 14:29:12.047145
2025-09-07,13690,2025090701015919,MBL,Beni Securities Pvt.Ltd.,Nepal Stock House (PVT) Ltd.,110,250.7,27577.0,2025-09-07 14:29:12.047373
2025-09-07,13689,2025090701015920,MBL,Bhrikuti Stock Broking Co. Pvt. Ltd.,Nepal Stock House (PVT) Ltd.,250,250.7,62675.0,2025-09-07 14:29:12.047591
2025-09-07,13688,2025090701015921,MBL,Online Securities Pvt. Ltd.,Nepal Stock House (PVT) Ltd.,551,250.6,138080.6,2025-09-07 14:29:12.047811
2025-09-07,13687,2025090701015922,MBL,Sumeru Securities Pvt. Ltd.,Nepal Stock House (PVT) Ltd.,217,250.6,54380.2,2025-09-07 14:29:12.048057
2025-09-07,13219,2025090701016091,MBL,Sumeru Securities Pvt. Ltd.,Nepal Stock House (PVT) Ltd.,234,250.6,58640.4,2025-09-07 14:30:33.035781
2025-09-07,13218,2025090701016092,MBL,Kumari Securities Private Limited,Nepal Stock House (PVT) Ltd.,50,250.6,12530.0,2025-09-07 14:30:33.036178
2025-09-07,13217,2025090701016093,MBL,Dynamic Money Managers Securities Pvt. Ltd.,Nepal Stock House (PVT) Ltd.,6716,250.5,1682358.0,2025-09-07 14:30:33.036412
2025-09-07,13044,2025090701016133,MBL,Bhrikuti Stock Broking Co. Pvt. Ltd.,Siprabi Securities Pvt. Ltd.,40,251.0,10040.0,2025-09-07 14:31:07.062617
2025-09-07,13043,2025090701016134,MBL,Bhrikuti Stock Broking Co. Pvt. Ltd.,Sani Securities Company Ltd.,460,251.1,115506.0,2025-09-07 14:31:07.062974
2025-09-07,12761,2025090701016196,MBL,Creative Securities Pvt Ltd,Sani Securities Company Ltd.,10,250.6,2506.0,2025-09-07 14:31:57.212228
2025-09-07,11393,2025090701016627,MBL,Online Securities Pvt. Ltd.,Sani Securities Company Ltd.,75,250.6,18795.0,2025-09-07 14:36:34.945749
2025-09-07,11030,2025090701016751,MBL,Online Securities Pvt. Ltd.,Kumari Securities Private Limited,150,250.6,37590.0,2025-09-07 14:37:54.505107
2025-09-07,10784,2025090701016813,MBL,Midas Stock Broking Company Private Limited,Online Securities Pvt. Ltd.,2,245.6,491.2,2025-09-07 14:38:42.626806
2025-09-07,10725,2025090701016839,MBL,Stoxkarts Securities Limited,Kumari Securities Private Limited,450,250.6,112770.0,2025-09-07 14:38:56.900919
2025-09-07,10413,2025090701016945,MBL,Dynamic Money Managers Securities Pvt. Ltd.,Global IME Securities Limited,4000,250.5,1002000.0,2025-09-07 14:40:03.141171
2025-09-07,9862,2025090701017133,MBL,Online Securities Pvt. Ltd.,Magnet Securities and Investment Company Private Limited,55,250.6,13783.0,2025-09-07 14:41:44.568331
2025-09-07,9861,2025090701017134,MBL,Stoxkarts Securities Limited,Magnet Securities and Investment Company Private Limited,540,250.6,135324.0,2025-09-07 14:41:44.568684
2025-09-07,9860,2025090701017135,MBL,Dynamic Money Managers Securities Pvt. Ltd.,Magnet Securities and Investment Company Private Limited,405,250.5,101452.5,2025-09-07 14:41:44.568910
2025-09-07,8786,2025090701017435,MBL,Sri Hari Securities Pvt. Ltd.,Kumari Securities Private Limited,23,251.0,5773.0,2025-09-07 14:44:41.572022
2025-09-07,8785,2025090701017436,MBL,Sri Hari Securities Pvt. Ltd.,Sani Securities Company Ltd.,27,251.0,6777.0,2025-09-07 14:44:41.572400
2025-09-07,8501,2025090701017511,MBL,Opal Securities Investment (PVT) Ltd.,Sani Securities Company Ltd.,250,251.0,62750.0,2025-09-07 14:45:16.340571
2025-09-07,8066,2025090701017654,MBL,Sani Securities Company Ltd.,Sani Securities Company Ltd.,50,251.0,12550.0,2025-09-07 14:46:19.994771
2025-09-07,7878,2025090701017732,MBL,Money World Share Exchange PVT Ltd,Sani Securities Company Ltd.,23,251.0,5773.0,2025-09-07 14:46:46.680009
2025-09-07,7877,2025090701017733,MBL,Money World Share Exchange PVT Ltd,Agrawal Securities (PVT) Ltd.,64,251.0,16064.0,2025-09-07 14:46:46.680418
2025-09-07,7876,2025090701017734,MBL,Money World Share Exchange PVT Ltd,Siprabi Securities Pvt. Ltd.,413,251.3,103786.9,2025-09-07 14:46:46.680657
2025-09-07,4124,2025090701019072,MBL,Sumeru Securities Pvt. Ltd.,Aryatara Investment & Securities,74,251.0,18574.0,2025-09-07 14:54:52.903118
2025-09-07,4123,2025090701019073,MBL,Sundhara Securities Limited,Aryatara Investment & Securities,10,251.0,2510.0,2025-09-07 14:54:52.903543
2025-09-07,4122,2025090701019074,MBL,Premier Securities Company Ltd.,Aryatara Investment & Securities,10,250.8,2508.0,2025-09-07 14:54:52.903833
2025-09-07,4121,2025090701019075,MBL,Midas Stock Broking Company Private Limited,Aryatara Investment & Securities,106,250.7,26574.2,2025-09-07 14:54:52.904158
2025-09-07,3665,2025090701019196,MBL,Opal Securities Investment (PVT) Ltd.,Siprabi Securities Pvt. Ltd.,477,251.3,119870.1,2025-09-07 14:55:45.726795
2025-09-07,3302,2025090701019282,MBL,Opal Securities Investment (PVT) Ltd.,Ashutosh Brokerage & Securities (PVT) Ltd.,73,251.5,18359.5,2025-09-07 14:56:23.345088
2025-09-07,2737,2025090701019416,MBL,Sani Securities Company Ltd.,Ashutosh Brokerage & Securities (PVT) Ltd.,27,251.5,6790.5,2025-09-07 14:57:12.985855
2025-09-07,2736,2025090701019417,MBL,Sani Securities Company Ltd.,Swarna Laxmi Securities Pvt. Ltd.,173,251.9,43578.7,2025-09-07 14:57:12.986232
2025-09-07,2698,2025090701019429,MBL,Opal Securities Investment (PVT) Ltd.,Aryatara Investment & Securities,50,251.5,12575.0,2025-09-07 14:57:16.475438
2025-09-07,2624,2025090701019466,MBL,Naasa Securities Co. Ltd.,Aryatara Investment & Securities,50,251.0,12550.0,2025-09-07 14:57:23.184890
2025-09-07,1845,2025090701019618,MBL,Midas Stock Broking Company Private Limited,Malla & Malla Stock Broking Company Pvt. Limited,78,251.1,19585.8,2025-09-07 14:58:29.968930
2025-09-07,1825,2025090701019620,MBL,Midas Stock Broking Company Private Limited,Sundhara Securities Limited,65,251.1,16321.5,2025-09-07 14:58:30.669878
2025-09-07,950,2025090701019792,MBL,Midas Stock Broking Company Private Limited,Swarna Laxmi Securities Pvt. Ltd.,27,251.1,6779.7,2025-09-07 14:59:20.704148
2025-09-07,847,2025090701019812,MBL,Midas Stock Broking Company Private Limited,Kumari Securities Private Limited,100,251.1,25110.0,2025-09-07 14:59:23.814598
