Date,S.N.,contract_id,symbol,buyer_broker,seller_broker,volume,price,amount,transaction_time
2025-09-07,57507,2025090704000193,PMHPL,Cristal Kanchanjanga Securites Pvt. Ltd.,Naasa Securities Co. Ltd.,1000,370.0,370000.0,2025-09-07 11:04:36.501439
2025-09-07,57343,2025090704000240,PMHPL,Primo Securities (PVT) Ltd.,Sumeru Securities Pvt. Ltd.,500,368.0,184000.0,2025-09-07 11:05:39.055391
2025-09-07,56659,2025090704000401,PMHPL,Nagarik Stock Dealer ,Vision Securities Pvt. Ltd,10,366.7,3667.0,2025-09-07 11:09:50.125134
2025-09-07,56589,2025090704000418,PMHPL,Thrive Brokerage House Pvt. Ltd,Premier Securities Company Ltd.,100,368.0,36800.0,2025-09-07 11:10:20.255053
2025-09-07,56588,2025090704000419,PMHPL,Thrive Brokerage House Pvt. Ltd,Kumari Securities Private Limited,125,368.0,46000.0,2025-09-07 11:10:20.255186
2025-09-07,56587,2025090704000420,PMHPL,Thrive Brokerage House Pvt. Ltd,Bhrikuti Stock Broking Co. Pvt. Ltd.,75,368.0,27600.0,2025-09-07 11:10:20.255277
2025-09-07,56034,2025090704000518,PMHPL,Nagarik Stock Dealer ,Aryatara Investment & Securities,90,366.7,33003.0,2025-09-07 11:14:07.019869
2025-09-07,55672,2025090704000593,PMHPL,Nepal Investment And Securities Trading Private Limited,Bhrikuti Stock Broking Co. Pvt. Ltd.,25,365.0,9125.0,2025-09-07 11:15:57.821283
2025-09-07,55577,2025090704000604,PMHPL,Nepal Investment And Securities Trading Private Limited,Dipshikha Dhitopatra Karobar Co. Pvt Ltd.,45,365.0,16425.0,2025-09-07 11:16:27.081385
2025-09-07,55428,2025090704000625,PMHPL,Dakshinkali Investment & Securities Pvt. Ltd.,Malla & Malla Stock Broking Company Pvt. Limited,40,362.7,14508.0,2025-09-07 11:17:16.049569
2025-09-07,55386,2025090704000636,PMHPL,INDEX SECURITIES LIMITED,Malla & Malla Stock Broking Company Pvt. Limited,10,363.0,3630.0,2025-09-07 11:17:33.572328
2025-09-07,55293,2025090704000661,PMHPL,Dakshinkali Investment & Securities Pvt. Ltd.,Aryatara Investment & Securities,200,362.7,72540.0,2025-09-07 11:18:08.029755
2025-09-07,55266,2025090704000671,PMHPL,Dakshinkali Investment & Securities Pvt. Ltd.,Agrawal Securities (PVT) Ltd.,260,362.7,94302.0,2025-09-07 11:18:18.410375
2025-09-07,55265,2025090704000672,PMHPL,Cristal Kanchanjanga Securites Pvt. Ltd.,Agrawal Securities (PVT) Ltd.,500,362.6,181300.0,2025-09-07 11:18:18.410412
2025-09-07,55264,2025090704000673,PMHPL,Dakshinkali Investment & Securities Pvt. Ltd.,Agrawal Securities (PVT) Ltd.,500,362.5,181250.0,2025-09-07 11:18:18.410449
2025-09-07,55263,2025090704000674,PMHPL,Malla & Malla Stock Broking Company Pvt. Limited,Agrawal Securities (PVT) Ltd.,100,362.0,36200.0,2025-09-07 11:18:18.410470
2025-09-07,55262,2025090704000675,PMHPL,Siprabi Securities Pvt. Ltd.,Agrawal Securities (PVT) Ltd.,300,361.0,108300.0,2025-09-07 11:18:18.410491
2025-09-07,55261,2025090704000676,PMHPL,Siprabi Securities Pvt. Ltd.,Agrawal Securities (PVT) Ltd.,500,361.0,180500.0,2025-09-07 11:18:18.410509
2025-09-07,55260,2025090704000677,PMHPL,Sumeru Securities Pvt. Ltd.,Agrawal Securities (PVT) Ltd.,1140,361.0,411540.0,2025-09-07 11:18:18.410535
2025-09-07,55077,2025090704000727,PMHPL,Sumeru Securities Pvt. Ltd.,Thrive Brokerage House Pvt. Ltd,360,361.0,129960.0,2025-09-07 11:19:13.856299
2025-09-07,55076,2025090704000728,PMHPL,Infinity Securities Limited,Thrive Brokerage House Pvt. Ltd,140,360.7,50498.0,2025-09-07 11:19:13.856375
2025-09-07,54928,2025090704000772,PMHPL,Infinity Securities Limited,MILKY WAY SHARE BROKER COMPANY LTD ,60,360.7,21642.0,2025-09-07 11:19:55.682863
2025-09-07,54927,2025090704000773,PMHPL,Malla & Malla Stock Broking Company Pvt. Limited,MILKY WAY SHARE BROKER COMPANY LTD ,50,360.2,18010.0,2025-09-07 11:19:55.683018
2025-09-07,54565,2025090704000858,PMHPL,Naasa Securities Co. Ltd.,MILKY WAY SHARE BROKER COMPANY LTD ,390,362.0,141180.0,2025-09-07 11:21:53.671455
2025-09-07,54311,2025090704000932,PMHPL,Miyo Securities Pvt Ltd,Aryatara Investment & Securities,50,360.0,18000.0,2025-09-07 11:22:56.716672
2025-09-07,54245,2025090704000962,PMHPL,Naasa Securities Co. Ltd.,Nepal Investment And Securities Trading Private Limited,130,364.5,47385.0,2025-09-07 11:23:14.021392
2025-09-07,54189,2025090704000985,PMHPL,Naasa Securities Co. Ltd.,Nepal Investment And Securities Trading Private Limited,10,364.5,3645.0,2025-09-07 11:23:34.995157
2025-09-07,53434,2025090704001207,PMHPL,Naasa Securities Co. Ltd.,Aryatara Investment & Securities,200,364.3,72860.0,2025-09-07 11:27:37.913387
2025-09-07,53322,2025090704001225,PMHPL,Naasa Securities Co. Ltd.,KALASH STOCK MARKET PVT. LTD.,250,364.4,91100.0,2025-09-07 11:28:04.725127
2025-09-07,53269,2025090704001238,PMHPL,Sani Securities Company Ltd.,Dipshikha Dhitopatra Karobar Co. Pvt Ltd.,130,362.0,47060.0,2025-09-07 11:28:26.408531
2025-09-07,52822,2025090704001376,PMHPL,Naasa Securities Co. Ltd.,Nepal Investment And Securities Trading Private Limited,500,364.0,182000.0,2025-09-07 11:30:34.972415
2025-09-07,52821,2025090704001377,PMHPL,Linch Stock Market Ltd.,Nepal Investment And Securities Trading Private Limited,220,364.0,80080.0,2025-09-07 11:30:35.474811
2025-09-07,52674,2025090704001442,PMHPL,Sani Securities Company Ltd.,Malla & Malla Stock Broking Company Pvt. Limited,60,362.0,21720.0,2025-09-07 11:31:10.287405
2025-09-07,52581,2025090704001471,PMHPL,Sumeru Securities Pvt. Ltd.,Nepal Investment And Securities Trading Private Limited,50,364.0,18200.0,2025-09-07 11:31:41.898789
2025-09-07,52264,2025090704001577,PMHPL,Sani Securities Company Ltd.,Creative Securities Pvt Ltd,10,362.0,3620.0,2025-09-07 11:33:10.977279
2025-09-07,52263,2025090704001578,PMHPL,Cristal Kanchanjanga Securites Pvt. Ltd.,Creative Securities Pvt Ltd,490,362.0,177380.0,2025-09-07 11:33:10.977418
2025-09-07,52139,2025090704001596,PMHPL,Cristal Kanchanjanga Securites Pvt. Ltd.,Bhrikuti Stock Broking Co. Pvt. Ltd.,60,362.0,21720.0,2025-09-07 11:33:55.608852
2025-09-07,52138,2025090704001597,PMHPL,Agrawal Securities (PVT) Ltd.,Bhrikuti Stock Broking Co. Pvt. Ltd.,150,362.0,54300.0,2025-09-07 11:33:55.608948
2025-09-07,52137,2025090704001598,PMHPL,Linch Stock Market Ltd.,Bhrikuti Stock Broking Co. Pvt. Ltd.,200,362.0,72400.0,2025-09-07 11:33:55.609018
2025-09-07,52136,2025090704001599,PMHPL,Nepal Stock House (PVT) Ltd.,Bhrikuti Stock Broking Co. Pvt. Ltd.,100,361.6,36160.0,2025-09-07 11:33:55.609135
2025-09-07,52104,2025090704001610,PMHPL,Sharepro Securities Private Limited,Nepal Investment And Securities Trading Private Limited,200,364.0,72800.0,2025-09-07 11:34:01.044903
2025-09-07,51890,2025090704001663,PMHPL,Sumeru Securities Pvt. Ltd.,Malla & Malla Stock Broking Company Pvt. Limited,50,361.5,18075.0,2025-09-07 11:35:08.458545
2025-09-07,51607,2025090704001741,PMHPL,Blue Chip Securities Ltd,INDEX SECURITIES LIMITED,5000,363.9,1819500.0,2025-09-07 11:36:39.419010
2025-09-07,51289,2025090704001802,PMHPL,Sumeru Securities Pvt. Ltd.,Nagarik Stock Dealer ,450,361.5,162675.0,2025-09-07 11:38:10.999549
2025-09-07,51288,2025090704001803,PMHPL,Sumeru Securities Pvt. Ltd.,Nagarik Stock Dealer ,500,361.1,180550.0,2025-09-07 11:38:10.999742
2025-09-07,51287,2025090704001804,PMHPL,Primo Securities (PVT) Ltd.,Nagarik Stock Dealer ,110,361.0,39710.0,2025-09-07 11:38:10.999868
2025-09-07,51286,2025090704001805,PMHPL,Sani Securities Company Ltd.,Nagarik Stock Dealer ,200,360.0,72000.0,2025-09-07 11:38:11.000011
2025-09-07,51285,2025090704001806,PMHPL,Sumeru Securities Pvt. Ltd.,Nagarik Stock Dealer ,100,360.0,36000.0,2025-09-07 11:38:11.000132
2025-09-07,51284,2025090704001807,PMHPL,J.F. Securites (PVT) Ltd.,Nagarik Stock Dealer ,1000,360.0,360000.0,2025-09-07 11:38:11.000240
2025-09-07,51283,2025090704001808,PMHPL,Sani Securities Company Ltd.,Nagarik Stock Dealer ,35,360.0,12600.0,2025-09-07 11:38:11.000395
2025-09-07,51282,2025090704001809,PMHPL,Aryatara Investment & Securities,Nagarik Stock Dealer ,1000,360.0,360000.0,2025-09-07 11:38:11.000512
2025-09-07,50792,2025090704001931,PMHPL,Imperial Securities Company Pvt. Ltd.,Sani Securities Company Ltd.,10,359.5,3595.0,2025-09-07 11:40:00.089191
2025-09-07,50791,2025090704001932,PMHPL,Imperial Securities Company Pvt. Ltd.,Capital Max Securities Ltd,150,360.0,54000.0,2025-09-07 11:40:00.089308
2025-09-07,50678,2025090704001959,PMHPL,Imperial Securities Company Pvt. Ltd.,Thrive Brokerage House Pvt. Ltd,40,360.0,14400.0,2025-09-07 11:40:23.887165
2025-09-07,50677,2025090704001960,PMHPL,Prabhu Stock Market Limited,Thrive Brokerage House Pvt. Ltd,260,360.0,93600.0,2025-09-07 11:40:23.887278
2025-09-07,50580,2025090704001980,PMHPL,Prabhu Stock Market Limited,Nagarik Stock Dealer ,40,360.0,14400.0,2025-09-07 11:40:51.222993
2025-09-07,50579,2025090704001981,PMHPL,Cristal Kanchanjanga Securites Pvt. Ltd.,Nagarik Stock Dealer ,1000,359.2,359200.0,2025-09-07 11:40:51.223198
2025-09-07,50578,2025090704001982,PMHPL,Dipshikha Dhitopatra Karobar Co. Pvt Ltd.,Nagarik Stock Dealer ,23,359.1,8259.3,2025-09-07 11:40:51.223341
2025-09-07,50577,2025090704001983,PMHPL,Sipla Securities Private Limited,Nagarik Stock Dealer ,200,359.0,71800.0,2025-09-07 11:40:51.223463
2025-09-07,50426,2025090704002022,PMHPL,Nepal Investment And Securities Trading Private Limited,Sumeru Securities Pvt. Ltd.,50,358.1,17905.0,2025-09-07 11:41:23.110479
2025-09-07,50400,2025090704002026,PMHPL,Nepal Investment And Securities Trading Private Limited,Nagarik Stock Dealer ,50,358.1,17905.0,2025-09-07 11:41:28.769709
2025-09-07,50349,2025090704002045,PMHPL,Cristal Kanchanjanga Securites Pvt. Ltd.,Nagarik Stock Dealer ,432,357.4,154396.8,2025-09-07 11:41:43.800195
2025-09-07,49961,2025090704002141,PMHPL,J.F. Securites (PVT) Ltd.,Bhrikuti Stock Broking Co. Pvt. Ltd.,500,358.0,179000.0,2025-09-07 11:42:57.122980
2025-09-07,49822,2025090704002181,PMHPL,J.F. Securites (PVT) Ltd.,Arun Securities (PVT) Ltd.,200,358.0,71600.0,2025-09-07 11:43:32.549669
2025-09-07,49163,2025090704002289,PMHPL,Sani Securities Company Ltd.,Bhrikuti Stock Broking Co. Pvt. Ltd.,10,361.0,3610.0,2025-09-07 11:46:24.467297
2025-09-07,48806,2025090704002389,PMHPL,Sani Securities Company Ltd.,Dipshikha Dhitopatra Karobar Co. Pvt Ltd.,10,360.9,3609.0,2025-09-07 11:47:52.329978
2025-09-07,48331,2025090704002520,PMHPL,Kalika Securities Pvt. Ltd.,Trishakti Securities Public Limited,500,360.0,180000.0,2025-09-07 11:50:02.855525
2025-09-07,48286,2025090704002541,PMHPL,Online Securities Pvt. Ltd.,Neev Securities Pvt. Ltd.,500,358.5,179250.0,2025-09-07 11:50:14.570719
2025-09-07,48161,2025090704002559,PMHPL,Bhrikuti Stock Broking Co. Pvt. Ltd.,Trishakti Securities Public Limited,130,360.0,46800.0,2025-09-07 11:50:48.073188
2025-09-07,47997,2025090704002600,PMHPL,Primo Securities (PVT) Ltd.,Trishakti Securities Public Limited,110,360.0,39600.0,2025-09-07 11:51:26.905085
2025-09-07,47974,2025090704002605,PMHPL,Vision Securities Pvt. Ltd,Nepal Investment And Securities Trading Private Limited,500,359.0,179500.0,2025-09-07 11:51:31.499649
2025-09-07,47923,2025090704002614,PMHPL,Trishakti Securities Public Limited,Nepal Investment And Securities Trading Private Limited,390,359.0,140010.0,2025-09-07 11:51:52.806026
2025-09-07,47870,2025090704002626,PMHPL,Himalayan Brokerage Company Limited,Trishakti Securities Public Limited,200,360.0,72000.0,2025-09-07 11:52:04.244467
2025-09-07,47727,2025090704002656,PMHPL,Kalika Securities Pvt. Ltd.,Trishakti Securities Public Limited,60,360.0,21600.0,2025-09-07 11:52:45.034840
2025-09-07,47683,2025090704002662,PMHPL,ABC Securities Private Limited,Thrive Brokerage House Pvt. Ltd,100,360.8,36080.0,2025-09-07 11:52:58.810161
2025-09-07,47682,2025090704002663,PMHPL,ABC Securities Private Limited,Dipshikha Dhitopatra Karobar Co. Pvt Ltd.,100,360.9,36090.0,2025-09-07 11:52:58.810341
2025-09-07,47647,2025090704002679,PMHPL,Sri Hari Securities Pvt. Ltd.,Dipshikha Dhitopatra Karobar Co. Pvt Ltd.,300,360.9,108270.0,2025-09-07 11:53:06.559607
2025-09-07,47517,2025090704002703,PMHPL,Kalika Securities Pvt. Ltd.,Midas Stock Broking Company Private Limited,440,360.0,158400.0,2025-09-07 11:53:44.636672
2025-09-07,47516,2025090704002704,PMHPL,Thrive Brokerage House Pvt. Ltd,Midas Stock Broking Company Private Limited,60,360.0,21600.0,2025-09-07 11:53:44.636907
2025-09-07,47386,2025090704002731,PMHPL,Market Securities & Exchange (PVT) Ltd.,Midas Stock Broking Company Private Limited,50,360.0,18000.0,2025-09-07 11:54:27.257579
2025-09-07,47119,2025090704002772,PMHPL,Thrive Brokerage House Pvt. Ltd,Naasa Securities Co. Ltd.,100,360.8,36080.0,2025-09-07 11:55:45.810924
2025-09-07,47118,2025090704002773,PMHPL,Thrive Brokerage House Pvt. Ltd,Dipshikha Dhitopatra Karobar Co. Pvt Ltd.,145,360.9,52330.5,2025-09-07 11:55:45.811193
2025-09-07,47067,2025090704002784,PMHPL,Trishakti Securities Public Limited,Dipshikha Dhitopatra Karobar Co. Pvt Ltd.,100,360.9,36090.0,2025-09-07 11:56:01.265915
2025-09-07,47066,2025090704002785,PMHPL,Trishakti Securities Public Limited,Bhrikuti Stock Broking Co. Pvt. Ltd.,100,361.0,36100.0,2025-09-07 11:56:01.266045
2025-09-07,46687,2025090704002839,PMHPL,South Asian Bulls Pvt. Ltd.,KALASH STOCK MARKET PVT. LTD.,100,359.0,35900.0,2025-09-07 11:57:18.554003
2025-09-07,46686,2025090704002840,PMHPL,Agrawal Securities (PVT) Ltd.,KALASH STOCK MARKET PVT. LTD.,100,358.3,35830.0,2025-09-07 11:57:18.554169
2025-09-07,46685,2025090704002841,PMHPL,Imperial Securities Company Pvt. Ltd.,KALASH STOCK MARKET PVT. LTD.,1000,358.3,358300.0,2025-09-07 11:57:18.554218
2025-09-07,46684,2025090704002842,PMHPL,Nagarik Stock Dealer ,KALASH STOCK MARKET PVT. LTD.,500,358.2,179100.0,2025-09-07 11:57:18.554267
2025-09-07,46683,2025090704002843,PMHPL,Online Securities Pvt. Ltd.,KALASH STOCK MARKET PVT. LTD.,500,358.2,179100.0,2025-09-07 11:57:18.554332
2025-09-07,46682,2025090704002844,PMHPL,J.F. Securites (PVT) Ltd.,KALASH STOCK MARKET PVT. LTD.,200,358.0,71600.0,2025-09-07 11:57:18.554378
2025-09-07,46681,2025090704002845,PMHPL,Nepal Investment And Securities Trading Private Limited,KALASH STOCK MARKET PVT. LTD.,100,358.0,35800.0,2025-09-07 11:57:18.554420
2025-09-07,46680,2025090704002846,PMHPL,J.F. Securites (PVT) Ltd.,KALASH STOCK MARKET PVT. LTD.,500,358.0,179000.0,2025-09-07 11:57:18.554463
2025-09-07,46679,2025090704002847,PMHPL,J.F. Securites (PVT) Ltd.,KALASH STOCK MARKET PVT. LTD.,500,358.0,179000.0,2025-09-07 11:57:18.554507
2025-09-07,46678,2025090704002848,PMHPL,Premier Securities Company Ltd.,KALASH STOCK MARKET PVT. LTD.,100,358.0,35800.0,2025-09-07 11:57:18.554548
2025-09-07,46677,2025090704002849,PMHPL,Himalayan Brokerage Company Limited,KALASH STOCK MARKET PVT. LTD.,200,358.0,71600.0,2025-09-07 11:57:18.554589
2025-09-07,46618,2025090704002869,PMHPL,Naasa Securities Co. Ltd.,KALASH STOCK MARKET PVT. LTD.,200,358.0,71600.0,2025-09-07 11:57:36.016379
2025-09-07,46184,2025090704002927,PMHPL,Online Securities Pvt. Ltd.,Naasa Securities Co. Ltd.,110,359.0,39490.0,2025-09-07 11:59:18.176152
2025-09-07,46183,2025090704002928,PMHPL,Secured Securities Ltd.,Naasa Securities Co. Ltd.,90,358.5,32265.0,2025-09-07 11:59:18.176236
2025-09-07,46174,2025090704002929,PMHPL,Secured Securities Ltd.,Malla & Malla Stock Broking Company Pvt. Limited,52,358.5,18642.0,2025-09-07 11:59:21.315026
2025-09-07,46173,2025090704002930,PMHPL,Naasa Securities Co. Ltd.,Malla & Malla Stock Broking Company Pvt. Limited,598,358.4,214323.2,2025-09-07 11:59:21.315170
2025-09-07,46014,2025090704002941,PMHPL,Nepal Stock House (PVT) Ltd.,KALASH STOCK MARKET PVT. LTD.,18,360.9,6496.2,2025-09-07 12:00:05.266243
2025-09-07,45494,2025090704003043,PMHPL,Trishakti Securities Public Limited,Midas Stock Broking Company Private Limited,300,360.0,108000.0,2025-09-07 12:02:44.774620
2025-09-07,45471,2025090704003046,PMHPL,Nepal Investment And Securities Trading Private Limited,Midas Stock Broking Company Private Limited,100,360.0,36000.0,2025-09-07 12:02:50.627452
2025-09-07,45434,2025090704003051,PMHPL,Naasa Securities Co. Ltd.,Midas Stock Broking Company Private Limited,150,360.0,54000.0,2025-09-07 12:03:02.954260
2025-09-07,44789,2025090704003162,PMHPL,Naasa Securities Co. Ltd.,KALASH STOCK MARKET PVT. LTD.,252,360.0,90720.0,2025-09-07 12:06:29.290903
2025-09-07,44788,2025090704003163,PMHPL,Naasa Securities Co. Ltd.,KALASH STOCK MARKET PVT. LTD.,23,360.0,8280.0,2025-09-07 12:06:29.291055
2025-09-07,44207,2025090704003282,PMHPL,Linch Stock Market Ltd.,Nabil Stock Dealer Ltd.,20,360.0,7200.0,2025-09-07 12:09:09.512238
2025-09-07,44121,2025090704003300,PMHPL,Sani Securities Company Ltd.,Opal Securities Investment (PVT) Ltd.,180,358.6,64548.0,2025-09-07 12:09:38.846304
2025-09-07,44120,2025090704003301,PMHPL,Sani Securities Company Ltd.,Opal Securities Investment (PVT) Ltd.,100,358.0,35800.0,2025-09-07 12:09:38.846448
2025-09-07,44119,2025090704003302,PMHPL,Naasa Securities Co. Ltd.,Opal Securities Investment (PVT) Ltd.,20,358.0,7160.0,2025-09-07 12:09:38.846497
2025-09-07,42985,2025090704003512,PMHPL,Capital Max Securities Ltd,KALASH STOCK MARKET PVT. LTD.,200,358.0,71600.0,2025-09-07 12:14:26.358803
2025-09-07,42128,2025090704003714,PMHPL,Naasa Securities Co. Ltd.,Dakshinkali Investment & Securities Pvt. Ltd.,100,358.0,35800.0,2025-09-07 12:18:04.184384
2025-09-07,41988,2025090704003725,PMHPL,Sani Securities Company Ltd.,Dakshinkali Investment & Securities Pvt. Ltd.,100,358.0,35800.0,2025-09-07 12:18:34.746838
2025-09-07,41767,2025090704003764,PMHPL,Sani Securities Company Ltd.,Cristal Kanchanjanga Securites Pvt. Ltd.,100,358.0,35800.0,2025-09-07 12:19:32.376799
2025-09-07,41199,2025090704003849,PMHPL,South Asian Bulls Pvt. Ltd.,Vision Securities Pvt. Ltd,10,358.0,3580.0,2025-09-07 12:22:21.006294
2025-09-07,41198,2025090704003850,PMHPL,Agrawal Securities (PVT) Ltd.,Vision Securities Pvt. Ltd,40,357.9,14316.0,2025-09-07 12:22:21.006438
2025-09-07,41036,2025090704003891,PMHPL,Vision Securities Pvt. Ltd,Nabil Stock Dealer Ltd.,20,360.0,7200.0,2025-09-07 12:23:03.646701
2025-09-07,41035,2025090704003892,PMHPL,Vision Securities Pvt. Ltd,INDEX SECURITIES LIMITED,100,360.0,36000.0,2025-09-07 12:23:03.646857
2025-09-07,40470,2025090704004018,PMHPL,Naasa Securities Co. Ltd.,Cristal Kanchanjanga Securites Pvt. Ltd.,22,360.0,7920.0,2025-09-07 12:25:55.980260
2025-09-07,39932,2025090704004121,PMHPL,Vision Securities Pvt. Ltd,Cristal Kanchanjanga Securites Pvt. Ltd.,100,360.0,36000.0,2025-09-07 12:28:19.016514
2025-09-07,39790,2025090704004154,PMHPL,Naasa Securities Co. Ltd.,Cristal Kanchanjanga Securites Pvt. Ltd.,30,360.0,10800.0,2025-09-07 12:29:06.051629
2025-09-07,39696,2025090704004176,PMHPL,Nepal Stock House (PVT) Ltd.,Cristal Kanchanjanga Securites Pvt. Ltd.,200,360.0,72000.0,2025-09-07 12:29:33.397738
2025-09-07,39531,2025090704004211,PMHPL,Vision Securities Pvt. Ltd,Cristal Kanchanjanga Securites Pvt. Ltd.,48,360.0,17280.0,2025-09-07 12:30:22.057115
2025-09-07,39133,2025090704004284,PMHPL,Sundhara Securities Limited,KALASH STOCK MARKET PVT. LTD.,200,360.7,72140.0,2025-09-07 12:32:08.512408
2025-09-07,38976,2025090704004317,PMHPL,Thrive Brokerage House Pvt. Ltd,Cristal Kanchanjanga Securites Pvt. Ltd.,500,360.5,180250.0,2025-09-07 12:33:06.353045
2025-09-07,38975,2025090704004318,PMHPL,Thrive Brokerage House Pvt. Ltd,KALASH STOCK MARKET PVT. LTD.,360,360.7,129852.0,2025-09-07 12:33:06.353104
2025-09-07,38974,2025090704004319,PMHPL,Thrive Brokerage House Pvt. Ltd,Dipshikha Dhitopatra Karobar Co. Pvt Ltd.,140,360.8,50512.0,2025-09-07 12:33:06.353139
2025-09-07,38944,2025090704004324,PMHPL,Sumeru Securities Pvt. Ltd.,Dipshikha Dhitopatra Karobar Co. Pvt Ltd.,691,360.8,249312.8,2025-09-07 12:33:16.180396
2025-09-07,38943,2025090704004325,PMHPL,Sumeru Securities Pvt. Ltd.,Bhrikuti Stock Broking Co. Pvt. Ltd.,59,361.0,21299.0,2025-09-07 12:33:16.180579
2025-09-07,38859,2025090704004331,PMHPL,Kumari Securities Private Limited,Bhrikuti Stock Broking Co. Pvt. Ltd.,331,361.0,119491.0,2025-09-07 12:33:40.295674
2025-09-07,37944,2025090704004561,PMHPL,Kumari Securities Private Limited,ABC Securities Private Limited,10,364.0,3640.0,2025-09-07 12:37:53.399284
2025-09-07,37864,2025090704004585,PMHPL,Ashutosh Brokerage & Securities (PVT) Ltd.,KALASH STOCK MARKET PVT. LTD.,200,364.4,72880.0,2025-09-07 12:38:09.940824
2025-09-07,37854,2025090704004587,PMHPL,Kumari Securities Private Limited,KALASH STOCK MARKET PVT. LTD.,550,364.4,200420.0,2025-09-07 12:38:13.442121
2025-09-07,37820,2025090704004601,PMHPL,Trishakti Securities Public Limited,Sani Securities Company Ltd.,10,364.5,3645.0,2025-09-07 12:38:20.577572
2025-09-07,37798,2025090704004609,PMHPL,Naasa Securities Co. Ltd.,Sani Securities Company Ltd.,25,364.5,9112.5,2025-09-07 12:38:29.165221
2025-09-07,37743,2025090704004613,PMHPL,Bhrikuti Stock Broking Co. Pvt. Ltd.,Sani Securities Company Ltd.,200,364.5,72900.0,2025-09-07 12:38:40.192761
2025-09-07,37701,2025090704004620,PMHPL,Ashutosh Brokerage & Securities (PVT) Ltd.,Sani Securities Company Ltd.,50,364.5,18225.0,2025-09-07 12:38:52.520663
2025-09-07,37613,2025090704004632,PMHPL,Online Securities Pvt. Ltd.,Sani Securities Company Ltd.,235,364.5,85657.5,2025-09-07 12:39:14.553091
2025-09-07,37458,2025090704004686,PMHPL,Trishakti Securities Public Limited,Sri Hari Securities Pvt. Ltd.,10,365.0,3650.0,2025-09-07 12:40:00.823646
2025-09-07,37429,2025090704004693,PMHPL,Blue Chip Securities Ltd,Sri Hari Securities Pvt. Ltd.,90,365.0,32850.0,2025-09-07 12:40:09.865584
2025-09-07,37428,2025090704004694,PMHPL,Blue Chip Securities Ltd,Agrawal Securities (PVT) Ltd.,50,365.0,18250.0,2025-09-07 12:40:09.865648
2025-09-07,37427,2025090704004695,PMHPL,Blue Chip Securities Ltd,ABC Securities Private Limited,10,365.1,3651.0,2025-09-07 12:40:09.865694
2025-09-07,37359,2025090704004717,PMHPL,Trishakti Securities Public Limited,Aryatara Investment & Securities,10,366.0,3660.0,2025-09-07 12:40:23.380799
2025-09-07,37354,2025090704004718,PMHPL,Blue Chip Securities Ltd,Aryatara Investment & Securities,100,366.0,36600.0,2025-09-07 12:40:24.886171
2025-09-07,37353,2025090704004719,PMHPL,Blue Chip Securities Ltd,Dipshikha Dhitopatra Karobar Co. Pvt Ltd.,50,366.0,18300.0,2025-09-07 12:40:24.886239
2025-09-07,37352,2025090704004720,PMHPL,Blue Chip Securities Ltd,J.F. Securites (PVT) Ltd.,1000,368.0,368000.0,2025-09-07 12:40:24.886272
2025-09-07,37351,2025090704004721,PMHPL,Blue Chip Securities Ltd,KALASH STOCK MARKET PVT. LTD.,500,368.0,184000.0,2025-09-07 12:40:24.886296
2025-09-07,37350,2025090704004722,PMHPL,Blue Chip Securities Ltd,Kumari Securities Private Limited,10,368.1,3681.0,2025-09-07 12:40:24.886331
2025-09-07,37287,2025090704004729,PMHPL,Trishakti Securities Public Limited,Secured Securities Ltd.,10,369.5,3695.0,2025-09-07 12:40:40.921372
2025-09-07,37173,2025090704004769,PMHPL,Kumari Securities Private Limited,Arun Securities (PVT) Ltd.,30,364.4,10932.0,2025-09-07 12:41:11.703568
2025-09-07,36388,2025090704004896,PMHPL,Sundhara Securities Limited,Naasa Securities Co. Ltd.,100,368.0,36800.0,2025-09-07 12:43:52.664915
2025-09-07,35165,2025090704005180,PMHPL,Oxford Securities Pvt. Ltd.,Secured Securities Ltd.,100,369.0,36900.0,2025-09-07 12:48:48.617546
2025-09-07,34530,2025090704005331,PMHPL,Premier Securities Company Ltd.,Trishakti Securities Public Limited,100,365.0,36500.0,2025-09-07 12:51:12.996190
2025-09-07,34050,2025090704005428,PMHPL,Oxford Securities Pvt. Ltd.,Kalika Securities Pvt. Ltd.,76,365.1,27747.6,2025-09-07 12:53:19.649491
2025-09-07,33991,2025090704005435,PMHPL,Naasa Securities Co. Ltd.,Kumari Securities Private Limited,10,368.0,3680.0,2025-09-07 12:53:45.461828
2025-09-07,33923,2025090704005448,PMHPL,Secured Securities Ltd.,Kumari Securities Private Limited,90,368.0,33120.0,2025-09-07 12:54:05.363201
2025-09-07,33922,2025090704005449,PMHPL,Secured Securities Ltd.,Hatemalo Financial Services Private Limited,300,368.0,110400.0,2025-09-07 12:54:05.363385
2025-09-07,33887,2025090704005455,PMHPL,Secured Securities Ltd.,Trishakti Securities Public Limited,610,368.0,224480.0,2025-09-07 12:54:16.028672
2025-09-07,33104,2025090704005686,PMHPL,Dynamic Money Managers Securities Pvt. Ltd.,Trishakti Securities Public Limited,50,368.0,18400.0,2025-09-07 12:57:49.124281
2025-09-07,32818,2025090704005746,PMHPL,Oxford Securities Pvt. Ltd.,Trishakti Securities Public Limited,10,365.1,3651.0,2025-09-07 12:59:26.875975
2025-09-07,32817,2025090704005747,PMHPL,J.F. Securites (PVT) Ltd.,Trishakti Securities Public Limited,230,365.0,83950.0,2025-09-07 12:59:26.876152
2025-09-07,32779,2025090704005755,PMHPL,Secured Securities Ltd.,Sagarmatha Securities Private Limited,50,368.0,18400.0,2025-09-07 12:59:39.048471
2025-09-07,32738,2025090704005761,PMHPL,Secured Securities Ltd.,Trishakti Securities Public Limited,450,368.0,165600.0,2025-09-07 12:59:51.937877
2025-09-07,32706,2025090704005765,PMHPL,Secured Securities Ltd.,Pragyan Securities (PVT) Ltd.,500,368.0,184000.0,2025-09-07 13:00:01.932367
2025-09-07,30970,2025090704006155,PMHPL,Online Securities Pvt. Ltd.,Thrive Brokerage House Pvt. Ltd,10,365.1,3651.0,2025-09-07 13:07:48.333997
2025-09-07,30969,2025090704006156,PMHPL,J.F. Securites (PVT) Ltd.,Thrive Brokerage House Pvt. Ltd,270,365.0,98550.0,2025-09-07 13:07:48.334355
2025-09-07,30968,2025090704006157,PMHPL,Siprabi Securities Pvt. Ltd.,Thrive Brokerage House Pvt. Ltd,220,365.0,80300.0,2025-09-07 13:07:48.334559
2025-09-07,30322,2025090704006331,PMHPL,K.B.L. Securities Limited ,Asian Securities Private Ltd.,1000,367.0,367000.0,2025-09-07 13:10:19.898019
2025-09-07,30279,2025090704006340,PMHPL,Kumari Securities Private Limited,Pragyan Securities (PVT) Ltd.,79,364.4,28787.6,2025-09-07 13:10:31.204870
2025-09-07,30278,2025090704006341,PMHPL,N.I.M.B. Stock Markets Limited,Pragyan Securities (PVT) Ltd.,421,364.0,153244.0,2025-09-07 13:10:31.205011
2025-09-07,30256,2025090704006350,PMHPL,N.I.M.B. Stock Markets Limited,Trishakti Securities Public Limited,79,364.0,28756.0,2025-09-07 13:10:39.389936
2025-09-07,29169,2025090704006584,PMHPL,Trishakti Securities Public Limited,Magnet Securities and Investment Company Private Limited,200,362.3,72460.0,2025-09-07 13:15:45.212567
2025-09-07,28832,2025090704006637,PMHPL,Trishakti Securities Public Limited,Malla & Malla Stock Broking Company Pvt. Limited,20,362.4,7248.0,2025-09-07 13:17:02.537826
2025-09-07,28820,2025090704006646,PMHPL,Trishakti Securities Public Limited,Hatemalo Financial Services Private Limited,980,362.4,355152.0,2025-09-07 13:17:11.310194
2025-09-07,28819,2025090704006647,PMHPL,Agrawal Securities (PVT) Ltd.,Hatemalo Financial Services Private Limited,200,362.4,72480.0,2025-09-07 13:17:11.310331
2025-09-07,28818,2025090704006648,PMHPL,Trishakti Securities Public Limited,Hatemalo Financial Services Private Limited,320,362.3,115936.0,2025-09-07 13:17:11.310410
2025-09-07,28658,2025090704006690,PMHPL,Trishakti Securities Public Limited,Trishakti Securities Public Limited,1000,362.3,362300.0,2025-09-07 13:17:53.243817
2025-09-07,28375,2025090704006777,PMHPL,Sani Securities Company Ltd.,Midas Stock Broking Company Private Limited,200,365.0,73000.0,2025-09-07 13:18:55.358933
2025-09-07,28276,2025090704006802,PMHPL,Trishakti Securities Public Limited,Thrive Brokerage House Pvt. Ltd,480,362.3,173904.0,2025-09-07 13:19:17.321689
2025-09-07,28275,2025090704006803,PMHPL,Bhrikuti Stock Broking Co. Pvt. Ltd.,Thrive Brokerage House Pvt. Ltd,100,362.0,36200.0,2025-09-07 13:19:17.321952
2025-09-07,28274,2025090704006804,PMHPL,Arun Securities (PVT) Ltd.,Thrive Brokerage House Pvt. Ltd,19,362.0,6878.0,2025-09-07 13:19:17.322100
2025-09-07,28273,2025090704006805,PMHPL,Investment Management Nepal Pvt. Ltd.,Thrive Brokerage House Pvt. Ltd,150,362.0,54300.0,2025-09-07 13:19:17.322266
2025-09-07,28272,2025090704006806,PMHPL,Sri Hari Securities Pvt. Ltd.,Thrive Brokerage House Pvt. Ltd,7511,362.0,2718982.0,2025-09-07 13:19:17.322670
2025-09-07,28023,2025090704006854,PMHPL,Bhrikuti Stock Broking Co. Pvt. Ltd.,Sri Hari Securities Pvt. Ltd.,13,362.0,4706.0,2025-09-07 13:20:29.286067
2025-09-07,28022,2025090704006855,PMHPL,Oxford Securities Pvt. Ltd.,Sri Hari Securities Pvt. Ltd.,592,361.9,214244.8,2025-09-07 13:20:29.286368
2025-09-07,27857,2025090704006876,PMHPL,Oxford Securities Pvt. Ltd.,Imperial Securities Company Pvt. Ltd.,408,361.9,147655.2,2025-09-07 13:21:08.632088
2025-09-07,27856,2025090704006877,PMHPL,Aryatara Investment & Securities,Imperial Securities Company Pvt. Ltd.,250,361.8,90450.0,2025-09-07 13:21:08.632371
2025-09-07,27855,2025090704006878,PMHPL,Online Securities Pvt. Ltd.,Imperial Securities Company Pvt. Ltd.,350,361.5,126525.0,2025-09-07 13:21:08.632534
2025-09-07,27854,2025090704006879,PMHPL,Kohinoor Investment & Securities Pvt. Ltd.,Imperial Securities Company Pvt. Ltd.,500,360.7,180350.0,2025-09-07 13:21:08.632686
2025-09-07,27853,2025090704006880,PMHPL,Online Securities Pvt. Ltd.,Imperial Securities Company Pvt. Ltd.,30,360.7,10821.0,2025-09-07 13:21:08.632834
2025-09-07,27852,2025090704006881,PMHPL,Creative Securities Pvt Ltd,Imperial Securities Company Pvt. Ltd.,1000,360.1,360100.0,2025-09-07 13:21:08.632987
2025-09-07,27851,2025090704006882,PMHPL,Arun Securities (PVT) Ltd.,Imperial Securities Company Pvt. Ltd.,30,360.0,10800.0,2025-09-07 13:21:08.633131
2025-09-07,27850,2025090704006883,PMHPL,Sani Securities Company Ltd.,Imperial Securities Company Pvt. Ltd.,125,360.0,45000.0,2025-09-07 13:21:08.633279
2025-09-07,27849,2025090704006884,PMHPL,Nepal Stock House (PVT) Ltd.,Imperial Securities Company Pvt. Ltd.,307,360.0,110520.0,2025-09-07 13:21:08.633452
2025-09-07,27570,2025090704006952,PMHPL,Nepal Stock House (PVT) Ltd.,Hatemalo Financial Services Private Limited,193,360.0,69480.0,2025-09-07 13:22:41.638660
2025-09-07,27569,2025090704006953,PMHPL,Bhrikuti Stock Broking Co. Pvt. Ltd.,Hatemalo Financial Services Private Limited,807,360.0,290520.0,2025-09-07 13:22:41.638899
2025-09-07,27334,2025090704006999,PMHPL,N.I.M.B. Stock Markets Limited,Dipshikha Dhitopatra Karobar Co. Pvt Ltd.,200,359.1,71820.0,2025-09-07 13:23:48.093614
2025-09-07,27183,2025090704007029,PMHPL,Linch Stock Market Ltd.,Aryatara Investment & Securities,100,361.9,36190.0,2025-09-07 13:24:38.983783
2025-09-07,26753,2025090704007122,PMHPL,Trishakti Securities Public Limited,Capital Max Securities Ltd,10,360.1,3601.0,2025-09-07 13:26:56.612452
2025-09-07,26507,2025090704007150,PMHPL,Trishakti Securities Public Limited,Dakshinkali Investment & Securities Pvt. Ltd.,10,360.2,3602.0,2025-09-07 13:28:24.798117
2025-09-07,24871,2025090704007364,PMHPL,Trishakti Securities Public Limited,Nepal Stock House (PVT) Ltd.,232,361.7,83914.4,2025-09-07 13:37:14.114884
2025-09-07,24827,2025090704007377,PMHPL,Trishakti Securities Public Limited,Sri Hari Securities Pvt. Ltd.,268,361.7,96935.6,2025-09-07 13:37:30.996352
2025-09-07,24826,2025090704007378,PMHPL,Trishakti Securities Public Limited,Sri Hari Securities Pvt. Ltd.,112,361.6,40499.2,2025-09-07 13:37:30.996644
2025-09-07,24796,2025090704007382,PMHPL,Sumeru Securities Pvt. Ltd.,Arun Securities (PVT) Ltd.,10,364.0,3640.0,2025-09-07 13:37:37.139718
2025-09-07,24402,2025090704007430,PMHPL,Trishakti Securities Public Limited,Sri Hari Securities Pvt. Ltd.,388,361.1,140106.8,2025-09-07 13:39:31.322123
2025-09-07,24401,2025090704007431,PMHPL,Imperial Securities Company Pvt. Ltd.,Sri Hari Securities Pvt. Ltd.,10,361.0,3610.0,2025-09-07 13:39:31.322411
2025-09-07,24400,2025090704007432,PMHPL,Opal Securities Investment (PVT) Ltd.,Sri Hari Securities Pvt. Ltd.,100,361.0,36100.0,2025-09-07 13:39:31.322560
2025-09-07,24399,2025090704007433,PMHPL,Vision Securities Pvt. Ltd,Sri Hari Securities Pvt. Ltd.,300,360.5,108150.0,2025-09-07 13:39:31.322709
2025-09-07,24398,2025090704007434,PMHPL,Kumari Securities Private Limited,Sri Hari Securities Pvt. Ltd.,150,360.5,54075.0,2025-09-07 13:39:31.322857
2025-09-07,24397,2025090704007435,PMHPL,Trishakti Securities Public Limited,Sri Hari Securities Pvt. Ltd.,52,360.1,18725.2,2025-09-07 13:39:31.323002
2025-09-07,22159,2025090704007955,PMHPL,Sumeru Securities Pvt. Ltd.,Midas Stock Broking Company Private Limited,10,365.0,3650.0,2025-09-07 13:52:03.802259
2025-09-07,21997,2025090704007999,PMHPL,Dipshikha Dhitopatra Karobar Co. Pvt Ltd.,Midas Stock Broking Company Private Limited,20,365.0,7300.0,2025-09-07 13:52:41.686810
2025-09-07,20998,2025090704008228,PMHPL,Trishakti Securities Public Limited,Naasa Securities Co. Ltd.,70,361.0,25270.0,2025-09-07 13:57:29.901837
2025-09-07,19937,2025090704008429,PMHPL,Bhrikuti Stock Broking Co. Pvt. Ltd.,Sani Securities Company Ltd.,193,361.0,69673.0,2025-09-07 14:02:59.334562
2025-09-07,19936,2025090704008430,PMHPL,Blue Chip Securities Ltd,Sani Securities Company Ltd.,1000,361.0,361000.0,2025-09-07 14:02:59.334730
2025-09-07,19935,2025090704008431,PMHPL,SUN SECURITIES PVT LTD,Sani Securities Company Ltd.,100,360.9,36090.0,2025-09-07 14:02:59.334793
2025-09-07,19934,2025090704008432,PMHPL,N.I.M.B. Stock Markets Limited,Sani Securities Company Ltd.,800,360.8,288640.0,2025-09-07 14:02:59.334900
2025-09-07,19933,2025090704008433,PMHPL,Creative Securities Pvt Ltd,Sani Securities Company Ltd.,2000,360.5,721000.0,2025-09-07 14:02:59.334960
2025-09-07,19932,2025090704008434,PMHPL,Vision Securities Pvt. Ltd,Sani Securities Company Ltd.,100,360.3,36030.0,2025-09-07 14:02:59.335016
2025-09-07,19931,2025090704008435,PMHPL,Asian Securities Private Ltd.,Sani Securities Company Ltd.,1000,360.0,360000.0,2025-09-07 14:02:59.335116
2025-09-07,19930,2025090704008436,PMHPL,J.F. Securites (PVT) Ltd.,Sani Securities Company Ltd.,100,360.0,36000.0,2025-09-07 14:02:59.335168
2025-09-07,19929,2025090704008437,PMHPL,Agrawal Securities (PVT) Ltd.,Sani Securities Company Ltd.,100,360.0,36000.0,2025-09-07 14:02:59.335220
2025-09-07,19928,2025090704008438,PMHPL,Linch Stock Market Ltd.,Sani Securities Company Ltd.,200,360.0,72000.0,2025-09-07 14:02:59.335282
2025-09-07,19872,2025090704008445,PMHPL,Sani Securities Company Ltd.,Sumeru Securities Pvt. Ltd.,10,359.0,3590.0,2025-09-07 14:03:13.404107
2025-09-07,19483,2025090704008540,PMHPL,Sumeru Securities Pvt. Ltd.,Sani Securities Company Ltd.,10,360.1,3601.0,2025-09-07 14:05:07.529984
2025-09-07,19482,2025090704008541,PMHPL,Sani Securities Company Ltd.,Sani Securities Company Ltd.,90,360.0,32400.0,2025-09-07 14:05:07.530266
2025-09-07,18451,2025090704008782,PMHPL,Nepal Stock House (PVT) Ltd.,Imperial Securities Company Pvt. Ltd.,400,360.5,144200.0,2025-09-07 14:10:26.952673
2025-09-07,17399,2025090704009005,PMHPL,Sani Securities Company Ltd.,Thrive Brokerage House Pvt. Ltd,10,360.0,3600.0,2025-09-07 14:15:21.650271
2025-09-07,17398,2025090704009006,PMHPL,Trishakti Securities Public Limited,Thrive Brokerage House Pvt. Ltd,900,359.2,323280.0,2025-09-07 14:15:21.650456
2025-09-07,17397,2025090704009007,PMHPL,Sumeru Securities Pvt. Ltd.,Thrive Brokerage House Pvt. Ltd,90,359.1,32319.0,2025-09-07 14:15:21.650549
2025-09-07,17150,2025090704009089,PMHPL,Sumeru Securities Pvt. Ltd.,Kumari Securities Private Limited,410,359.1,147231.0,2025-09-07 14:16:24.602231
2025-09-07,17149,2025090704009090,PMHPL,Sumeru Securities Pvt. Ltd.,Kumari Securities Private Limited,1500,359.1,538650.0,2025-09-07 14:16:24.602407
2025-09-07,17148,2025090704009091,PMHPL,Sani Securities Company Ltd.,Kumari Securities Private Limited,27,359.0,9693.0,2025-09-07 14:16:24.602464
2025-09-07,17025,2025090704009100,PMHPL,Sundhara Securities Limited,Kumari Securities Private Limited,50,358.1,17905.0,2025-09-07 14:16:49.661151
2025-09-07,17024,2025090704009101,PMHPL,Neev Securities Pvt. Ltd.,Kumari Securities Private Limited,13,358.1,4655.3,2025-09-07 14:16:49.661429
2025-09-07,16995,2025090704009107,PMHPL,Neev Securities Pvt. Ltd.,Sani Securities Company Ltd.,287,358.1,102774.7,2025-09-07 14:16:58.983845
2025-09-07,16994,2025090704009108,PMHPL,Dakshinkali Investment & Securities Pvt. Ltd.,Sani Securities Company Ltd.,100,358.0,35800.0,2025-09-07 14:16:58.984024
2025-09-07,16993,2025090704009109,PMHPL,Naasa Securities Co. Ltd.,Sani Securities Company Ltd.,110,358.0,39380.0,2025-09-07 14:16:58.984082
2025-09-07,16992,2025090704009110,PMHPL,ABC Securities Private Limited,Sani Securities Company Ltd.,50,358.0,17900.0,2025-09-07 14:16:58.984139
2025-09-07,16991,2025090704009111,PMHPL,Blue Chip Securities Ltd,Sani Securities Company Ltd.,453,358.0,162174.0,2025-09-07 14:16:58.984190
2025-09-07,16986,2025090704009115,PMHPL,Blue Chip Securities Ltd,Oxford Securities Pvt. Ltd.,547,358.0,195826.0,2025-09-07 14:17:00.680131
2025-09-07,16985,2025090704009116,PMHPL,Agrawal Securities (PVT) Ltd.,Oxford Securities Pvt. Ltd.,100,358.0,35800.0,2025-09-07 14:17:00.680282
2025-09-07,16984,2025090704009117,PMHPL,Asian Securities Private Ltd.,Oxford Securities Pvt. Ltd.,1000,358.0,358000.0,2025-09-07 14:17:00.680348
2025-09-07,16983,2025090704009118,PMHPL,Vision Securities Pvt. Ltd,Oxford Securities Pvt. Ltd.,200,358.0,71600.0,2025-09-07 14:17:00.680395
2025-09-07,16982,2025090704009119,PMHPL,Neev Securities Pvt. Ltd.,Oxford Securities Pvt. Ltd.,700,358.0,250600.0,2025-09-07 14:17:00.680467
2025-09-07,16748,2025090704009173,PMHPL,Agrawal Securities (PVT) Ltd.,Sani Securities Company Ltd.,200,357.9,71580.0,2025-09-07 14:17:51.993241
2025-09-07,16720,2025090704009181,PMHPL,SUN SECURITIES PVT LTD,Thrive Brokerage House Pvt. Ltd,100,357.7,35770.0,2025-09-07 14:17:56.963107
2025-09-07,16719,2025090704009182,PMHPL,Blue Chip Securities Ltd,Thrive Brokerage House Pvt. Ltd,900,357.1,321390.0,2025-09-07 14:17:56.963212
2025-09-07,16486,2025090704009240,PMHPL,Sani Securities Company Ltd.,Oxford Securities Pvt. Ltd.,2453,358.0,878174.0,2025-09-07 14:18:34.693680
2025-09-07,16410,2025090704009261,PMHPL,Blue Chip Securities Ltd,Vision Securities Pvt. Ltd,50,357.1,17855.0,2025-09-07 14:18:51.613215
2025-09-07,16314,2025090704009281,PMHPL,Blue Chip Securities Ltd,Imperial Securities Company Pvt. Ltd.,50,357.1,17855.0,2025-09-07 14:19:13.041207
2025-09-07,16313,2025090704009282,PMHPL,Sipla Securities Private Limited,Imperial Securities Company Pvt. Ltd.,100,357.0,35700.0,2025-09-07 14:19:13.041381
2025-09-07,16312,2025090704009283,PMHPL,Aryatara Investment & Securities,Imperial Securities Company Pvt. Ltd.,200,357.0,71400.0,2025-09-07 14:19:13.041439
2025-09-07,16311,2025090704009284,PMHPL,Linch Stock Market Ltd.,Imperial Securities Company Pvt. Ltd.,15,357.0,5355.0,2025-09-07 14:19:13.041487
2025-09-07,16310,2025090704009285,PMHPL,Vision Securities Pvt. Ltd,Imperial Securities Company Pvt. Ltd.,257,357.0,91749.0,2025-09-07 14:19:13.041537
2025-09-07,14968,2025090704009595,PMHPL,Creative Securities Pvt Ltd,Malla & Malla Stock Broking Company Pvt. Limited,50,357.3,17865.0,2025-09-07 14:24:45.009111
2025-09-07,14967,2025090704009596,PMHPL,Creative Securities Pvt Ltd,Aakashbhairab Securities Ltd.,450,357.3,160785.0,2025-09-07 14:24:45.106584
2025-09-07,14966,2025090704009597,PMHPL,Sumeru Securities Pvt. Ltd.,Aakashbhairab Securities Ltd.,500,357.1,178550.0,2025-09-07 14:24:45.106640
2025-09-07,14965,2025090704009598,PMHPL,Vision Securities Pvt. Ltd,Aakashbhairab Securities Ltd.,43,357.0,15351.0,2025-09-07 14:24:45.106664
2025-09-07,14964,2025090704009599,PMHPL,Oxford Securities Pvt. Ltd.,Aakashbhairab Securities Ltd.,127,357.0,45339.0,2025-09-07 14:24:45.106691
2025-09-07,14935,2025090704009602,PMHPL,Oxford Securities Pvt. Ltd.,Aakashbhairab Securities Ltd.,273,357.0,97461.0,2025-09-07 14:24:52.618649
2025-09-07,14934,2025090704009603,PMHPL,Sani Securities Company Ltd.,Aakashbhairab Securities Ltd.,10,357.0,3570.0,2025-09-07 14:24:52.618766
2025-09-07,14933,2025090704009604,PMHPL,South Asian Bulls Pvt. Ltd.,Aakashbhairab Securities Ltd.,200,356.0,71200.0,2025-09-07 14:24:52.618840
2025-09-07,14932,2025090704009605,PMHPL,Online Securities Pvt. Ltd.,Aakashbhairab Securities Ltd.,154,356.0,54824.0,2025-09-07 14:24:52.618863
2025-09-07,14931,2025090704009606,PMHPL,Shree Krishna Securities Ltd.,Aakashbhairab Securities Ltd.,363,356.0,129228.0,2025-09-07 14:24:52.618903
2025-09-07,14832,2025090704009639,PMHPL,Sumeru Securities Pvt. Ltd.,Swarna Laxmi Securities Pvt. Ltd.,40,357.0,14280.0,2025-09-07 14:25:13.043685
2025-09-07,14430,2025090704009740,PMHPL,Sumeru Securities Pvt. Ltd.,J.F. Securites (PVT) Ltd.,100,361.9,36190.0,2025-09-07 14:26:45.729655
2025-09-07,12370,2025090704010235,PMHPL,J.F. Securites (PVT) Ltd.,Naasa Securities Co. Ltd.,300,360.0,108000.0,2025-09-07 14:33:15.213917
2025-09-07,12184,2025090704010285,PMHPL,Sri Hari Securities Pvt. Ltd.,Premier Securities Company Ltd.,11,361.6,3977.6,2025-09-07 14:33:48.986406
2025-09-07,10666,2025090704010678,PMHPL,Sumeru Securities Pvt. Ltd.,Aryatara Investment & Securities,40,361.0,14440.0,2025-09-07 14:39:12.409636
2025-09-07,10013,2025090704010862,PMHPL,Stoxkarts Securities Limited,Shree Krishna Securities Ltd.,20,358.5,7170.0,2025-09-07 14:41:15.735601
2025-09-07,10012,2025090704010863,PMHPL,Primo Securities (PVT) Ltd.,Shree Krishna Securities Ltd.,80,358.1,28648.0,2025-09-07 14:41:15.735823
2025-09-07,9901,2025090704010891,PMHPL,Primo Securities (PVT) Ltd.,Naasa Securities Co. Ltd.,50,358.1,17905.0,2025-09-07 14:41:37.949852
2025-09-07,9900,2025090704010892,PMHPL,Swarna Laxmi Securities Pvt. Ltd.,Naasa Securities Co. Ltd.,10,357.5,3575.0,2025-09-07 14:41:37.950140
2025-09-07,9899,2025090704010893,PMHPL,Vision Securities Pvt. Ltd,Naasa Securities Co. Ltd.,100,357.2,35720.0,2025-09-07 14:41:37.950384
2025-09-07,9898,2025090704010894,PMHPL,Naasa Securities Co. Ltd.,Naasa Securities Co. Ltd.,500,357.1,178550.0,2025-09-07 14:41:37.950620
2025-09-07,9897,2025090704010895,PMHPL,Sani Securities Company Ltd.,Naasa Securities Co. Ltd.,40,357.0,14280.0,2025-09-07 14:41:37.950839
2025-09-07,9812,2025090704010916,PMHPL,Sri Hari Securities Pvt. Ltd.,Aryatara Investment & Securities,60,361.0,21660.0,2025-09-07 14:41:53.030602
2025-09-07,9811,2025090704010917,PMHPL,Sri Hari Securities Pvt. Ltd.,J.F. Securites (PVT) Ltd.,200,361.0,72200.0,2025-09-07 14:41:53.030673
2025-09-07,9810,2025090704010918,PMHPL,Sri Hari Securities Pvt. Ltd.,Premier Securities Company Ltd.,89,361.2,32146.8,2025-09-07 14:41:53.030705
2025-09-07,9809,2025090704010919,PMHPL,Sri Hari Securities Pvt. Ltd.,Aryatara Investment & Securities,200,361.9,72380.0,2025-09-07 14:41:53.030735
2025-09-07,9808,2025090704010920,PMHPL,Sri Hari Securities Pvt. Ltd.,Midas Stock Broking Company Private Limited,451,362.0,163262.0,2025-09-07 14:41:53.030761
2025-09-07,8012,2025090704011354,PMHPL,Sani Securities Company Ltd.,Thrive Brokerage House Pvt. Ltd,20,360.0,7200.0,2025-09-07 14:46:25.825103
2025-09-07,8011,2025090704011355,PMHPL,Thrive Brokerage House Pvt. Ltd,Thrive Brokerage House Pvt. Ltd,15,359.0,5385.0,2025-09-07 14:46:25.825424
2025-09-07,8010,2025090704011356,PMHPL,Dynamic Money Managers Securities Pvt. Ltd.,Thrive Brokerage House Pvt. Ltd,20,359.0,7180.0,2025-09-07 14:46:25.825589
2025-09-07,8009,2025090704011357,PMHPL,Vision Securities Pvt. Ltd,Thrive Brokerage House Pvt. Ltd,200,357.1,71420.0,2025-09-07 14:46:25.825816
2025-09-07,8008,2025090704011358,PMHPL,Sani Securities Company Ltd.,Thrive Brokerage House Pvt. Ltd,745,357.0,265965.0,2025-09-07 14:46:25.825992
2025-09-07,7883,2025090704011393,PMHPL,Sumeru Securities Pvt. Ltd.,SUN SECURITIES PVT LTD,10,361.0,3610.0,2025-09-07 14:46:44.497191
2025-09-07,6951,2025090704011580,PMHPL,Aakashbhairab Securities Ltd.,Dipshikha Dhitopatra Karobar Co. Pvt Ltd.,10,360.9,3609.0,2025-09-07 14:48:47.307362
2025-09-07,6684,2025090704011701,PMHPL,Pragyan Securities (PVT) Ltd.,Dipshikha Dhitopatra Karobar Co. Pvt Ltd.,20,360.9,7218.0,2025-09-07 14:49:24.492924
2025-09-07,4725,2025090704012132,PMHPL,KALASH STOCK MARKET PVT. LTD.,Bhrikuti Stock Broking Co. Pvt. Ltd.,100,358.1,35810.0,2025-09-07 14:53:38.395791
2025-09-07,4724,2025090704012133,PMHPL,Sundhara Securities Limited,Bhrikuti Stock Broking Co. Pvt. Ltd.,200,358.0,71600.0,2025-09-07 14:53:38.396108
2025-09-07,4545,2025090704012185,PMHPL,Sani Securities Company Ltd.,Bhrikuti Stock Broking Co. Pvt. Ltd.,200,358.0,71600.0,2025-09-07 14:54:06.334850
2025-09-07,4025,2025090704012321,PMHPL,Sumeru Securities Pvt. Ltd.,SUN SECURITIES PVT LTD,10,360.0,3600.0,2025-09-07 14:55:06.272708
2025-09-07,3979,2025090704012335,PMHPL,Agrawal Securities (PVT) Ltd.,SUN SECURITIES PVT LTD,80,360.0,28800.0,2025-09-07 14:55:13.448729
2025-09-07,3889,2025090704012367,PMHPL,Sagarmatha Securities Private Limited,Aryatara Investment & Securities,100,360.7,36070.0,2025-09-07 14:55:21.273781
2025-09-07,3832,2025090704012376,PMHPL,Agrawal Securities (PVT) Ltd.,Miyo Securities Pvt Ltd,20,360.0,7200.0,2025-09-07 14:55:26.467891
2025-09-07,3831,2025090704012377,PMHPL,Premier Securities Company Ltd.,Miyo Securities Pvt Ltd,656,358.1,234913.6,2025-09-07 14:55:26.468025
2025-09-07,3715,2025090704012411,PMHPL,Premier Securities Company Ltd.,Bhrikuti Stock Broking Co. Pvt. Ltd.,344,358.1,123186.4,2025-09-07 14:55:38.874756
2025-09-07,3714,2025090704012412,PMHPL,Sani Securities Company Ltd.,Bhrikuti Stock Broking Co. Pvt. Ltd.,156,358.0,55848.0,2025-09-07 14:55:38.874907
2025-09-07,3538,2025090704012469,PMHPL,Sani Securities Company Ltd.,Midas Stock Broking Company Private Limited,344,358.0,123152.0,2025-09-07 14:56:00.262249
2025-09-07,3537,2025090704012470,PMHPL,Sani Securities Company Ltd.,Midas Stock Broking Company Private Limited,600,358.0,214800.0,2025-09-07 14:56:00.262289
2025-09-07,3536,2025090704012471,PMHPL,Sani Securities Company Ltd.,Midas Stock Broking Company Private Limited,215,357.0,76755.0,2025-09-07 14:56:00.262332
2025-09-07,3535,2025090704012472,PMHPL,Agrawal Securities (PVT) Ltd.,Midas Stock Broking Company Private Limited,461,357.0,164577.0,2025-09-07 14:56:00.262364
2025-09-07,3534,2025090704012473,PMHPL,Prabhu Stock Market Limited,Midas Stock Broking Company Private Limited,380,357.0,135660.0,2025-09-07 14:56:00.262389
2025-09-07,3161,2025090704012572,PMHPL,Bhrikuti Stock Broking Co. Pvt. Ltd.,ABC Securities Private Limited,1000,358.0,358000.0,2025-09-07 14:56:38.176356
2025-09-07,3128,2025090704012578,PMHPL,ABC Securities Private Limited,R.B.B. Securities Company Ltd,300,359.9,107970.0,2025-09-07 14:56:40.684661
2025-09-07,3048,2025090704012596,PMHPL,Kohinoor Investment & Securities Pvt. Ltd.,Dipshikha Dhitopatra Karobar Co. Pvt Ltd.,200,357.2,71440.0,2025-09-07 14:56:48.376855
2025-09-07,3047,2025090704012597,PMHPL,Sundhara Securities Limited,Dipshikha Dhitopatra Karobar Co. Pvt Ltd.,100,357.1,35710.0,2025-09-07 14:56:48.376993
2025-09-07,3046,2025090704012598,PMHPL,Prabhu Stock Market Limited,Dipshikha Dhitopatra Karobar Co. Pvt Ltd.,120,357.0,42840.0,2025-09-07 14:56:48.377048
2025-09-07,3045,2025090704012599,PMHPL,Sani Securities Company Ltd.,Dipshikha Dhitopatra Karobar Co. Pvt Ltd.,50,357.0,17850.0,2025-09-07 14:56:48.377099
2025-09-07,2812,2025090704012668,PMHPL,Sani Securities Company Ltd.,Midas Stock Broking Company Private Limited,70,357.0,24990.0,2025-09-07 14:57:07.954995
2025-09-07,2811,2025090704012669,PMHPL,Cristal Kanchanjanga Securites Pvt. Ltd.,Midas Stock Broking Company Private Limited,100,356.2,35620.0,2025-09-07 14:57:07.955140
2025-09-07,2810,2025090704012670,PMHPL,Shree Krishna Securities Ltd.,Midas Stock Broking Company Private Limited,100,356.0,35600.0,2025-09-07 14:57:07.955198
2025-09-07,2809,2025090704012671,PMHPL,ABC Securities Private Limited,Midas Stock Broking Company Private Limited,210,356.0,74760.0,2025-09-07 14:57:07.955254
2025-09-07,2490,2025090704012747,PMHPL,Vision Securities Pvt. Ltd,Midas Stock Broking Company Private Limited,200,355.1,71020.0,2025-09-07 14:57:35.596122
2025-09-07,2489,2025090704012748,PMHPL,Agrawal Securities (PVT) Ltd.,Midas Stock Broking Company Private Limited,200,355.0,71000.0,2025-09-07 14:57:35.596291
2025-09-07,2488,2025090704012749,PMHPL,Thrive Brokerage House Pvt. Ltd,Midas Stock Broking Company Private Limited,100,355.0,35500.0,2025-09-07 14:57:35.596354
2025-09-07,2354,2025090704012796,PMHPL,Thrive Brokerage House Pvt. Ltd,Sani Securities Company Ltd.,200,355.0,71000.0,2025-09-07 14:57:45.787663
2025-09-07,2353,2025090704012797,PMHPL,Kohinoor Investment & Securities Pvt. Ltd.,Sani Securities Company Ltd.,100,355.0,35500.0,2025-09-07 14:57:45.787788
2025-09-07,2352,2025090704012798,PMHPL,Sri Hari Securities Pvt. Ltd.,Sani Securities Company Ltd.,200,355.0,71000.0,2025-09-07 14:57:45.787840
2025-09-07,2351,2025090704012799,PMHPL,Premier Securities Company Ltd.,Sani Securities Company Ltd.,400,355.0,142000.0,2025-09-07 14:57:45.787887
2025-09-07,2350,2025090704012800,PMHPL,Vision Securities Pvt. Ltd,Sani Securities Company Ltd.,100,355.0,35500.0,2025-09-07 14:57:45.787963
2025-09-07,2231,2025090704012834,PMHPL,Vision Securities Pvt. Ltd,Sani Securities Company Ltd.,900,355.0,319500.0,2025-09-07 14:57:55.867032
2025-09-07,2230,2025090704012835,PMHPL,Trishakti Securities Public Limited,Sani Securities Company Ltd.,600,355.0,213000.0,2025-09-07 14:57:55.867268
2025-09-07,1751,2025090704012983,PMHPL,Bhrikuti Stock Broking Co. Pvt. Ltd.,Midas Stock Broking Company Private Limited,220,356.0,78320.0,2025-09-07 14:58:35.776596
2025-09-07,1466,2025090704013106,PMHPL,Bhrikuti Stock Broking Co. Pvt. Ltd.,Aryatara Investment & Securities,100,356.0,35600.0,2025-09-07 14:58:49.667444
2025-09-07,1344,2025090704013138,PMHPL,Bhrikuti Stock Broking Co. Pvt. Ltd.,ABC Securities Private Limited,660,356.0,234960.0,2025-09-07 14:58:58.684179
2025-09-07,1138,2025090704013200,PMHPL,Aakashbhairab Securities Ltd.,Ashutosh Brokerage & Securities (PVT) Ltd.,200,357.0,71400.0,2025-09-07 14:59:12.058369
2025-09-07,1137,2025090704013201,PMHPL,Bhrikuti Stock Broking Co. Pvt. Ltd.,Ashutosh Brokerage & Securities (PVT) Ltd.,20,356.0,7120.0,2025-09-07 14:59:12.058436
2025-09-07,1136,2025090704013202,PMHPL,Linch Stock Market Ltd.,Ashutosh Brokerage & Securities (PVT) Ltd.,10,356.0,3560.0,2025-09-07 14:59:12.058456
2025-09-07,1135,2025090704013203,PMHPL,Bhrikuti Stock Broking Co. Pvt. Ltd.,Ashutosh Brokerage & Securities (PVT) Ltd.,170,356.0,60520.0,2025-09-07 14:59:12.058481
2025-09-07,765,2025090704013299,PMHPL,Bhrikuti Stock Broking Co. Pvt. Ltd.,Himalayan Brokerage Company Limited,830,356.0,295480.0,2025-09-07 14:59:27.401905
2025-09-07,764,2025090704013300,PMHPL,Online Securities Pvt. Ltd.,Himalayan Brokerage Company Limited,170,356.0,60520.0,2025-09-07 14:59:27.402153
2025-09-07,684,2025090704013341,PMHPL,Online Securities Pvt. Ltd.,Dipshikha Dhitopatra Karobar Co. Pvt Ltd.,330,356.0,117480.0,2025-09-07 14:59:30.768093
2025-09-07,635,2025090704013354,PMHPL,J.F. Securites (PVT) Ltd.,Dipshikha Dhitopatra Karobar Co. Pvt Ltd.,70,356.0,24920.0,2025-09-07 14:59:32.470820
2025-09-07,634,2025090704013355,PMHPL,J.F. Securites (PVT) Ltd.,Midas Stock Broking Company Private Limited,100,357.6,35760.0,2025-09-07 14:59:32.470955
2025-09-07,633,2025090704013356,PMHPL,J.F. Securites (PVT) Ltd.,Sri Hari Securities Pvt. Ltd.,500,357.7,178850.0,2025-09-07 14:59:32.471017
2025-09-07,361,2025090704013457,PMHPL,J.F. Securites (PVT) Ltd.,Asian Securities Private Ltd.,135,357.7,48289.5,2025-09-07 14:59:45.323648
2025-09-07,50,2025090704013554,PMHPL,N.I.M.B. Stock Markets Limited,Midas Stock Broking Company Private Limited,230,357.8,82294.0,2025-09-07 14:59:58.750575
