Date,S.N.,Contract ID,Symbol,Buyer Broker,Seller Broker,volume,rate,amount,transaction_time
2025-09-07,58024,2025090704000043,RADHI,Vision Securities Pvt. Ltd,Magnet Securities and Investment Company Private Limited,10,777.3,7773.0,2025-09-07 10:46:00.027137
2025-09-07,57395,2025090704000211,RADHI,Global IME Securities Limited,Indira securities pvt. ltd,300,763.0,228900.0,2025-09-07 11:05:22.754502
2025-09-07,57308,2025090704000247,RADHI,Global IME Securities Limited,Himalayan Brokerage Company Limited,10,763.0,7630.0,2025-09-07 11:05:48.989558
2025-09-07,57223,2025090704000269,RADHI,Global IME Securities Limited,Nabil Stock Dealer Ltd.,100,763.0,76300.0,2025-09-07 11:06:21.647126
2025-09-07,56285,2025090704000480,RADHI,Global IME Securities Limited,Sri Hari Securities Pvt. Ltd.,30,763.0,22890.0,2025-09-07 11:12:27.429627
2025-09-07,56162,2025090704000495,RADHI,Global IME Securities Limited,Dipshikha Dhitopatra Karobar Co. Pvt Ltd.,50,763.0,38150.0,2025-09-07 11:13:14.046636
2025-09-07,56160,2025090704000496,RADHI,Global IME Securities Limited,Online Securities Pvt. Ltd.,10,763.0,7630.0,2025-09-07 11:13:16.622121
2025-09-07,55509,2025090704000612,RADHI,Trisul Securities & Invt. Ltd.,Online Securities Pvt. Ltd.,50,763.0,38150.0,2025-09-07 11:16:49.530260
2025-09-07,55508,2025090704000613,RADHI,Trisul Securities & Invt. Ltd.,Agrawal Securities (PVT) Ltd.,15,763.0,11445.0,2025-09-07 11:16:49.530412
2025-09-07,55250,2025090704000678,RADHI,Sanima Securities Limited,Miyo Securities Pvt Ltd,230,765.0,175950.0,2025-09-07 11:18:20.957162
2025-09-07,55231,2025090704000684,RADHI,Property Wiard Limited,Miyo Securities Pvt Ltd,70,765.0,53550.0,2025-09-07 11:18:27.568500
2025-09-07,55230,2025090704000685,RADHI,Property Wiard Limited,Trishakti Securities Public Limited,10,765.0,7650.0,2025-09-07 11:18:27.568707
2025-09-07,55229,2025090704000686,RADHI,Property Wiard Limited,Trisul Securities & Invt. Ltd.,300,765.0,229500.0,2025-09-07 11:18:27.568845
2025-09-07,55228,2025090704000687,RADHI,Property Wiard Limited,Online Securities Pvt. Ltd.,100,766.0,76600.0,2025-09-07 11:18:27.568982
2025-09-07,55227,2025090704000688,RADHI,Property Wiard Limited,Nepal Investment And Securities Trading Private Limited,250,766.0,191500.0,2025-09-07 11:18:27.569112
2025-09-07,55226,2025090704000689,RADHI,Property Wiard Limited,Dipshikha Dhitopatra Karobar Co. Pvt Ltd.,377,766.9,289121.3,2025-09-07 11:18:27.569244
2025-09-07,55225,2025090704000690,RADHI,Property Wiard Limited,Ashutosh Brokerage & Securities (PVT) Ltd.,1000,766.9,766900.0,2025-09-07 11:18:27.569386
2025-09-07,55224,2025090704000691,RADHI,Property Wiard Limited,Agrawal Securities (PVT) Ltd.,893,767.0,684931.0,2025-09-07 11:18:27.569517
2025-09-07,55095,2025090704000721,RADHI,Trisul Securities & Invt. Ltd.,Ashutosh Brokerage & Securities (PVT) Ltd.,255,763.0,194565.0,2025-09-07 11:19:05.886046
2025-09-07,54844,2025090704000800,RADHI,Miyo Securities Pvt Ltd,Magnet Securities and Investment Company Private Limited,300,762.1,228630.0,2025-09-07 11:20:26.076385
2025-09-07,54843,2025090704000801,RADHI,KALASH STOCK MARKET PVT. LTD.,Magnet Securities and Investment Company Private Limited,10,762.0,7620.0,2025-09-07 11:20:26.076521
2025-09-07,54842,2025090704000802,RADHI,Aryatara Investment & Securities,Magnet Securities and Investment Company Private Limited,3190,762.0,2430780.0,2025-09-07 11:20:26.076570
2025-09-07,54251,2025090704000958,RADHI,Vision Securities Pvt. Ltd,Cristal Kanchanjanga Securites Pvt. Ltd.,200,762.7,152540.0,2025-09-07 11:23:13.443586
2025-09-07,54250,2025090704000959,RADHI,Naasa Securities Co. Ltd.,Cristal Kanchanjanga Securites Pvt. Ltd.,100,762.6,76260.0,2025-09-07 11:23:13.443695
2025-09-07,54249,2025090704000960,RADHI,Prabhu Stock Market Limited,Cristal Kanchanjanga Securites Pvt. Ltd.,100,762.5,76250.0,2025-09-07 11:23:13.443747
2025-09-07,54248,2025090704000961,RADHI,Aryatara Investment & Securities,Cristal Kanchanjanga Securites Pvt. Ltd.,100,762.0,76200.0,2025-09-07 11:23:13.443798
2025-09-07,53926,2025090704001091,RADHI,Miyo Securities Pvt Ltd,Ashutosh Brokerage & Securities (PVT) Ltd.,200,764.0,152800.0,2025-09-07 11:25:06.512113
2025-09-07,53659,2025090704001152,RADHI,Naasa Securities Co. Ltd.,Agrawal Securities (PVT) Ltd.,4,750.0,3000.0,2025-09-07 11:26:37.047344
2025-09-07,53171,2025090704001273,RADHI,Sagarmatha Securities Private Limited,Online Securities Pvt. Ltd.,40,764.9,30596.0,2025-09-07 11:28:50.349303
2025-09-07,53042,2025090704001309,RADHI,Sagarmatha Securities Private Limited,Nagarik Stock Dealer ,60,765.0,45900.0,2025-09-07 11:29:27.929995
2025-09-07,53041,2025090704001310,RADHI,Sagarmatha Securities Private Limited,Shree Krishna Securities Ltd.,284,765.0,217260.0,2025-09-07 11:29:27.930168
2025-09-07,52538,2025090704001482,RADHI,Sumeru Securities Pvt. Ltd.,Shree Krishna Securities Ltd.,100,764.1,76410.0,2025-09-07 11:31:54.385115
2025-09-07,52537,2025090704001483,RADHI,Miyo Securities Pvt Ltd,Shree Krishna Securities Ltd.,190,764.0,145160.0,2025-09-07 11:31:54.385220
2025-09-07,52414,2025090704001526,RADHI,Miyo Securities Pvt Ltd,Secured Securities Ltd.,100,764.0,76400.0,2025-09-07 11:32:28.547388
2025-09-07,52258,2025090704001579,RADHI,Miyo Securities Pvt Ltd,Sumeru Securities Pvt. Ltd.,300,764.0,229200.0,2025-09-07 11:33:12.061861
2025-09-07,51854,2025090704001667,RADHI,Citizens Share Broker Limited,Thrive Brokerage House Pvt. Ltd,500,766.5,383250.0,2025-09-07 11:35:17.610032
2025-09-07,51853,2025090704001668,RADHI,Citizens Share Broker Limited,Agrawal Securities (PVT) Ltd.,1000,766.6,766600.0,2025-09-07 11:35:17.610074
2025-09-07,51649,2025090704001729,RADHI,Miyo Securities Pvt Ltd,Nabil Stock Dealer Ltd.,100,764.0,76400.0,2025-09-07 11:36:26.238646
2025-09-07,51356,2025090704001793,RADHI,Citizens Share Broker Limited,Deevyaa Securities & Stock House Pvt. Ltd,100,766.6,76660.0,2025-09-07 11:37:52.809572
2025-09-07,51355,2025090704001794,RADHI,Citizens Share Broker Limited,Vision Securities Pvt. Ltd,300,766.6,229980.0,2025-09-07 11:37:52.809663
2025-09-07,51244,2025090704001813,RADHI,Citizens Share Broker Limited,Sweta Securities Private Limited,38,765.0,29070.0,2025-09-07 11:38:20.348120
2025-09-07,51243,2025090704001814,RADHI,Citizens Share Broker Limited,Malla & Malla Stock Broking Company Pvt. Limited,100,766.0,76600.0,2025-09-07 11:38:20.348177
2025-09-07,51242,2025090704001815,RADHI,Citizens Share Broker Limited,Sajilo Broker Limited,500,766.7,383350.0,2025-09-07 11:38:20.348222
2025-09-07,51241,2025090704001816,RADHI,Citizens Share Broker Limited,Hatemalo Financial Services Private Limited,362,766.9,277617.8,2025-09-07 11:38:20.348270
2025-09-07,50802,2025090704001927,RADHI,Citizens Share Broker Limited,Sri Hari Securities Pvt. Ltd.,22,765.0,16830.0,2025-09-07 11:39:57.950838
2025-09-07,49972,2025090704002137,RADHI,Miyo Securities Pvt Ltd,Nagarik Stock Dealer ,550,764.0,420200.0,2025-09-07 11:42:51.386556
2025-09-07,49963,2025090704002140,RADHI,Citizens Share Broker Limited,Sajilo Broker Limited,500,765.9,382950.0,2025-09-07 11:42:55.674597
2025-09-07,49632,2025090704002198,RADHI,Citizens Share Broker Limited,Trishakti Securities Public Limited,250,765.0,191250.0,2025-09-07 11:44:15.779375
2025-09-07,49631,2025090704002199,RADHI,Citizens Share Broker Limited,Malla & Malla Stock Broking Company Pvt. Limited,100,765.0,76500.0,2025-09-07 11:44:15.779425
2025-09-07,49630,2025090704002200,RADHI,Citizens Share Broker Limited,Online Securities Pvt. Ltd.,20,765.0,15300.0,2025-09-07 11:44:15.779462
2025-09-07,49161,2025090704002290,RADHI,Citizens Share Broker Limited,Sweta Securities Private Limited,35,766.0,26810.0,2025-09-07 11:46:25.945047
2025-09-07,49129,2025090704002301,RADHI,Citizens Share Broker Limited,Ashutosh Brokerage & Securities (PVT) Ltd.,500,766.8,383400.0,2025-09-07 11:46:38.470252
2025-09-07,49128,2025090704002302,RADHI,Citizens Share Broker Limited,Hatemalo Financial Services Private Limited,138,766.9,105832.2,2025-09-07 11:46:38.470373
2025-09-07,49127,2025090704002303,RADHI,Citizens Share Broker Limited,Hatemalo Financial Services Private Limited,362,766.9,277617.8,2025-09-07 11:46:38.470439
2025-09-07,48753,2025090704002401,RADHI,Vision Securities Pvt. Ltd,Ashutosh Brokerage & Securities (PVT) Ltd.,500,766.0,383000.0,2025-09-07 11:48:06.809913
2025-09-07,48752,2025090704002402,RADHI,Vision Securities Pvt. Ltd,Hatemalo Financial Services Private Limited,138,766.9,105832.2,2025-09-07 11:48:06.810026
2025-09-07,48751,2025090704002403,RADHI,Vision Securities Pvt. Ltd,Online Securities Pvt. Ltd.,100,767.0,76700.0,2025-09-07 11:48:06.810076
2025-09-07,48750,2025090704002404,RADHI,Vision Securities Pvt. Ltd,Online Securities Pvt. Ltd.,19,767.0,14573.0,2025-09-07 11:48:06.810123
2025-09-07,48749,2025090704002405,RADHI,Vision Securities Pvt. Ltd,Agrawal Securities (PVT) Ltd.,1070,767.0,820690.0,2025-09-07 11:48:06.810154
2025-09-07,48748,2025090704002406,RADHI,Vision Securities Pvt. Ltd,Siprabi Securities Pvt. Ltd.,50,768.0,38400.0,2025-09-07 11:48:06.810206
2025-09-07,48747,2025090704002407,RADHI,Vision Securities Pvt. Ltd,Citizens Share Broker Limited,100,769.0,76900.0,2025-09-07 11:48:06.810281
2025-09-07,48746,2025090704002408,RADHI,Vision Securities Pvt. Ltd,Sumeru Securities Pvt. Ltd.,23,769.7,17703.1,2025-09-07 11:48:06.810327
2025-09-07,47644,2025090704002680,RADHI,Miyo Securities Pvt Ltd,SHUBHAKAMANA SECURITIES PVT. LTD,70,769.0,53830.0,2025-09-07 11:53:07.217061
2025-09-07,46776,2025090704002816,RADHI,Citizens Share Broker Limited,Neev Securities Pvt. Ltd.,400,767.9,307160.0,2025-09-07 11:56:51.782897
2025-09-07,46494,2025090704002892,RADHI,Kumari Securities Private Limited,Neev Securities Pvt. Ltd.,1900,767.9,1459010.0,2025-09-07 11:58:09.151966
2025-09-07,46493,2025090704002893,RADHI,Kumari Securities Private Limited,Ashutosh Brokerage & Securities (PVT) Ltd.,400,768.9,307560.0,2025-09-07 11:58:09.152122
2025-09-07,46492,2025090704002894,RADHI,Kumari Securities Private Limited,SHUBHAKAMANA SECURITIES PVT. LTD,50,769.0,38450.0,2025-09-07 11:58:09.152188
2025-09-07,46491,2025090704002895,RADHI,Kumari Securities Private Limited,Malla & Malla Stock Broking Company Pvt. Limited,75,769.0,57675.0,2025-09-07 11:58:09.152262
2025-09-07,46490,2025090704002896,RADHI,Kumari Securities Private Limited,Dipshikha Dhitopatra Karobar Co. Pvt Ltd.,1000,769.0,769000.0,2025-09-07 11:58:09.152332
2025-09-07,46489,2025090704002897,RADHI,Kumari Securities Private Limited,Magnet Securities and Investment Company Private Limited,100,769.0,76900.0,2025-09-07 11:58:09.152393
2025-09-07,46488,2025090704002898,RADHI,Kumari Securities Private Limited,Sumeru Securities Pvt. Ltd.,277,769.3,213096.1,2025-09-07 11:58:09.152453
2025-09-07,46487,2025090704002899,RADHI,Kumari Securities Private Limited,Sumeru Securities Pvt. Ltd.,100,769.5,76950.0,2025-09-07 11:58:09.152513
2025-09-07,46434,2025090704002901,RADHI,Kumari Securities Private Limited,Malla & Malla Stock Broking Company Pvt. Limited,98,769.5,75411.0,2025-09-07 11:58:28.670524
2025-09-07,45803,2025090704002972,RADHI,Kohinoor Investment & Securities Pvt. Ltd.,Capital Max Securities Ltd,10,768.0,7680.0,2025-09-07 12:01:06.337773
2025-09-07,45657,2025090704003003,RADHI,ABC Securities Private Limited,Capital Max Securities Ltd,10,768.0,7680.0,2025-09-07 12:02:00.602800
2025-09-07,45199,2025090704003094,RADHI,Property Wiard Limited,Online Securities Pvt. Ltd.,100,767.5,76750.0,2025-09-07 12:04:31.972291
2025-09-07,45198,2025090704003095,RADHI,Property Wiard Limited,Capital Max Securities Ltd,30,768.0,23040.0,2025-09-07 12:04:31.972502
2025-09-07,45197,2025090704003096,RADHI,Property Wiard Limited,Naasa Securities Co. Ltd.,140,768.0,107520.0,2025-09-07 12:04:31.972570
2025-09-07,45196,2025090704003097,RADHI,Property Wiard Limited,Oxford Securities Pvt. Ltd.,50,768.0,38400.0,2025-09-07 12:04:31.972675
2025-09-07,45195,2025090704003098,RADHI,Property Wiard Limited,Nagarik Stock Dealer ,100,768.0,76800.0,2025-09-07 12:04:31.972738
2025-09-07,45051,2025090704003122,RADHI,Property Wiard Limited,Agrawal Securities (PVT) Ltd.,11,768.0,8448.0,2025-09-07 12:05:12.695779
2025-09-07,45050,2025090704003123,RADHI,Imperial Securities Company Pvt. Ltd.,Asian Securities Private Ltd.,100,769.0,76900.0,2025-09-07 12:05:13.307253
2025-09-07,45033,2025090704003126,RADHI,Property Wiard Limited,Stoxkarts Securities Limited,69,768.0,52992.0,2025-09-07 12:05:16.291710
2025-09-07,45032,2025090704003127,RADHI,Naasa Securities Co. Ltd.,Stoxkarts Securities Limited,1000,766.1,766100.0,2025-09-07 12:05:16.291930
2025-09-07,45031,2025090704003128,RADHI,Miyo Securities Pvt Ltd,Stoxkarts Securities Limited,581,766.0,445046.0,2025-09-07 12:05:16.292004
2025-09-07,43267,2025090704003438,RADHI,Miyo Securities Pvt Ltd,Himalayan Brokerage Company Limited,69,766.0,52854.0,2025-09-07 12:13:24.525583
2025-09-07,43266,2025090704003439,RADHI,Miyo Securities Pvt Ltd,Himalayan Brokerage Company Limited,80,765.0,61200.0,2025-09-07 12:13:24.525796
2025-09-07,43265,2025090704003440,RADHI,Dipshikha Dhitopatra Karobar Co. Pvt Ltd.,Himalayan Brokerage Company Limited,200,765.0,153000.0,2025-09-07 12:13:24.525879
2025-09-07,43264,2025090704003441,RADHI,Kumari Securities Private Limited,Himalayan Brokerage Company Limited,100,765.0,76500.0,2025-09-07 12:13:24.525978
2025-09-07,43263,2025090704003442,RADHI,Kohinoor Investment & Securities Pvt. Ltd.,Himalayan Brokerage Company Limited,50,765.0,38250.0,2025-09-07 12:13:24.526078
2025-09-07,43262,2025090704003443,RADHI,Cristal Kanchanjanga Securites Pvt. Ltd.,Himalayan Brokerage Company Limited,501,765.0,383265.0,2025-09-07 12:13:24.526174
2025-09-07,43177,2025090704003470,RADHI,Cristal Kanchanjanga Securites Pvt. Ltd.,Nepal Investment And Securities Trading Private Limited,1000,765.0,765000.0,2025-09-07 12:13:49.433171
2025-09-07,43109,2025090704003492,RADHI,Cristal Kanchanjanga Securites Pvt. Ltd.,Nepal Investment And Securities Trading Private Limited,499,765.0,381735.0,2025-09-07 12:14:01.949868
2025-09-07,43108,2025090704003493,RADHI,Citizens Share Broker Limited,Nepal Investment And Securities Trading Private Limited,501,764.0,382764.0,2025-09-07 12:14:01.950106
2025-09-07,43062,2025090704003503,RADHI,Citizens Share Broker Limited,Deevyaa Securities & Stock House Pvt. Ltd,499,764.0,381236.0,2025-09-07 12:14:08.719448
2025-09-07,43061,2025090704003504,RADHI,Nepal Stock House (PVT) Ltd.,Deevyaa Securities & Stock House Pvt. Ltd,1000,764.0,764000.0,2025-09-07 12:14:08.719638
2025-09-07,42835,2025090704003547,RADHI,KALASH STOCK MARKET PVT. LTD.,Dipshikha Dhitopatra Karobar Co. Pvt Ltd.,1000,763.1,763100.0,2025-09-07 12:15:06.169893
2025-09-07,42660,2025090704003592,RADHI,KALASH STOCK MARKET PVT. LTD.,Deevyaa Securities & Stock House Pvt. Ltd,501,763.1,382313.1,2025-09-07 12:15:36.342564
2025-09-07,42547,2025090704003623,RADHI,KALASH STOCK MARKET PVT. LTD.,Nepal Investment And Securities Trading Private Limited,200,763.1,152620.0,2025-09-07 12:16:09.845362
2025-09-07,42274,2025090704003679,RADHI,KALASH STOCK MARKET PVT. LTD.,N.M.B. SECURITIES LIMITED,150,763.1,114465.0,2025-09-07 12:17:17.449987
2025-09-07,42217,2025090704003687,RADHI,KALASH STOCK MARKET PVT. LTD.,Bhrikuti Stock Broking Co. Pvt. Ltd.,20,763.1,15262.0,2025-09-07 12:17:39.367405
2025-09-07,41766,2025090704003765,RADHI,Capital Max Securities Ltd,INDEX SECURITIES LIMITED,110,763.0,83930.0,2025-09-07 12:19:34.386719
2025-09-07,41754,2025090704003766,RADHI,Citizens Share Broker Limited,Naasa Securities Co. Ltd.,50,765.0,38250.0,2025-09-07 12:19:38.862457
2025-09-07,41353,2025090704003819,RADHI,Online Securities Pvt. Ltd.,Naasa Securities Co. Ltd.,246,765.0,188190.0,2025-09-07 12:21:41.319165
2025-09-07,41352,2025090704003820,RADHI,Online Securities Pvt. Ltd.,Asian Securities Private Ltd.,200,765.0,153000.0,2025-09-07 12:21:41.319255
2025-09-07,41351,2025090704003821,RADHI,Online Securities Pvt. Ltd.,Kalika Securities Pvt. Ltd.,331,766.9,253843.9,2025-09-07 12:21:41.319284
2025-09-07,41350,2025090704003822,RADHI,Online Securities Pvt. Ltd.,Nepal Investment And Securities Trading Private Limited,1000,767.0,767000.0,2025-09-07 12:21:41.319308
2025-09-07,41349,2025090704003823,RADHI,Online Securities Pvt. Ltd.,Agrawal Securities (PVT) Ltd.,1000,768.8,768800.0,2025-09-07 12:21:41.319342
2025-09-07,41348,2025090704003824,RADHI,Online Securities Pvt. Ltd.,Kalika Securities Pvt. Ltd.,47,768.9,36138.3,2025-09-07 12:21:41.319368
2025-09-07,41347,2025090704003825,RADHI,Online Securities Pvt. Ltd.,Hatemalo Financial Services Private Limited,176,768.9,135326.4,2025-09-07 12:21:41.319392
2025-09-07,41321,2025090704003827,RADHI,Online Securities Pvt. Ltd.,Hatemalo Financial Services Private Limited,2424,768.9,1863813.6,2025-09-07 12:21:46.330982
2025-09-07,41320,2025090704003828,RADHI,Online Securities Pvt. Ltd.,Sajilo Broker Limited,100,769.0,76900.0,2025-09-07 12:21:46.331075
2025-09-07,41319,2025090704003829,RADHI,Online Securities Pvt. Ltd.,Ashutosh Brokerage & Securities (PVT) Ltd.,476,769.4,366234.4,2025-09-07 12:21:46.331104
2025-09-07,40569,2025090704003991,RADHI,Aryatara Investment & Securities,Himalayan Brokerage Company Limited,200,763.1,152620.0,2025-09-07 12:25:17.156093
2025-09-07,40568,2025090704003992,RADHI,Aryatara Investment & Securities,Himalayan Brokerage Company Limited,100,763.1,76310.0,2025-09-07 12:25:17.156326
2025-09-07,40567,2025090704003993,RADHI,Imperial Securities Company Pvt. Ltd.,Himalayan Brokerage Company Limited,700,763.1,534170.0,2025-09-07 12:25:17.156421
2025-09-07,40529,2025090704004002,RADHI,Citizens Share Broker Limited,J.F. Securites (PVT) Ltd.,20,769.3,15386.0,2025-09-07 12:25:29.269202
2025-09-07,40205,2025090704004059,RADHI,Aryatara Investment & Securities,ABC Securities Private Limited,4,760.0,3040.0,2025-09-07 12:27:10.899846
2025-09-07,40087,2025090704004085,RADHI,Aryatara Investment & Securities,Sweta Securities Private Limited,2,760.0,1520.0,2025-09-07 12:27:35.981775
2025-09-07,39822,2025090704004146,RADHI,Agrawal Securities (PVT) Ltd.,N.I.M.B. Stock Markets Limited,10,768.9,7689.0,2025-09-07 12:28:57.000333
2025-09-07,39616,2025090704004198,RADHI,Online Securities Pvt. Ltd.,Himalayan Brokerage Company Limited,200,763.2,152640.0,2025-09-07 12:29:59.639413
2025-09-07,39615,2025090704004199,RADHI,Imperial Securities Company Pvt. Ltd.,Himalayan Brokerage Company Limited,300,763.1,228930.0,2025-09-07 12:29:59.639657
2025-09-07,39614,2025090704004200,RADHI,Primo Securities (PVT) Ltd.,Himalayan Brokerage Company Limited,100,763.1,76310.0,2025-09-07 12:29:59.639874
2025-09-07,39613,2025090704004201,RADHI,Capital Max Securities Ltd,Himalayan Brokerage Company Limited,400,763.0,305200.0,2025-09-07 12:29:59.640091
2025-09-07,37161,2025090704004772,RADHI,Citizens Share Broker Limited,N.I.M.B. Stock Markets Limited,50,767.0,38350.0,2025-09-07 12:41:15.987709
2025-09-07,37104,2025090704004783,RADHI,Siprabi Securities Pvt. Ltd.,N.I.M.B. Stock Markets Limited,723,767.0,554541.0,2025-09-07 12:41:42.015503
2025-09-07,36925,2025090704004808,RADHI,Aryatara Investment & Securities,Agrawal Securities (PVT) Ltd.,1677,768.7,1289109.9,2025-09-07 12:42:14.670133
2025-09-07,36924,2025090704004809,RADHI,Aryatara Investment & Securities,Shree Krishna Securities Ltd.,33,768.8,25370.4,2025-09-07 12:42:14.670393
2025-09-07,36157,2025090704004948,RADHI,Siprabi Securities Pvt. Ltd.,Shree Krishna Securities Ltd.,62,767.0,47554.0,2025-09-07 12:45:02.479416
2025-09-07,36080,2025090704004967,RADHI,Aryatara Investment & Securities,J.F. Securites (PVT) Ltd.,42,768.9,32293.8,2025-09-07 12:45:18.280362
2025-09-07,36079,2025090704004968,RADHI,Aryatara Investment & Securities,Ashutosh Brokerage & Securities (PVT) Ltd.,100,768.9,76890.0,2025-09-07 12:45:18.280587
2025-09-07,36078,2025090704004969,RADHI,Aryatara Investment & Securities,Sani Securities Company Ltd.,1000,769.0,769000.0,2025-09-07 12:45:18.280710
2025-09-07,36077,2025090704004970,RADHI,Aryatara Investment & Securities,Dipshikha Dhitopatra Karobar Co. Pvt Ltd.,100,769.0,76900.0,2025-09-07 12:45:18.280789
2025-09-07,36076,2025090704004971,RADHI,Aryatara Investment & Securities,Shree Krishna Securities Ltd.,500,769.0,384500.0,2025-09-07 12:45:18.280864
2025-09-07,36075,2025090704004972,RADHI,Aryatara Investment & Securities,Shree Krishna Securities Ltd.,480,769.0,369120.0,2025-09-07 12:45:18.280940
2025-09-07,36074,2025090704004973,RADHI,Aryatara Investment & Securities,Shree Krishna Securities Ltd.,641,769.0,492929.0,2025-09-07 12:45:18.281021
2025-09-07,35979,2025090704005009,RADHI,Aryatara Investment & Securities,Magnet Securities and Investment Company Private Limited,60,769.0,46140.0,2025-09-07 12:45:40.082059
2025-09-07,35746,2025090704005075,RADHI,Aakashbhairab Securities Ltd.,Ashutosh Brokerage & Securities (PVT) Ltd.,24,769.2,18460.8,2025-09-07 12:46:55.536756
2025-09-07,35745,2025090704005076,RADHI,Aakashbhairab Securities Ltd.,J.F. Securites (PVT) Ltd.,23,769.3,17693.9,2025-09-07 12:46:55.537167
2025-09-07,35744,2025090704005077,RADHI,Aakashbhairab Securities Ltd.,Ashutosh Brokerage & Securities (PVT) Ltd.,500,769.3,384650.0,2025-09-07 12:46:55.537417
2025-09-07,35743,2025090704005078,RADHI,Aakashbhairab Securities Ltd.,Linch Stock Market Ltd.,53,769.3,40772.9,2025-09-07 12:46:55.537642
2025-09-07,35704,2025090704005083,RADHI,Stoxkarts Securities Limited,Linch Stock Market Ltd.,147,769.3,113087.1,2025-09-07 12:47:04.239698
2025-09-07,35703,2025090704005084,RADHI,Stoxkarts Securities Limited,Ashutosh Brokerage & Securities (PVT) Ltd.,200,769.4,153880.0,2025-09-07 12:47:04.240094
2025-09-07,35544,2025090704005092,RADHI,Vision Securities Pvt. Ltd,Hatemalo Financial Services Private Limited,500,769.6,384800.0,2025-09-07 12:47:27.829015
2025-09-07,35543,2025090704005093,RADHI,Vision Securities Pvt. Ltd,Hatemalo Financial Services Private Limited,500,769.6,384800.0,2025-09-07 12:47:27.829258
2025-09-07,35542,2025090704005094,RADHI,Vision Securities Pvt. Ltd,Trisul Securities & Invt. Ltd.,200,769.7,153940.0,2025-09-07 12:47:27.829371
2025-09-07,35541,2025090704005095,RADHI,Vision Securities Pvt. Ltd,Siprabi Securities Pvt. Ltd.,40,769.9,30796.0,2025-09-07 12:47:27.829449
2025-09-07,35540,2025090704005096,RADHI,Vision Securities Pvt. Ltd,Sumeru Securities Pvt. Ltd.,50,770.0,38500.0,2025-09-07 12:47:27.829526
2025-09-07,35539,2025090704005097,RADHI,Vision Securities Pvt. Ltd,Nagarik Stock Dealer ,10,770.0,7700.0,2025-09-07 12:47:27.829608
2025-09-07,35538,2025090704005098,RADHI,Vision Securities Pvt. Ltd,Trishakti Securities Public Limited,10,770.0,7700.0,2025-09-07 12:47:27.829698
2025-09-07,35537,2025090704005099,RADHI,Vision Securities Pvt. Ltd,Online Securities Pvt. Ltd.,23,770.0,17710.0,2025-09-07 12:47:27.829781
2025-09-07,35536,2025090704005100,RADHI,Vision Securities Pvt. Ltd,Trishakti Securities Public Limited,500,770.0,385000.0,2025-09-07 12:47:27.829859
2025-09-07,35535,2025090704005101,RADHI,Vision Securities Pvt. Ltd,Miyo Securities Pvt Ltd,100,770.0,77000.0,2025-09-07 12:47:27.829943
2025-09-07,35534,2025090704005102,RADHI,Vision Securities Pvt. Ltd,Online Securities Pvt. Ltd.,42,770.0,32340.0,2025-09-07 12:47:27.830041
2025-09-07,35533,2025090704005103,RADHI,Vision Securities Pvt. Ltd,Bhrikuti Stock Broking Co. Pvt. Ltd.,25,770.0,19250.0,2025-09-07 12:47:27.830124
2025-09-07,35474,2025090704005121,RADHI,Aryatara Investment & Securities,Bhrikuti Stock Broking Co. Pvt. Ltd.,25,770.0,19250.0,2025-09-07 12:47:44.052029
2025-09-07,35473,2025090704005122,RADHI,Aryatara Investment & Securities,Magnet Securities and Investment Company Private Limited,52,770.0,40040.0,2025-09-07 12:47:44.052241
2025-09-07,35339,2025090704005147,RADHI,Online Securities Pvt. Ltd.,Magnet Securities and Investment Company Private Limited,48,770.0,36960.0,2025-09-07 12:48:13.882884
2025-09-07,35338,2025090704005148,RADHI,Online Securities Pvt. Ltd.,Vision Securities Pvt. Ltd,152,770.0,117040.0,2025-09-07 12:48:13.883089
2025-09-07,35053,2025090704005209,RADHI,Stoxkarts Securities Limited,Vision Securities Pvt. Ltd,48,770.0,36960.0,2025-09-07 12:49:09.367878
2025-09-07,35052,2025090704005210,RADHI,Stoxkarts Securities Limited,Sajilo Broker Limited,100,770.0,77000.0,2025-09-07 12:49:09.368103
2025-09-07,35049,2025090704005211,RADHI,Aryatara Investment & Securities,Trisul Securities & Invt. Ltd.,50,770.0,38500.0,2025-09-07 12:49:09.611081
2025-09-07,34433,2025090704005352,RADHI,ABC Securities Private Limited,Citizens Share Broker Limited,450,771.1,346995.0,2025-09-07 12:51:41.952427
2025-09-07,33959,2025090704005439,RADHI,Dynamic Money Managers Securities Pvt. Ltd.,Vision Securities Pvt. Ltd,18,771.5,13887.0,2025-09-07 12:53:54.451709
2025-09-07,33933,2025090704005446,RADHI,Dynamic Money Managers Securities Pvt. Ltd.,Sundhara Securities Limited,11,771.5,8486.5,2025-09-07 12:54:01.495246
2025-09-07,33918,2025090704005450,RADHI,Dynamic Money Managers Securities Pvt. Ltd.,Citizens Share Broker Limited,471,771.5,363376.5,2025-09-07 12:54:07.131907
2025-09-07,33599,2025090704005560,RADHI,Aryatara Investment & Securities,Nepal Stock House (PVT) Ltd.,18,770.1,13861.8,2025-09-07 12:55:23.878372
2025-09-07,33143,2025090704005680,RADHI,Aryatara Investment & Securities,Linch Stock Market Ltd.,32,770.1,24643.2,2025-09-07 12:57:35.467754
2025-09-07,32985,2025090704005715,RADHI,Naasa Securities Co. Ltd.,Ashutosh Brokerage & Securities (PVT) Ltd.,100,769.0,76900.0,2025-09-07 12:58:27.092434
2025-09-07,31484,2025090704006037,RADHI,Aakashbhairab Securities Ltd.,SHUBHAKAMANA SECURITIES PVT. LTD,200,769.0,153800.0,2025-09-07 13:05:37.180971
2025-09-07,31483,2025090704006038,RADHI,Sagarmatha Securities Private Limited,SHUBHAKAMANA SECURITIES PVT. LTD,100,768.0,76800.0,2025-09-07 13:05:37.181220
2025-09-07,31482,2025090704006039,RADHI,Thrive Brokerage House Pvt. Ltd,SHUBHAKAMANA SECURITIES PVT. LTD,100,767.2,76720.0,2025-09-07 13:05:37.181330
2025-09-07,31467,2025090704006040,RADHI,Thrive Brokerage House Pvt. Ltd,SHUBHAKAMANA SECURITIES PVT. LTD,400,767.2,306880.0,2025-09-07 13:05:42.189428
2025-09-07,30732,2025090704006209,RADHI,Vision Securities Pvt. Ltd,Citizens Share Broker Limited,1000,767.3,767300.0,2025-09-07 13:08:48.164543
2025-09-07,29658,2025090704006500,RADHI,Aryatara Investment & Securities,Vision Securities Pvt. Ltd,11,768.3,8451.3,2025-09-07 13:13:20.710733
2025-09-07,29657,2025090704006501,RADHI,Aryatara Investment & Securities,Vision Securities Pvt. Ltd,11,768.2,8450.2,2025-09-07 13:13:20.711141
2025-09-07,29656,2025090704006502,RADHI,Aryatara Investment & Securities,Vision Securities Pvt. Ltd,11,768.1,8449.1,2025-09-07 13:13:20.711416
2025-09-07,29655,2025090704006503,RADHI,Aryatara Investment & Securities,Vision Securities Pvt. Ltd,11,768.0,8448.0,2025-09-07 13:13:20.711674
2025-09-07,29654,2025090704006504,RADHI,Aryatara Investment & Securities,Vision Securities Pvt. Ltd,11,767.4,8441.4,2025-09-07 13:13:20.711930
2025-09-07,29653,2025090704006505,RADHI,Thrive Brokerage House Pvt. Ltd,Vision Securities Pvt. Ltd,445,767.2,341404.0,2025-09-07 13:13:20.712183
2025-09-07,28661,2025090704006688,RADHI,Thrive Brokerage House Pvt. Ltd,Aryatara Investment & Securities,50,767.2,38360.0,2025-09-07 13:17:52.845684
2025-09-07,28454,2025090704006746,RADHI,Midas Stock Broking Company Private Limited,Deevyaa Securities & Stock House Pvt. Ltd,500,767.1,383550.0,2025-09-07 13:18:38.992884
2025-09-07,28386,2025090704006776,RADHI,Siprabi Securities Pvt. Ltd.,Malla & Malla Stock Broking Company Pvt. Limited,400,767.0,306800.0,2025-09-07 13:18:50.336057
2025-09-07,28373,2025090704006779,RADHI,Siprabi Securities Pvt. Ltd.,Sharepro Securities Private Limited,200,767.0,153400.0,2025-09-07 13:18:55.507063
2025-09-07,28364,2025090704006783,RADHI,Siprabi Securities Pvt. Ltd.,Ashutosh Brokerage & Securities (PVT) Ltd.,500,767.0,383500.0,2025-09-07 13:18:59.439760
2025-09-07,28143,2025090704006839,RADHI,Siprabi Securities Pvt. Ltd.,Premier Securities Company Ltd.,100,767.0,76700.0,2025-09-07 13:19:51.214965
2025-09-07,28094,2025090704006845,RADHI,Siprabi Securities Pvt. Ltd.,Deevyaa Securities & Stock House Pvt. Ltd,10,767.0,7670.0,2025-09-07 13:20:06.658403
2025-09-07,28083,2025090704006846,RADHI,Siprabi Securities Pvt. Ltd.,Ashutosh Brokerage & Securities (PVT) Ltd.,405,767.0,310635.0,2025-09-07 13:20:09.983701
2025-09-07,28082,2025090704006847,RADHI,Cristal Kanchanjanga Securites Pvt. Ltd.,Ashutosh Brokerage & Securities (PVT) Ltd.,95,767.0,72865.0,2025-09-07 13:20:09.984194
2025-09-07,28054,2025090704006851,RADHI,Cristal Kanchanjanga Securites Pvt. Ltd.,Sunrise Securities Limited,905,767.0,694135.0,2025-09-07 13:20:16.562181
2025-09-07,28053,2025090704006852,RADHI,Aryatara Investment & Securities,Sunrise Securities Limited,595,767.0,456365.0,2025-09-07 13:20:16.562611
2025-09-07,27982,2025090704006864,RADHI,Aryatara Investment & Securities,Ashutosh Brokerage & Securities (PVT) Ltd.,500,766.0,383000.0,2025-09-07 13:20:32.533084
2025-09-07,27826,2025090704006889,RADHI,Aryatara Investment & Securities,Ashutosh Brokerage & Securities (PVT) Ltd.,500,766.0,383000.0,2025-09-07 13:21:17.592630
2025-09-07,27796,2025090704006895,RADHI,Aryatara Investment & Securities,Ashutosh Brokerage & Securities (PVT) Ltd.,500,766.0,383000.0,2025-09-07 13:21:30.117239
2025-09-07,27700,2025090704006922,RADHI,Linch Stock Market Ltd.,Secured Securities Ltd.,50,766.2,38310.0,2025-09-07 13:22:01.206727
2025-09-07,26932,2025090704007095,RADHI,Sumeru Securities Pvt. Ltd.,Online Securities Pvt. Ltd.,309,766.3,236786.7,2025-09-07 13:25:53.969605
2025-09-07,25977,2025090704007224,RADHI,Sumeru Securities Pvt. Ltd.,Deevyaa Securities & Stock House Pvt. Ltd,191,766.3,146363.3,2025-09-07 13:31:13.567379
2025-09-07,25976,2025090704007225,RADHI,Aryatara Investment & Securities,Deevyaa Securities & Stock House Pvt. Ltd,500,766.0,383000.0,2025-09-07 13:31:13.567829
2025-09-07,25975,2025090704007226,RADHI,Miyo Securities Pvt Ltd,Deevyaa Securities & Stock House Pvt. Ltd,309,766.0,236694.0,2025-09-07 13:31:13.568086
2025-09-07,25913,2025090704007228,RADHI,Naasa Securities Co. Ltd.,Dipshikha Dhitopatra Karobar Co. Pvt Ltd.,1,751.7,751.7,2025-09-07 13:31:30.531149
2025-09-07,25852,2025090704007239,RADHI,Miyo Securities Pvt Ltd,Dipshikha Dhitopatra Karobar Co. Pvt Ltd.,1000,766.0,766000.0,2025-09-07 13:31:55.889992
2025-09-07,25687,2025090704007257,RADHI,Miyo Securities Pvt Ltd,Deevyaa Securities & Stock House Pvt. Ltd,490,766.0,375340.0,2025-09-07 13:32:43.714715
2025-09-07,25630,2025090704007264,RADHI,Miyo Securities Pvt Ltd,Kohinoor Investment & Securities Pvt. Ltd.,2000,766.0,1532000.0,2025-09-07 13:33:03.622043
2025-09-07,25618,2025090704007265,RADHI,Miyo Securities Pvt Ltd,Premier Securities Company Ltd.,201,766.0,153966.0,2025-09-07 13:33:08.402486
2025-09-07,25617,2025090704007266,RADHI,Aryatara Investment & Securities,Premier Securities Company Ltd.,49,766.0,37534.0,2025-09-07 13:33:08.402882
2025-09-07,25412,2025090704007296,RADHI,Aryatara Investment & Securities,Himalayan Brokerage Company Limited,56,766.0,42896.0,2025-09-07 13:34:22.253059
2025-09-07,25411,2025090704007297,RADHI,Primo Securities (PVT) Ltd.,Himalayan Brokerage Company Limited,944,765.0,722160.0,2025-09-07 13:34:22.253511
2025-09-07,24648,2025090704007414,RADHI,Sani Securities Company Ltd.,Shree Krishna Securities Ltd.,1000,766.0,766000.0,2025-09-07 13:38:38.692335
2025-09-07,24210,2025090704007469,RADHI,Sani Securities Company Ltd.,Primo Securities (PVT) Ltd.,1000,766.0,766000.0,2025-09-07 13:40:47.069966
2025-09-07,24192,2025090704007474,RADHI,Sani Securities Company Ltd.,Primo Securities (PVT) Ltd.,1000,766.0,766000.0,2025-09-07 13:40:57.083703
2025-09-07,23929,2025090704007520,RADHI,Linch Stock Market Ltd.,Primo Securities (PVT) Ltd.,200,765.8,153160.0,2025-09-07 13:42:34.714158
2025-09-07,23928,2025090704007521,RADHI,Primo Securities (PVT) Ltd.,Primo Securities (PVT) Ltd.,56,765.0,42840.0,2025-09-07 13:42:34.714403
2025-09-07,23927,2025090704007522,RADHI,Vision Securities Pvt. Ltd,Primo Securities (PVT) Ltd.,500,765.0,382500.0,2025-09-07 13:42:34.714499
2025-09-07,23926,2025090704007523,RADHI,Premier Securities Company Ltd.,Primo Securities (PVT) Ltd.,170,765.0,130050.0,2025-09-07 13:42:34.714583
2025-09-07,22621,2025090704007860,RADHI,Sumeru Securities Pvt. Ltd.,Primo Securities (PVT) Ltd.,74,765.9,56676.6,2025-09-07 13:49:51.031937
2025-09-07,22594,2025090704007868,RADHI,Sumeru Securities Pvt. Ltd.,APPLE SECURITIES PRIVATE LIMITED,1000,766.0,766000.0,2025-09-07 13:49:58.545137
2025-09-07,22437,2025090704007890,RADHI,Sani Securities Company Ltd.,Himalayan Brokerage Company Limited,1000,765.0,765000.0,2025-09-07 13:50:47.035962
2025-09-07,22248,2025090704007934,RADHI,Online Securities Pvt. Ltd.,SHUBHAKAMANA SECURITIES PVT. LTD,160,764.0,122240.0,2025-09-07 13:51:45.641608
2025-09-07,22247,2025090704007935,RADHI,Online Securities Pvt. Ltd.,SHUBHAKAMANA SECURITIES PVT. LTD,40,764.0,30560.0,2025-09-07 13:51:45.642008
2025-09-07,22246,2025090704007936,RADHI,Kumari Securities Private Limited,SHUBHAKAMANA SECURITIES PVT. LTD,30,763.4,22902.0,2025-09-07 13:51:45.642288
2025-09-07,22245,2025090704007937,RADHI,Sajilo Broker Limited,SHUBHAKAMANA SECURITIES PVT. LTD,500,763.3,381650.0,2025-09-07 13:51:45.642569
2025-09-07,22244,2025090704007938,RADHI,Primo Securities (PVT) Ltd.,SHUBHAKAMANA SECURITIES PVT. LTD,1000,763.1,763100.0,2025-09-07 13:51:45.642812
2025-09-07,22243,2025090704007939,RADHI,Dynamic Money Managers Securities Pvt. Ltd.,SHUBHAKAMANA SECURITIES PVT. LTD,500,763.0,381500.0,2025-09-07 13:51:45.643174
2025-09-07,22242,2025090704007940,RADHI,Dipshikha Dhitopatra Karobar Co. Pvt Ltd.,SHUBHAKAMANA SECURITIES PVT. LTD,45,763.0,34335.0,2025-09-07 13:51:45.643470
2025-09-07,22241,2025090704007941,RADHI,Cristal Kanchanjanga Securites Pvt. Ltd.,SHUBHAKAMANA SECURITIES PVT. LTD,2000,763.0,1526000.0,2025-09-07 13:51:45.643709
2025-09-07,22240,2025090704007942,RADHI,Malla & Malla Stock Broking Company Pvt. Limited,SHUBHAKAMANA SECURITIES PVT. LTD,50,763.0,38150.0,2025-09-07 13:51:45.643960
2025-09-07,22239,2025090704007943,RADHI,Online Securities Pvt. Ltd.,SHUBHAKAMANA SECURITIES PVT. LTD,675,763.0,515025.0,2025-09-07 13:51:45.644253
2025-09-07,21988,2025090704008007,RADHI,SHUBHAKAMANA SECURITIES PVT. LTD,Vision Securities Pvt. Ltd,229,765.0,175185.0,2025-09-07 13:52:43.216704
2025-09-07,21987,2025090704008008,RADHI,SHUBHAKAMANA SECURITIES PVT. LTD,ABC Securities Private Limited,30,766.5,22995.0,2025-09-07 13:52:43.216810
2025-09-07,21986,2025090704008009,RADHI,SHUBHAKAMANA SECURITIES PVT. LTD,Dipshikha Dhitopatra Karobar Co. Pvt Ltd.,200,767.5,153500.0,2025-09-07 13:52:43.216881
2025-09-07,21985,2025090704008010,RADHI,SHUBHAKAMANA SECURITIES PVT. LTD,Primo Securities (PVT) Ltd.,50,767.9,38395.0,2025-09-07 13:52:43.216952
2025-09-07,21984,2025090704008011,RADHI,SHUBHAKAMANA SECURITIES PVT. LTD,Cristal Kanchanjanga Securites Pvt. Ltd.,491,767.9,377038.9,2025-09-07 13:52:43.217018
2025-09-07,21958,2025090704008015,RADHI,SHUBHAKAMANA SECURITIES PVT. LTD,Sanima Securities Limited,100,767.9,76790.0,2025-09-07 13:52:50.728309
2025-09-07,21957,2025090704008016,RADHI,SHUBHAKAMANA SECURITIES PVT. LTD,Primo Securities (PVT) Ltd.,900,768.5,691650.0,2025-09-07 13:52:50.728391
2025-09-07,21667,2025090704008096,RADHI,SHUBHAKAMANA SECURITIES PVT. LTD,Primo Securities (PVT) Ltd.,100,768.5,76850.0,2025-09-07 13:54:05.823027
2025-09-07,21666,2025090704008097,RADHI,SHUBHAKAMANA SECURITIES PVT. LTD,Dipshikha Dhitopatra Karobar Co. Pvt Ltd.,300,768.5,230550.0,2025-09-07 13:54:05.823553
2025-09-07,21665,2025090704008098,RADHI,SHUBHAKAMANA SECURITIES PVT. LTD,Ashutosh Brokerage & Securities (PVT) Ltd.,500,768.9,384450.0,2025-09-07 13:54:05.823820
2025-09-07,21664,2025090704008099,RADHI,SHUBHAKAMANA SECURITIES PVT. LTD,Pragyan Securities (PVT) Ltd.,100,769.0,76900.0,2025-09-07 13:54:05.824057
2025-09-07,20967,2025090704008236,RADHI,SHUBHAKAMANA SECURITIES PVT. LTD,Citizens Share Broker Limited,1000,764.0,764000.0,2025-09-07 13:57:39.755140
2025-09-07,20477,2025090704008349,RADHI,SHUBHAKAMANA SECURITIES PVT. LTD,Himalayan Brokerage Company Limited,1000,763.1,763100.0,2025-09-07 14:00:13.756506
2025-09-07,20246,2025090704008368,RADHI,Online Securities Pvt. Ltd.,Citizens Share Broker Limited,325,763.0,247975.0,2025-09-07 14:01:22.770062
2025-09-07,20245,2025090704008369,RADHI,Dakshinkali Investment & Securities Pvt. Ltd.,Citizens Share Broker Limited,54,763.0,41202.0,2025-09-07 14:01:22.770318
2025-09-07,19942,2025090704008428,RADHI,Nagarik Stock Dealer ,Nagarik Stock Dealer ,3200,767.0,2454400.0,2025-09-07 14:02:58.551502
2025-09-07,19646,2025090704008493,RADHI,Agrawal Securities (PVT) Ltd.,South Asian Bulls Pvt. Ltd.,10,762.7,7627.0,2025-09-07 14:04:22.794702
2025-09-07,19645,2025090704008494,RADHI,Online Securities Pvt. Ltd.,South Asian Bulls Pvt. Ltd.,20,762.6,15252.0,2025-09-07 14:04:22.795139
2025-09-07,19491,2025090704008534,RADHI,Deevyaa Securities & Stock House Pvt. Ltd,Online Securities Pvt. Ltd.,12,762.7,9152.4,2025-09-07 14:05:05.672039
2025-09-07,19462,2025090704008544,RADHI,Nagarik Stock Dealer ,Nagarik Stock Dealer ,3200,767.0,2454400.0,2025-09-07 14:05:13.735697
2025-09-07,17515,2025090704008981,RADHI,Dakshinkali Investment & Securities Pvt. Ltd.,Linch Stock Market Ltd.,29,765.0,22185.0,2025-09-07 14:14:39.143868
2025-09-07,17174,2025090704009087,RADHI,Dakshinkali Investment & Securities Pvt. Ltd.,Neev Securities Pvt. Ltd.,20,765.0,15300.0,2025-09-07 14:16:17.604344
2025-09-07,16814,2025090704009153,RADHI,Naasa Securities Co. Ltd.,Nagarik Stock Dealer ,40,763.2,30528.0,2025-09-07 14:17:37.233390
2025-09-07,16813,2025090704009154,RADHI,Deevyaa Securities & Stock House Pvt. Ltd,Nagarik Stock Dealer ,38,763.1,28997.8,2025-09-07 14:17:37.233490
2025-09-07,16812,2025090704009155,RADHI,Naasa Securities Co. Ltd.,Nagarik Stock Dealer ,400,763.0,305200.0,2025-09-07 14:17:37.233569
2025-09-07,16811,2025090704009156,RADHI,Sajilo Broker Limited,Nagarik Stock Dealer ,500,762.7,381350.0,2025-09-07 14:17:37.233639
2025-09-07,16810,2025090704009157,RADHI,Online Securities Pvt. Ltd.,Nagarik Stock Dealer ,22,762.6,16777.2,2025-09-07 14:17:37.233728
2025-09-07,16659,2025090704009193,RADHI,Online Securities Pvt. Ltd.,Naasa Securities Co. Ltd.,232,762.6,176923.2,2025-09-07 14:18:03.450508
2025-09-07,16638,2025090704009195,RADHI,Online Securities Pvt. Ltd.,Naasa Securities Co. Ltd.,500,762.6,381300.0,2025-09-07 14:18:09.543526
2025-09-07,16414,2025090704009258,RADHI,Online Securities Pvt. Ltd.,Naasa Securities Co. Ltd.,226,762.6,172347.6,2025-09-07 14:18:50.582195
2025-09-07,16413,2025090704009259,RADHI,Agrawal Securities (PVT) Ltd.,Naasa Securities Co. Ltd.,15,762.5,11437.5,2025-09-07 14:18:50.582447
2025-09-07,16412,2025090704009260,RADHI,Sumeru Securities Pvt. Ltd.,Naasa Securities Co. Ltd.,259,762.5,197487.5,2025-09-07 14:18:50.582534
2025-09-07,16286,2025090704009293,RADHI,Sumeru Securities Pvt. Ltd.,Deevyaa Securities & Stock House Pvt. Ltd,241,762.5,183762.5,2025-09-07 14:19:21.703954
2025-09-07,16285,2025090704009294,RADHI,Dakshinkali Investment & Securities Pvt. Ltd.,Deevyaa Securities & Stock House Pvt. Ltd,259,762.5,197487.5,2025-09-07 14:19:21.704233
2025-09-07,16123,2025090704009332,RADHI,Dakshinkali Investment & Securities Pvt. Ltd.,Himalayan Brokerage Company Limited,241,762.5,183762.5,2025-09-07 14:20:03.688173
2025-09-07,16122,2025090704009333,RADHI,Agrawal Securities (PVT) Ltd.,Himalayan Brokerage Company Limited,20,762.4,15248.0,2025-09-07 14:20:03.688617
2025-09-07,16121,2025090704009334,RADHI,Online Securities Pvt. Ltd.,Himalayan Brokerage Company Limited,739,762.4,563413.6,2025-09-07 14:20:03.688943
2025-09-07,16034,2025090704009354,RADHI,Online Securities Pvt. Ltd.,Siprabi Securities Pvt. Ltd.,105,762.4,80052.0,2025-09-07 14:20:29.158515
2025-09-07,15827,2025090704009415,RADHI,Online Securities Pvt. Ltd.,Hatemalo Financial Services Private Limited,130,762.4,99112.0,2025-09-07 14:21:12.851612
2025-09-07,15804,2025090704009419,RADHI,Online Securities Pvt. Ltd.,South Asian Bulls Pvt. Ltd.,26,762.4,19822.4,2025-09-07 14:21:19.900846
2025-09-07,15803,2025090704009420,RADHI,Agrawal Securities (PVT) Ltd.,South Asian Bulls Pvt. Ltd.,20,762.3,15246.0,2025-09-07 14:21:19.900949
2025-09-07,15802,2025090704009421,RADHI,Online Securities Pvt. Ltd.,South Asian Bulls Pvt. Ltd.,1954,762.3,1489534.2,2025-09-07 14:21:19.901022
2025-09-07,15432,2025090704009516,RADHI,Oxford Securities Pvt. Ltd.,Naasa Securities Co. Ltd.,200,765.0,153000.0,2025-09-07 14:22:51.443770
2025-09-07,14494,2025090704009725,RADHI,Online Securities Pvt. Ltd.,Nepal Investment And Securities Trading Private Limited,46,762.3,35065.8,2025-09-07 14:26:31.977598
2025-09-07,14493,2025090704009726,RADHI,Agrawal Securities (PVT) Ltd.,Nepal Investment And Securities Trading Private Limited,30,762.2,22866.0,2025-09-07 14:26:31.977852
2025-09-07,14492,2025090704009727,RADHI,Agrawal Securities (PVT) Ltd.,Nepal Investment And Securities Trading Private Limited,40,762.1,30484.0,2025-09-07 14:26:31.977997
2025-09-07,14491,2025090704009728,RADHI,Ashutosh Brokerage & Securities (PVT) Ltd.,Nepal Investment And Securities Trading Private Limited,200,762.1,152420.0,2025-09-07 14:26:31.978088
2025-09-07,14490,2025090704009729,RADHI,Sagarmatha Securities Private Limited,Nepal Investment And Securities Trading Private Limited,500,762.0,381000.0,2025-09-07 14:26:31.978193
2025-09-07,14489,2025090704009730,RADHI,Sajilo Broker Limited,Nepal Investment And Securities Trading Private Limited,100,762.0,76200.0,2025-09-07 14:26:31.978322
2025-09-07,14488,2025090704009731,RADHI,Dakshinkali Investment & Securities Pvt. Ltd.,Nepal Investment And Securities Trading Private Limited,84,762.0,64008.0,2025-09-07 14:26:31.978449
2025-09-07,14466,2025090704009732,RADHI,Dakshinkali Investment & Securities Pvt. Ltd.,Nepal Investment And Securities Trading Private Limited,16,762.0,12192.0,2025-09-07 14:26:36.995203
2025-09-07,14465,2025090704009733,RADHI,Sajilo Broker Limited,Nepal Investment And Securities Trading Private Limited,100,762.0,76200.0,2025-09-07 14:26:36.995481
2025-09-07,14464,2025090704009734,RADHI,Naasa Securities Co. Ltd.,Nepal Investment And Securities Trading Private Limited,100,762.0,76200.0,2025-09-07 14:26:36.995567
2025-09-07,14463,2025090704009735,RADHI,Primo Securities (PVT) Ltd.,Nepal Investment And Securities Trading Private Limited,784,762.0,597408.0,2025-09-07 14:26:36.995648
2025-09-07,14413,2025090704009746,RADHI,Primo Securities (PVT) Ltd.,Nepal Investment And Securities Trading Private Limited,216,762.0,164592.0,2025-09-07 14:26:49.526420
2025-09-07,14412,2025090704009747,RADHI,Thrive Brokerage House Pvt. Ltd,Nepal Investment And Securities Trading Private Limited,200,762.0,152400.0,2025-09-07 14:26:49.526823
2025-09-07,14411,2025090704009748,RADHI,Imperial Securities Company Pvt. Ltd.,Nepal Investment And Securities Trading Private Limited,100,762.0,76200.0,2025-09-07 14:26:49.527113
2025-09-07,14410,2025090704009749,RADHI,KALASH STOCK MARKET PVT. LTD.,Nepal Investment And Securities Trading Private Limited,484,762.0,368808.0,2025-09-07 14:26:49.527387
2025-09-07,14372,2025090704009756,RADHI,KALASH STOCK MARKET PVT. LTD.,Nepal Investment And Securities Trading Private Limited,16,762.0,12192.0,2025-09-07 14:26:57.052958
2025-09-07,14371,2025090704009757,RADHI,Vision Securities Pvt. Ltd,Nepal Investment And Securities Trading Private Limited,984,761.0,748824.0,2025-09-07 14:26:57.053398
2025-09-07,14324,2025090704009764,RADHI,Vision Securities Pvt. Ltd,Nepal Investment And Securities Trading Private Limited,1000,761.0,761000.0,2025-09-07 14:27:07.069416
2025-09-07,14193,2025090704009799,RADHI,Vision Securities Pvt. Ltd,Cristal Kanchanjanga Securites Pvt. Ltd.,16,761.0,12176.0,2025-09-07 14:27:34.020512
2025-09-07,13994,2025090704009836,RADHI,Primo Securities (PVT) Ltd.,Cristal Kanchanjanga Securites Pvt. Ltd.,13,761.0,9893.0,2025-09-07 14:28:04.094840
2025-09-07,13119,2025090704010024,RADHI,Primo Securities (PVT) Ltd.,Himalayan Brokerage Company Limited,987,761.0,751107.0,2025-09-07 14:30:52.265837
2025-09-07,13118,2025090704010025,RADHI,Capital Max Securities Ltd,Himalayan Brokerage Company Limited,50,761.0,38050.0,2025-09-07 14:30:52.266213
2025-09-07,13117,2025090704010026,RADHI,Sumeru Securities Pvt. Ltd.,Himalayan Brokerage Company Limited,300,760.0,228000.0,2025-09-07 14:30:52.266500
2025-09-07,13116,2025090704010027,RADHI,Primo Securities (PVT) Ltd.,Himalayan Brokerage Company Limited,663,760.0,503880.0,2025-09-07 14:30:52.266746
2025-09-07,12387,2025090704010229,RADHI,Sumeru Securities Pvt. Ltd.,N.M.B. SECURITIES LIMITED,500,760.1,380050.0,2025-09-07 14:33:10.371953
2025-09-07,12001,2025090704010324,RADHI,Miyo Securities Pvt Ltd,Himalayan Brokerage Company Limited,552,761.0,420072.0,2025-09-07 14:34:31.125017
2025-09-07,12000,2025090704010325,RADHI,Miyo Securities Pvt Ltd,Himalayan Brokerage Company Limited,448,761.0,340928.0,2025-09-07 14:34:31.125271
2025-09-07,10909,2025090704010628,RADHI,Ashutosh Brokerage & Securities (PVT) Ltd.,Secured Securities Ltd.,100,761.2,76120.0,2025-09-07 14:38:17.300579
2025-09-07,10908,2025090704010629,RADHI,Arun Securities (PVT) Ltd.,Secured Securities Ltd.,100,761.1,76110.0,2025-09-07 14:38:17.300627
2025-09-07,10907,2025090704010630,RADHI,Miyo Securities Pvt Ltd,Secured Securities Ltd.,52,761.0,39572.0,2025-09-07 14:38:17.300660
2025-09-07,10906,2025090704010631,RADHI,Oxford Securities Pvt. Ltd.,Secured Securities Ltd.,300,761.0,228300.0,2025-09-07 14:38:17.300692
2025-09-07,10905,2025090704010632,RADHI,Imperial Securities Company Pvt. Ltd.,Secured Securities Ltd.,900,760.1,684090.0,2025-09-07 14:38:17.300722
2025-09-07,10904,2025090704010633,RADHI,Primo Securities (PVT) Ltd.,Secured Securities Ltd.,337,760.0,256120.0,2025-09-07 14:38:17.300757
2025-09-07,10903,2025090704010634,RADHI,Sagarmatha Securities Private Limited,Secured Securities Ltd.,100,760.0,76000.0,2025-09-07 14:38:17.300793
2025-09-07,10902,2025090704010635,RADHI,Primo Securities (PVT) Ltd.,Secured Securities Ltd.,100,760.0,76000.0,2025-09-07 14:38:17.300819
2025-09-07,10901,2025090704010636,RADHI,Sani Securities Company Ltd.,Secured Securities Ltd.,50,760.0,38000.0,2025-09-07 14:38:17.300848
2025-09-07,10900,2025090704010637,RADHI,Online Securities Pvt. Ltd.,Secured Securities Ltd.,461,760.0,350360.0,2025-09-07 14:38:17.300880
2025-09-07,10134,2025090704010818,RADHI,Agrawal Securities (PVT) Ltd.,Dakshinkali Investment & Securities Pvt. Ltd.,10,760.8,7608.0,2025-09-07 14:40:55.587872
2025-09-07,10133,2025090704010819,RADHI,Agrawal Securities (PVT) Ltd.,Dakshinkali Investment & Securities Pvt. Ltd.,15,760.7,11410.5,2025-09-07 14:40:55.588135
2025-09-07,10132,2025090704010820,RADHI,Agrawal Securities (PVT) Ltd.,Dakshinkali Investment & Securities Pvt. Ltd.,18,760.6,13690.8,2025-09-07 14:40:55.588227
2025-09-07,10131,2025090704010821,RADHI,APPLE SECURITIES PRIVATE LIMITED,Dakshinkali Investment & Securities Pvt. Ltd.,457,760.5,347548.5,2025-09-07 14:40:55.588340
2025-09-07,9288,2025090704011008,RADHI,Nepal Stock House (PVT) Ltd.,Himalayan Brokerage Company Limited,50,761.0,38050.0,2025-09-07 14:43:25.584358
2025-09-07,9287,2025090704011009,RADHI,APPLE SECURITIES PRIVATE LIMITED,Himalayan Brokerage Company Limited,543,760.5,412951.5,2025-09-07 14:43:25.584636
2025-09-07,9286,2025090704011010,RADHI,Agrawal Securities (PVT) Ltd.,Himalayan Brokerage Company Limited,20,760.5,15210.0,2025-09-07 14:43:25.584728
2025-09-07,9285,2025090704011011,RADHI,Agrawal Securities (PVT) Ltd.,Himalayan Brokerage Company Limited,25,760.4,19010.0,2025-09-07 14:43:25.584818
2025-09-07,9284,2025090704011012,RADHI,Agrawal Securities (PVT) Ltd.,Himalayan Brokerage Company Limited,30,760.3,22809.0,2025-09-07 14:43:25.584946
2025-09-07,9283,2025090704011013,RADHI,Agrawal Securities (PVT) Ltd.,Himalayan Brokerage Company Limited,40,760.2,30408.0,2025-09-07 14:43:25.585039
2025-09-07,9282,2025090704011014,RADHI,Deevyaa Securities & Stock House Pvt. Ltd,Himalayan Brokerage Company Limited,292,760.1,221949.2,2025-09-07 14:43:25.585127
2025-09-07,8629,2025090704011204,RADHI,South Asian Bulls Pvt. Ltd.,Oxford Securities Pvt. Ltd.,12,761.0,9132.0,2025-09-07 14:45:00.181268
2025-09-07,8628,2025090704011205,RADHI,South Asian Bulls Pvt. Ltd.,Premier Securities Company Ltd.,18,762.0,13716.0,2025-09-07 14:45:00.181322
2025-09-07,8264,2025090704011273,RADHI,Deevyaa Securities & Stock House Pvt. Ltd,Premier Securities Company Ltd.,58,760.1,44085.8,2025-09-07 14:45:47.082968
2025-09-07,8263,2025090704011274,RADHI,Online Securities Pvt. Ltd.,Premier Securities Company Ltd.,42,760.0,31920.0,2025-09-07 14:45:47.083208
2025-09-07,7983,2025090704011368,RADHI,Agrawal Securities (PVT) Ltd.,Himalayan Brokerage Company Limited,25,760.3,19007.5,2025-09-07 14:46:29.433378
2025-09-07,7982,2025090704011369,RADHI,Agrawal Securities (PVT) Ltd.,Himalayan Brokerage Company Limited,20,760.2,15204.0,2025-09-07 14:46:29.433853
2025-09-07,7981,2025090704011370,RADHI,Online Securities Pvt. Ltd.,Himalayan Brokerage Company Limited,1497,760.0,1137720.0,2025-09-07 14:46:29.434149
2025-09-07,7957,2025090704011383,RADHI,Online Securities Pvt. Ltd.,Nagarik Stock Dealer ,1000,759.8,759800.0,2025-09-07 14:46:32.818488
2025-09-07,7623,2025090704011437,RADHI,Online Securities Pvt. Ltd.,Himalayan Brokerage Company Limited,458,759.7,347942.6,2025-09-07 14:47:04.854978
2025-09-07,7155,2025090704011535,RADHI,SHUBHAKAMANA SECURITIES PVT. LTD,Premier Securities Company Ltd.,10,762.0,7620.0,2025-09-07 14:48:15.344431
2025-09-07,7078,2025090704011563,RADHI,Imperial Securities Company Pvt. Ltd.,Vision Securities Pvt. Ltd,100,760.0,76000.0,2025-09-07 14:48:27.939635
2025-09-07,6871,2025090704011623,RADHI,Imperial Securities Company Pvt. Ltd.,Premier Securities Company Ltd.,472,760.0,358720.0,2025-09-07 14:48:55.430241
2025-09-07,6109,2025090704011866,RADHI,Sani Securities Company Ltd.,Kalika Securities Pvt. Ltd.,541,762.5,412512.5,2025-09-07 14:50:39.580987
2025-09-07,6108,2025090704011867,RADHI,Sani Securities Company Ltd.,Property Wiard Limited,200,763.0,152600.0,2025-09-07 14:50:39.581457
2025-09-07,6107,2025090704011868,RADHI,Sani Securities Company Ltd.,Naasa Securities Co. Ltd.,259,763.9,197850.1,2025-09-07 14:50:39.581735
2025-09-07,5307,2025090704012016,RADHI,Arun Securities (PVT) Ltd.,Himalayan Brokerage Company Limited,20,762.0,15240.0,2025-09-07 14:52:18.281577
2025-09-07,5306,2025090704012017,RADHI,Kumari Securities Private Limited,Himalayan Brokerage Company Limited,200,761.0,152200.0,2025-09-07 14:52:18.282014
2025-09-07,5305,2025090704012018,RADHI,Aryatara Investment & Securities,Himalayan Brokerage Company Limited,500,761.0,380500.0,2025-09-07 14:52:18.282299
2025-09-07,5304,2025090704012019,RADHI,S.P.S.A. Securities Limited,Himalayan Brokerage Company Limited,33,760.1,25083.3,2025-09-07 14:52:18.282595
2025-09-07,5303,2025090704012020,RADHI,Imperial Securities Company Pvt. Ltd.,Himalayan Brokerage Company Limited,247,760.0,187720.0,2025-09-07 14:52:18.282864
2025-09-07,4731,2025090704012129,RADHI,Imperial Securities Company Pvt. Ltd.,Himalayan Brokerage Company Limited,81,760.0,61560.0,2025-09-07 14:53:36.974222
2025-09-07,4730,2025090704012130,RADHI,Nagarik Stock Dealer ,Himalayan Brokerage Company Limited,650,759.9,493935.0,2025-09-07 14:53:36.974694
2025-09-07,4729,2025090704012131,RADHI,Online Securities Pvt. Ltd.,Himalayan Brokerage Company Limited,269,759.7,204359.3,2025-09-07 14:53:36.974984
2025-09-07,4074,2025090704012295,RADHI,Online Securities Pvt. Ltd.,Naasa Securities Co. Ltd.,273,759.7,207398.1,2025-09-07 14:54:59.811255
2025-09-07,4051,2025090704012304,RADHI,Agrawal Securities (PVT) Ltd.,Sumeru Securities Pvt. Ltd.,10,759.6,7596.0,2025-09-07 14:55:03.761503
2025-09-07,4050,2025090704012305,RADHI,Agrawal Securities (PVT) Ltd.,Sumeru Securities Pvt. Ltd.,15,759.5,11392.5,2025-09-07 14:55:03.761567
2025-09-07,4049,2025090704012306,RADHI,Agrawal Securities (PVT) Ltd.,Sumeru Securities Pvt. Ltd.,18,759.4,13669.2,2025-09-07 14:55:03.761593
2025-09-07,4048,2025090704012307,RADHI,Agrawal Securities (PVT) Ltd.,Sumeru Securities Pvt. Ltd.,20,759.3,15186.0,2025-09-07 14:55:03.761618
2025-09-07,4047,2025090704012308,RADHI,Agrawal Securities (PVT) Ltd.,Sumeru Securities Pvt. Ltd.,30,759.2,22776.0,2025-09-07 14:55:03.761642
2025-09-07,4046,2025090704012309,RADHI,Agrawal Securities (PVT) Ltd.,Sumeru Securities Pvt. Ltd.,40,759.1,30364.0,2025-09-07 14:55:03.761667
2025-09-07,4045,2025090704012310,RADHI,Dipshikha Dhitopatra Karobar Co. Pvt Ltd.,Sumeru Securities Pvt. Ltd.,148,759.0,112332.0,2025-09-07 14:55:03.761691
2025-09-07,3565,2025090704012461,RADHI,Sharepro Securities Private Limited,Naasa Securities Co. Ltd.,40,759.5,30380.0,2025-09-07 14:55:57.046155
2025-09-07,3076,2025090704012590,RADHI,Online Securities Pvt. Ltd.,Naasa Securities Co. Ltd.,428,759.5,325066.0,2025-09-07 14:56:45.414517
2025-09-07,3075,2025090704012591,RADHI,Online Securities Pvt. Ltd.,Capital Max Securities Ltd,100,760.0,76000.0,2025-09-07 14:56:45.414589
2025-09-07,3074,2025090704012592,RADHI,Online Securities Pvt. Ltd.,Himalayan Brokerage Company Limited,1000,762.9,762900.0,2025-09-07 14:56:45.414617
2025-09-07,3073,2025090704012593,RADHI,Online Securities Pvt. Ltd.,Sri Hari Securities Pvt. Ltd.,1472,762.9,1122988.8,2025-09-07 14:56:45.414642
2025-09-07,2064,2025090704012880,RADHI,Agrawal Securities (PVT) Ltd.,Malla & Malla Stock Broking Company Pvt. Limited,10,759.5,7595.0,2025-09-07 14:58:09.929933
2025-09-07,2040,2025090704012890,RADHI,Agrawal Securities (PVT) Ltd.,Malla & Malla Stock Broking Company Pvt. Limited,10,759.5,7595.0,2025-09-07 14:58:11.967888
2025-09-07,1893,2025090704012924,RADHI,Agrawal Securities (PVT) Ltd.,Investment Management Nepal Pvt. Ltd.,15,759.4,11391.0,2025-09-07 14:58:25.837089
2025-09-07,1879,2025090704012928,RADHI,Agrawal Securities (PVT) Ltd.,Capital Max Securities Ltd,20,759.3,15186.0,2025-09-07 14:58:26.876109
2025-09-07,1878,2025090704012929,RADHI,Roadshow securities limited,Capital Max Securities Ltd,100,759.2,75920.0,2025-09-07 14:58:26.876170
2025-09-07,1877,2025090704012930,RADHI,Agrawal Securities (PVT) Ltd.,Capital Max Securities Ltd,25,759.2,18980.0,2025-09-07 14:58:26.876197
2025-09-07,1876,2025090704012931,RADHI,Imperial Securities Company Pvt. Ltd.,Capital Max Securities Ltd,355,759.1,269480.5,2025-09-07 14:58:26.876222
2025-09-07,1598,2025090704013043,RADHI,Imperial Securities Company Pvt. Ltd.,Investment Management Nepal Pvt. Ltd.,125,759.1,94887.5,2025-09-07 14:58:43.373018
2025-09-07,1271,2025090704013164,RADHI,Online Securities Pvt. Ltd.,Sri Hari Securities Pvt. Ltd.,28,759.2,21257.6,2025-09-07 14:59:04.841288
2025-09-07,944,2025090704013238,RADHI,Online Securities Pvt. Ltd.,Capital Max Securities Ltd,600,759.2,455520.0,2025-09-07 14:59:20.953087
2025-09-07,882,2025090704013266,RADHI,Online Securities Pvt. Ltd.,Siprabi Securities Pvt. Ltd.,30,759.2,22776.0,2025-09-07 14:59:22.818657
2025-09-07,315,2025090704013467,RADHI,Hatemalo Financial Services Private Limited,Imperial Securities Company Pvt. Ltd.,100,760.0,76000.0,2025-09-07 14:59:48.530333
2025-09-07,314,2025090704013468,RADHI,Hatemalo Financial Services Private Limited,Premier Securities Company Ltd.,24,760.0,18240.0,2025-09-07 14:59:48.530577
