Date,S.N.,contract_id,symbol,buyer_broker,seller_broker,volume,price,amount,transaction_time
2025-09-07,57603,2025090703000043,SINDU,Sri Hari Securities Pvt. Ltd.,Kumari Securities Private Limited,10,709.0,7090.0,2025-09-07 11:04:09.780533
2025-09-07,57602,2025090703000044,SINDU,Sri Hari Securities Pvt. Ltd.,Premier Securities Company Ltd.,18,709.0,12762.0,2025-09-07 11:04:09.780658
2025-09-07,57336,2025090703000058,SINDU,Imperial Securities Company Pvt. Ltd.,Premier Securities Company Ltd.,20,709.0,14180.0,2025-09-07 11:05:42.922601
2025-09-07,56850,2025090703000101,SINDU,Online Securities Pvt. Ltd.,Premier Securities Company Ltd.,19,709.0,13471.0,2025-09-07 11:08:41.127595
2025-09-07,56849,2025090703000102,SINDU,Online Securities Pvt. Ltd.,Dynamic Money Managers Securities Pvt. Ltd.,21,709.0,14889.0,2025-09-07 11:08:41.127651
2025-09-07,55974,2025090703000168,SINDU,Aryatara Investment & Securities,Kohinoor Investment & Securities Pvt. Ltd.,180,700.0,126000.0,2025-09-07 11:14:27.830962
2025-09-07,55580,2025090703000208,SINDU,Aryatara Investment & Securities,Asian Securities Private Ltd.,300,700.0,210000.0,2025-09-07 11:16:24.368936
2025-09-07,55549,2025090703000211,SINDU,Aryatara Investment & Securities,Vision Securities Pvt. Ltd,19,700.0,13300.0,2025-09-07 11:16:36.727631
2025-09-07,54963,2025090703000265,SINDU,Vision Securities Pvt. Ltd,Imperial Securities Company Pvt. Ltd.,10,700.0,7000.0,2025-09-07 11:19:41.879725
2025-09-07,54953,2025090703000268,SINDU,Capital Max Securities Ltd,Vision Securities Pvt. Ltd,50,704.0,35200.0,2025-09-07 11:19:45.756312
2025-09-07,53572,2025090703000387,SINDU,Vision Securities Pvt. Ltd,Dynamic Money Managers Securities Pvt. Ltd.,69,709.0,48921.0,2025-09-07 11:27:01.832439
2025-09-07,53571,2025090703000388,SINDU,Vision Securities Pvt. Ltd,Nepal Investment And Securities Trading Private Limited,21,709.0,14889.0,2025-09-07 11:27:01.832497
2025-09-07,51863,2025090703000503,SINDU,Capital Max Securities Ltd,Primo Securities (PVT) Ltd.,10,704.0,7040.0,2025-09-07 11:35:13.416361
2025-09-07,51756,2025090703000516,SINDU,Capital Max Securities Ltd,Creative Securities Pvt Ltd,35,705.0,24675.0,2025-09-07 11:35:49.478762
2025-09-07,50530,2025090703000630,SINDU,Online Securities Pvt. Ltd.,Imperial Securities Company Pvt. Ltd.,10,700.0,7000.0,2025-09-07 11:41:02.911029
2025-09-07,50529,2025090703000631,SINDU,South Asian Bulls Pvt. Ltd.,Imperial Securities Company Pvt. Ltd.,190,700.0,133000.0,2025-09-07 11:41:02.911250
2025-09-07,50275,2025090703000680,SINDU,South Asian Bulls Pvt. Ltd.,ABC Securities Private Limited,10,700.0,7000.0,2025-09-07 11:41:59.644136
2025-09-07,50274,2025090703000681,SINDU,Naasa Securities Co. Ltd.,ABC Securities Private Limited,10,700.0,7000.0,2025-09-07 11:41:59.644258
2025-09-07,49158,2025090703000756,SINDU,Naasa Securities Co. Ltd.,ABC Securities Private Limited,10,700.0,7000.0,2025-09-07 11:46:27.318605
2025-09-07,48804,2025090703000800,SINDU,Asian Securities Private Ltd.,ABC Securities Private Limited,170,700.0,119000.0,2025-09-07 11:47:53.581568
2025-09-07,47057,2025090703000991,SINDU,Linch Stock Market Ltd.,Creative Securities Pvt Ltd,10,701.0,7010.0,2025-09-07 11:56:06.152281
2025-09-07,47056,2025090703000992,SINDU,Asian Securities Private Ltd.,Creative Securities Pvt Ltd,290,700.0,203000.0,2025-09-07 11:56:06.152446
2025-09-07,46759,2025090703001027,SINDU,Vision Securities Pvt. Ltd,Naasa Securities Co. Ltd.,25,701.5,17537.5,2025-09-07 11:56:56.914691
2025-09-07,46480,2025090703001052,SINDU,Online Securities Pvt. Ltd.,Naasa Securities Co. Ltd.,10,701.5,7015.0,2025-09-07 11:58:11.878252
2025-09-07,46427,2025090703001055,SINDU,Online Securities Pvt. Ltd.,Naasa Securities Co. Ltd.,10,701.5,7015.0,2025-09-07 11:58:29.919466
2025-09-07,46347,2025090703001061,SINDU,Online Securities Pvt. Ltd.,Naasa Securities Co. Ltd.,10,701.5,7015.0,2025-09-07 11:58:44.980240
2025-09-07,46259,2025090703001067,SINDU,Neev Securities Pvt. Ltd.,Capital Max Securities Ltd,50,700.1,35005.0,2025-09-07 11:59:01.243155
2025-09-07,46178,2025090703001072,SINDU,Deevyaa Securities & Stock House Pvt. Ltd,Naasa Securities Co. Ltd.,45,701.5,31567.5,2025-09-07 11:59:19.355190
2025-09-07,45521,2025090703001171,SINDU,Sri Hari Securities Pvt. Ltd.,Imperial Securities Company Pvt. Ltd.,10,700.3,7003.0,2025-09-07 12:02:35.085442
2025-09-07,45045,2025090703001226,SINDU,Online Securities Pvt. Ltd.,Oxford Securities Pvt. Ltd.,10,700.6,7006.0,2025-09-07 12:05:15.024784
2025-09-07,45044,2025090703001227,SINDU,Agrawal Securities (PVT) Ltd.,Oxford Securities Pvt. Ltd.,10,700.5,7005.0,2025-09-07 12:05:15.024964
2025-09-07,45043,2025090703001228,SINDU,Neev Securities Pvt. Ltd.,Oxford Securities Pvt. Ltd.,30,700.4,21012.0,2025-09-07 12:05:15.025102
2025-09-07,44971,2025090703001247,SINDU,Nabil Stock Dealer Ltd.,Investment Management Nepal Pvt. Ltd.,10,701.0,7010.0,2025-09-07 12:05:38.053685
2025-09-07,44819,2025090703001271,SINDU,Nabil Stock Dealer Ltd.,Investment Management Nepal Pvt. Ltd.,10,701.0,7010.0,2025-09-07 12:06:20.512938
2025-09-07,44482,2025090703001310,SINDU,Creative Securities Pvt Ltd,Asian Securities Private Ltd.,200,700.9,140180.0,2025-09-07 12:07:55.962386
2025-09-07,43920,2025090703001386,SINDU,Asian Securities Private Ltd.,Investment Management Nepal Pvt. Ltd.,105,701.0,73605.0,2025-09-07 12:10:28.780786
2025-09-07,43456,2025090703001427,SINDU,Asian Securities Private Ltd.,Online Securities Pvt. Ltd.,11,701.0,7711.0,2025-09-07 12:12:38.535949
2025-09-07,43402,2025090703001434,SINDU,Asian Securities Private Ltd.,Dipshikha Dhitopatra Karobar Co. Pvt Ltd.,100,701.0,70100.0,2025-09-07 12:12:50.750394
2025-09-07,42989,2025090703001481,SINDU,Creative Securities Pvt Ltd,Sweta Securities Private Limited,50,703.0,35150.0,2025-09-07 12:14:22.954695
2025-09-07,42204,2025090703001542,SINDU,Nagarik Stock Dealer ,Deevyaa Securities & Stock House Pvt. Ltd,37,701.7,25962.9,2025-09-07 12:17:44.029997
2025-09-07,42203,2025090703001543,SINDU,Neev Securities Pvt. Ltd.,Deevyaa Securities & Stock House Pvt. Ltd,120,701.6,84192.0,2025-09-07 12:17:44.030110
2025-09-07,42202,2025090703001544,SINDU,Blue Chip Securities Ltd,Deevyaa Securities & Stock House Pvt. Ltd,200,701.5,140300.0,2025-09-07 12:17:44.030154
2025-09-07,42201,2025090703001545,SINDU,Asian Securities Private Ltd.,Deevyaa Securities & Stock House Pvt. Ltd,103,701.0,72203.0,2025-09-07 12:17:44.030193
2025-09-07,40661,2025090703001720,SINDU,Asian Securities Private Ltd.,Aryatara Investment & Securities,10,701.0,7010.0,2025-09-07 12:24:47.901260
2025-09-07,40154,2025090703001781,SINDU,Opal Securities Investment (PVT) Ltd.,Online Securities Pvt. Ltd.,10,702.0,7020.0,2025-09-07 12:27:18.890540
2025-09-07,39866,2025090703001816,SINDU,Neev Securities Pvt. Ltd.,Online Securities Pvt. Ltd.,50,702.0,35100.0,2025-09-07 12:28:44.209086
2025-09-07,39807,2025090703001829,SINDU,Asian Securities Private Ltd.,Online Securities Pvt. Ltd.,140,702.0,98280.0,2025-09-07 12:29:00.815019
2025-09-07,39806,2025090703001830,SINDU,Asian Securities Private Ltd.,Sweta Securities Private Limited,30,703.0,21090.0,2025-09-07 12:29:00.815137
2025-09-07,39805,2025090703001831,SINDU,Asian Securities Private Ltd.,Creative Securities Pvt Ltd,41,705.0,28905.0,2025-09-07 12:29:00.815198
2025-09-07,39301,2025090703001893,SINDU,Kumari Securities Private Limited,Linch Stock Market Ltd.,20,704.0,14080.0,2025-09-07 12:31:27.610485
2025-09-07,38706,2025090703001956,SINDU,Secured Securities Ltd.,Creative Securities Pvt Ltd,100,705.0,70500.0,2025-09-07 12:34:25.843224
2025-09-07,36121,2025090703002244,SINDU,Dipshikha Dhitopatra Karobar Co. Pvt Ltd.,Creative Securities Pvt Ltd,10,705.0,7050.0,2025-09-07 12:45:08.054785
2025-09-07,34444,2025090703002478,SINDU,Naasa Securities Co. Ltd.,Creative Securities Pvt Ltd,28,705.0,19740.0,2025-09-07 12:51:37.022481
2025-09-07,34377,2025090703002484,SINDU,Magnet Securities and Investment Company Private Limited,Creative Securities Pvt Ltd,36,705.0,25380.0,2025-09-07 12:51:53.425913
2025-09-07,34376,2025090703002485,SINDU,Magnet Securities and Investment Company Private Limited,Arun Securities (PVT) Ltd.,50,705.0,35250.0,2025-09-07 12:51:53.426018
2025-09-07,34375,2025090703002486,SINDU,Magnet Securities and Investment Company Private Limited,ABC Securities Private Limited,14,705.0,9870.0,2025-09-07 12:51:53.426068
2025-09-07,33144,2025090703002646,SINDU,Dakshinkali Investment & Securities Pvt. Ltd.,ABC Securities Private Limited,100,705.0,70500.0,2025-09-07 12:57:35.119866
2025-09-07,32401,2025090703002733,SINDU,Naasa Securities Co. Ltd.,ABC Securities Private Limited,50,705.0,35250.0,2025-09-07 13:01:16.877473
2025-09-07,30094,2025090703002975,SINDU,Thrive Brokerage House Pvt. Ltd,Deevyaa Securities & Stock House Pvt. Ltd,100,703.0,70300.0,2025-09-07 13:11:27.386512
2025-09-07,30093,2025090703002976,SINDU,Online Securities Pvt. Ltd.,Deevyaa Securities & Stock House Pvt. Ltd,50,703.0,35150.0,2025-09-07 13:11:27.386748
2025-09-07,28507,2025090703003212,SINDU,Aryatara Investment & Securities,Deevyaa Securities & Stock House Pvt. Ltd,10,702.5,7025.0,2025-09-07 13:18:28.977921
2025-09-07,28506,2025090703003213,SINDU,Agrawal Securities (PVT) Ltd.,Deevyaa Securities & Stock House Pvt. Ltd,71,702.3,49863.3,2025-09-07 13:18:28.978070
2025-09-07,28505,2025090703003214,SINDU,Aryatara Investment & Securities,Deevyaa Securities & Stock House Pvt. Ltd,100,702.1,70210.0,2025-09-07 13:18:28.978122
2025-09-07,28504,2025090703003215,SINDU,Aryatara Investment & Securities,Deevyaa Securities & Stock House Pvt. Ltd,19,702.1,13339.9,2025-09-07 13:18:28.978168
2025-09-07,28284,2025090703003232,SINDU,Aryatara Investment & Securities,Trishakti Securities Public Limited,81,702.1,56870.1,2025-09-07 13:19:16.008387
2025-09-07,28283,2025090703003233,SINDU,Aryatara Investment & Securities,Trishakti Securities Public Limited,19,702.1,13339.9,2025-09-07 13:19:16.008536
2025-09-07,27872,2025090703003286,SINDU,Aryatara Investment & Securities,Kumari Securities Private Limited,31,702.1,21765.1,2025-09-07 13:21:04.942625
2025-09-07,27871,2025090703003287,SINDU,Opal Securities Investment (PVT) Ltd.,Kumari Securities Private Limited,140,702.0,98280.0,2025-09-07 13:21:04.942836
2025-09-07,27731,2025090703003305,SINDU,Opal Securities Investment (PVT) Ltd.,Sani Securities Company Ltd.,45,702.0,31590.0,2025-09-07 13:21:48.741651
2025-09-07,27524,2025090703003334,SINDU,Naasa Securities Co. Ltd.,Sani Securities Company Ltd.,10,702.0,7020.0,2025-09-07 13:22:55.777337
2025-09-07,27468,2025090703003342,SINDU,Vision Securities Pvt. Ltd,Imperial Securities Company Pvt. Ltd.,20,701.2,14024.0,2025-09-07 13:23:06.687107
2025-09-07,27061,2025090703003415,SINDU,Imperial Securities Company Pvt. Ltd.,Sani Securities Company Ltd.,97,702.0,68094.0,2025-09-07 13:25:17.533946
2025-09-07,24685,2025090703003700,SINDU,Dipshikha Dhitopatra Karobar Co. Pvt Ltd.,Aryatara Investment & Securities,10,703.5,7035.0,2025-09-07 13:38:23.887361
2025-09-07,23924,2025090703003781,SINDU,Aryatara Investment & Securities,Capital Max Securities Ltd,70,702.3,49161.0,2025-09-07 13:42:36.429277
2025-09-07,23923,2025090703003782,SINDU,South Asian Bulls Pvt. Ltd.,Capital Max Securities Ltd,30,702.3,21069.0,2025-09-07 13:42:36.429422
2025-09-07,22535,2025090703003959,SINDU,Trisul Securities & Invt. Ltd.,Online Securities Pvt. Ltd.,100,703.0,70300.0,2025-09-07 13:50:19.207814
2025-09-07,21628,2025090703004109,SINDU,Online Securities Pvt. Ltd.,South Asian Bulls Pvt. Ltd.,50,702.8,35140.0,2025-09-07 13:54:16.607000
2025-09-07,21396,2025090703004130,SINDU,Secured Securities Ltd.,Midas Stock Broking Company Private Limited,200,702.7,140540.0,2025-09-07 13:55:28.680789
2025-09-07,21393,2025090703004131,SINDU,Imperial Securities Company Pvt. Ltd.,Online Securities Pvt. Ltd.,100,703.0,70300.0,2025-09-07 13:55:29.856107
2025-09-07,21392,2025090703004132,SINDU,Imperial Securities Company Pvt. Ltd.,Agrawal Securities (PVT) Ltd.,20,703.0,14060.0,2025-09-07 13:55:29.856393
2025-09-07,21168,2025090703004185,SINDU,Imperial Securities Company Pvt. Ltd.,Midas Stock Broking Company Private Limited,100,703.0,70300.0,2025-09-07 13:56:43.821814
2025-09-07,20983,2025090703004237,SINDU,Imperial Securities Company Pvt. Ltd.,Dakshinkali Investment & Securities Pvt. Ltd.,15,703.0,10545.0,2025-09-07 13:57:33.806795
2025-09-07,20581,2025090703004293,SINDU,Secured Securities Ltd.,Siprabi Securities Pvt. Ltd.,100,702.7,70270.0,2025-09-07 13:59:40.922569
2025-09-07,20079,2025090703004382,SINDU,Secured Securities Ltd.,Naasa Securities Co. Ltd.,10,702.7,7027.0,2025-09-07 14:02:11.118555
2025-09-07,19702,2025090703004411,SINDU,Bhrikuti Stock Broking Co. Pvt. Ltd.,Dakshinkali Investment & Securities Pvt. Ltd.,95,703.0,66785.0,2025-09-07 14:04:02.664512
2025-09-07,18878,2025090703004488,SINDU,Bhrikuti Stock Broking Co. Pvt. Ltd.,Aryatara Investment & Securities,45,703.5,31657.5,2025-09-07 14:08:10.713826
2025-09-07,18139,2025090703004589,SINDU,Imperial Securities Company Pvt. Ltd.,Naasa Securities Co. Ltd.,65,703.0,45695.0,2025-09-07 14:11:53.789752
2025-09-07,15766,2025090703004909,SINDU,Secured Securities Ltd.,Opal Securities Investment (PVT) Ltd.,30,702.7,21081.0,2025-09-07 14:21:35.125139
2025-09-07,15519,2025090703004926,SINDU,Secured Securities Ltd.,Asian Securities Private Ltd.,160,702.7,112432.0,2025-09-07 14:22:34.081180
2025-09-07,15518,2025090703004927,SINDU,Naasa Securities Co. Ltd.,Asian Securities Private Ltd.,14,702.2,9830.8,2025-09-07 14:22:34.081416
2025-09-07,15517,2025090703004928,SINDU,Bhrikuti Stock Broking Co. Pvt. Ltd.,Asian Securities Private Ltd.,200,702.2,140440.0,2025-09-07 14:22:34.081558
2025-09-07,15516,2025090703004929,SINDU,Trishakti Securities Public Limited,Asian Securities Private Ltd.,100,702.0,70200.0,2025-09-07 14:22:34.081696
2025-09-07,15192,2025090703004980,SINDU,Sani Securities Company Ltd.,Asian Securities Private Ltd.,300,700.6,210180.0,2025-09-07 14:23:59.243065
2025-09-07,15191,2025090703004981,SINDU,Aryatara Investment & Securities,Asian Securities Private Ltd.,100,700.6,70060.0,2025-09-07 14:23:59.243272
2025-09-07,15190,2025090703004982,SINDU,Nabil Stock Dealer Ltd.,Asian Securities Private Ltd.,125,700.5,87562.5,2025-09-07 14:23:59.243331
2025-09-07,15189,2025090703004983,SINDU,Aryatara Investment & Securities,Asian Securities Private Ltd.,100,700.5,70050.0,2025-09-07 14:23:59.243379
2025-09-07,15188,2025090703004984,SINDU,J.F. Securites (PVT) Ltd.,Asian Securities Private Ltd.,200,700.4,140080.0,2025-09-07 14:23:59.243428
2025-09-07,15187,2025090703004985,SINDU,Asian Securities Private Ltd.,Asian Securities Private Ltd.,141,700.1,98714.1,2025-09-07 14:23:59.243475
2025-09-07,15186,2025090703004986,SINDU,Agrawal Securities (PVT) Ltd.,Asian Securities Private Ltd.,50,700.0,35000.0,2025-09-07 14:23:59.243523
2025-09-07,15185,2025090703004987,SINDU,Malla & Malla Stock Broking Company Pvt. Limited,Asian Securities Private Ltd.,25,700.0,17500.0,2025-09-07 14:23:59.243568
2025-09-07,14594,2025090703005066,SINDU,Aryatara Investment & Securities,Asian Securities Private Ltd.,50,702.0,35100.0,2025-09-07 14:26:07.490538
2025-09-07,13273,2025090703005296,SINDU,Aryatara Investment & Securities,Dipshikha Dhitopatra Karobar Co. Pvt Ltd.,30,700.1,21003.0,2025-09-07 14:30:21.418201
2025-09-07,13093,2025090703005326,SINDU,Siprabi Securities Pvt. Ltd.,Imperial Securities Company Pvt. Ltd.,20,700.2,14004.0,2025-09-07 14:30:57.027747
2025-09-07,12623,2025090703005440,SINDU,Aryatara Investment & Securities,Naasa Securities Co. Ltd.,15,700.1,10501.5,2025-09-07 14:32:22.303104
2025-09-07,12590,2025090703005443,SINDU,Aryatara Investment & Securities,Dipshikha Dhitopatra Karobar Co. Pvt Ltd.,55,700.1,38505.5,2025-09-07 14:32:29.379849
2025-09-07,12589,2025090703005444,SINDU,Himalayan Securities Limited,Dipshikha Dhitopatra Karobar Co. Pvt Ltd.,40,700.0,28000.0,2025-09-07 14:32:29.380057
2025-09-07,12588,2025090703005445,SINDU,Midas Stock Broking Company Private Limited,Dipshikha Dhitopatra Karobar Co. Pvt Ltd.,50,700.0,35000.0,2025-09-07 14:32:29.380129
2025-09-07,12587,2025090703005446,SINDU,Oxford Securities Pvt. Ltd.,Dipshikha Dhitopatra Karobar Co. Pvt Ltd.,50,700.0,35000.0,2025-09-07 14:32:29.380240
2025-09-07,12586,2025090703005447,SINDU,Sani Securities Company Ltd.,Dipshikha Dhitopatra Karobar Co. Pvt Ltd.,60,700.0,42000.0,2025-09-07 14:32:29.380303
2025-09-07,12585,2025090703005448,SINDU,South Asian Bulls Pvt. Ltd.,Dipshikha Dhitopatra Karobar Co. Pvt Ltd.,10,700.0,7000.0,2025-09-07 14:32:29.380376
2025-09-07,12584,2025090703005449,SINDU,Malla & Malla Stock Broking Company Pvt. Limited,Dipshikha Dhitopatra Karobar Co. Pvt Ltd.,10,700.0,7000.0,2025-09-07 14:32:29.380440
2025-09-07,12583,2025090703005450,SINDU,ABC Securities Private Limited,Dipshikha Dhitopatra Karobar Co. Pvt Ltd.,11,700.0,7700.0,2025-09-07 14:32:29.380502
2025-09-07,12582,2025090703005451,SINDU,Dynamic Money Managers Securities Pvt. Ltd.,Dipshikha Dhitopatra Karobar Co. Pvt Ltd.,10,700.0,7000.0,2025-09-07 14:32:29.380581
2025-09-07,12581,2025090703005452,SINDU,Ashutosh Brokerage & Securities (PVT) Ltd.,Dipshikha Dhitopatra Karobar Co. Pvt Ltd.,100,700.0,70000.0,2025-09-07 14:32:29.380642
2025-09-07,12356,2025090703005478,SINDU,Bhrikuti Stock Broking Co. Pvt. Ltd.,Dipshikha Dhitopatra Karobar Co. Pvt Ltd.,10,700.0,7000.0,2025-09-07 14:33:19.547851
2025-09-07,12324,2025090703005479,SINDU,Bhrikuti Stock Broking Co. Pvt. Ltd.,J.F. Securites (PVT) Ltd.,20,700.0,14000.0,2025-09-07 14:33:23.468644
2025-09-07,12034,2025090703005528,SINDU,Secured Securities Ltd.,Premier Securities Company Ltd.,25,699.0,17475.0,2025-09-07 14:34:19.473048
2025-09-07,11897,2025090703005547,SINDU,Secured Securities Ltd.,Siprabi Securities Pvt. Ltd.,30,699.0,20970.0,2025-09-07 14:34:47.728747
2025-09-07,11673,2025090703005570,SINDU,Secured Securities Ltd.,Dipshikha Dhitopatra Karobar Co. Pvt Ltd.,195,699.0,136305.0,2025-09-07 14:35:32.498365
2025-09-07,11267,2025090703005630,SINDU,Linch Stock Market Ltd.,Dipshikha Dhitopatra Karobar Co. Pvt Ltd.,10,699.0,6990.0,2025-09-07 14:36:55.275357
2025-09-07,10581,2025090703005776,SINDU,Linch Stock Market Ltd.,J.F. Securites (PVT) Ltd.,90,699.0,62910.0,2025-09-07 14:39:31.768326
2025-09-07,10580,2025090703005777,SINDU,Himalayan Securities Limited,J.F. Securites (PVT) Ltd.,50,699.0,34950.0,2025-09-07 14:39:31.768434
2025-09-07,10307,2025090703005807,SINDU,Linch Stock Market Ltd.,J.F. Securites (PVT) Ltd.,40,699.0,27960.0,2025-09-07 14:40:17.959708
2025-09-07,10153,2025090703005834,SINDU,Linch Stock Market Ltd.,Dipshikha Dhitopatra Karobar Co. Pvt Ltd.,50,699.0,34950.0,2025-09-07 14:40:50.510847
2025-09-07,9779,2025090703005894,SINDU,Premier Securities Company Ltd.,KALASH STOCK MARKET PVT. LTD.,100,699.0,69900.0,2025-09-07 14:41:58.093028
2025-09-07,7382,2025090703006215,SINDU,Naasa Securities Co. Ltd.,Online Securities Pvt. Ltd.,60,698.0,41880.0,2025-09-07 14:47:40.847169
2025-09-07,7381,2025090703006216,SINDU,Naasa Securities Co. Ltd.,Linch Stock Market Ltd.,40,699.0,27960.0,2025-09-07 14:47:40.847395
2025-09-07,7256,2025090703006231,SINDU,Imperial Securities Company Pvt. Ltd.,Linch Stock Market Ltd.,60,699.0,41940.0,2025-09-07 14:47:56.916914
2025-09-07,6952,2025090703006265,SINDU,Opal Securities Investment (PVT) Ltd.,ABC Securities Private Limited,10,700.0,7000.0,2025-09-07 14:48:46.980001
2025-09-07,6823,2025090703006281,SINDU,Imperial Securities Company Pvt. Ltd.,Ashutosh Brokerage & Securities (PVT) Ltd.,240,699.2,167808.0,2025-09-07 14:49:03.092152
2025-09-07,6478,2025090703006312,SINDU,Agrawal Securities (PVT) Ltd.,Dipshikha Dhitopatra Karobar Co. Pvt Ltd.,10,698.9,6989.0,2025-09-07 14:49:55.126442
2025-09-07,2296,2025090703006920,SINDU,Sani Securities Company Ltd.,Midas Stock Broking Company Private Limited,100,699.0,69900.0,2025-09-07 14:57:50.818348
2025-09-07,2229,2025090703006926,SINDU,Nepal Stock House (PVT) Ltd.,Midas Stock Broking Company Private Limited,10,699.0,6990.0,2025-09-07 14:57:55.870186
2025-09-07,2109,2025090703006956,SINDU,Nepal Stock House (PVT) Ltd.,Midas Stock Broking Company Private Limited,10,699.0,6990.0,2025-09-07 14:58:04.722524
2025-09-07,1945,2025090703006993,SINDU,Siprabi Securities Pvt. Ltd.,Midas Stock Broking Company Private Limited,25,699.0,17475.0,2025-09-07 14:58:19.991217
2025-09-07,1890,2025090703007002,SINDU,Shree Krishna Securities Ltd.,Midas Stock Broking Company Private Limited,55,699.0,38445.0,2025-09-07 14:58:26.053448
2025-09-07,1651,2025090703007039,SINDU,Shree Krishna Securities Ltd.,J.F. Securites (PVT) Ltd.,25,699.0,17475.0,2025-09-07 14:58:39.765136
2025-09-07,1616,2025090703007043,SINDU,Linch Stock Market Ltd.,Vision Securities Pvt. Ltd,10,698.9,6989.0,2025-09-07 14:58:42.364612
2025-09-07,1615,2025090703007044,SINDU,Naasa Securities Co. Ltd.,Vision Securities Pvt. Ltd,10,698.8,6988.0,2025-09-07 14:58:42.364869
2025-09-07,1614,2025090703007045,SINDU,Sri Hari Securities Pvt. Ltd.,Vision Securities Pvt. Ltd,15,698.6,10479.0,2025-09-07 14:58:42.365011
2025-09-07,985,2025090703007138,SINDU,Sani Securities Company Ltd.,ABC Securities Private Limited,25,698.0,17450.0,2025-09-07 14:59:18.754940
2025-09-07,984,2025090703007139,SINDU,Nepal Stock House (PVT) Ltd.,ABC Securities Private Limited,100,698.0,69800.0,2025-09-07 14:59:18.755080
2025-09-07,983,2025090703007140,SINDU,Aryatara Investment & Securities,ABC Securities Private Limited,25,698.0,17450.0,2025-09-07 14:59:18.755128
2025-09-07,982,2025090703007141,SINDU,Opal Securities Investment (PVT) Ltd.,ABC Securities Private Limited,100,698.0,69800.0,2025-09-07 14:59:18.755178
2025-09-07,981,2025090703007142,SINDU,Linch Stock Market Ltd.,ABC Securities Private Limited,20,698.0,13960.0,2025-09-07 14:59:18.755231
2025-09-07,980,2025090703007143,SINDU,Bhrikuti Stock Broking Co. Pvt. Ltd.,ABC Securities Private Limited,500,698.0,349000.0,2025-09-07 14:59:18.755277
2025-09-07,856,2025090703007164,SINDU,ABC Securities Private Limited,ABC Securities Private Limited,146,698.0,101908.0,2025-09-07 14:59:23.770304
2025-09-07,855,2025090703007165,SINDU,ABC Securities Private Limited,Vision Securities Pvt. Ltd,35,698.6,24451.0,2025-09-07 14:59:23.770388
2025-09-07,854,2025090703007166,SINDU,ABC Securities Private Limited,J.F. Securites (PVT) Ltd.,132,699.0,92268.0,2025-09-07 14:59:23.770418
2025-09-07,853,2025090703007167,SINDU,ABC Securities Private Limited,Ashutosh Brokerage & Securities (PVT) Ltd.,10,699.2,6992.0,2025-09-07 14:59:23.770445
2025-09-07,852,2025090703007168,SINDU,ABC Securities Private Limited,Online Securities Pvt. Ltd.,129,699.9,90287.1,2025-09-07 14:59:23.770470
2025-09-07,851,2025090703007169,SINDU,ABC Securities Private Limited,Naasa Securities Co. Ltd.,150,700.0,105000.0,2025-09-07 14:59:23.770511
2025-09-07,850,2025090703007170,SINDU,ABC Securities Private Limited,Thrive Brokerage House Pvt. Ltd,100,700.0,70000.0,2025-09-07 14:59:23.770539
2025-09-07,849,2025090703007171,SINDU,ABC Securities Private Limited,South Asian Bulls Pvt. Ltd.,137,700.0,95900.0,2025-09-07 14:59:23.770567
