Date,S.N.,contract_id,symbol,buyer_broker,seller_broker,volume,price,amount,transaction_time
2025-09-07,58062,2025090704000005,UMHL,Citizens Share Broker Limited,Capital Max Securities Ltd,300,570.0,171000.0,2025-09-07 10:46:00.023385
2025-09-07,58061,2025090704000006,UMHL,Citizens Share Broker Limited,Capital Max Securities Ltd,300,570.0,171000.0,2025-09-07 10:46:00.023414
2025-09-07,58060,2025090704000007,UMHL,Citizens Share Broker Limited,Capital Max Securities Ltd,500,570.0,285000.0,2025-09-07 10:46:00.023440
2025-09-07,58059,2025090704000008,UMHL,Citizens Share Broker Limited,Capital Max Securities Ltd,50,570.0,28500.0,2025-09-07 10:46:00.023459
2025-09-07,58058,2025090704000009,UMHL,R.B.B. Securities Company Ltd,Capital Max Securities Ltd,1000,570.0,570000.0,2025-09-07 10:46:00.023479
2025-09-07,58057,2025090704000010,UMHL,R.B.B. Securities Company Ltd,Capital Max Securities Ltd,1000,570.0,570000.0,2025-09-07 10:46:00.023499
2025-09-07,58056,2025090704000011,UMHL,R.B.B. Securities Company Ltd,Capital Max Securities Ltd,500,570.0,285000.0,2025-09-07 10:46:00.023536
2025-09-07,58055,2025090704000012,UMHL,R.B.B. Securities Company Ltd,Capital Max Securities Ltd,500,570.0,285000.0,2025-09-07 10:46:00.023574
2025-09-07,58054,2025090704000013,UMHL,Trisul Securities & Invt. Ltd.,Capital Max Securities Ltd,800,570.0,456000.0,2025-09-07 10:46:00.023592
2025-09-07,58053,2025090704000014,UMHL,Trisul Securities & Invt. Ltd.,Capital Max Securities Ltd,200,570.0,114000.0,2025-09-07 10:46:00.023613
2025-09-07,58052,2025090704000015,UMHL,Trisul Securities & Invt. Ltd.,Capital Max Securities Ltd,200,570.0,114000.0,2025-09-07 10:46:00.023633
2025-09-07,58051,2025090704000016,UMHL,Trisul Securities & Invt. Ltd.,Capital Max Securities Ltd,100,570.0,57000.0,2025-09-07 10:46:00.023654
2025-09-07,58050,2025090704000017,UMHL,Trisul Securities & Invt. Ltd.,Capital Max Securities Ltd,100,570.0,57000.0,2025-09-07 10:46:00.023675
2025-09-07,58049,2025090704000018,UMHL,Trisul Securities & Invt. Ltd.,Capital Max Securities Ltd,50,570.0,28500.0,2025-09-07 10:46:00.023694
2025-09-07,58048,2025090704000019,UMHL,Trisul Securities & Invt. Ltd.,Capital Max Securities Ltd,50,570.0,28500.0,2025-09-07 10:46:00.023714
2025-09-07,58047,2025090704000020,UMHL,Trisul Securities & Invt. Ltd.,Capital Max Securities Ltd,30,570.0,17100.0,2025-09-07 10:46:00.023733
2025-09-07,58046,2025090704000021,UMHL,Trisul Securities & Invt. Ltd.,Capital Max Securities Ltd,50,570.0,28500.0,2025-09-07 10:46:00.023753
2025-09-07,58045,2025090704000022,UMHL,R.B.B. Securities Company Ltd,Capital Max Securities Ltd,500,570.0,285000.0,2025-09-07 10:46:00.023768
2025-09-07,58044,2025090704000023,UMHL,R.B.B. Securities Company Ltd,Capital Max Securities Ltd,500,570.0,285000.0,2025-09-07 10:46:00.023784
2025-09-07,58043,2025090704000024,UMHL,Citizens Share Broker Limited,Capital Max Securities Ltd,100,570.0,57000.0,2025-09-07 10:46:00.023804
2025-09-07,58042,2025090704000025,UMHL,Trishakti Securities Public Limited,Capital Max Securities Ltd,2000,570.0,1140000.0,2025-09-07 10:46:00.023823
2025-09-07,58041,2025090704000026,UMHL,Sundhara Securities Limited,Capital Max Securities Ltd,1987,570.0,1132590.0,2025-09-07 10:46:00.023844
2025-09-07,58040,2025090704000027,UMHL,Capital Max Securities Ltd,Capital Max Securities Ltd,300,570.0,171000.0,2025-09-07 10:46:00.023862
2025-09-07,58039,2025090704000028,UMHL,Asian Securities Private Ltd.,Capital Max Securities Ltd,1000,570.0,570000.0,2025-09-07 10:46:00.023882
2025-09-07,58038,2025090704000029,UMHL,Dipshikha Dhitopatra Karobar Co. Pvt Ltd.,Capital Max Securities Ltd,1500,570.0,855000.0,2025-09-07 10:46:00.023914
2025-09-07,58037,2025090704000030,UMHL,Citizens Share Broker Limited,Capital Max Securities Ltd,140,570.0,79800.0,2025-09-07 10:46:00.023930
2025-09-07,58036,2025090704000031,UMHL,SUN SECURITIES PVT LTD,Capital Max Securities Ltd,400,570.0,228000.0,2025-09-07 10:46:00.023947
2025-09-07,58035,2025090704000032,UMHL,Citizens Share Broker Limited,Capital Max Securities Ltd,500,570.0,285000.0,2025-09-07 10:46:00.023964
2025-09-07,58034,2025090704000033,UMHL,SUN SECURITIES PVT LTD,Capital Max Securities Ltd,170,570.0,96900.0,2025-09-07 10:46:00.023995
2025-09-07,58033,2025090704000034,UMHL,Capital Max Securities Ltd,Capital Max Securities Ltd,173,570.0,98610.0,2025-09-07 10:46:00.024031
2025-09-07,58032,2025090704000035,UMHL,Capital Max Securities Ltd,Sumeru Securities Pvt. Ltd.,1827,570.0,1041390.0,2025-09-07 10:46:00.024049
2025-09-07,58031,2025090704000036,UMHL,ABC Securities Private Limited,Sumeru Securities Pvt. Ltd.,6000,570.0,3420000.0,2025-09-07 10:46:00.024069
2025-09-07,58030,2025090704000037,UMHL,Sagarmatha Securities Private Limited,Sumeru Securities Pvt. Ltd.,2000,570.0,1140000.0,2025-09-07 10:46:00.024091
2025-09-07,58029,2025090704000038,UMHL,SUN SECURITIES PVT LTD,Sumeru Securities Pvt. Ltd.,1000,570.0,570000.0,2025-09-07 10:46:00.024110
2025-09-07,58028,2025090704000039,UMHL,SUN SECURITIES PVT LTD,Sumeru Securities Pvt. Ltd.,2900,570.0,1653000.0,2025-09-07 10:46:00.024130
2025-09-07,58027,2025090704000040,UMHL,J.F. Securites (PVT) Ltd.,Sumeru Securities Pvt. Ltd.,1273,570.0,725610.0,2025-09-07 10:46:00.024150
2025-09-07,58026,2025090704000041,UMHL,J.F. Securites (PVT) Ltd.,Capital Max Securities Ltd,727,570.0,414390.0,2025-09-07 10:46:00.024169
2025-09-07,58025,2025090704000042,UMHL,Sumeru Securities Pvt. Ltd.,Capital Max Securities Ltd,2273,570.0,1295610.0,2025-09-07 10:46:00.024189
2025-09-07,57935,2025090704000060,UMHL,R.B.B. Securities Company Ltd,SHUBHAKAMANA SECURITIES PVT. LTD,10,580.0,5800.0,2025-09-07 11:00:57.163834
2025-09-07,57560,2025090704000172,UMHL,Deevyaa Securities & Stock House Pvt. Ltd,Trisul Securities & Invt. Ltd.,200,578.0,115600.0,2025-09-07 11:04:20.985047
2025-09-07,57551,2025090704000179,UMHL,Dynamic Money Managers Securities Pvt. Ltd.,Trisul Securities & Invt. Ltd.,20,575.1,11502.0,2025-09-07 11:04:25.453571
2025-09-07,57448,2025090704000203,UMHL,Dynamic Money Managers Securities Pvt. Ltd.,Nepal Investment And Securities Trading Private Limited,60,575.1,34506.0,2025-09-07 11:05:05.638852
2025-09-07,57371,2025090704000226,UMHL,Dynamic Money Managers Securities Pvt. Ltd.,Citizens Share Broker Limited,625,575.1,359437.5,2025-09-07 11:05:29.926324
2025-09-07,57370,2025090704000227,UMHL,Capital Max Securities Ltd,Citizens Share Broker Limited,385,575.0,221375.0,2025-09-07 11:05:29.926459
2025-09-07,57252,2025090704000261,UMHL,Capital Max Securities Ltd,Sumeru Securities Pvt. Ltd.,315,575.0,181125.0,2025-09-07 11:06:06.667072
2025-09-07,57251,2025090704000262,UMHL,Oxford Securities Pvt. Ltd.,Sumeru Securities Pvt. Ltd.,470,575.0,270250.0,2025-09-07 11:06:06.667234
2025-09-07,57250,2025090704000263,UMHL,Sumeru Securities Pvt. Ltd.,Sumeru Securities Pvt. Ltd.,215,574.1,123431.5,2025-09-07 11:06:06.667354
2025-09-07,56791,2025090704000357,UMHL,Vision Securities Pvt. Ltd,Naasa Securities Co. Ltd.,80,575.8,46064.0,2025-09-07 11:08:59.923817
2025-09-07,56372,2025090704000447,UMHL,Nepal Stock House (PVT) Ltd.,Naasa Securities Co. Ltd.,12,575.0,6900.0,2025-09-07 11:11:53.849032
2025-09-07,56308,2025090704000471,UMHL,Cristal Kanchanjanga Securites Pvt. Ltd.,SUN SECURITIES PVT LTD,170,577.0,98090.0,2025-09-07 11:12:17.411117
2025-09-07,56307,2025090704000472,UMHL,Cristal Kanchanjanga Securites Pvt. Ltd.,Kohinoor Investment & Securities Pvt. Ltd.,300,577.0,173100.0,2025-09-07 11:12:17.411227
2025-09-07,56306,2025090704000473,UMHL,Cristal Kanchanjanga Securites Pvt. Ltd.,Trisul Securities & Invt. Ltd.,30,578.0,17340.0,2025-09-07 11:12:17.411276
2025-09-07,52404,2025090704001529,UMHL,Vision Securities Pvt. Ltd,SHUBHAKAMANA SECURITIES PVT. LTD,62,577.0,35774.0,2025-09-07 11:32:32.865217
2025-09-07,52127,2025090704001600,UMHL,Capital Max Securities Ltd,Trisul Securities & Invt. Ltd.,10,576.2,5762.0,2025-09-07 11:33:59.110991
2025-09-07,52126,2025090704001601,UMHL,Stoxkarts Securities Limited,Trisul Securities & Invt. Ltd.,200,576.2,115240.0,2025-09-07 11:33:59.111037
2025-09-07,52125,2025090704001602,UMHL,Capital Max Securities Ltd,Trisul Securities & Invt. Ltd.,10,576.1,5761.0,2025-09-07 11:33:59.111093
2025-09-07,52124,2025090704001603,UMHL,Capital Max Securities Ltd,Trisul Securities & Invt. Ltd.,80,576.0,46080.0,2025-09-07 11:33:59.111119
2025-09-07,52123,2025090704001604,UMHL,Stoxkarts Securities Limited,SHUBHAKAMANA SECURITIES PVT. LTD,71,577.0,40967.0,2025-09-07 11:33:59.449872
2025-09-07,52122,2025090704001605,UMHL,Stoxkarts Securities Limited,Kohinoor Investment & Securities Pvt. Ltd.,40,577.0,23080.0,2025-09-07 11:33:59.449949
2025-09-07,52121,2025090704001606,UMHL,Stoxkarts Securities Limited,SHUBHAKAMANA SECURITIES PVT. LTD,71,577.1,40974.1,2025-09-07 11:33:59.449976
2025-09-07,52120,2025090704001607,UMHL,Stoxkarts Securities Limited,SHUBHAKAMANA SECURITIES PVT. LTD,71,577.2,40981.2,2025-09-07 11:33:59.450000
2025-09-07,52119,2025090704001608,UMHL,Stoxkarts Securities Limited,SHUBHAKAMANA SECURITIES PVT. LTD,71,577.3,40988.3,2025-09-07 11:33:59.450023
2025-09-07,52118,2025090704001609,UMHL,Stoxkarts Securities Limited,SUN SECURITIES PVT LTD,176,577.4,101622.4,2025-09-07 11:33:59.450046
2025-09-07,52059,2025090704001626,UMHL,Capital Max Securities Ltd,Naasa Securities Co. Ltd.,20,576.0,11520.0,2025-09-07 11:34:10.336915
2025-09-07,51984,2025090704001637,UMHL,Stoxkarts Securities Limited,Naasa Securities Co. Ltd.,32,576.0,18432.0,2025-09-07 11:34:29.495892
2025-09-07,51983,2025090704001638,UMHL,Stoxkarts Securities Limited,SUN SECURITIES PVT LTD,18,577.4,10393.2,2025-09-07 11:34:29.495968
2025-09-07,50898,2025090704001909,UMHL,Imperial Securities Company Pvt. Ltd.,Dynamic Money Managers Securities Pvt. Ltd.,10,575.5,5755.0,2025-09-07 11:39:36.146172
2025-09-07,48558,2025090704002442,UMHL,Linch Stock Market Ltd.,Asian Securities Private Ltd.,400,576.0,230400.0,2025-09-07 11:49:06.196693
2025-09-07,48557,2025090704002443,UMHL,Sumeru Securities Pvt. Ltd.,Asian Securities Private Ltd.,997,575.7,573972.9,2025-09-07 11:49:06.196750
2025-09-07,48556,2025090704002444,UMHL,Property Wiard Limited,Asian Securities Private Ltd.,200,575.6,115120.0,2025-09-07 11:49:06.196781
2025-09-07,48555,2025090704002445,UMHL,Cristal Kanchanjanga Securites Pvt. Ltd.,Asian Securities Private Ltd.,50,575.6,28780.0,2025-09-07 11:49:06.196816
2025-09-07,48554,2025090704002446,UMHL,Imperial Securities Company Pvt. Ltd.,Asian Securities Private Ltd.,353,575.5,203151.5,2025-09-07 11:49:06.196869
2025-09-07,48354,2025090704002512,UMHL,Imperial Securities Company Pvt. Ltd.,Naasa Securities Co. Ltd.,200,575.5,115100.0,2025-09-07 11:49:52.417978
2025-09-07,48183,2025090704002554,UMHL,Imperial Securities Company Pvt. Ltd.,Naasa Securities Co. Ltd.,100,575.5,57550.0,2025-09-07 11:50:43.816604
2025-09-07,48182,2025090704002555,UMHL,Imperial Securities Company Pvt. Ltd.,Naasa Securities Co. Ltd.,100,575.5,57550.0,2025-09-07 11:50:43.834008
2025-09-07,47970,2025090704002608,UMHL,Naasa Securities Co. Ltd.,Property Wiard Limited,100,576.9,57690.0,2025-09-07 11:51:33.059777
2025-09-07,47969,2025090704002609,UMHL,Naasa Securities Co. Ltd.,SUN SECURITIES PVT LTD,100,576.9,57690.0,2025-09-07 11:51:33.059948
2025-09-07,47931,2025090704002613,UMHL,Naasa Securities Co. Ltd.,SUN SECURITIES PVT LTD,34,576.9,19614.6,2025-09-07 11:51:48.113559
2025-09-07,47502,2025090704002706,UMHL,Dakshinkali Investment & Securities Pvt. Ltd.,Nepal Investment And Securities Trading Private Limited,750,577.0,432750.0,2025-09-07 11:53:50.330818
2025-09-07,47501,2025090704002707,UMHL,Dakshinkali Investment & Securities Pvt. Ltd.,Nepal Investment And Securities Trading Private Limited,750,577.0,432750.0,2025-09-07 11:53:50.331022
2025-09-07,47453,2025090704002717,UMHL,Dakshinkali Investment & Securities Pvt. Ltd.,Siprabi Securities Pvt. Ltd.,232,577.0,133864.0,2025-09-07 11:54:02.792118
2025-09-07,47395,2025090704002727,UMHL,Dakshinkali Investment & Securities Pvt. Ltd.,SHUBHAKAMANA SECURITIES PVT. LTD,44,577.0,25388.0,2025-09-07 11:54:22.884719
2025-09-07,47322,2025090704002737,UMHL,Dakshinkali Investment & Securities Pvt. Ltd.,SHUBHAKAMANA SECURITIES PVT. LTD,724,577.0,417748.0,2025-09-07 11:54:47.912629
2025-09-07,46956,2025090704002809,UMHL,Sani Securities Company Ltd.,Trishakti Securities Public Limited,35,577.0,20195.0,2025-09-07 11:56:35.042527
2025-09-07,46729,2025090704002833,UMHL,Naasa Securities Co. Ltd.,Online Securities Pvt. Ltd.,17,576.1,9793.7,2025-09-07 11:57:06.559621
2025-09-07,45836,2025090704002966,UMHL,Naasa Securities Co. Ltd.,Trishakti Securities Public Limited,136,577.0,78472.0,2025-09-07 12:00:58.793688
2025-09-07,45835,2025090704002967,UMHL,Naasa Securities Co. Ltd.,Kohinoor Investment & Securities Pvt. Ltd.,300,577.0,173100.0,2025-09-07 12:00:58.793870
2025-09-07,45834,2025090704002968,UMHL,Naasa Securities Co. Ltd.,Dipshikha Dhitopatra Karobar Co. Pvt Ltd.,45,577.0,25965.0,2025-09-07 12:00:58.793947
2025-09-07,45772,2025090704002982,UMHL,Naasa Securities Co. Ltd.,J.F. Securites (PVT) Ltd.,500,577.3,288650.0,2025-09-07 12:01:21.388146
2025-09-07,45747,2025090704002984,UMHL,Himalayan Brokerage Company Limited,SHUBHAKAMANA SECURITIES PVT. LTD,1076,577.0,620852.0,2025-09-07 12:01:28.396742
2025-09-07,45691,2025090704002999,UMHL,Himalayan Brokerage Company Limited,MILKY WAY SHARE BROKER COMPANY LTD ,1924,577.0,1110148.0,2025-09-07 12:01:46.020009
2025-09-07,45363,2025090704003067,UMHL,Imperial Securities Company Pvt. Ltd.,Naasa Securities Co. Ltd.,37,575.5,21293.5,2025-09-07 12:03:27.572711
2025-09-07,45362,2025090704003068,UMHL,Kohinoor Investment & Securities Pvt. Ltd.,Naasa Securities Co. Ltd.,10,575.5,5755.0,2025-09-07 12:03:27.572787
2025-09-07,45361,2025090704003069,UMHL,Naasa Securities Co. Ltd.,Naasa Securities Co. Ltd.,349,575.1,200709.9,2025-09-07 12:03:27.572823
2025-09-07,42586,2025090704003614,UMHL,South Asian Bulls Pvt. Ltd.,Agrawal Securities (PVT) Ltd.,214,575.3,123114.2,2025-09-07 12:15:59.636983
2025-09-07,41946,2025090704003729,UMHL,Naasa Securities Co. Ltd.,Midas Stock Broking Company Private Limited,214,576.0,123264.0,2025-09-07 12:18:43.622796
2025-09-07,41316,2025090704003830,UMHL,Aryatara Investment & Securities,Capital Max Securities Ltd,100,576.9,57690.0,2025-09-07 12:21:49.718944
2025-09-07,41240,2025090704003846,UMHL,Bhrikuti Stock Broking Co. Pvt. Ltd.,Premier Securities Company Ltd.,10,576.0,5760.0,2025-09-07 12:22:12.628472
2025-09-07,41085,2025090704003878,UMHL,Vision Securities Pvt. Ltd,Premier Securities Company Ltd.,50,576.0,28800.0,2025-09-07 12:22:51.116092
2025-09-07,40719,2025090704003963,UMHL,Vision Securities Pvt. Ltd,Premier Securities Company Ltd.,75,576.0,43200.0,2025-09-07 12:24:29.931273
2025-09-07,40591,2025090704003986,UMHL,Dakshinkali Investment & Securities Pvt. Ltd.,Premier Securities Company Ltd.,200,576.0,115200.0,2025-09-07 12:25:10.147193
2025-09-07,40017,2025090704004097,UMHL,Online Securities Pvt. Ltd.,Online Securities Pvt. Ltd.,4,564.5,2258.0,2025-09-07 12:27:53.999068
2025-09-07,39906,2025090704004127,UMHL,Deevyaa Securities & Stock House Pvt. Ltd,SUN SECURITIES PVT LTD,500,576.1,288050.0,2025-09-07 12:28:27.539534
2025-09-07,39905,2025090704004128,UMHL,Deevyaa Securities & Stock House Pvt. Ltd,SUN SECURITIES PVT LTD,194,576.1,111763.4,2025-09-07 12:28:27.539802
2025-09-07,39904,2025090704004129,UMHL,Dakshinkali Investment & Securities Pvt. Ltd.,SUN SECURITIES PVT LTD,2300,576.0,1324800.0,2025-09-07 12:28:27.539955
2025-09-07,39504,2025090704004217,UMHL,Bhrikuti Stock Broking Co. Pvt. Ltd.,Sweta Securities Private Limited,10,575.5,5755.0,2025-09-07 12:30:30.575433
2025-09-07,37404,2025090704004711,UMHL,Bhrikuti Stock Broking Co. Pvt. Ltd.,SHUBHAKAMANA SECURITIES PVT. LTD,10,575.4,5754.0,2025-09-07 12:40:11.276948
2025-09-07,37276,2025090704004733,UMHL,Sajilo Broker Limited,Online Securities Pvt. Ltd.,30,576.0,17280.0,2025-09-07 12:40:44.004123
2025-09-07,36268,2025090704004921,UMHL,Naasa Securities Co. Ltd.,Deevyaa Securities & Stock House Pvt. Ltd,200,576.0,115200.0,2025-09-07 12:44:29.032680
2025-09-07,34092,2025090704005414,UMHL,Linch Stock Market Ltd.,Agrawal Securities (PVT) Ltd.,50,576.0,28800.0,2025-09-07 12:53:04.945310
2025-09-07,33524,2025090704005580,UMHL,BHOLE GANESH SECURITIES LTD,ABC Securities Private Limited,200,575.5,115100.0,2025-09-07 12:55:41.837403
2025-09-07,33523,2025090704005581,UMHL,Agrawal Securities (PVT) Ltd.,ABC Securities Private Limited,300,575.4,172620.0,2025-09-07 12:55:41.837618
2025-09-07,33522,2025090704005582,UMHL,South Asian Bulls Pvt. Ltd.,ABC Securities Private Limited,286,575.3,164535.8,2025-09-07 12:55:41.837700
2025-09-07,33521,2025090704005583,UMHL,Dipshikha Dhitopatra Karobar Co. Pvt Ltd.,ABC Securities Private Limited,20,575.3,11506.0,2025-09-07 12:55:41.837778
2025-09-07,33520,2025090704005584,UMHL,Naasa Securities Co. Ltd.,ABC Securities Private Limited,194,575.1,111569.4,2025-09-07 12:55:41.837857
2025-09-07,33441,2025090704005615,UMHL,Naasa Securities Co. Ltd.,Nagarik Stock Dealer ,307,575.1,176555.7,2025-09-07 12:56:02.862798
2025-09-07,33440,2025090704005616,UMHL,Kumari Securities Private Limited,Nagarik Stock Dealer ,100,575.1,57510.0,2025-09-07 12:56:02.863212
2025-09-07,33439,2025090704005617,UMHL,Nepal Stock House (PVT) Ltd.,Nagarik Stock Dealer ,53,575.0,30475.0,2025-09-07 12:56:02.863479
2025-09-07,33438,2025090704005618,UMHL,Property Wiard Limited,Nagarik Stock Dealer ,100,575.0,57500.0,2025-09-07 12:56:02.863707
2025-09-07,33437,2025090704005619,UMHL,Capital Max Securities Ltd,Nagarik Stock Dealer ,270,575.0,155250.0,2025-09-07 12:56:02.863955
2025-09-07,33436,2025090704005620,UMHL,Cristal Kanchanjanga Securites Pvt. Ltd.,Nagarik Stock Dealer ,50,575.0,28750.0,2025-09-07 12:56:02.864192
2025-09-07,33435,2025090704005621,UMHL,Global IME Securities Limited,Nagarik Stock Dealer ,50,575.0,28750.0,2025-09-07 12:56:02.864412
2025-09-07,33434,2025090704005622,UMHL,Naasa Securities Co. Ltd.,Nagarik Stock Dealer ,70,575.0,40250.0,2025-09-07 12:56:02.864634
2025-09-07,33314,2025090704005653,UMHL,Nepal Investment And Securities Trading Private Limited,Agrawal Securities (PVT) Ltd.,12,576.0,6912.0,2025-09-07 12:56:53.725811
2025-09-07,32926,2025090704005721,UMHL,Naasa Securities Co. Ltd.,Agrawal Securities (PVT) Ltd.,430,576.0,247680.0,2025-09-07 12:58:43.547273
2025-09-07,32873,2025090704005736,UMHL,Naasa Securities Co. Ltd.,Agrawal Securities (PVT) Ltd.,43,576.0,24768.0,2025-09-07 12:59:03.656710
2025-09-07,31432,2025090704006045,UMHL,Naasa Securities Co. Ltd.,Bhrikuti Stock Broking Co. Pvt. Ltd.,1000,575.4,575400.0,2025-09-07 13:05:49.236810
2025-09-07,31431,2025090704006046,UMHL,BHOLE GANESH SECURITIES LTD,Bhrikuti Stock Broking Co. Pvt. Ltd.,100,575.1,57510.0,2025-09-07 13:05:49.236888
2025-09-07,31430,2025090704006047,UMHL,BHOLE GANESH SECURITIES LTD,Bhrikuti Stock Broking Co. Pvt. Ltd.,100,575.1,57510.0,2025-09-07 13:05:49.236942
2025-09-07,31429,2025090704006048,UMHL,Linch Stock Market Ltd.,Bhrikuti Stock Broking Co. Pvt. Ltd.,500,575.0,287500.0,2025-09-07 13:05:49.236968
2025-09-07,31428,2025090704006049,UMHL,Cristal Kanchanjanga Securites Pvt. Ltd.,Bhrikuti Stock Broking Co. Pvt. Ltd.,50,575.0,28750.0,2025-09-07 13:05:49.236993
2025-09-07,31427,2025090704006050,UMHL,Neev Securities Pvt. Ltd.,Bhrikuti Stock Broking Co. Pvt. Ltd.,200,575.0,115000.0,2025-09-07 13:05:49.237016
2025-09-07,31426,2025090704006051,UMHL,Stoxkarts Securities Limited,Bhrikuti Stock Broking Co. Pvt. Ltd.,500,574.7,287350.0,2025-09-07 13:05:49.237041
2025-09-07,31425,2025090704006052,UMHL,Citizens Share Broker Limited,Bhrikuti Stock Broking Co. Pvt. Ltd.,200,574.6,114920.0,2025-09-07 13:05:49.237086
2025-09-07,30991,2025090704006148,UMHL,Naasa Securities Co. Ltd.,Capital Max Securities Ltd,500,575.1,287550.0,2025-09-07 13:07:42.564051
2025-09-07,30379,2025090704006312,UMHL,Naasa Securities Co. Ltd.,Sewa Securities Pvt. Ltd.,17,575.1,9776.7,2025-09-07 13:09:57.652606
2025-09-07,30298,2025090704006335,UMHL,Naasa Securities Co. Ltd.,Sewa Securities Pvt. Ltd.,170,575.1,97767.0,2025-09-07 13:10:27.713941
2025-09-07,29082,2025090704006602,UMHL,Naasa Securities Co. Ltd.,Secured Securities Ltd.,20,575.1,11502.0,2025-09-07 13:16:07.833911
2025-09-07,28582,2025090704006705,UMHL,Naasa Securities Co. Ltd.,Capital Max Securities Ltd,93,575.1,53484.3,2025-09-07 13:18:08.846014
2025-09-07,28581,2025090704006706,UMHL,Kohinoor Investment & Securities Pvt. Ltd.,Capital Max Securities Ltd,907,575.1,521615.7,2025-09-07 13:18:08.846482
2025-09-07,27539,2025090704006956,UMHL,Capital Max Securities Ltd,Sewa Securities Pvt. Ltd.,74,575.0,42550.0,2025-09-07 13:22:49.729374
2025-09-07,27527,2025090704006959,UMHL,Capital Max Securities Ltd,Aryatara Investment & Securities,200,575.0,115000.0,2025-09-07 13:22:54.292131
2025-09-07,26802,2025090704007115,UMHL,Capital Max Securities Ltd,Imperial Securities Company Pvt. Ltd.,100,575.0,57500.0,2025-09-07 13:26:38.076046
2025-09-07,25493,2025090704007287,UMHL,Miyo Securities Pvt Ltd,ABC Securities Private Limited,14,575.2,8052.8,2025-09-07 13:33:55.607224
2025-09-07,25289,2025090704007308,UMHL,Miyo Securities Pvt Ltd,Cristal Kanchanjanga Securites Pvt. Ltd.,10,576.0,5760.0,2025-09-07 13:35:06.263329
2025-09-07,25288,2025090704007309,UMHL,Miyo Securities Pvt Ltd,Citizens Share Broker Limited,500,576.0,288000.0,2025-09-07 13:35:06.263847
2025-09-07,23292,2025090704007666,UMHL,Naasa Securities Co. Ltd.,Market Securities & Exchange (PVT) Ltd.,343,575.8,197499.4,2025-09-07 13:46:05.950659
2025-09-07,23291,2025090704007667,UMHL,Secured Securities Ltd.,Market Securities & Exchange (PVT) Ltd.,500,575.6,287800.0,2025-09-07 13:46:05.951074
2025-09-07,23112,2025090704007711,UMHL,Kalika Securities Pvt. Ltd.,Premier Securities Company Ltd.,50,576.0,28800.0,2025-09-07 13:47:09.994099
2025-09-07,21912,2025090704008032,UMHL,Miyo Securities Pvt Ltd,Market Securities & Exchange (PVT) Ltd.,196,575.5,112798.0,2025-09-07 13:53:01.750767
2025-09-07,21911,2025090704008033,UMHL,Miyo Securities Pvt Ltd,Market Securities & Exchange (PVT) Ltd.,600,575.2,345120.0,2025-09-07 13:53:01.751026
2025-09-07,21910,2025090704008034,UMHL,Sri Hari Securities Pvt. Ltd.,Market Securities & Exchange (PVT) Ltd.,604,575.1,347360.4,2025-09-07 13:53:01.751117
2025-09-07,21483,2025090704008133,UMHL,Sri Hari Securities Pvt. Ltd.,K.B.L. Securities Limited ,396,575.1,227739.6,2025-09-07 13:55:06.329566
2025-09-07,21482,2025090704008134,UMHL,Capital Max Securities Ltd,K.B.L. Securities Limited ,604,575.0,347300.0,2025-09-07 13:55:06.329840
2025-09-07,21449,2025090704008145,UMHL,Capital Max Securities Ltd,K.B.L. Securities Limited ,4000,575.0,2300000.0,2025-09-07 13:55:16.345203
2025-09-07,21343,2025090704008160,UMHL,Capital Max Securities Ltd,Premier Securities Company Ltd.,22,575.0,12650.0,2025-09-07 13:55:49.752361
2025-09-07,21342,2025090704008161,UMHL,Trishakti Securities Public Limited,Premier Securities Company Ltd.,128,575.0,73600.0,2025-09-07 13:55:49.752752
2025-09-07,21153,2025090704008206,UMHL,Trishakti Securities Public Limited,Sharepro Securities Private Limited,47,575.0,27025.0,2025-09-07 13:56:48.728194
2025-09-07,20721,2025090704008295,UMHL,Naasa Securities Co. Ltd.,Sharepro Securities Private Limited,153,575.0,87975.0,2025-09-07 13:58:57.800032
2025-09-07,20358,2025090704008359,UMHL,Aryatara Investment & Securities,SUN SECURITIES PVT LTD,220,575.8,126676.0,2025-09-07 14:00:50.125817
2025-09-07,20002,2025090704008413,UMHL,Naasa Securities Co. Ltd.,Naasa Securities Co. Ltd.,20,575.0,11500.0,2025-09-07 14:02:41.294382
2025-09-07,19914,2025090704008440,UMHL,Naasa Securities Co. Ltd.,ABC Securities Private Limited,40,575.0,23000.0,2025-09-07 14:03:03.048489
2025-09-07,19913,2025090704008441,UMHL,BHOLE GANESH SECURITIES LTD,ABC Securities Private Limited,60,574.8,34488.0,2025-09-07 14:03:03.048939
2025-09-07,19695,2025090704008486,UMHL,BHOLE GANESH SECURITIES LTD,ABC Securities Private Limited,40,575.0,23000.0,2025-09-07 14:04:04.785239
2025-09-07,19019,2025090704008656,UMHL,Cristal Kanchanjanga Securites Pvt. Ltd.,SUN SECURITIES PVT LTD,200,575.4,115080.0,2025-09-07 14:07:34.322909
2025-09-07,18847,2025090704008686,UMHL,Naasa Securities Co. Ltd.,SUN SECURITIES PVT LTD,500,575.0,287500.0,2025-09-07 14:08:27.292722
2025-09-07,18734,2025090704008714,UMHL,Malla & Malla Stock Broking Company Pvt. Limited,SUN SECURITIES PVT LTD,10,575.3,5753.0,2025-09-07 14:09:05.648423
2025-09-07,17884,2025090704008890,UMHL,Imperial Securities Company Pvt. Ltd.,SUN SECURITIES PVT LTD,250,575.0,143750.0,2025-09-07 14:13:15.154834
2025-09-07,17592,2025090704008973,UMHL,Naasa Securities Co. Ltd.,Deevyaa Securities & Stock House Pvt. Ltd,53,574.7,30459.1,2025-09-07 14:14:23.654085
2025-09-07,17489,2025090704008985,UMHL,Naasa Securities Co. Ltd.,Deevyaa Securities & Stock House Pvt. Ltd,53,574.7,30459.1,2025-09-07 14:14:46.197849
2025-09-07,17406,2025090704009004,UMHL,Naasa Securities Co. Ltd.,N.I.M.B. Stock Markets Limited,260,574.7,149422.0,2025-09-07 14:15:18.021846
2025-09-07,16735,2025090704009178,UMHL,Naasa Securities Co. Ltd.,SUN SECURITIES PVT LTD,134,574.7,77009.8,2025-09-07 14:17:53.068042
2025-09-07,16734,2025090704009179,UMHL,Sumeru Securities Pvt. Ltd.,SUN SECURITIES PVT LTD,866,574.7,497690.2,2025-09-07 14:17:53.068272
2025-09-07,16623,2025090704009197,UMHL,Sumeru Securities Pvt. Ltd.,Sunrise Securities Limited,500,574.7,287350.0,2025-09-07 14:18:13.098151
2025-09-07,16456,2025090704009245,UMHL,Sumeru Securities Pvt. Ltd.,Market Securities & Exchange (PVT) Ltd.,634,574.7,364359.8,2025-09-07 14:18:39.994342
2025-09-07,16455,2025090704009246,UMHL,SHUBHAKAMANA SECURITIES PVT. LTD,Market Securities & Exchange (PVT) Ltd.,1000,574.6,574600.0,2025-09-07 14:18:39.994744
2025-09-07,16454,2025090704009247,UMHL,Property Wiard Limited,Market Securities & Exchange (PVT) Ltd.,200,574.5,114900.0,2025-09-07 14:18:39.995006
2025-09-07,16453,2025090704009248,UMHL,SHUBHAKAMANA SECURITIES PVT. LTD,Market Securities & Exchange (PVT) Ltd.,366,574.5,210267.0,2025-09-07 14:18:39.995255
2025-09-07,16189,2025090704009319,UMHL,SHUBHAKAMANA SECURITIES PVT. LTD,J.F. Securites (PVT) Ltd.,214,574.5,122943.0,2025-09-07 14:19:46.537784
2025-09-07,16045,2025090704009350,UMHL,Capital Max Securities Ltd,SUN SECURITIES PVT LTD,230,575.0,132250.0,2025-09-07 14:20:26.619358
2025-09-07,16007,2025090704009357,UMHL,Capital Max Securities Ltd,Premier Securities Company Ltd.,107,575.0,61525.0,2025-09-07 14:20:33.786728
2025-09-07,15885,2025090704009396,UMHL,Capital Max Securities Ltd,R.B.B. Securities Company Ltd,893,575.0,513475.0,2025-09-07 14:21:02.734899
2025-09-07,15680,2025090704009451,UMHL,SHUBHAKAMANA SECURITIES PVT. LTD,Market Securities & Exchange (PVT) Ltd.,10,573.7,5737.0,2025-09-07 14:21:50.365742
2025-09-07,15206,2025090704009548,UMHL,Agrawal Securities (PVT) Ltd.,Sani Securities Company Ltd.,90,574.9,51741.0,2025-09-07 14:23:55.343903
2025-09-07,14353,2025090704009761,UMHL,Sani Securities Company Ltd.,Vision Securities Pvt. Ltd,10,574.0,5740.0,2025-09-07 14:27:01.321728
2025-09-07,13995,2025090704009835,UMHL,BHOLE GANESH SECURITIES LTD,Cristal Kanchanjanga Securites Pvt. Ltd.,80,573.8,45904.0,2025-09-07 14:28:04.091967
2025-09-07,13939,2025090704009851,UMHL,BHOLE GANESH SECURITIES LTD,Nepal Stock House (PVT) Ltd.,10,573.8,5738.0,2025-09-07 14:28:19.264379
2025-09-07,13696,2025090704009906,UMHL,BHOLE GANESH SECURITIES LTD,Linch Stock Market Ltd.,10,573.8,5738.0,2025-09-07 14:29:11.393642
2025-09-07,13201,2025090704009989,UMHL,Capital Max Securities Ltd,Global IME Securities Limited,125,574.8,71850.0,2025-09-07 14:30:38.143286
2025-09-07,13200,2025090704009990,UMHL,Capital Max Securities Ltd,Sani Securities Company Ltd.,410,574.9,235709.0,2025-09-07 14:30:38.143556
2025-09-07,13199,2025090704009991,UMHL,Capital Max Securities Ltd,R.B.B. Securities Company Ltd,500,575.0,287500.0,2025-09-07 14:30:38.143642
2025-09-07,13198,2025090704009992,UMHL,Capital Max Securities Ltd,ABC Securities Private Limited,24,575.0,13800.0,2025-09-07 14:30:38.143726
2025-09-07,13197,2025090704009993,UMHL,Capital Max Securities Ltd,Pragyan Securities (PVT) Ltd.,535,575.0,307625.0,2025-09-07 14:30:38.143809
2025-09-07,13115,2025090704010028,UMHL,Capital Max Securities Ltd,SUN SECURITIES PVT LTD,490,575.3,281897.0,2025-09-07 14:30:52.774462
2025-09-07,13114,2025090704010029,UMHL,Capital Max Securities Ltd,Nepal Stock House (PVT) Ltd.,300,575.5,172650.0,2025-09-07 14:30:52.774681
2025-09-07,13113,2025090704010030,UMHL,Capital Max Securities Ltd,Citizens Share Broker Limited,400,575.9,230360.0,2025-09-07 14:30:52.774766
2025-09-07,13112,2025090704010031,UMHL,Capital Max Securities Ltd,Premier Securities Company Ltd.,60,576.0,34560.0,2025-09-07 14:30:52.774865
2025-09-07,13111,2025090704010032,UMHL,Capital Max Securities Ltd,Oxford Securities Pvt. Ltd.,520,576.0,299520.0,2025-09-07 14:30:52.774949
2025-09-07,13110,2025090704010033,UMHL,Capital Max Securities Ltd,Investment Management Nepal Pvt. Ltd.,100,576.0,57600.0,2025-09-07 14:30:52.775033
2025-09-07,13076,2025090704010038,UMHL,Capital Max Securities Ltd,SUN SECURITIES PVT LTD,206,576.2,118697.2,2025-09-07 14:31:03.092805
2025-09-07,13075,2025090704010039,UMHL,Capital Max Securities Ltd,Sani Securities Company Ltd.,99,576.2,57043.8,2025-09-07 14:31:03.093407
2025-09-07,13074,2025090704010040,UMHL,Capital Max Securities Ltd,J.F. Securites (PVT) Ltd.,500,576.3,288150.0,2025-09-07 14:31:03.093703
2025-09-07,13073,2025090704010041,UMHL,Capital Max Securities Ltd,Capital Hub P. Ltd,2500,576.7,1441750.0,2025-09-07 14:31:03.093979
2025-09-07,13072,2025090704010042,UMHL,Capital Max Securities Ltd,Citizens Share Broker Limited,200,576.8,115360.0,2025-09-07 14:31:03.094226
2025-09-07,13071,2025090704010043,UMHL,Capital Max Securities Ltd,Capital Max Securities Ltd,200,576.9,115380.0,2025-09-07 14:31:03.094475
2025-09-07,13070,2025090704010044,UMHL,Capital Max Securities Ltd,MILKY WAY SHARE BROKER COMPANY LTD ,76,577.0,43852.0,2025-09-07 14:31:03.094693
2025-09-07,13069,2025090704010045,UMHL,Capital Max Securities Ltd,Kohinoor Investment & Securities Pvt. Ltd.,300,577.0,173100.0,2025-09-07 14:31:03.094928
2025-09-07,13068,2025090704010046,UMHL,Capital Max Securities Ltd,Kohinoor Investment & Securities Pvt. Ltd.,600,577.0,346200.0,2025-09-07 14:31:03.095250
2025-09-07,13067,2025090704010047,UMHL,Capital Max Securities Ltd,Shree Krishna Securities Ltd.,45,577.0,25965.0,2025-09-07 14:31:03.095595
2025-09-07,13066,2025090704010048,UMHL,Capital Max Securities Ltd,Premier Securities Company Ltd.,302,577.0,174254.0,2025-09-07 14:31:03.095897
2025-09-07,12786,2025090704010119,UMHL,Deevyaa Securities & Stock House Pvt. Ltd,Aryatara Investment & Securities,18,575.3,10355.4,2025-09-07 14:31:54.264049
2025-09-07,12516,2025090704010199,UMHL,Deevyaa Securities & Stock House Pvt. Ltd,R.B.B. Securities Company Ltd,472,575.3,271541.6,2025-09-07 14:32:38.502863
2025-09-07,12515,2025090704010200,UMHL,Sumeru Securities Pvt. Ltd.,R.B.B. Securities Company Ltd,28,574.0,16072.0,2025-09-07 14:32:38.503245
2025-09-07,11287,2025090704010530,UMHL,Sumeru Securities Pvt. Ltd.,N.M.B. SECURITIES LIMITED,2500,574.0,1435000.0,2025-09-07 14:36:53.310445
2025-09-07,11140,2025090704010556,UMHL,Sumeru Securities Pvt. Ltd.,R.B.B. Securities Company Ltd,1500,574.0,861000.0,2025-09-07 14:37:26.329765
2025-09-07,9226,2025090704011032,UMHL,Sumeru Securities Pvt. Ltd.,Aryatara Investment & Securities,14,574.0,8036.0,2025-09-07 14:43:37.666884
2025-09-07,9115,2025090704011075,UMHL,Sumeru Securities Pvt. Ltd.,Infinity Securities Limited,300,574.0,172200.0,2025-09-07 14:43:56.122977
2025-09-07,8800,2025090704011155,UMHL,Sumeru Securities Pvt. Ltd.,Naasa Securities Co. Ltd.,658,574.0,377692.0,2025-09-07 14:44:40.676041
2025-09-07,8799,2025090704011156,UMHL,Naasa Securities Co. Ltd.,Naasa Securities Co. Ltd.,842,574.0,483308.0,2025-09-07 14:44:40.676290
2025-09-07,8297,2025090704011265,UMHL,Sumeru Securities Pvt. Ltd.,SUN SECURITIES PVT LTD,100,575.0,57500.0,2025-09-07 14:45:41.799349
2025-09-07,8296,2025090704011266,UMHL,Sumeru Securities Pvt. Ltd.,Agrawal Securities (PVT) Ltd.,1000,575.0,575000.0,2025-09-07 14:45:41.799648
2025-09-07,8295,2025090704011267,UMHL,Sumeru Securities Pvt. Ltd.,Infinity Securities Limited,48,576.0,27648.0,2025-09-07 14:45:41.799746
2025-09-07,8294,2025090704011268,UMHL,Sumeru Securities Pvt. Ltd.,Asian Securities Private Ltd.,100,576.0,57600.0,2025-09-07 14:45:41.799826
2025-09-07,8293,2025090704011269,UMHL,Sumeru Securities Pvt. Ltd.,R.B.B. Securities Company Ltd,500,576.0,288000.0,2025-09-07 14:45:41.799907
2025-09-07,8292,2025090704011270,UMHL,Sumeru Securities Pvt. Ltd.,Oxford Securities Pvt. Ltd.,900,576.0,518400.0,2025-09-07 14:45:41.799985
2025-09-07,8291,2025090704011271,UMHL,Sumeru Securities Pvt. Ltd.,N.M.B. SECURITIES LIMITED,100,576.0,57600.0,2025-09-07 14:45:41.800062
2025-09-07,8246,2025090704011276,UMHL,Sumeru Securities Pvt. Ltd.,Kumari Securities Private Limited,2000,576.0,1152000.0,2025-09-07 14:45:49.316079
2025-09-07,8184,2025090704011303,UMHL,Sumeru Securities Pvt. Ltd.,Sri Hari Securities Pvt. Ltd.,1000,576.0,576000.0,2025-09-07 14:46:01.870267
2025-09-07,8100,2025090704011326,UMHL,Sumeru Securities Pvt. Ltd.,Ashutosh Brokerage & Securities (PVT) Ltd.,300,576.0,172800.0,2025-09-07 14:46:10.145592
2025-09-07,7370,2025090704011493,UMHL,Capital Max Securities Ltd,Vision Securities Pvt. Ltd,565,576.0,325440.0,2025-09-07 14:47:42.517581
2025-09-07,7369,2025090704011494,UMHL,Capital Max Securities Ltd,Prabhu Stock Market Limited,815,576.0,469440.0,2025-09-07 14:47:42.517954
2025-09-07,7368,2025090704011495,UMHL,Capital Max Securities Ltd,Midas Stock Broking Company Private Limited,2000,576.0,1152000.0,2025-09-07 14:47:42.518192
2025-09-07,6269,2025090704011831,UMHL,Sumeru Securities Pvt. Ltd.,Stoxkarts Securities Limited,1000,576.0,576000.0,2025-09-07 14:50:22.504616
2025-09-07,6268,2025090704011832,UMHL,Sumeru Securities Pvt. Ltd.,Citizens Share Broker Limited,100,576.2,57620.0,2025-09-07 14:50:22.504673
2025-09-07,5465,2025090704011989,UMHL,Linch Stock Market Ltd.,Bhrikuti Stock Broking Co. Pvt. Ltd.,107,575.0,61525.0,2025-09-07 14:51:58.030148
2025-09-07,5384,2025090704012000,UMHL,Linch Stock Market Ltd.,Stoxkarts Securities Limited,893,575.0,513475.0,2025-09-07 14:52:05.189973
2025-09-07,5383,2025090704012001,UMHL,Naasa Securities Co. Ltd.,Stoxkarts Securities Limited,93,574.0,53382.0,2025-09-07 14:52:05.190033
2025-09-07,5382,2025090704012002,UMHL,Capital Max Securities Ltd,Stoxkarts Securities Limited,14,574.0,8036.0,2025-09-07 14:52:05.190068
2025-09-07,5263,2025090704012032,UMHL,Capital Max Securities Ltd,Stoxkarts Securities Limited,250,574.0,143500.0,2025-09-07 14:52:25.212417
2025-09-07,4938,2025090704012090,UMHL,Secured Securities Ltd.,Naasa Securities Co. Ltd.,50,574.9,28745.0,2025-09-07 14:53:08.899096
2025-09-07,4487,2025090704012199,UMHL,Secured Securities Ltd.,Secured Securities Ltd.,100,574.9,57490.0,2025-09-07 14:54:11.414206
2025-09-07,4027,2025090704012319,UMHL,Sumeru Securities Pvt. Ltd.,SUN SECURITIES PVT LTD,500,575.9,287950.0,2025-09-07 14:55:06.270261
2025-09-07,4026,2025090704012320,UMHL,Sumeru Securities Pvt. Ltd.,Citizens Share Broker Limited,50,576.2,28810.0,2025-09-07 14:55:06.270339
2025-09-07,3808,2025090704012385,UMHL,Sumeru Securities Pvt. Ltd.,Citizens Share Broker Limited,350,576.2,201670.0,2025-09-07 14:55:28.839945
2025-09-07,3807,2025090704012386,UMHL,Sumeru Securities Pvt. Ltd.,Arun Securities (PVT) Ltd.,500,576.3,288150.0,2025-09-07 14:55:28.840356
2025-09-07,3806,2025090704012387,UMHL,Sumeru Securities Pvt. Ltd.,K.B.L. Securities Limited ,500,576.3,288150.0,2025-09-07 14:55:28.840614
2025-09-07,3805,2025090704012388,UMHL,Sumeru Securities Pvt. Ltd.,Sri Hari Securities Pvt. Ltd.,1000,576.8,576800.0,2025-09-07 14:55:28.840867
2025-09-07,3804,2025090704012389,UMHL,Sumeru Securities Pvt. Ltd.,Nagarik Stock Dealer ,1000,576.9,576900.0,2025-09-07 14:55:28.841110
2025-09-07,3803,2025090704012390,UMHL,Sumeru Securities Pvt. Ltd.,Kohinoor Investment & Securities Pvt. Ltd.,100,576.9,57690.0,2025-09-07 14:55:28.841356
2025-09-07,3802,2025090704012391,UMHL,Sumeru Securities Pvt. Ltd.,Naasa Securities Co. Ltd.,531,577.0,306387.0,2025-09-07 14:55:28.841634
2025-09-07,3801,2025090704012392,UMHL,Sumeru Securities Pvt. Ltd.,Linch Stock Market Ltd.,107,577.0,61739.0,2025-09-07 14:55:28.841868
2025-09-07,3800,2025090704012393,UMHL,Sumeru Securities Pvt. Ltd.,Imperial Securities Company Pvt. Ltd.,120,577.0,69240.0,2025-09-07 14:55:28.842110
2025-09-07,3738,2025090704012404,UMHL,Sumeru Securities Pvt. Ltd.,SUN SECURITIES PVT LTD,10,577.4,5774.0,2025-09-07 14:55:36.360492
2025-09-07,3564,2025090704012462,UMHL,Sumeru Securities Pvt. Ltd.,Oxford Securities Pvt. Ltd.,292,577.0,168484.0,2025-09-07 14:55:57.210063
2025-09-07,3204,2025090704012570,UMHL,Sani Securities Company Ltd.,Online Securities Pvt. Ltd.,493,575.9,283918.7,2025-09-07 14:56:35.310025
2025-09-07,3203,2025090704012571,UMHL,Capital Max Securities Ltd,Online Securities Pvt. Ltd.,507,575.0,291525.0,2025-09-07 14:56:35.310257
2025-09-07,2657,2025090704012699,UMHL,Capital Max Securities Ltd,SUN SECURITIES PVT LTD,100,575.0,57500.0,2025-09-07 14:57:19.639235
2025-09-07,2330,2025090704012811,UMHL,Secured Securities Ltd.,SUN SECURITIES PVT LTD,350,575.9,201565.0,2025-09-07 14:57:47.541224
2025-09-07,2319,2025090704012814,UMHL,Sumeru Securities Pvt. Ltd.,SUN SECURITIES PVT LTD,150,575.9,86385.0,2025-09-07 14:57:49.283607
2025-09-07,2318,2025090704012815,UMHL,Sumeru Securities Pvt. Ltd.,Nepal Stock House (PVT) Ltd.,200,576.0,115200.0,2025-09-07 14:57:49.283680
2025-09-07,2317,2025090704012816,UMHL,Sumeru Securities Pvt. Ltd.,Imperial Securities Company Pvt. Ltd.,100,576.9,57690.0,2025-09-07 14:57:49.283713
2025-09-07,2316,2025090704012817,UMHL,Sumeru Securities Pvt. Ltd.,K.B.L. Securities Limited ,360,576.9,207684.0,2025-09-07 14:57:49.283734
2025-09-07,2221,2025090704012838,UMHL,Sumeru Securities Pvt. Ltd.,K.B.L. Securities Limited ,140,576.9,80766.0,2025-09-07 14:57:56.821425
2025-09-07,2220,2025090704012839,UMHL,Sumeru Securities Pvt. Ltd.,Oxford Securities Pvt. Ltd.,10,577.0,5770.0,2025-09-07 14:57:56.821532
2025-09-07,1789,2025090704012963,UMHL,Capital Max Securities Ltd,Imperial Securities Company Pvt. Ltd.,100,576.9,57690.0,2025-09-07 14:58:33.474011
2025-09-07,1788,2025090704012964,UMHL,Capital Max Securities Ltd,Oxford Securities Pvt. Ltd.,500,577.0,288500.0,2025-09-07 14:58:33.474199
2025-09-07,1428,2025090704013113,UMHL,Dipshikha Dhitopatra Karobar Co. Pvt Ltd.,Citizens Share Broker Limited,100,576.9,57690.0,2025-09-07 14:58:52.016448
2025-09-07,822,2025090704013275,UMHL,Sweta Securities Private Limited,Citizens Share Broker Limited,100,576.9,57690.0,2025-09-07 14:59:24.686790
2025-09-07,720,2025090704013321,UMHL,Capital Max Securities Ltd,Opal Securities Investment (PVT) Ltd.,93,576.0,53568.0,2025-09-07 14:59:29.068657
2025-09-07,507,2025090704013398,UMHL,Capital Max Securities Ltd,Trisul Securities & Invt. Ltd.,200,575.0,115000.0,2025-09-07 14:59:37.789418
2025-09-07,197,2025090704013498,UMHL,Capital Max Securities Ltd,Trisul Securities & Invt. Ltd.,436,574.0,250264.0,2025-09-07 14:59:53.076245
2025-09-07,196,2025090704013499,UMHL,Vision Securities Pvt. Ltd,Trisul Securities & Invt. Ltd.,100,574.0,57400.0,2025-09-07 14:59:53.076682
2025-09-07,195,2025090704013500,UMHL,Trisul Securities & Invt. Ltd.,Trisul Securities & Invt. Ltd.,264,573.8,151483.2,2025-09-07 14:59:53.076929
2025-09-07,58,2025090704013547,UMHL,Capital Max Securities Ltd,Opal Securities Investment (PVT) Ltd.,247,575.0,142025.0,2025-09-07 14:59:58.432391
2025-09-07,57,2025090704013548,UMHL,Capital Max Securities Ltd,Bhrikuti Stock Broking Co. Pvt. Ltd.,93,576.0,53568.0,2025-09-07 14:59:58.432442
2025-09-07,56,2025090704013549,UMHL,Capital Max Securities Ltd,Trisul Securities & Invt. Ltd.,160,576.0,92160.0,2025-09-07 14:59:58.432473
2025-09-07,55,2025090704013550,UMHL,Sumeru Securities Pvt. Ltd.,Trisul Securities & Invt. Ltd.,110,576.0,63360.0,2025-09-07 14:59:58.631733
2025-09-07,54,2025090704013551,UMHL,Sumeru Securities Pvt. Ltd.,Deevyaa Securities & Stock House Pvt. Ltd,50,576.9,28845.0,2025-09-07 14:59:58.631771
2025-09-07,53,2025090704013552,UMHL,Sumeru Securities Pvt. Ltd.,Citizens Share Broker Limited,300,576.9,173070.0,2025-09-07 14:59:58.631792
2025-09-07,52,2025090704013553,UMHL,Sumeru Securities Pvt. Ltd.,K.B.L. Securities Limited ,40,576.9,23076.0,2025-09-07 14:59:58.631815
