Date,S.N.,Contract ID,Symbol,Buyer Broker,Seller Broker,volume,rate,amount,transaction_time
2025-09-07,57994,2025090704000048,UNHPL,Vision Securities Pvt. Ltd,Naasa Securities Co. Ltd.,80,435.0,34800.0,2025-09-07 11:00:01.816362
2025-09-07,57993,2025090704000049,UNHPL,Capital Max Securities Ltd,Naasa Securities Co. Ltd.,920,434.0,399280.0,2025-09-07 11:00:01.816499
2025-09-07,57991,2025090704000050,UNHPL,Capital Max Securities Ltd,KALASH STOCK MARKET PVT. LTD.,80,434.0,34720.0,2025-09-07 11:00:13.257130
2025-09-07,57990,2025090704000051,UNHPL,Capital Max Securities Ltd,KALASH STOCK MARKET PVT. LTD.,420,433.2,181944.0,2025-09-07 11:00:13.257251
2025-09-07,57988,2025090704000052,UNHPL,Capital Max Securities Ltd,Elite Stock House Limited,580,433.2,251256.0,2025-09-07 11:00:15.723238
2025-09-07,57987,2025090704000053,UNHPL,Kumari Securities Private Limited,Elite Stock House Limited,100,433.1,43310.0,2025-09-07 11:00:15.723288
2025-09-07,57986,2025090704000054,UNHPL,INDEX SECURITIES LIMITED,Elite Stock House Limited,320,433.0,138560.0,2025-09-07 11:00:15.745590
2025-09-07,57975,2025090704000056,UNHPL,INDEX SECURITIES LIMITED,Himalayan Brokerage Company Limited,410,434.0,177940.0,2025-09-07 11:00:24.821165
2025-09-07,57966,2025090704000057,UNHPL,Sanima Securities Limited,Himalayan Brokerage Company Limited,90,434.0,39060.0,2025-09-07 11:00:34.373522
2025-09-07,57963,2025090704000058,UNHPL,Sanima Securities Limited,Premier Securities Company Ltd.,910,434.2,395122.0,2025-09-07 11:00:40.080091
2025-09-07,57960,2025090704000059,UNHPL,Miyo Securities Pvt Ltd,Imperial Securities Company Pvt. Ltd.,500,427.0,213500.0,2025-09-07 11:00:41.343926
2025-09-07,57897,2025090704000064,UNHPL,Miyo Securities Pvt Ltd,Premier Securities Company Ltd.,90,433.2,38988.0,2025-09-07 11:01:25.858680
2025-09-07,57896,2025090704000065,UNHPL,Miyo Securities Pvt Ltd,Capital Max Securities Ltd,200,434.0,86800.0,2025-09-07 11:01:25.858775
2025-09-07,57895,2025090704000066,UNHPL,Miyo Securities Pvt Ltd,Trisul Securities & Invt. Ltd.,100,435.0,43500.0,2025-09-07 11:01:25.858870
2025-09-07,57894,2025090704000067,UNHPL,Miyo Securities Pvt Ltd,Premier Securities Company Ltd.,10,435.9,4359.0,2025-09-07 11:01:25.858942
2025-09-07,57889,2025090704000068,UNHPL,SHUBHAKAMANA SECURITIES PVT. LTD,Premier Securities Company Ltd.,90,435.9,39231.0,2025-09-07 11:01:28.336999
2025-09-07,57888,2025090704000069,UNHPL,SHUBHAKAMANA SECURITIES PVT. LTD,Naasa Securities Co. Ltd.,70,436.0,30520.0,2025-09-07 11:01:28.337072
2025-09-07,57887,2025090704000070,UNHPL,SHUBHAKAMANA SECURITIES PVT. LTD,Naasa Securities Co. Ltd.,840,438.7,368508.0,2025-09-07 11:01:28.337127
2025-09-07,57880,2025090704000072,UNHPL,SHUBHAKAMANA SECURITIES PVT. LTD,Naasa Securities Co. Ltd.,160,438.7,70192.0,2025-09-07 11:01:33.346061
2025-09-07,57879,2025090704000073,UNHPL,SHUBHAKAMANA SECURITIES PVT. LTD,Naasa Securities Co. Ltd.,840,439.7,369348.0,2025-09-07 11:01:33.346160
2025-09-07,57862,2025090704000076,UNHPL,Asian Securities Private Ltd.,Imperial Securities Company Pvt. Ltd.,500,439.9,219950.0,2025-09-07 11:01:50.159778
2025-09-07,57861,2025090704000077,UNHPL,Asian Securities Private Ltd.,N.M.B. SECURITIES LIMITED,250,440.0,110000.0,2025-09-07 11:01:50.159890
2025-09-07,57860,2025090704000078,UNHPL,Asian Securities Private Ltd.,South Asian Bulls Pvt. Ltd.,100,440.0,44000.0,2025-09-07 11:01:50.159985
2025-09-07,57859,2025090704000079,UNHPL,Asian Securities Private Ltd.,Naasa Securities Co. Ltd.,1000,440.9,440900.0,2025-09-07 11:01:50.160023
2025-09-07,57858,2025090704000080,UNHPL,Asian Securities Private Ltd.,Elite Stock House Limited,1000,441.0,441000.0,2025-09-07 11:01:50.160055
2025-09-07,57857,2025090704000081,UNHPL,Asian Securities Private Ltd.,Elite Stock House Limited,1000,441.0,441000.0,2025-09-07 11:01:50.160097
2025-09-07,57856,2025090704000082,UNHPL,Asian Securities Private Ltd.,Linch Stock Market Ltd.,150,441.0,66150.0,2025-09-07 11:01:50.160127
2025-09-07,57854,2025090704000083,UNHPL,South Asian Bulls Pvt. Ltd.,ABC Securities Private Limited,10,430.0,4300.0,2025-09-07 11:01:50.191760
2025-09-07,57843,2025090704000084,UNHPL,ABC Securities Private Limited,Linch Stock Market Ltd.,150,441.0,66150.0,2025-09-07 11:02:00.207989
2025-09-07,57842,2025090704000085,UNHPL,ABC Securities Private Limited,Deevyaa Securities & Stock House Pvt. Ltd,100,441.0,44100.0,2025-09-07 11:02:00.208083
2025-09-07,57841,2025090704000086,UNHPL,ABC Securities Private Limited,Sani Securities Company Ltd.,50,441.0,22050.0,2025-09-07 11:02:00.208167
2025-09-07,57816,2025090704000090,UNHPL,N.M.B. SECURITIES LIMITED,Cristal Kanchanjanga Securites Pvt. Ltd.,50,439.8,21990.0,2025-09-07 11:02:16.986098
2025-09-07,57815,2025090704000091,UNHPL,N.M.B. SECURITIES LIMITED,Dipshikha Dhitopatra Karobar Co. Pvt Ltd.,1000,439.9,439900.0,2025-09-07 11:02:16.986224
2025-09-07,57814,2025090704000092,UNHPL,N.M.B. SECURITIES LIMITED,Naasa Securities Co. Ltd.,160,440.0,70400.0,2025-09-07 11:02:16.986264
2025-09-07,57813,2025090704000093,UNHPL,N.M.B. SECURITIES LIMITED,Premier Securities Company Ltd.,500,440.1,220050.0,2025-09-07 11:02:16.986300
2025-09-07,57812,2025090704000094,UNHPL,N.M.B. SECURITIES LIMITED,Sani Securities Company Ltd.,290,441.0,127890.0,2025-09-07 11:02:16.986362
2025-09-07,57749,2025090704000098,UNHPL,South Asian Bulls Pvt. Ltd.,Premier Securities Company Ltd.,500,437.9,218950.0,2025-09-07 11:02:57.951943
2025-09-07,57748,2025090704000099,UNHPL,South Asian Bulls Pvt. Ltd.,Agrawal Securities (PVT) Ltd.,500,438.0,219000.0,2025-09-07 11:02:57.952074
2025-09-07,57747,2025090704000100,UNHPL,South Asian Bulls Pvt. Ltd.,Primo Securities (PVT) Ltd.,1000,439.0,439000.0,2025-09-07 11:02:57.952135
2025-09-07,57746,2025090704000101,UNHPL,South Asian Bulls Pvt. Ltd.,Trishakti Securities Public Limited,500,440.0,220000.0,2025-09-07 11:02:57.952191
2025-09-07,57735,2025090704000102,UNHPL,Miyo Securities Pvt Ltd,N.I.M.B. Stock Markets Limited,1000,437.0,437000.0,2025-09-07 11:03:06.029384
2025-09-07,57734,2025090704000103,UNHPL,Miyo Securities Pvt Ltd,Naasa Securities Co. Ltd.,15,440.0,6600.0,2025-09-07 11:03:06.029580
2025-09-07,57733,2025090704000104,UNHPL,Miyo Securities Pvt Ltd,Thrive Brokerage House Pvt. Ltd,1785,440.0,785400.0,2025-09-07 11:03:06.029706
2025-09-07,57722,2025090704000109,UNHPL,Sani Securities Company Ltd.,Online Securities Pvt. Ltd.,10,438.0,4380.0,2025-09-07 11:03:14.654380
2025-09-07,57706,2025090704000113,UNHPL,Nepal Investment And Securities Trading Private Limited,Online Securities Pvt. Ltd.,1300,437.0,568100.0,2025-09-07 11:03:25.281527
2025-09-07,57699,2025090704000114,UNHPL,Imperial Securities Company Pvt. Ltd.,Online Securities Pvt. Ltd.,180,437.0,78660.0,2025-09-07 11:03:29.787865
2025-09-07,57690,2025090704000116,UNHPL,Miyo Securities Pvt Ltd,Online Securities Pvt. Ltd.,510,437.0,222870.0,2025-09-07 11:03:36.493708
2025-09-07,57689,2025090704000117,UNHPL,Miyo Securities Pvt Ltd,Deevyaa Securities & Stock House Pvt. Ltd,70,439.8,30786.0,2025-09-07 11:03:36.493852
2025-09-07,57688,2025090704000118,UNHPL,Miyo Securities Pvt Ltd,MILKY WAY SHARE BROKER COMPANY LTD ,500,439.9,219950.0,2025-09-07 11:03:36.493906
2025-09-07,57687,2025090704000119,UNHPL,Miyo Securities Pvt Ltd,Infinity Securities Limited,200,439.9,87980.0,2025-09-07 11:03:36.493956
2025-09-07,57686,2025090704000120,UNHPL,Miyo Securities Pvt Ltd,Thrive Brokerage House Pvt. Ltd,35,440.0,15400.0,2025-09-07 11:03:36.494014
2025-09-07,57685,2025090704000121,UNHPL,Miyo Securities Pvt Ltd,Investment Management Nepal Pvt. Ltd.,200,440.0,88000.0,2025-09-07 11:03:36.494078
2025-09-07,57684,2025090704000122,UNHPL,Miyo Securities Pvt Ltd,Capital Max Securities Ltd,485,440.0,213400.0,2025-09-07 11:03:36.494120
2025-09-07,57677,2025090704000124,UNHPL,Sharepro Securities Private Limited,Linch Stock Market Ltd.,510,436.9,222819.0,2025-09-07 11:03:41.043525
2025-09-07,57670,2025090704000126,UNHPL,South Asian Bulls Pvt. Ltd.,Linch Stock Market Ltd.,430,436.9,187867.0,2025-09-07 11:03:45.649093
2025-09-07,57663,2025090704000128,UNHPL,Sharepro Securities Private Limited,Aakashbhairab Securities Ltd.,430,439.9,189157.0,2025-09-07 11:03:48.555811
2025-09-07,57661,2025090704000129,UNHPL,Magnet Securities and Investment Company Private Limited,Aakashbhairab Securities Ltd.,560,439.9,246344.0,2025-09-07 11:03:49.839522
2025-09-07,57660,2025090704000130,UNHPL,Magnet Securities and Investment Company Private Limited,Premier Securities Company Ltd.,500,439.9,219950.0,2025-09-07 11:03:49.839687
2025-09-07,57659,2025090704000131,UNHPL,Magnet Securities and Investment Company Private Limited,Capital Max Securities Ltd,15,440.0,6600.0,2025-09-07 11:03:49.839751
2025-09-07,57658,2025090704000132,UNHPL,Magnet Securities and Investment Company Private Limited,Property Wiard Limited,200,440.0,88000.0,2025-09-07 11:03:49.839817
2025-09-07,57657,2025090704000133,UNHPL,Magnet Securities and Investment Company Private Limited,Online Securities Pvt. Ltd.,200,440.0,88000.0,2025-09-07 11:03:49.839862
2025-09-07,57656,2025090704000134,UNHPL,Magnet Securities and Investment Company Private Limited,Thrive Brokerage House Pvt. Ltd,250,440.0,110000.0,2025-09-07 11:03:49.839929
2025-09-07,57655,2025090704000135,UNHPL,Magnet Securities and Investment Company Private Limited,Capital Max Securities Ltd,100,440.0,44000.0,2025-09-07 11:03:49.839975
2025-09-07,57654,2025090704000136,UNHPL,Magnet Securities and Investment Company Private Limited,Sweta Securities Private Limited,500,440.0,220000.0,2025-09-07 11:03:49.840020
2025-09-07,57645,2025090704000139,UNHPL,Magnet Securities and Investment Company Private Limited,Secured Securities Ltd.,675,440.0,297000.0,2025-09-07 11:03:53.694186
2025-09-07,57640,2025090704000140,UNHPL,South Asian Bulls Pvt. Ltd.,Secured Securities Ltd.,190,440.0,83600.0,2025-09-07 11:03:55.677099
2025-09-07,57616,2025090704000142,UNHPL,South Asian Bulls Pvt. Ltd.,Imperial Securities Company Pvt. Ltd.,20,440.0,8800.0,2025-09-07 11:04:04.957299
2025-09-07,57610,2025090704000143,UNHPL,Shree Krishna Securities Ltd.,Midas Stock Broking Company Private Limited,10,440.6,4406.0,2025-09-07 11:04:08.348383
2025-09-07,57609,2025090704000144,UNHPL,Shree Krishna Securities Ltd.,Midas Stock Broking Company Private Limited,10,440.7,4407.0,2025-09-07 11:04:08.348486
2025-09-07,57608,2025090704000145,UNHPL,Shree Krishna Securities Ltd.,Dipshikha Dhitopatra Karobar Co. Pvt Ltd.,1000,440.9,440900.0,2025-09-07 11:04:08.348531
2025-09-07,57607,2025090704000146,UNHPL,Shree Krishna Securities Ltd.,Sani Securities Company Ltd.,660,441.0,291060.0,2025-09-07 11:04:08.348583
2025-09-07,57606,2025090704000147,UNHPL,Shree Krishna Securities Ltd.,Elite Stock House Limited,320,441.0,141120.0,2025-09-07 11:04:08.348633
2025-09-07,57594,2025090704000156,UNHPL,ABC Securities Private Limited,Midas Stock Broking Company Private Limited,10,440.8,4408.0,2025-09-07 11:04:13.135880
2025-09-07,57593,2025090704000157,UNHPL,ABC Securities Private Limited,Elite Stock House Limited,180,441.0,79380.0,2025-09-07 11:04:13.135976
2025-09-07,57592,2025090704000158,UNHPL,ABC Securities Private Limited,Capital Max Securities Ltd,10,441.0,4410.0,2025-09-07 11:04:13.136048
2025-09-07,57589,2025090704000159,UNHPL,Miyo Securities Pvt Ltd,Capital Max Securities Ltd,190,441.0,83790.0,2025-09-07 11:04:14.083639
2025-09-07,57588,2025090704000160,UNHPL,Miyo Securities Pvt Ltd,Nepal Investment And Securities Trading Private Limited,141,441.6,62265.6,2025-09-07 11:04:14.083791
2025-09-07,57587,2025090704000161,UNHPL,Miyo Securities Pvt Ltd,Naasa Securities Co. Ltd.,250,441.7,110425.0,2025-09-07 11:04:14.083844
2025-09-07,57586,2025090704000162,UNHPL,Miyo Securities Pvt Ltd,Imperial Securities Company Pvt. Ltd.,500,441.7,220850.0,2025-09-07 11:04:14.083890
2025-09-07,57585,2025090704000163,UNHPL,Miyo Securities Pvt Ltd,Nepal Stock House (PVT) Ltd.,250,441.7,110425.0,2025-09-07 11:04:14.083951
2025-09-07,57584,2025090704000164,UNHPL,Miyo Securities Pvt Ltd,ABC Securities Private Limited,50,441.7,22085.0,2025-09-07 11:04:14.083996
2025-09-07,57583,2025090704000165,UNHPL,Miyo Securities Pvt Ltd,Kohinoor Investment & Securities Pvt. Ltd.,619,441.7,273412.3,2025-09-07 11:04:14.084048
2025-09-07,57581,2025090704000166,UNHPL,South Asian Bulls Pvt. Ltd.,R.B.B. Securities Company Ltd,40,440.0,17600.0,2025-09-07 11:04:14.947952
2025-09-07,57559,2025090704000173,UNHPL,South Asian Bulls Pvt. Ltd.,Secured Securities Ltd.,1000,440.0,440000.0,2025-09-07 11:04:21.545005
2025-09-07,57556,2025090704000175,UNHPL,South Asian Bulls Pvt. Ltd.,Kohinoor Investment & Securities Pvt. Ltd.,1000,440.0,440000.0,2025-09-07 11:04:23.165406
2025-09-07,57549,2025090704000180,UNHPL,Linch Stock Market Ltd.,Midas Stock Broking Company Private Limited,10,440.9,4409.0,2025-09-07 11:04:25.892040
2025-09-07,57548,2025090704000181,UNHPL,Linch Stock Market Ltd.,Kohinoor Investment & Securities Pvt. Ltd.,381,441.7,168287.7,2025-09-07 11:04:25.892086
2025-09-07,57547,2025090704000182,UNHPL,Linch Stock Market Ltd.,Kalika Securities Pvt. Ltd.,190,441.7,83923.0,2025-09-07 11:04:25.892125
2025-09-07,57542,2025090704000183,UNHPL,Sanima Securities Limited,Kalika Securities Pvt. Ltd.,10,441.7,4417.0,2025-09-07 11:04:27.120594
2025-09-07,57525,2025090704000185,UNHPL,Sanima Securities Limited,Secured Securities Ltd.,500,441.7,220850.0,2025-09-07 11:04:29.704094
2025-09-07,57519,2025090704000187,UNHPL,Sanima Securities Limited,Naasa Securities Co. Ltd.,490,441.7,216433.0,2025-09-07 11:04:31.130266
2025-09-07,57518,2025090704000188,UNHPL,South Asian Bulls Pvt. Ltd.,Naasa Securities Co. Ltd.,10,440.0,4400.0,2025-09-07 11:04:31.130378
2025-09-07,57511,2025090704000190,UNHPL,South Asian Bulls Pvt. Ltd.,Premier Securities Company Ltd.,900,440.0,396000.0,2025-09-07 11:04:35.847717
2025-09-07,57509,2025090704000192,UNHPL,South Asian Bulls Pvt. Ltd.,KALASH STOCK MARKET PVT. LTD.,1000,440.0,440000.0,2025-09-07 11:04:36.161051
2025-09-07,57501,2025090704000194,UNHPL,South Asian Bulls Pvt. Ltd.,Investment Management Nepal Pvt. Ltd.,2000,440.0,880000.0,2025-09-07 11:04:38.438410
2025-09-07,57481,2025090704000196,UNHPL,Linch Stock Market Ltd.,ABC Securities Private Limited,100,443.6,44360.0,2025-09-07 11:04:51.031168
2025-09-07,57479,2025090704000197,UNHPL,Shree Krishna Securities Ltd.,ABC Securities Private Limited,100,443.6,44360.0,2025-09-07 11:04:53.424020
2025-09-07,57478,2025090704000198,UNHPL,Shree Krishna Securities Ltd.,Online Securities Pvt. Ltd.,50,444.0,22200.0,2025-09-07 11:04:53.424070
2025-09-07,57477,2025090704000199,UNHPL,Shree Krishna Securities Ltd.,Thrive Brokerage House Pvt. Ltd,350,444.0,155400.0,2025-09-07 11:04:53.424096
2025-09-07,57467,2025090704000201,UNHPL,Agrawal Securities (PVT) Ltd.,Secured Securities Ltd.,500,443.0,221500.0,2025-09-07 11:04:59.921044
2025-09-07,57411,2025090704000204,UNHPL,Agrawal Securities (PVT) Ltd.,ABC Securities Private Limited,10,440.7,4407.0,2025-09-07 11:05:18.285612
2025-09-07,57410,2025090704000205,UNHPL,Vision Securities Pvt. Ltd,Aakashbhairab Securities Ltd.,10,442.9,4429.0,2025-09-07 11:05:18.909584
2025-09-07,57409,2025090704000206,UNHPL,Vision Securities Pvt. Ltd,Secured Securities Ltd.,190,443.0,84170.0,2025-09-07 11:05:18.909877
2025-09-07,57389,2025090704000215,UNHPL,Agrawal Securities (PVT) Ltd.,ABC Securities Private Limited,10,440.7,4407.0,2025-09-07 11:05:25.821338
2025-09-07,57383,2025090704000216,UNHPL,Linch Stock Market Ltd.,Secured Securities Ltd.,310,443.0,137330.0,2025-09-07 11:05:28.746389
2025-09-07,57382,2025090704000217,UNHPL,Linch Stock Market Ltd.,Naasa Securities Co. Ltd.,15,443.5,6652.5,2025-09-07 11:05:28.746431
2025-09-07,57381,2025090704000218,UNHPL,Linch Stock Market Ltd.,Secured Securities Ltd.,1000,443.5,443500.0,2025-09-07 11:05:28.746452
2025-09-07,57380,2025090704000219,UNHPL,Linch Stock Market Ltd.,Midas Stock Broking Company Private Limited,200,443.6,88720.0,2025-09-07 11:05:28.746477
2025-09-07,57379,2025090704000220,UNHPL,Linch Stock Market Ltd.,Thrive Brokerage House Pvt. Ltd,150,444.0,66600.0,2025-09-07 11:05:28.746502
2025-09-07,57378,2025090704000221,UNHPL,Linch Stock Market Ltd.,Sundhara Securities Limited,50,444.0,22200.0,2025-09-07 11:05:28.746541
2025-09-07,57377,2025090704000222,UNHPL,Linch Stock Market Ltd.,Naasa Securities Co. Ltd.,2000,444.0,888000.0,2025-09-07 11:05:28.746561
2025-09-07,57376,2025090704000223,UNHPL,Linch Stock Market Ltd.,Midas Stock Broking Company Private Limited,10,444.1,4441.0,2025-09-07 11:05:28.746580
2025-09-07,57375,2025090704000224,UNHPL,Linch Stock Market Ltd.,Midas Stock Broking Company Private Limited,10,444.2,4442.0,2025-09-07 11:05:28.746600
2025-09-07,57374,2025090704000225,UNHPL,Linch Stock Market Ltd.,Trisul Securities & Invt. Ltd.,1255,444.9,558349.5,2025-09-07 11:05:28.746618
2025-09-07,57365,2025090704000228,UNHPL,Capital Max Securities Ltd,Midas Stock Broking Company Private Limited,200,443.0,88600.0,2025-09-07 11:05:32.333800
2025-09-07,57364,2025090704000229,UNHPL,Capital Max Securities Ltd,Trisul Securities & Invt. Ltd.,245,444.9,109000.5,2025-09-07 11:05:32.333933
2025-09-07,57363,2025090704000230,UNHPL,Capital Max Securities Ltd,Capital Max Securities Ltd,1000,445.0,445000.0,2025-09-07 11:05:32.333983
2025-09-07,57362,2025090704000231,UNHPL,Capital Max Securities Ltd,SHUBHAKAMANA SECURITIES PVT. LTD,730,445.0,324850.0,2025-09-07 11:05:32.334038
2025-09-07,57361,2025090704000232,UNHPL,Capital Max Securities Ltd,Oxford Securities Pvt. Ltd.,500,445.0,222500.0,2025-09-07 11:05:32.334087
2025-09-07,57360,2025090704000233,UNHPL,Capital Max Securities Ltd,Dynamic Money Managers Securities Pvt. Ltd.,100,445.0,44500.0,2025-09-07 11:05:32.334133
2025-09-07,57359,2025090704000234,UNHPL,Capital Max Securities Ltd,Premier Securities Company Ltd.,500,445.0,222500.0,2025-09-07 11:05:32.334182
2025-09-07,57358,2025090704000235,UNHPL,Capital Max Securities Ltd,Property Wiard Limited,500,445.0,222500.0,2025-09-07 11:05:32.334227
2025-09-07,57357,2025090704000236,UNHPL,Capital Max Securities Ltd,Deevyaa Securities & Stock House Pvt. Ltd,170,445.0,75650.0,2025-09-07 11:05:32.334271
2025-09-07,57356,2025090704000237,UNHPL,Capital Max Securities Ltd,Imperial Securities Company Pvt. Ltd.,100,445.0,44500.0,2025-09-07 11:05:32.334337
2025-09-07,57355,2025090704000238,UNHPL,Capital Max Securities Ltd,Capital Max Securities Ltd,955,445.0,424975.0,2025-09-07 11:05:32.334383
2025-09-07,57352,2025090704000239,UNHPL,Agrawal Securities (PVT) Ltd.,ABC Securities Private Limited,10,440.7,4407.0,2025-09-07 11:05:35.852244
2025-09-07,57338,2025090704000242,UNHPL,Agrawal Securities (PVT) Ltd.,Linch Stock Market Ltd.,130,440.7,57291.0,2025-09-07 11:05:41.288174
2025-09-07,57281,2025090704000251,UNHPL,Agrawal Securities (PVT) Ltd.,Bhrikuti Stock Broking Co. Pvt. Ltd.,40,440.7,17628.0,2025-09-07 11:05:53.823250
2025-09-07,57280,2025090704000252,UNHPL,Nepal Stock House (PVT) Ltd.,Bhrikuti Stock Broking Co. Pvt. Ltd.,260,440.6,114556.0,2025-09-07 11:05:53.823349
2025-09-07,57275,2025090704000253,UNHPL,Linch Stock Market Ltd.,Online Securities Pvt. Ltd.,1000,440.8,440800.0,2025-09-07 11:05:57.758990
2025-09-07,57272,2025090704000254,UNHPL,Shree Krishna Securities Ltd.,Arun Securities (PVT) Ltd.,20,443.0,8860.0,2025-09-07 11:05:58.618757
2025-09-07,57271,2025090704000255,UNHPL,Shree Krishna Securities Ltd.,Primo Securities (PVT) Ltd.,500,444.0,222000.0,2025-09-07 11:05:58.618895
2025-09-07,57270,2025090704000256,UNHPL,Shree Krishna Securities Ltd.,Naasa Securities Co. Ltd.,25,444.0,11100.0,2025-09-07 11:05:58.618926
2025-09-07,57269,2025090704000257,UNHPL,Shree Krishna Securities Ltd.,Online Securities Pvt. Ltd.,455,444.0,202020.0,2025-09-07 11:05:58.618946
2025-09-07,57256,2025090704000259,UNHPL,R.B.B. Securities Company Ltd,Sagarmatha Securities Private Limited,740,443.9,328486.0,2025-09-07 11:06:05.089012
2025-09-07,57255,2025090704000260,UNHPL,R.B.B. Securities Company Ltd,Online Securities Pvt. Ltd.,1260,444.0,559440.0,2025-09-07 11:06:05.089097
2025-09-07,57230,2025090704000267,UNHPL,Nepal Stock House (PVT) Ltd.,KALASH STOCK MARKET PVT. LTD.,140,440.6,61684.0,2025-09-07 11:06:16.294811
2025-09-07,57229,2025090704000268,UNHPL,South Asian Bulls Pvt. Ltd.,KALASH STOCK MARKET PVT. LTD.,860,440.0,378400.0,2025-09-07 11:06:16.295081
2025-09-07,57221,2025090704000270,UNHPL,South Asian Bulls Pvt. Ltd.,ABC Securities Private Limited,10,440.0,4400.0,2025-09-07 11:06:23.508185
2025-09-07,57213,2025090704000272,UNHPL,Agrawal Securities (PVT) Ltd.,Investment Management Nepal Pvt. Ltd.,200,440.1,88020.0,2025-09-07 11:06:26.237648
2025-09-07,57212,2025090704000273,UNHPL,South Asian Bulls Pvt. Ltd.,Investment Management Nepal Pvt. Ltd.,1800,440.0,792000.0,2025-09-07 11:06:26.237800
2025-09-07,57177,2025090704000281,UNHPL,Online Securities Pvt. Ltd.,Neev Securities Pvt. Ltd.,500,440.1,220050.0,2025-09-07 11:06:41.452568
2025-09-07,57176,2025090704000282,UNHPL,Shree Krishna Securities Ltd.,Neev Securities Pvt. Ltd.,1000,440.1,440100.0,2025-09-07 11:06:41.452758
2025-09-07,57175,2025090704000283,UNHPL,South Asian Bulls Pvt. Ltd.,Neev Securities Pvt. Ltd.,1170,440.0,514800.0,2025-09-07 11:06:41.452841
2025-09-07,57174,2025090704000284,UNHPL,Naasa Securities Co. Ltd.,Neev Securities Pvt. Ltd.,50,440.0,22000.0,2025-09-07 11:06:41.452899
2025-09-07,57173,2025090704000285,UNHPL,Nepal Investment And Securities Trading Private Limited,Neev Securities Pvt. Ltd.,230,440.0,101200.0,2025-09-07 11:06:41.452952
2025-09-07,57172,2025090704000286,UNHPL,Dipshikha Dhitopatra Karobar Co. Pvt Ltd.,Neev Securities Pvt. Ltd.,250,440.0,110000.0,2025-09-07 11:06:41.453010
2025-09-07,57139,2025090704000290,UNHPL,ABC Securities Private Limited,Naasa Securities Co. Ltd.,200,443.6,88720.0,2025-09-07 11:06:56.123883
2025-09-07,57138,2025090704000291,UNHPL,ABC Securities Private Limited,Market Securities & Exchange (PVT) Ltd.,10,443.8,4438.0,2025-09-07 11:06:56.124185
2025-09-07,57126,2025090704000292,UNHPL,Dipshikha Dhitopatra Karobar Co. Pvt Ltd.,Online Securities Pvt. Ltd.,500,440.0,220000.0,2025-09-07 11:07:00.510414
2025-09-07,57100,2025090704000298,UNHPL,Shree Krishna Securities Ltd.,Vision Securities Pvt. Ltd,300,443.0,132900.0,2025-09-07 11:07:11.359728
2025-09-07,57099,2025090704000299,UNHPL,Shree Krishna Securities Ltd.,Trademow Securities Private Limited,700,443.0,310100.0,2025-09-07 11:07:11.360101
2025-09-07,57054,2025090704000303,UNHPL,Secured Securities Ltd.,Secured Securities Ltd.,170,440.6,74902.0,2025-09-07 11:07:28.556028
2025-09-07,57053,2025090704000304,UNHPL,Shree Krishna Securities Ltd.,Secured Securities Ltd.,500,440.1,220050.0,2025-09-07 11:07:28.556193
2025-09-07,57052,2025090704000305,UNHPL,Kumari Securities Private Limited,Secured Securities Ltd.,100,440.1,44010.0,2025-09-07 11:07:28.556339
2025-09-07,57051,2025090704000306,UNHPL,Dipshikha Dhitopatra Karobar Co. Pvt Ltd.,Secured Securities Ltd.,230,440.0,101200.0,2025-09-07 11:07:28.556423
2025-09-07,57011,2025090704000314,UNHPL,Dipshikha Dhitopatra Karobar Co. Pvt Ltd.,ABC Securities Private Limited,20,440.0,8800.0,2025-09-07 11:07:38.814562
2025-09-07,57010,2025090704000315,UNHPL,Sani Securities Company Ltd.,ABC Securities Private Limited,20,440.0,8800.0,2025-09-07 11:07:38.814654
2025-09-07,57009,2025090704000316,UNHPL,South Asian Bulls Pvt. Ltd.,ABC Securities Private Limited,10,437.1,4371.0,2025-09-07 11:07:38.814721
2025-09-07,56968,2025090704000322,UNHPL,South Asian Bulls Pvt. Ltd.,Nepal Investment And Securities Trading Private Limited,500,440.0,220000.0,2025-09-07 11:07:56.348015
2025-09-07,56962,2025090704000323,UNHPL,South Asian Bulls Pvt. Ltd.,Secured Securities Ltd.,1000,440.0,440000.0,2025-09-07 11:07:58.647783
2025-09-07,56929,2025090704000331,UNHPL,South Asian Bulls Pvt. Ltd.,APPLE SECURITIES PRIVATE LIMITED,500,440.0,220000.0,2025-09-07 11:08:10.436376
2025-09-07,56915,2025090704000336,UNHPL,South Asian Bulls Pvt. Ltd.,Online Securities Pvt. Ltd.,30,440.0,13200.0,2025-09-07 11:08:13.518295
2025-09-07,56914,2025090704000337,UNHPL,South Asian Bulls Pvt. Ltd.,Creative Securities Pvt Ltd,500,440.0,220000.0,2025-09-07 11:08:13.646896
2025-09-07,56898,2025090704000339,UNHPL,South Asian Bulls Pvt. Ltd.,Aryatara Investment & Securities,470,440.0,206800.0,2025-09-07 11:08:18.191744
2025-09-07,56881,2025090704000341,UNHPL,Ashutosh Brokerage & Securities (PVT) Ltd.,ABC Securities Private Limited,10,438.0,4380.0,2025-09-07 11:08:26.442182
2025-09-07,56879,2025090704000342,UNHPL,Miyo Securities Pvt Ltd,Aryatara Investment & Securities,730,440.0,321200.0,2025-09-07 11:08:27.242768
2025-09-07,56862,2025090704000346,UNHPL,Miyo Securities Pvt Ltd,ABC Securities Private Limited,190,440.0,83600.0,2025-09-07 11:08:36.473918
2025-09-07,56859,2025090704000349,UNHPL,Miyo Securities Pvt Ltd,J.F. Securites (PVT) Ltd.,100,440.0,44000.0,2025-09-07 11:08:37.198179
2025-09-07,56837,2025090704000350,UNHPL,Agrawal Securities (PVT) Ltd.,Online Securities Pvt. Ltd.,200,440.1,88020.0,2025-09-07 11:08:43.645657
2025-09-07,56836,2025090704000351,UNHPL,Miyo Securities Pvt Ltd,Online Securities Pvt. Ltd.,85,440.0,37400.0,2025-09-07 11:08:43.645952
2025-09-07,56815,2025090704000353,UNHPL,Shree Krishna Securities Ltd.,J.F. Securites (PVT) Ltd.,60,440.1,26406.0,2025-09-07 11:08:49.746458
2025-09-07,56810,2025090704000354,UNHPL,Ashutosh Brokerage & Securities (PVT) Ltd.,Shree Krishna Securities Ltd.,100,441.9,44190.0,2025-09-07 11:08:52.242278
2025-09-07,56809,2025090704000355,UNHPL,Ashutosh Brokerage & Securities (PVT) Ltd.,Sani Securities Company Ltd.,600,442.0,265200.0,2025-09-07 11:08:52.242429
2025-09-07,56808,2025090704000356,UNHPL,Ashutosh Brokerage & Securities (PVT) Ltd.,Deevyaa Securities & Stock House Pvt. Ltd,300,442.7,132810.0,2025-09-07 11:08:52.242560
2025-09-07,56788,2025090704000358,UNHPL,Shree Krishna Securities Ltd.,SHUBHAKAMANA SECURITIES PVT. LTD,100,440.3,44030.0,2025-09-07 11:09:01.330801
2025-09-07,56787,2025090704000359,UNHPL,South Asian Bulls Pvt. Ltd.,SHUBHAKAMANA SECURITIES PVT. LTD,400,440.2,176080.0,2025-09-07 11:09:01.331105
2025-09-07,56764,2025090704000363,UNHPL,Shree Krishna Securities Ltd.,Sri Hari Securities Pvt. Ltd.,100,441.0,44100.0,2025-09-07 11:09:11.649812
2025-09-07,56752,2025090704000367,UNHPL,Naasa Securities Co. Ltd.,Secured Securities Ltd.,300,442.0,132600.0,2025-09-07 11:09:14.490601
2025-09-07,56751,2025090704000368,UNHPL,Blue Chip Securities Ltd,Secured Securities Ltd.,700,442.0,309400.0,2025-09-07 11:09:15.096424
2025-09-07,56746,2025090704000369,UNHPL,Blue Chip Securities Ltd,Sweta Securities Private Limited,300,442.0,132600.0,2025-09-07 11:09:16.348528
2025-09-07,56745,2025090704000370,UNHPL,Shree Krishna Securities Ltd.,Sweta Securities Private Limited,200,441.0,88200.0,2025-09-07 11:09:16.348708
2025-09-07,56716,2025090704000373,UNHPL,Online Securities Pvt. Ltd.,Online Securities Pvt. Ltd.,40,442.0,17680.0,2025-09-07 11:09:29.104619
2025-09-07,56715,2025090704000374,UNHPL,Shree Krishna Securities Ltd.,Deevyaa Securities & Stock House Pvt. Ltd,200,442.7,88540.0,2025-09-07 11:09:29.133566
2025-09-07,56714,2025090704000375,UNHPL,Shree Krishna Securities Ltd.,Sewa Securities Pvt. Ltd.,75,442.8,33210.0,2025-09-07 11:09:29.133627
2025-09-07,56713,2025090704000376,UNHPL,Shree Krishna Securities Ltd.,Imperial Securities Company Pvt. Ltd.,100,442.8,44280.0,2025-09-07 11:09:29.133663
2025-09-07,56712,2025090704000377,UNHPL,Shree Krishna Securities Ltd.,Thrive Brokerage House Pvt. Ltd,300,442.9,132870.0,2025-09-07 11:09:29.133695
2025-09-07,56711,2025090704000378,UNHPL,Shree Krishna Securities Ltd.,Trademow Securities Private Limited,300,443.0,132900.0,2025-09-07 11:09:29.133724
2025-09-07,56710,2025090704000379,UNHPL,Shree Krishna Securities Ltd.,Aryatara Investment & Securities,25,443.0,11075.0,2025-09-07 11:09:29.133765
2025-09-07,56709,2025090704000380,UNHPL,Online Securities Pvt. Ltd.,Opal Securities Investment (PVT) Ltd.,200,442.0,88400.0,2025-09-07 11:09:30.029085
2025-09-07,56703,2025090704000382,UNHPL,Miyo Securities Pvt Ltd,Aryatara Investment & Securities,175,443.0,77525.0,2025-09-07 11:09:37.406870
2025-09-07,56702,2025090704000383,UNHPL,Miyo Securities Pvt Ltd,Sani Securities Company Ltd.,100,443.0,44300.0,2025-09-07 11:09:37.407206
2025-09-07,56701,2025090704000384,UNHPL,Miyo Securities Pvt Ltd,Agrawal Securities (PVT) Ltd.,200,443.0,88600.0,2025-09-07 11:09:37.407424
2025-09-07,56700,2025090704000385,UNHPL,Miyo Securities Pvt Ltd,Market Securities & Exchange (PVT) Ltd.,90,443.8,39942.0,2025-09-07 11:09:37.407610
2025-09-07,56699,2025090704000386,UNHPL,Miyo Securities Pvt Ltd,Deevyaa Securities & Stock House Pvt. Ltd,100,443.8,44380.0,2025-09-07 11:09:37.407798
2025-09-07,56698,2025090704000387,UNHPL,Miyo Securities Pvt Ltd,Naasa Securities Co. Ltd.,10,443.9,4439.0,2025-09-07 11:09:37.407987
2025-09-07,56697,2025090704000388,UNHPL,Miyo Securities Pvt Ltd,MILKY WAY SHARE BROKER COMPANY LTD ,200,443.9,88780.0,2025-09-07 11:09:37.408199
2025-09-07,56696,2025090704000389,UNHPL,Miyo Securities Pvt Ltd,Secured Securities Ltd.,500,443.9,221950.0,2025-09-07 11:09:37.408409
2025-09-07,56695,2025090704000390,UNHPL,Miyo Securities Pvt Ltd,Primo Securities (PVT) Ltd.,500,443.9,221950.0,2025-09-07 11:09:37.408590
2025-09-07,56694,2025090704000391,UNHPL,Miyo Securities Pvt Ltd,Naasa Securities Co. Ltd.,20,444.0,8880.0,2025-09-07 11:09:37.408783
2025-09-07,56669,2025090704000394,UNHPL,Sanima Securities Limited,Naasa Securities Co. Ltd.,480,444.0,213120.0,2025-09-07 11:09:47.500416
2025-09-07,56668,2025090704000395,UNHPL,Sanima Securities Limited,Imperial Securities Company Pvt. Ltd.,1200,444.0,532800.0,2025-09-07 11:09:47.500700
2025-09-07,56667,2025090704000396,UNHPL,Sanima Securities Limited,J.F. Securites (PVT) Ltd.,50,444.0,22200.0,2025-09-07 11:09:47.500883
2025-09-07,56666,2025090704000397,UNHPL,Sanima Securities Limited,Oxford Securities Pvt. Ltd.,270,444.0,119880.0,2025-09-07 11:09:47.501059
2025-09-07,56664,2025090704000398,UNHPL,Capital Max Securities Ltd,Oxford Securities Pvt. Ltd.,230,444.0,102120.0,2025-09-07 11:09:49.302787
2025-09-07,56663,2025090704000399,UNHPL,Capital Max Securities Ltd,Trishakti Securities Public Limited,500,444.0,222000.0,2025-09-07 11:09:49.302926
2025-09-07,56662,2025090704000400,UNHPL,Capital Max Securities Ltd,J.F. Securites (PVT) Ltd.,270,444.0,119880.0,2025-09-07 11:09:49.303000
2025-09-07,56612,2025090704000415,UNHPL,KALASH STOCK MARKET PVT. LTD.,Oxford Securities Pvt. Ltd.,100,442.1,44210.0,2025-09-07 11:10:11.604264
2025-09-07,56611,2025090704000416,UNHPL,Online Securities Pvt. Ltd.,Oxford Securities Pvt. Ltd.,408,442.0,180336.0,2025-09-07 11:10:11.604461
2025-09-07,56569,2025090704000422,UNHPL,Online Securities Pvt. Ltd.,Deevyaa Securities & Stock House Pvt. Ltd,300,442.0,132600.0,2025-09-07 11:10:26.779893
2025-09-07,56494,2025090704000428,UNHPL,Online Securities Pvt. Ltd.,Deevyaa Securities & Stock House Pvt. Ltd,52,442.0,22984.0,2025-09-07 11:10:54.321562
2025-09-07,56493,2025090704000429,UNHPL,Shree Krishna Securities Ltd.,Deevyaa Securities & Stock House Pvt. Ltd,700,441.0,308700.0,2025-09-07 11:10:54.321773
2025-09-07,56492,2025090704000430,UNHPL,Sani Securities Company Ltd.,Deevyaa Securities & Stock House Pvt. Ltd,148,441.0,65268.0,2025-09-07 11:10:54.321843
2025-09-07,56456,2025090704000435,UNHPL,Capital Max Securities Ltd,Sundhara Securities Limited,225,443.0,99675.0,2025-09-07 11:11:06.604074
2025-09-07,56431,2025090704000437,UNHPL,Sani Securities Company Ltd.,Nepal Stock House (PVT) Ltd.,52,441.0,22932.0,2025-09-07 11:11:19.871860
2025-09-07,56393,2025090704000445,UNHPL,Capital Max Securities Ltd,ABC Securities Private Limited,10,440.5,4405.0,2025-09-07 11:11:39.451513
2025-09-07,56366,2025090704000448,UNHPL,Capital Max Securities Ltd,Trademow Securities Private Limited,40,440.5,17620.0,2025-09-07 11:11:55.994443
2025-09-07,56365,2025090704000449,UNHPL,Imperial Securities Company Pvt. Ltd.,Trademow Securities Private Limited,1495,440.3,658248.5,2025-09-07 11:11:55.994666
2025-09-07,56364,2025090704000450,UNHPL,APPLE SECURITIES PRIVATE LIMITED,Trademow Securities Private Limited,1000,440.2,440200.0,2025-09-07 11:11:55.994744
2025-09-07,56363,2025090704000451,UNHPL,Shree Krishna Securities Ltd.,Trademow Securities Private Limited,440,440.1,193644.0,2025-09-07 11:11:55.994819
2025-09-07,56362,2025090704000452,UNHPL,Deevyaa Securities & Stock House Pvt. Ltd,Trademow Securities Private Limited,200,440.0,88000.0,2025-09-07 11:11:55.994892
2025-09-07,56361,2025090704000453,UNHPL,Miyo Securities Pvt Ltd,Trademow Securities Private Limited,3000,440.0,1320000.0,2025-09-07 11:11:55.994963
2025-09-07,56360,2025090704000454,UNHPL,J.F. Securites (PVT) Ltd.,Trademow Securities Private Limited,60,440.0,26400.0,2025-09-07 11:11:55.995033
2025-09-07,56340,2025090704000460,UNHPL,Sri Hari Securities Pvt. Ltd.,Trademow Securities Private Limited,865,440.0,380600.0,2025-09-07 11:12:02.364957
2025-09-07,56339,2025090704000461,UNHPL,Sri Hari Securities Pvt. Ltd.,Nepal Stock House (PVT) Ltd.,148,441.0,65268.0,2025-09-07 11:12:02.365160
2025-09-07,56338,2025090704000462,UNHPL,Sri Hari Securities Pvt. Ltd.,Online Securities Pvt. Ltd.,1000,441.0,441000.0,2025-09-07 11:12:02.365232
2025-09-07,56337,2025090704000463,UNHPL,Sri Hari Securities Pvt. Ltd.,Secured Securities Ltd.,1000,441.0,441000.0,2025-09-07 11:12:02.365301
2025-09-07,56321,2025090704000466,UNHPL,Pragyan Securities (PVT) Ltd.,Elite Stock House Limited,7,435.5,3048.5,2025-09-07 11:12:10.312748
2025-09-07,56272,2025090704000481,UNHPL,Sri Hari Securities Pvt. Ltd.,Shree Krishna Securities Ltd.,200,441.0,88200.0,2025-09-07 11:12:29.573774
2025-09-07,56268,2025090704000482,UNHPL,Sri Hari Securities Pvt. Ltd.,Investment Management Nepal Pvt. Ltd.,1000,441.0,441000.0,2025-09-07 11:12:32.138290
2025-09-07,56200,2025090704000485,UNHPL,Shree Krishna Securities Ltd.,Secured Securities Ltd.,1000,442.0,442000.0,2025-09-07 11:12:59.641716
2025-09-07,56199,2025090704000486,UNHPL,Shree Krishna Securities Ltd.,Property Wiard Limited,500,442.0,221000.0,2025-09-07 11:12:59.641810
2025-09-07,56171,2025090704000492,UNHPL,Linch Stock Market Ltd.,Sani Securities Company Ltd.,1000,441.1,441100.0,2025-09-07 11:13:11.400834
2025-09-07,56167,2025090704000493,UNHPL,Sri Hari Securities Pvt. Ltd.,Sri Hari Securities Pvt. Ltd.,80,441.0,35280.0,2025-09-07 11:13:12.596298
2025-09-07,56151,2025090704000497,UNHPL,Sri Hari Securities Pvt. Ltd.,KALASH STOCK MARKET PVT. LTD.,3110,441.0,1371510.0,2025-09-07 11:13:19.339732
2025-09-07,56103,2025090704000506,UNHPL,Sri Hari Securities Pvt. Ltd.,Investment Management Nepal Pvt. Ltd.,1000,441.0,441000.0,2025-09-07 11:13:34.713455
2025-09-07,56099,2025090704000507,UNHPL,Linch Stock Market Ltd.,Naasa Securities Co. Ltd.,10,441.9,4419.0,2025-09-07 11:13:35.413489
2025-09-07,56098,2025090704000508,UNHPL,Linch Stock Market Ltd.,Creative Securities Pvt Ltd,40,442.0,17680.0,2025-09-07 11:13:35.413815
2025-09-07,56073,2025090704000515,UNHPL,Sri Hari Securities Pvt. Ltd.,MILKY WAY SHARE BROKER COMPANY LTD ,1090,441.0,480690.0,2025-09-07 11:13:45.282911
2025-09-07,56050,2025090704000517,UNHPL,Sri Hari Securities Pvt. Ltd.,Pragyan Securities (PVT) Ltd.,10,441.0,4410.0,2025-09-07 11:13:59.026575
2025-09-07,56028,2025090704000520,UNHPL,Sri Hari Securities Pvt. Ltd.,SHUBHAKAMANA SECURITIES PVT. LTD,497,441.0,219177.0,2025-09-07 11:14:09.150013
2025-09-07,56027,2025090704000521,UNHPL,Ashutosh Brokerage & Securities (PVT) Ltd.,SHUBHAKAMANA SECURITIES PVT. LTD,403,440.0,177320.0,2025-09-07 11:14:09.150197
2025-09-07,55991,2025090704000523,UNHPL,Ashutosh Brokerage & Securities (PVT) Ltd.,Imperial Securities Company Pvt. Ltd.,50,440.0,22000.0,2025-09-07 11:14:20.582520
2025-09-07,55977,2025090704000527,UNHPL,Sani Securities Company Ltd.,Infinity Securities Limited,200,441.0,88200.0,2025-09-07 11:14:26.652302
2025-09-07,55971,2025090704000528,UNHPL,Ashutosh Brokerage & Securities (PVT) Ltd.,J.F. Securites (PVT) Ltd.,200,440.0,88000.0,2025-09-07 11:14:27.958160
2025-09-07,55947,2025090704000532,UNHPL,Ashutosh Brokerage & Securities (PVT) Ltd.,Midas Stock Broking Company Private Limited,337,440.0,148280.0,2025-09-07 11:14:36.251093
2025-09-07,55946,2025090704000533,UNHPL,Secured Securities Ltd.,Midas Stock Broking Company Private Limited,265,440.0,116600.0,2025-09-07 11:14:36.251139
2025-09-07,55945,2025090704000534,UNHPL,SUN SECURITIES PVT LTD,Midas Stock Broking Company Private Limited,500,439.0,219500.0,2025-09-07 11:14:36.251164
2025-09-07,55944,2025090704000535,UNHPL,SUN SECURITIES PVT LTD,Midas Stock Broking Company Private Limited,300,439.0,131700.0,2025-09-07 11:14:36.251188
2025-09-07,55943,2025090704000536,UNHPL,Naasa Securities Co. Ltd.,Midas Stock Broking Company Private Limited,56,438.4,24550.4,2025-09-07 11:14:36.251210
2025-09-07,55942,2025090704000537,UNHPL,SUN SECURITIES PVT LTD,Midas Stock Broking Company Private Limited,42,438.2,18404.4,2025-09-07 11:14:36.251233
2025-09-07,55901,2025090704000542,UNHPL,South Asian Bulls Pvt. Ltd.,SHUBHAKAMANA SECURITIES PVT. LTD,1500,440.0,660000.0,2025-09-07 11:14:50.029232
2025-09-07,55900,2025090704000543,UNHPL,South Asian Bulls Pvt. Ltd.,Primo Securities (PVT) Ltd.,500,440.0,220000.0,2025-09-07 11:14:50.029480
2025-09-07,55835,2025090704000550,UNHPL,South Asian Bulls Pvt. Ltd.,Naasa Securities Co. Ltd.,500,438.3,219150.0,2025-09-07 11:15:10.845837
2025-09-07,55817,2025090704000551,UNHPL,Online Securities Pvt. Ltd.,Linch Stock Market Ltd.,100,439.0,43900.0,2025-09-07 11:15:14.827271
2025-09-07,55801,2025090704000553,UNHPL,Trishakti Securities Public Limited,Sewa Securities Pvt. Ltd.,50,440.0,22000.0,2025-09-07 11:15:18.488916
2025-09-07,55800,2025090704000554,UNHPL,Trishakti Securities Public Limited,Trishakti Securities Public Limited,200,440.0,88000.0,2025-09-07 11:15:18.489158
2025-09-07,55762,2025090704000563,UNHPL,Trishakti Securities Public Limited,Shree Krishna Securities Ltd.,100,440.0,44000.0,2025-09-07 11:15:32.390673
2025-09-07,55711,2025090704000574,UNHPL,Nagarik Stock Dealer ,Sundhara Securities Limited,75,440.0,33000.0,2025-09-07 11:15:51.743103
2025-09-07,55710,2025090704000575,UNHPL,Nagarik Stock Dealer ,Kohinoor Investment & Securities Pvt. Ltd.,100,440.0,44000.0,2025-09-07 11:15:51.743332
2025-09-07,55709,2025090704000576,UNHPL,Nagarik Stock Dealer ,Secured Securities Ltd.,500,441.0,220500.0,2025-09-07 11:15:51.743419
2025-09-07,55708,2025090704000577,UNHPL,Nagarik Stock Dealer ,Midas Stock Broking Company Private Limited,200,441.0,88200.0,2025-09-07 11:15:51.743498
2025-09-07,55707,2025090704000578,UNHPL,Nagarik Stock Dealer ,Secured Securities Ltd.,10,441.0,4410.0,2025-09-07 11:15:51.743577
2025-09-07,55706,2025090704000579,UNHPL,Nagarik Stock Dealer ,Investment Management Nepal Pvt. Ltd.,300,441.0,132300.0,2025-09-07 11:15:51.743656
2025-09-07,55705,2025090704000580,UNHPL,Nagarik Stock Dealer ,ABC Securities Private Limited,1000,441.0,441000.0,2025-09-07 11:15:51.743733
2025-09-07,55704,2025090704000581,UNHPL,Nagarik Stock Dealer ,R.B.B. Securities Company Ltd,100,441.0,44100.0,2025-09-07 11:15:51.743810
2025-09-07,55703,2025090704000582,UNHPL,Nagarik Stock Dealer ,Creative Securities Pvt Ltd,10,442.0,4420.0,2025-09-07 11:15:51.743890
2025-09-07,55702,2025090704000583,UNHPL,Nagarik Stock Dealer ,Kohinoor Investment & Securities Pvt. Ltd.,66,442.0,29172.0,2025-09-07 11:15:51.743971
2025-09-07,55701,2025090704000584,UNHPL,Nagarik Stock Dealer ,Kumari Securities Private Limited,500,442.0,221000.0,2025-09-07 11:15:51.744050
2025-09-07,55700,2025090704000585,UNHPL,Nagarik Stock Dealer ,Trademow Securities Private Limited,750,442.0,331500.0,2025-09-07 11:15:51.744128
2025-09-07,55699,2025090704000586,UNHPL,Nagarik Stock Dealer ,Secured Securities Ltd.,10,442.0,4420.0,2025-09-07 11:15:51.744229
2025-09-07,55698,2025090704000587,UNHPL,Nagarik Stock Dealer ,Shree Krishna Securities Ltd.,100,442.4,44240.0,2025-09-07 11:15:51.744308
2025-09-07,55697,2025090704000588,UNHPL,Nagarik Stock Dealer ,Online Securities Pvt. Ltd.,40,442.5,17700.0,2025-09-07 11:15:51.744398
2025-09-07,55696,2025090704000589,UNHPL,Nagarik Stock Dealer ,R.B.B. Securities Company Ltd,50,442.9,22145.0,2025-09-07 11:15:51.744476
2025-09-07,55695,2025090704000590,UNHPL,Nagarik Stock Dealer ,Capital Max Securities Ltd,3189,442.9,1412408.1,2025-09-07 11:15:51.744557
2025-09-07,55650,2025090704000597,UNHPL,Nagarik Stock Dealer ,Naasa Securities Co. Ltd.,10,440.0,4400.0,2025-09-07 11:16:04.262222
2025-09-07,55649,2025090704000598,UNHPL,Nagarik Stock Dealer ,Nepal Stock House (PVT) Ltd.,150,440.0,66000.0,2025-09-07 11:16:04.262411
2025-09-07,55648,2025090704000599,UNHPL,Nagarik Stock Dealer ,Capital Max Securities Ltd,840,442.9,372036.0,2025-09-07 11:16:04.262492
2025-09-07,55558,2025090704000607,UNHPL,Arun Securities (PVT) Ltd.,Deevyaa Securities & Stock House Pvt. Ltd,250,440.0,110000.0,2025-09-07 11:16:32.351001
2025-09-07,55557,2025090704000608,UNHPL,South Asian Bulls Pvt. Ltd.,Deevyaa Securities & Stock House Pvt. Ltd,40,440.0,17600.0,2025-09-07 11:16:32.351475
2025-09-07,55495,2025090704000616,UNHPL,South Asian Bulls Pvt. Ltd.,Imperial Securities Company Pvt. Ltd.,150,440.0,66000.0,2025-09-07 11:16:58.623118
2025-09-07,55312,2025090704000652,UNHPL,South Asian Bulls Pvt. Ltd.,Opal Securities Investment (PVT) Ltd.,200,441.0,88200.0,2025-09-07 11:18:01.069569
2025-09-07,55241,2025090704000681,UNHPL,Ashutosh Brokerage & Securities (PVT) Ltd.,ABC Securities Private Limited,100,442.0,44200.0,2025-09-07 11:18:23.319695
2025-09-07,55240,2025090704000682,UNHPL,Ashutosh Brokerage & Securities (PVT) Ltd.,Online Securities Pvt. Ltd.,75,442.0,33150.0,2025-09-07 11:18:23.319791
2025-09-07,55204,2025090704000693,UNHPL,R.B.B. Securities Company Ltd,Online Securities Pvt. Ltd.,25,442.0,11050.0,2025-09-07 11:18:36.053345
2025-09-07,55203,2025090704000694,UNHPL,R.B.B. Securities Company Ltd,Aryatara Investment & Securities,1000,442.8,442800.0,2025-09-07 11:18:36.053461
2025-09-07,55202,2025090704000695,UNHPL,R.B.B. Securities Company Ltd,Capital Max Securities Ltd,281,442.9,124454.9,2025-09-07 11:18:36.053500
2025-09-07,55201,2025090704000696,UNHPL,R.B.B. Securities Company Ltd,Premier Securities Company Ltd.,300,442.9,132870.0,2025-09-07 11:18:36.053546
2025-09-07,55200,2025090704000697,UNHPL,R.B.B. Securities Company Ltd,Siprabi Securities Pvt. Ltd.,25,443.0,11075.0,2025-09-07 11:18:36.053580
2025-09-07,55199,2025090704000698,UNHPL,R.B.B. Securities Company Ltd,Agrawal Securities (PVT) Ltd.,136,443.0,60248.0,2025-09-07 11:18:36.053614
2025-09-07,55198,2025090704000699,UNHPL,R.B.B. Securities Company Ltd,Secured Securities Ltd.,10,443.0,4430.0,2025-09-07 11:18:36.053654
2025-09-07,55197,2025090704000700,UNHPL,R.B.B. Securities Company Ltd,Capital Max Securities Ltd,100,443.0,44300.0,2025-09-07 11:18:36.053685
2025-09-07,55196,2025090704000701,UNHPL,R.B.B. Securities Company Ltd,Imperial Securities Company Pvt. Ltd.,100,443.0,44300.0,2025-09-07 11:18:36.053718
2025-09-07,55195,2025090704000702,UNHPL,R.B.B. Securities Company Ltd,Oxford Securities Pvt. Ltd.,23,443.0,10189.0,2025-09-07 11:18:36.053752
2025-09-07,55148,2025090704000707,UNHPL,Shree Krishna Securities Ltd.,Oxford Securities Pvt. Ltd.,477,443.0,211311.0,2025-09-07 11:18:55.184365
2025-09-07,55147,2025090704000708,UNHPL,Shree Krishna Securities Ltd.,SUN SECURITIES PVT LTD,523,443.0,231689.0,2025-09-07 11:18:55.184425
2025-09-07,55144,2025090704000709,UNHPL,Sumeru Securities Pvt. Ltd.,Imperial Securities Company Pvt. Ltd.,20,441.5,8830.0,2025-09-07 11:18:56.608882
2025-09-07,55090,2025090704000722,UNHPL,Sumeru Securities Pvt. Ltd.,SHUBHAKAMANA SECURITIES PVT. LTD,100,441.5,44150.0,2025-09-07 11:19:09.482999
2025-09-07,55086,2025090704000725,UNHPL,Sani Securities Company Ltd.,Naasa Securities Co. Ltd.,200,442.0,88400.0,2025-09-07 11:19:12.774262
2025-09-07,55085,2025090704000726,UNHPL,Sani Securities Company Ltd.,SUN SECURITIES PVT LTD,300,443.0,132900.0,2025-09-07 11:19:12.774531
2025-09-07,55052,2025090704000730,UNHPL,Himalayan Securities Limited,SUN SECURITIES PVT LTD,187,443.0,82841.0,2025-09-07 11:19:23.382494
2025-09-07,55051,2025090704000731,UNHPL,Himalayan Securities Limited,MILKY WAY SHARE BROKER COMPANY LTD ,1000,443.0,443000.0,2025-09-07 11:19:23.382744
2025-09-07,55050,2025090704000732,UNHPL,Himalayan Securities Limited,Investment Management Nepal Pvt. Ltd.,200,443.0,88600.0,2025-09-07 11:19:23.382845
2025-09-07,55049,2025090704000733,UNHPL,Himalayan Securities Limited,Sundhara Securities Limited,75,443.0,33225.0,2025-09-07 11:19:23.382938
2025-09-07,55048,2025090704000734,UNHPL,Himalayan Securities Limited,Sewa Securities Pvt. Ltd.,25,443.7,11092.5,2025-09-07 11:19:23.383031
2025-09-07,55047,2025090704000735,UNHPL,Himalayan Securities Limited,Midas Stock Broking Company Private Limited,200,443.8,88760.0,2025-09-07 11:19:23.383122
2025-09-07,55046,2025090704000736,UNHPL,Himalayan Securities Limited,Swarna Laxmi Securities Pvt. Ltd.,10,443.9,4439.0,2025-09-07 11:19:23.383213
2025-09-07,55045,2025090704000737,UNHPL,Himalayan Securities Limited,Premier Securities Company Ltd.,10,443.9,4439.0,2025-09-07 11:19:23.383302
2025-09-07,55044,2025090704000738,UNHPL,Himalayan Securities Limited,Shree Krishna Securities Ltd.,100,443.9,44390.0,2025-09-07 11:19:23.383413
2025-09-07,55043,2025090704000739,UNHPL,Himalayan Securities Limited,Capital Max Securities Ltd,100,443.9,44390.0,2025-09-07 11:19:23.383516
2025-09-07,55042,2025090704000740,UNHPL,Himalayan Securities Limited,J.F. Securites (PVT) Ltd.,230,444.0,102120.0,2025-09-07 11:19:23.383607
2025-09-07,55041,2025090704000741,UNHPL,Himalayan Securities Limited,Dipshikha Dhitopatra Karobar Co. Pvt Ltd.,1000,444.0,444000.0,2025-09-07 11:19:23.383693
2025-09-07,55040,2025090704000742,UNHPL,Himalayan Securities Limited,Himalayan Brokerage Company Limited,863,444.0,383172.0,2025-09-07 11:19:23.383787
2025-09-07,54992,2025090704000752,UNHPL,Himalayan Securities Limited,Himalayan Brokerage Company Limited,137,444.0,60828.0,2025-09-07 11:19:35.902939
2025-09-07,54991,2025090704000753,UNHPL,Himalayan Securities Limited,Naasa Securities Co. Ltd.,149,444.0,66156.0,2025-09-07 11:19:35.903187
2025-09-07,54990,2025090704000754,UNHPL,Himalayan Securities Limited,Trishakti Securities Public Limited,500,444.0,222000.0,2025-09-07 11:19:35.903291
2025-09-07,54989,2025090704000755,UNHPL,Himalayan Securities Limited,Deevyaa Securities & Stock House Pvt. Ltd,1000,444.0,444000.0,2025-09-07 11:19:35.903409
2025-09-07,54988,2025090704000756,UNHPL,Himalayan Securities Limited,Sani Securities Company Ltd.,100,444.0,44400.0,2025-09-07 11:19:35.903496
2025-09-07,54987,2025090704000757,UNHPL,Himalayan Securities Limited,SHUBHAKAMANA SECURITIES PVT. LTD,1000,444.0,444000.0,2025-09-07 11:19:35.903582
2025-09-07,54986,2025090704000758,UNHPL,Himalayan Securities Limited,Nagarik Stock Dealer ,480,444.1,213168.0,2025-09-07 11:19:35.903669
2025-09-07,54985,2025090704000759,UNHPL,Himalayan Securities Limited,ABC Securities Private Limited,210,444.5,93345.0,2025-09-07 11:19:35.903760
2025-09-07,54984,2025090704000760,UNHPL,Himalayan Securities Limited,Deevyaa Securities & Stock House Pvt. Ltd,100,444.8,44480.0,2025-09-07 11:19:35.903868
2025-09-07,54983,2025090704000761,UNHPL,Himalayan Securities Limited,Secured Securities Ltd.,150,444.9,66735.0,2025-09-07 11:19:35.903985
2025-09-07,54982,2025090704000762,UNHPL,Himalayan Securities Limited,Trisul Securities & Invt. Ltd.,200,444.9,88980.0,2025-09-07 11:19:35.904111
2025-09-07,54981,2025090704000763,UNHPL,Himalayan Securities Limited,Trisul Securities & Invt. Ltd.,1000,444.9,444900.0,2025-09-07 11:19:35.904231
2025-09-07,54980,2025090704000764,UNHPL,Himalayan Securities Limited,Premier Securities Company Ltd.,10,444.9,4449.0,2025-09-07 11:19:35.904358
2025-09-07,54979,2025090704000765,UNHPL,Himalayan Securities Limited,Capital Max Securities Ltd,945,445.0,420525.0,2025-09-07 11:19:35.904474
2025-09-07,54978,2025090704000766,UNHPL,Himalayan Securities Limited,Linch Stock Market Ltd.,19,445.0,8455.0,2025-09-07 11:19:35.904581
2025-09-07,54924,2025090704000774,UNHPL,Nagarik Stock Dealer ,Imperial Securities Company Pvt. Ltd.,10,443.0,4430.0,2025-09-07 11:19:57.008818
2025-09-07,54923,2025090704000775,UNHPL,Nagarik Stock Dealer ,Linch Stock Market Ltd.,81,445.0,36045.0,2025-09-07 11:19:57.009071
2025-09-07,54922,2025090704000776,UNHPL,Nagarik Stock Dealer ,Imperial Securities Company Pvt. Ltd.,100,445.0,44500.0,2025-09-07 11:19:57.009158
2025-09-07,54921,2025090704000777,UNHPL,Nagarik Stock Dealer ,Trishakti Securities Public Limited,500,445.0,222500.0,2025-09-07 11:19:57.009242
2025-09-07,54920,2025090704000778,UNHPL,Nagarik Stock Dealer ,Sumeru Securities Pvt. Ltd.,303,445.0,134835.0,2025-09-07 11:19:57.009334
2025-09-07,54919,2025090704000779,UNHPL,Nagarik Stock Dealer ,Sundhara Securities Limited,25,445.0,11125.0,2025-09-07 11:19:57.009420
2025-09-07,54918,2025090704000780,UNHPL,Nagarik Stock Dealer ,Sewa Securities Pvt. Ltd.,25,445.0,11125.0,2025-09-07 11:19:57.009503
2025-09-07,54917,2025090704000781,UNHPL,Nagarik Stock Dealer ,Opal Securities Investment (PVT) Ltd.,20,445.0,8900.0,2025-09-07 11:19:57.009590
2025-09-07,54916,2025090704000782,UNHPL,Nagarik Stock Dealer ,Agrawal Securities (PVT) Ltd.,1000,445.0,445000.0,2025-09-07 11:19:57.009671
2025-09-07,54915,2025090704000783,UNHPL,Nagarik Stock Dealer ,South Asian Bulls Pvt. Ltd.,100,445.0,44500.0,2025-09-07 11:19:57.009754
2025-09-07,54914,2025090704000784,UNHPL,Nagarik Stock Dealer ,Secured Securities Ltd.,50,445.0,22250.0,2025-09-07 11:19:57.009845
2025-09-07,54913,2025090704000785,UNHPL,Nagarik Stock Dealer ,Naasa Securities Co. Ltd.,500,445.0,222500.0,2025-09-07 11:19:57.009924
2025-09-07,54912,2025090704000786,UNHPL,Nagarik Stock Dealer ,Deevyaa Securities & Stock House Pvt. Ltd,1000,445.0,445000.0,2025-09-07 11:19:57.010004
2025-09-07,54911,2025090704000787,UNHPL,Nagarik Stock Dealer ,Online Securities Pvt. Ltd.,80,445.0,35600.0,2025-09-07 11:19:57.010084
2025-09-07,54910,2025090704000788,UNHPL,Nagarik Stock Dealer ,Sewa Securities Pvt. Ltd.,206,445.0,91670.0,2025-09-07 11:19:57.010164
2025-09-07,54872,2025090704000798,UNHPL,Shree Krishna Securities Ltd.,MILKY WAY SHARE BROKER COMPANY LTD ,1000,444.0,444000.0,2025-09-07 11:20:12.912427
2025-09-07,54825,2025090704000803,UNHPL,Shree Krishna Securities Ltd.,Sani Securities Company Ltd.,50,444.9,22245.0,2025-09-07 11:20:32.943084
2025-09-07,54824,2025090704000804,UNHPL,Shree Krishna Securities Ltd.,Sewa Securities Pvt. Ltd.,350,445.0,155750.0,2025-09-07 11:20:32.943305
2025-09-07,54795,2025090704000807,UNHPL,R.B.B. Securities Company Ltd,Sewa Securities Pvt. Ltd.,94,445.0,41830.0,2025-09-07 11:20:41.191823
2025-09-07,54794,2025090704000808,UNHPL,R.B.B. Securities Company Ltd,J.F. Securites (PVT) Ltd.,150,445.0,66750.0,2025-09-07 11:20:41.191944
2025-09-07,54793,2025090704000809,UNHPL,R.B.B. Securities Company Ltd,Imperial Securities Company Pvt. Ltd.,10,445.0,4450.0,2025-09-07 11:20:41.192006
2025-09-07,54792,2025090704000810,UNHPL,R.B.B. Securities Company Ltd,Nepal Stock House (PVT) Ltd.,100,445.0,44500.0,2025-09-07 11:20:41.192110
2025-09-07,54791,2025090704000811,UNHPL,R.B.B. Securities Company Ltd,Secured Securities Ltd.,20,445.0,8900.0,2025-09-07 11:20:41.192170
2025-09-07,54790,2025090704000812,UNHPL,R.B.B. Securities Company Ltd,J.F. Securites (PVT) Ltd.,250,445.4,111350.0,2025-09-07 11:20:41.192234
2025-09-07,54789,2025090704000813,UNHPL,R.B.B. Securities Company Ltd,Secured Securities Ltd.,376,445.5,167508.0,2025-09-07 11:20:41.192297
2025-09-07,54764,2025090704000817,UNHPL,Sipla Securities Private Limited,ABC Securities Private Limited,20,445.0,8900.0,2025-09-07 11:20:53.417097
2025-09-07,54745,2025090704000824,UNHPL,Imperial Securities Company Pvt. Ltd.,Secured Securities Ltd.,50,445.5,22275.0,2025-09-07 11:21:04.847587
2025-09-07,54696,2025090704000828,UNHPL,Shree Krishna Securities Ltd.,Market Securities & Exchange (PVT) Ltd.,11,445.4,4899.4,2025-09-07 11:21:16.320180
2025-09-07,54650,2025090704000836,UNHPL,SHUBHAKAMANA SECURITIES PVT. LTD,Secured Securities Ltd.,74,445.5,32967.0,2025-09-07 11:21:27.192436
2025-09-07,54649,2025090704000837,UNHPL,SHUBHAKAMANA SECURITIES PVT. LTD,Opal Securities Investment (PVT) Ltd.,426,445.5,189783.0,2025-09-07 11:21:27.192639
2025-09-07,54633,2025090704000842,UNHPL,Infinity Securities Limited,Opal Securities Investment (PVT) Ltd.,149,445.5,66379.5,2025-09-07 11:21:30.298491
2025-09-07,54632,2025090704000843,UNHPL,Infinity Securities Limited,Capital Max Securities Ltd,351,445.8,156475.8,2025-09-07 11:21:30.298722
2025-09-07,54626,2025090704000844,UNHPL,Shree Krishna Securities Ltd.,Naasa Securities Co. Ltd.,20,445.4,8908.0,2025-09-07 11:21:30.602677
2025-09-07,54614,2025090704000845,UNHPL,Sipla Securities Private Limited,Capital Max Securities Ltd,149,445.8,66424.2,2025-09-07 11:21:36.452821
2025-09-07,54613,2025090704000846,UNHPL,Sipla Securities Private Limited,Shree Krishna Securities Ltd.,100,445.9,44590.0,2025-09-07 11:21:36.453043
2025-09-07,54612,2025090704000847,UNHPL,Sipla Securities Private Limited,Nepal Investment And Securities Trading Private Limited,200,446.0,89200.0,2025-09-07 11:21:36.453178
2025-09-07,54611,2025090704000848,UNHPL,Sipla Securities Private Limited,Sani Securities Company Ltd.,200,446.0,89200.0,2025-09-07 11:21:36.453274
2025-09-07,54610,2025090704000849,UNHPL,Sipla Securities Private Limited,Trisul Securities & Invt. Ltd.,100,446.0,44600.0,2025-09-07 11:21:36.453399
2025-09-07,54609,2025090704000850,UNHPL,Sipla Securities Private Limited,Dipshikha Dhitopatra Karobar Co. Pvt Ltd.,396,446.0,176616.0,2025-09-07 11:21:36.453512
2025-09-07,54608,2025090704000851,UNHPL,Sipla Securities Private Limited,MILKY WAY SHARE BROKER COMPANY LTD ,835,446.0,372410.0,2025-09-07 11:21:36.453625
2025-09-07,54580,2025090704000855,UNHPL,Shree Krishna Securities Ltd.,Secured Securities Ltd.,59,445.9,26308.1,2025-09-07 11:21:48.112222
2025-09-07,54561,2025090704000859,UNHPL,Online Securities Pvt. Ltd.,Sweta Securities Private Limited,170,445.4,75718.0,2025-09-07 11:21:56.130885
2025-09-07,54559,2025090704000860,UNHPL,Infinity Securities Limited,Sweta Securities Private Limited,330,445.0,146850.0,2025-09-07 11:21:57.831304
2025-09-07,54526,2025090704000864,UNHPL,Capital Max Securities Ltd,Secured Securities Ltd.,441,445.9,196641.9,2025-09-07 11:22:06.467802
2025-09-07,54485,2025090704000871,UNHPL,Capital Max Securities Ltd,Online Securities Pvt. Ltd.,59,445.9,26308.1,2025-09-07 11:22:16.804982
2025-09-07,54484,2025090704000872,UNHPL,Infinity Securities Limited,Online Securities Pvt. Ltd.,41,445.8,18277.8,2025-09-07 11:22:16.805447
2025-09-07,54456,2025090704000876,UNHPL,Sani Securities Company Ltd.,MILKY WAY SHARE BROKER COMPANY LTD ,165,446.0,73590.0,2025-09-07 11:22:28.566764
2025-09-07,54455,2025090704000877,UNHPL,Sani Securities Company Ltd.,Capital Max Securities Ltd,135,446.0,60210.0,2025-09-07 11:22:28.566856
2025-09-07,54454,2025090704000878,UNHPL,KALASH STOCK MARKET PVT. LTD.,ABC Securities Private Limited,30,445.9,13377.0,2025-09-07 11:22:28.643595
2025-09-07,54427,2025090704000884,UNHPL,Trishakti Securities Public Limited,Capital Max Securities Ltd,150,446.0,66900.0,2025-09-07 11:22:34.899671
2025-09-07,54415,2025090704000889,UNHPL,Capital Max Securities Ltd,Capital Max Securities Ltd,500,446.0,223000.0,2025-09-07 11:22:36.557968
2025-09-07,54389,2025090704000894,UNHPL,Sipla Securities Private Limited,Capital Max Securities Ltd,215,446.0,95890.0,2025-09-07 11:22:44.034050
2025-09-07,54388,2025090704000895,UNHPL,Sipla Securities Private Limited,Trishakti Securities Public Limited,10,446.0,4460.0,2025-09-07 11:22:44.034459
2025-09-07,54387,2025090704000896,UNHPL,Sipla Securities Private Limited,Siprabi Securities Pvt. Ltd.,50,446.0,22300.0,2025-09-07 11:22:44.034722
2025-09-07,54378,2025090704000899,UNHPL,SUN SECURITIES PVT LTD,Thrive Brokerage House Pvt. Ltd,250,446.8,111700.0,2025-09-07 11:22:49.195876
2025-09-07,54377,2025090704000900,UNHPL,SUN SECURITIES PVT LTD,Dipshikha Dhitopatra Karobar Co. Pvt Ltd.,50,446.9,22345.0,2025-09-07 11:22:49.195943
2025-09-07,54376,2025090704000901,UNHPL,SUN SECURITIES PVT LTD,Oxford Securities Pvt. Ltd.,200,446.9,89380.0,2025-09-07 11:22:49.195978
2025-09-07,54357,2025090704000904,UNHPL,Infinity Securities Limited,Oxford Securities Pvt. Ltd.,300,446.9,134070.0,2025-09-07 11:22:52.917028
2025-09-07,54356,2025090704000905,UNHPL,Infinity Securities Limited,Sweta Securities Private Limited,500,447.0,223500.0,2025-09-07 11:22:52.917275
2025-09-07,54355,2025090704000906,UNHPL,Infinity Securities Limited,J.F. Securites (PVT) Ltd.,1000,447.0,447000.0,2025-09-07 11:22:52.917380
2025-09-07,54354,2025090704000907,UNHPL,Infinity Securities Limited,Sani Securities Company Ltd.,52,447.0,23244.0,2025-09-07 11:22:52.917476
2025-09-07,54353,2025090704000908,UNHPL,Infinity Securities Limited,Ashutosh Brokerage & Securities (PVT) Ltd.,729,447.0,325863.0,2025-09-07 11:22:52.917562
2025-09-07,54352,2025090704000909,UNHPL,Infinity Securities Limited,Sani Securities Company Ltd.,140,447.0,62580.0,2025-09-07 11:22:52.917652
2025-09-07,54351,2025090704000910,UNHPL,Infinity Securities Limited,Imperial Securities Company Pvt. Ltd.,10,447.0,4470.0,2025-09-07 11:22:52.917742
2025-09-07,54350,2025090704000911,UNHPL,Infinity Securities Limited,Midas Stock Broking Company Private Limited,300,447.0,134100.0,2025-09-07 11:22:52.917828
2025-09-07,54349,2025090704000912,UNHPL,Infinity Securities Limited,Trishakti Securities Public Limited,200,447.0,89400.0,2025-09-07 11:22:52.917911
2025-09-07,54348,2025090704000913,UNHPL,Infinity Securities Limited,Dipshikha Dhitopatra Karobar Co. Pvt Ltd.,575,448.0,257600.0,2025-09-07 11:22:52.917994
2025-09-07,54347,2025090704000914,UNHPL,Infinity Securities Limited,Cristal Kanchanjanga Securites Pvt. Ltd.,30,448.0,13440.0,2025-09-07 11:22:52.918078
2025-09-07,54346,2025090704000915,UNHPL,Infinity Securities Limited,Imperial Securities Company Pvt. Ltd.,10,448.0,4480.0,2025-09-07 11:22:52.918167
2025-09-07,54345,2025090704000916,UNHPL,Infinity Securities Limited,Naasa Securities Co. Ltd.,200,448.0,89600.0,2025-09-07 11:22:52.918249
2025-09-07,54344,2025090704000917,UNHPL,Infinity Securities Limited,Agrawal Securities (PVT) Ltd.,1000,448.0,448000.0,2025-09-07 11:22:52.918338
2025-09-07,54343,2025090704000918,UNHPL,Infinity Securities Limited,J.F. Securites (PVT) Ltd.,50,448.0,22400.0,2025-09-07 11:22:52.918427
2025-09-07,54342,2025090704000919,UNHPL,Infinity Securities Limited,ABC Securities Private Limited,100,448.0,44800.0,2025-09-07 11:22:52.918542
2025-09-07,54341,2025090704000920,UNHPL,Infinity Securities Limited,South Asian Bulls Pvt. Ltd.,70,448.0,31360.0,2025-09-07 11:22:52.918626
2025-09-07,54340,2025090704000921,UNHPL,Infinity Securities Limited,Dynamic Money Managers Securities Pvt. Ltd.,50,448.0,22400.0,2025-09-07 11:22:52.918706
2025-09-07,54339,2025090704000922,UNHPL,Infinity Securities Limited,Nepal Stock House (PVT) Ltd.,2000,448.0,896000.0,2025-09-07 11:22:52.918786
2025-09-07,54338,2025090704000923,UNHPL,Infinity Securities Limited,Investment Management Nepal Pvt. Ltd.,2000,448.0,896000.0,2025-09-07 11:22:52.918867
2025-09-07,54337,2025090704000924,UNHPL,Infinity Securities Limited,Linch Stock Market Ltd.,200,448.0,89600.0,2025-09-07 11:22:52.918968
2025-09-07,54336,2025090704000925,UNHPL,Infinity Securities Limited,Aryatara Investment & Securities,100,448.0,44800.0,2025-09-07 11:22:52.919049
2025-09-07,54335,2025090704000926,UNHPL,Infinity Securities Limited,Premier Securities Company Ltd.,150,448.0,67200.0,2025-09-07 11:22:52.919128
2025-09-07,54332,2025090704000927,UNHPL,Infinity Securities Limited,MILKY WAY SHARE BROKER COMPANY LTD ,234,448.0,104832.0,2025-09-07 11:22:53.395285
2025-09-07,54325,2025090704000930,UNHPL,Shree Krishna Securities Ltd.,MILKY WAY SHARE BROKER COMPANY LTD ,766,447.0,342402.0,2025-09-07 11:22:55.728080
2025-09-07,54290,2025090704000944,UNHPL,South Asian Bulls Pvt. Ltd.,Thrive Brokerage House Pvt. Ltd,500,448.8,224400.0,2025-09-07 11:23:06.105444
2025-09-07,54289,2025090704000945,UNHPL,South Asian Bulls Pvt. Ltd.,Sweta Securities Private Limited,250,448.8,112200.0,2025-09-07 11:23:06.105660
2025-09-07,54288,2025090704000946,UNHPL,South Asian Bulls Pvt. Ltd.,Trishakti Securities Public Limited,25,448.8,11220.0,2025-09-07 11:23:06.105750
2025-09-07,54287,2025090704000947,UNHPL,South Asian Bulls Pvt. Ltd.,Cristal Kanchanjanga Securites Pvt. Ltd.,300,448.8,134640.0,2025-09-07 11:23:06.105846
2025-09-07,54286,2025090704000948,UNHPL,South Asian Bulls Pvt. Ltd.,Imperial Securities Company Pvt. Ltd.,630,448.8,282744.0,2025-09-07 11:23:06.105968
2025-09-07,54285,2025090704000949,UNHPL,South Asian Bulls Pvt. Ltd.,Trisul Securities & Invt. Ltd.,160,448.8,71808.0,2025-09-07 11:23:06.106091
2025-09-07,54284,2025090704000950,UNHPL,South Asian Bulls Pvt. Ltd.,Kumari Securities Private Limited,135,448.8,60588.0,2025-09-07 11:23:06.106207
2025-09-07,54235,2025090704000965,UNHPL,R.B.B. Securities Company Ltd,Kumari Securities Private Limited,15,448.8,6732.0,2025-09-07 11:23:18.873982
2025-09-07,54234,2025090704000966,UNHPL,R.B.B. Securities Company Ltd,Sani Securities Company Ltd.,985,448.8,442068.0,2025-09-07 11:23:18.874016
2025-09-07,54233,2025090704000967,UNHPL,Kohinoor Investment & Securities Pvt. Ltd.,Sani Securities Company Ltd.,15,448.8,6732.0,2025-09-07 11:23:19.237118
2025-09-07,54221,2025090704000968,UNHPL,Agrawal Securities (PVT) Ltd.,Secured Securities Ltd.,200,449.0,89800.0,2025-09-07 11:23:24.634346
2025-09-07,54220,2025090704000969,UNHPL,Agrawal Securities (PVT) Ltd.,Thrive Brokerage House Pvt. Ltd,300,449.0,134700.0,2025-09-07 11:23:24.634706
2025-09-07,54216,2025090704000970,UNHPL,Magnet Securities and Investment Company Private Limited,Thrive Brokerage House Pvt. Ltd,200,449.0,89800.0,2025-09-07 11:23:26.299197
2025-09-07,54215,2025090704000971,UNHPL,Magnet Securities and Investment Company Private Limited,Kohinoor Investment & Securities Pvt. Ltd.,500,449.0,224500.0,2025-09-07 11:23:26.299403
2025-09-07,54214,2025090704000972,UNHPL,Magnet Securities and Investment Company Private Limited,Deevyaa Securities & Stock House Pvt. Ltd,200,449.0,89800.0,2025-09-07 11:23:26.299484
2025-09-07,54213,2025090704000973,UNHPL,Magnet Securities and Investment Company Private Limited,Kalika Securities Pvt. Ltd.,100,449.0,44900.0,2025-09-07 11:23:26.299561
2025-09-07,54212,2025090704000974,UNHPL,Magnet Securities and Investment Company Private Limited,Trishakti Securities Public Limited,500,449.0,224500.0,2025-09-07 11:23:26.299637
2025-09-07,54211,2025090704000975,UNHPL,Magnet Securities and Investment Company Private Limited,Nepal Investment And Securities Trading Private Limited,200,449.0,89800.0,2025-09-07 11:23:26.299714
2025-09-07,54210,2025090704000976,UNHPL,Magnet Securities and Investment Company Private Limited,Imperial Securities Company Pvt. Ltd.,25,449.0,11225.0,2025-09-07 11:23:26.299791
2025-09-07,54209,2025090704000977,UNHPL,Magnet Securities and Investment Company Private Limited,R.B.B. Securities Company Ltd,50,449.0,22450.0,2025-09-07 11:23:26.299867
2025-09-07,54208,2025090704000978,UNHPL,Magnet Securities and Investment Company Private Limited,Naasa Securities Co. Ltd.,99,449.0,44451.0,2025-09-07 11:23:26.299950
2025-09-07,54207,2025090704000979,UNHPL,Magnet Securities and Investment Company Private Limited,Sani Securities Company Ltd.,126,449.0,56574.0,2025-09-07 11:23:26.300026
2025-09-07,54206,2025090704000980,UNHPL,Kohinoor Investment & Securities Pvt. Ltd.,Kohinoor Investment & Securities Pvt. Ltd.,415,448.9,186293.5,2025-09-07 11:23:26.758105
2025-09-07,54203,2025090704000981,UNHPL,SHUBHAKAMANA SECURITIES PVT. LTD,Sani Securities Company Ltd.,374,449.0,167926.0,2025-09-07 11:23:27.330038
2025-09-07,54202,2025090704000982,UNHPL,SHUBHAKAMANA SECURITIES PVT. LTD,J.F. Securites (PVT) Ltd.,2000,449.0,898000.0,2025-09-07 11:23:27.330220
2025-09-07,54195,2025090704000983,UNHPL,SHUBHAKAMANA SECURITIES PVT. LTD,Agrawal Securities (PVT) Ltd.,500,449.0,224500.0,2025-09-07 11:23:29.666912
2025-09-07,54181,2025090704000990,UNHPL,SHUBHAKAMANA SECURITIES PVT. LTD,Online Securities Pvt. Ltd.,100,449.0,44900.0,2025-09-07 11:23:37.037386
2025-09-07,54169,2025090704000992,UNHPL,SHUBHAKAMANA SECURITIES PVT. LTD,Nepal Stock House (PVT) Ltd.,5000,449.0,2245000.0,2025-09-07 11:23:40.032980
2025-09-07,54166,2025090704000994,UNHPL,SHUBHAKAMANA SECURITIES PVT. LTD,Trisul Securities & Invt. Ltd.,50,449.0,22450.0,2025-09-07 11:23:40.401466
2025-09-07,54164,2025090704000995,UNHPL,Capital Max Securities Ltd,Premier Securities Company Ltd.,10,449.7,4497.0,2025-09-07 11:23:42.142976
2025-09-07,54163,2025090704000996,UNHPL,Capital Max Securities Ltd,Bhrikuti Stock Broking Co. Pvt. Ltd.,100,449.8,44980.0,2025-09-07 11:23:42.143197
2025-09-07,54162,2025090704000997,UNHPL,Capital Max Securities Ltd,Dipshikha Dhitopatra Karobar Co. Pvt Ltd.,690,449.8,310362.0,2025-09-07 11:23:42.143276
2025-09-07,54161,2025090704000998,UNHPL,Capital Max Securities Ltd,Dipshikha Dhitopatra Karobar Co. Pvt Ltd.,50,449.8,22490.0,2025-09-07 11:23:42.143358
2025-09-07,54160,2025090704000999,UNHPL,Capital Max Securities Ltd,Imperial Securities Company Pvt. Ltd.,100,449.8,44980.0,2025-09-07 11:23:42.143458
2025-09-07,54159,2025090704001000,UNHPL,Capital Max Securities Ltd,Kumari Securities Private Limited,1000,449.8,449800.0,2025-09-07 11:23:42.143549
2025-09-07,54158,2025090704001001,UNHPL,Capital Max Securities Ltd,SHUBHAKAMANA SECURITIES PVT. LTD,50,449.9,22495.0,2025-09-07 11:23:42.143624
2025-09-07,54157,2025090704001002,UNHPL,Infinity Securities Limited,MILKY WAY SHARE BROKER COMPANY LTD ,500,449.8,224900.0,2025-09-07 11:23:43.444353
2025-09-07,54148,2025090704001003,UNHPL,SHUBHAKAMANA SECURITIES PVT. LTD,ABC Securities Private Limited,30,449.0,13470.0,2025-09-07 11:23:46.294948
2025-09-07,54145,2025090704001004,UNHPL,Premier Securities Company Ltd.,MILKY WAY SHARE BROKER COMPANY LTD ,500,449.7,224850.0,2025-09-07 11:23:46.875295
2025-09-07,54144,2025090704001005,UNHPL,Premier Securities Company Ltd.,SHUBHAKAMANA SECURITIES PVT. LTD,450,449.9,202455.0,2025-09-07 11:23:46.875356
2025-09-07,54143,2025090704001006,UNHPL,Premier Securities Company Ltd.,Thrive Brokerage House Pvt. Ltd,925,450.0,416250.0,2025-09-07 11:23:46.875379
2025-09-07,54142,2025090704001007,UNHPL,Premier Securities Company Ltd.,Kumari Securities Private Limited,125,450.0,56250.0,2025-09-07 11:23:46.875403
2025-09-07,54140,2025090704001008,UNHPL,Online Securities Pvt. Ltd.,Kumari Securities Private Limited,150,450.0,67500.0,2025-09-07 11:23:47.066537
2025-09-07,54120,2025090704001013,UNHPL,Premier Securities Company Ltd.,Kumari Securities Private Limited,225,450.0,101250.0,2025-09-07 11:23:54.391471
2025-09-07,54119,2025090704001014,UNHPL,Premier Securities Company Ltd.,Neev Securities Pvt. Ltd.,100,450.0,45000.0,2025-09-07 11:23:54.391543
2025-09-07,54118,2025090704001015,UNHPL,Premier Securities Company Ltd.,Capital Max Securities Ltd,500,450.0,225000.0,2025-09-07 11:23:54.391577
2025-09-07,54117,2025090704001016,UNHPL,Premier Securities Company Ltd.,J.F. Securites (PVT) Ltd.,1000,450.0,450000.0,2025-09-07 11:23:54.391609
2025-09-07,54116,2025090704001017,UNHPL,Premier Securities Company Ltd.,Sumeru Securities Pvt. Ltd.,100,450.0,45000.0,2025-09-07 11:23:54.391639
2025-09-07,54115,2025090704001018,UNHPL,Premier Securities Company Ltd.,Kumari Securities Private Limited,75,450.0,33750.0,2025-09-07 11:23:54.391669
2025-09-07,54101,2025090704001019,UNHPL,SUN SECURITIES PVT LTD,Siprabi Securities Pvt. Ltd.,20,450.0,9000.0,2025-09-07 11:23:59.303690
2025-09-07,54100,2025090704001020,UNHPL,SUN SECURITIES PVT LTD,Agrawal Securities (PVT) Ltd.,480,450.0,216000.0,2025-09-07 11:23:59.303868
2025-09-07,54099,2025090704001021,UNHPL,Kohinoor Investment & Securities Pvt. Ltd.,Agrawal Securities (PVT) Ltd.,20,450.0,9000.0,2025-09-07 11:23:59.335255
2025-09-07,54098,2025090704001022,UNHPL,Kohinoor Investment & Securities Pvt. Ltd.,Cristal Kanchanjanga Securites Pvt. Ltd.,200,450.0,90000.0,2025-09-07 11:23:59.335404
2025-09-07,54097,2025090704001023,UNHPL,Kohinoor Investment & Securities Pvt. Ltd.,Trishakti Securities Public Limited,500,450.0,225000.0,2025-09-07 11:23:59.335478
2025-09-07,54096,2025090704001024,UNHPL,Kohinoor Investment & Securities Pvt. Ltd.,SHUBHAKAMANA SECURITIES PVT. LTD,1000,450.0,450000.0,2025-09-07 11:23:59.335547
2025-09-07,54095,2025090704001025,UNHPL,Kohinoor Investment & Securities Pvt. Ltd.,Shree Krishna Securities Ltd.,410,450.0,184500.0,2025-09-07 11:23:59.335615
2025-09-07,54094,2025090704001026,UNHPL,Kohinoor Investment & Securities Pvt. Ltd.,Online Securities Pvt. Ltd.,440,450.0,198000.0,2025-09-07 11:23:59.335682
2025-09-07,54093,2025090704001027,UNHPL,Premier Securities Company Ltd.,Online Securities Pvt. Ltd.,60,450.0,27000.0,2025-09-07 11:23:59.406227
2025-09-07,54092,2025090704001028,UNHPL,Premier Securities Company Ltd.,Investment Management Nepal Pvt. Ltd.,200,450.0,90000.0,2025-09-07 11:23:59.406264
2025-09-07,54091,2025090704001029,UNHPL,Premier Securities Company Ltd.,Linch Stock Market Ltd.,100,450.0,45000.0,2025-09-07 11:23:59.406292
2025-09-07,54090,2025090704001030,UNHPL,Premier Securities Company Ltd.,Trisul Securities & Invt. Ltd.,200,450.0,90000.0,2025-09-07 11:23:59.406324
2025-09-07,54089,2025090704001031,UNHPL,Premier Securities Company Ltd.,Secured Securities Ltd.,100,450.0,45000.0,2025-09-07 11:23:59.406387
2025-09-07,54088,2025090704001032,UNHPL,Premier Securities Company Ltd.,Secured Securities Ltd.,50,450.0,22500.0,2025-09-07 11:23:59.406427
2025-09-07,54087,2025090704001033,UNHPL,Premier Securities Company Ltd.,Oxford Securities Pvt. Ltd.,500,450.0,225000.0,2025-09-07 11:23:59.406452
2025-09-07,54086,2025090704001034,UNHPL,Premier Securities Company Ltd.,Premier Securities Company Ltd.,250,450.0,112500.0,2025-09-07 11:23:59.406480
2025-09-07,54085,2025090704001035,UNHPL,Premier Securities Company Ltd.,Trishakti Securities Public Limited,10,450.0,4500.0,2025-09-07 11:23:59.406516
2025-09-07,54084,2025090704001036,UNHPL,Premier Securities Company Ltd.,Opal Securities Investment (PVT) Ltd.,200,450.0,90000.0,2025-09-07 11:23:59.406547
2025-09-07,54083,2025090704001037,UNHPL,Premier Securities Company Ltd.,Opal Securities Investment (PVT) Ltd.,330,450.3,148599.0,2025-09-07 11:23:59.406570
2025-09-07,54063,2025090704001044,UNHPL,KALASH STOCK MARKET PVT. LTD.,Trishakti Securities Public Limited,70,449.9,31493.0,2025-09-07 11:24:07.629495
2025-09-07,54056,2025090704001046,UNHPL,Premier Securities Company Ltd.,Trishakti Securities Public Limited,430,449.0,193070.0,2025-09-07 11:24:09.434117
2025-09-07,54055,2025090704001047,UNHPL,Premier Securities Company Ltd.,Naasa Securities Co. Ltd.,50,450.0,22500.0,2025-09-07 11:24:09.434216
2025-09-07,54054,2025090704001048,UNHPL,Premier Securities Company Ltd.,Opal Securities Investment (PVT) Ltd.,470,450.3,211641.0,2025-09-07 11:24:09.434291
2025-09-07,54053,2025090704001049,UNHPL,Premier Securities Company Ltd.,Secured Securities Ltd.,500,450.8,225400.0,2025-09-07 11:24:09.434391
2025-09-07,54052,2025090704001050,UNHPL,Premier Securities Company Ltd.,Primo Securities (PVT) Ltd.,100,450.8,45080.0,2025-09-07 11:24:09.434445
2025-09-07,54051,2025090704001051,UNHPL,Premier Securities Company Ltd.,Nepal Stock House (PVT) Ltd.,450,450.8,202860.0,2025-09-07 11:24:09.434506
2025-09-07,54049,2025090704001052,UNHPL,Agrawal Securities (PVT) Ltd.,SHUBHAKAMANA SECURITIES PVT. LTD,100,450.0,45000.0,2025-09-07 11:24:09.890519
2025-09-07,54046,2025090704001053,UNHPL,Agrawal Securities (PVT) Ltd.,Nepal Stock House (PVT) Ltd.,550,450.0,247500.0,2025-09-07 11:24:11.423365
2025-09-07,54042,2025090704001054,UNHPL,Shree Krishna Securities Ltd.,Nepal Stock House (PVT) Ltd.,2000,449.0,898000.0,2025-09-07 11:24:13.369448
2025-09-07,54026,2025090704001058,UNHPL,Capital Max Securities Ltd,Nepal Stock House (PVT) Ltd.,2450,449.0,1100050.0,2025-09-07 11:24:22.488110
2025-09-07,54025,2025090704001059,UNHPL,Capital Max Securities Ltd,Capital Max Securities Ltd,200,450.0,90000.0,2025-09-07 11:24:22.488174
2025-09-07,54024,2025090704001060,UNHPL,Capital Max Securities Ltd,SHUBHAKAMANA SECURITIES PVT. LTD,100,450.0,45000.0,2025-09-07 11:24:22.488194
2025-09-07,54023,2025090704001061,UNHPL,Capital Max Securities Ltd,Nepal Stock House (PVT) Ltd.,1250,450.8,563500.0,2025-09-07 11:24:22.488217
2025-09-07,53998,2025090704001067,UNHPL,SUN SECURITIES PVT LTD,Vision Securities Pvt. Ltd,100,448.5,44850.0,2025-09-07 11:24:34.353981
2025-09-07,53997,2025090704001068,UNHPL,SUN SECURITIES PVT LTD,Trishakti Securities Public Limited,402,449.9,180859.8,2025-09-07 11:24:34.354072
2025-09-07,53986,2025090704001069,UNHPL,Infinity Securities Limited,Trishakti Securities Public Limited,129,449.9,58037.1,2025-09-07 11:24:38.061622
2025-09-07,53950,2025090704001083,UNHPL,SHUBHAKAMANA SECURITIES PVT. LTD,Trishakti Securities Public Limited,969,449.9,435953.1,2025-09-07 11:24:54.952615
2025-09-07,53949,2025090704001084,UNHPL,SHUBHAKAMANA SECURITIES PVT. LTD,Online Securities Pvt. Ltd.,785,450.0,353250.0,2025-09-07 11:24:54.952705
2025-09-07,53948,2025090704001085,UNHPL,SHUBHAKAMANA SECURITIES PVT. LTD,MILKY WAY SHARE BROKER COMPANY LTD ,746,450.0,335700.0,2025-09-07 11:24:54.952732
2025-09-07,53939,2025090704001086,UNHPL,SHUBHAKAMANA SECURITIES PVT. LTD,MILKY WAY SHARE BROKER COMPANY LTD ,1500,450.0,675000.0,2025-09-07 11:24:59.963759
2025-09-07,53925,2025090704001092,UNHPL,Premier Securities Company Ltd.,Vision Securities Pvt. Ltd,90,448.5,40365.0,2025-09-07 11:25:07.058497
2025-09-07,53924,2025090704001093,UNHPL,Premier Securities Company Ltd.,Trishakti Securities Public Limited,300,449.9,134970.0,2025-09-07 11:25:07.058562
2025-09-07,53923,2025090704001094,UNHPL,Premier Securities Company Ltd.,MILKY WAY SHARE BROKER COMPANY LTD ,1610,450.0,724500.0,2025-09-07 11:25:07.058589
2025-09-07,53916,2025090704001098,UNHPL,SHUBHAKAMANA SECURITIES PVT. LTD,MILKY WAY SHARE BROKER COMPANY LTD ,1144,450.0,514800.0,2025-09-07 11:25:09.976117
2025-09-07,53915,2025090704001099,UNHPL,SHUBHAKAMANA SECURITIES PVT. LTD,Linch Stock Market Ltd.,100,450.0,45000.0,2025-09-07 11:25:09.976230
2025-09-07,53914,2025090704001100,UNHPL,SHUBHAKAMANA SECURITIES PVT. LTD,Nepal Stock House (PVT) Ltd.,1300,450.8,586040.0,2025-09-07 11:25:09.976328
2025-09-07,53913,2025090704001101,UNHPL,SHUBHAKAMANA SECURITIES PVT. LTD,Investment Management Nepal Pvt. Ltd.,456,451.0,205656.0,2025-09-07 11:25:09.976410
2025-09-07,53866,2025090704001112,UNHPL,Infinity Securities Limited,Vision Securities Pvt. Ltd,10,449.0,4490.0,2025-09-07 11:25:28.123943
2025-09-07,53865,2025090704001113,UNHPL,Infinity Securities Limited,Trishakti Securities Public Limited,100,450.0,45000.0,2025-09-07 11:25:28.124164
2025-09-07,53864,2025090704001114,UNHPL,Infinity Securities Limited,SHUBHAKAMANA SECURITIES PVT. LTD,240,450.9,108216.0,2025-09-07 11:25:28.124255
2025-09-07,53839,2025090704001118,UNHPL,R.B.B. Securities Company Ltd,Stoxkarts Securities Limited,2000,449.9,899800.0,2025-09-07 11:25:39.051960
2025-09-07,53800,2025090704001125,UNHPL,Shree Krishna Securities Ltd.,Trishakti Securities Public Limited,60,450.0,27000.0,2025-09-07 11:25:56.050656
2025-09-07,53799,2025090704001126,UNHPL,Shree Krishna Securities Ltd.,Online Securities Pvt. Ltd.,500,450.0,225000.0,2025-09-07 11:25:56.050857
2025-09-07,53798,2025090704001127,UNHPL,Shree Krishna Securities Ltd.,Cristal Kanchanjanga Securites Pvt. Ltd.,940,450.0,423000.0,2025-09-07 11:25:56.050939
2025-09-07,53794,2025090704001128,UNHPL,Capital Hub P. Ltd,Cristal Kanchanjanga Securites Pvt. Ltd.,60,450.0,27000.0,2025-09-07 11:25:57.005627
2025-09-07,53793,2025090704001129,UNHPL,Capital Hub P. Ltd,Naasa Securities Co. Ltd.,20,450.0,9000.0,2025-09-07 11:25:57.005828
2025-09-07,53789,2025090704001130,UNHPL,Capital Hub P. Ltd,Kalika Securities Pvt. Ltd.,518,450.0,233100.0,2025-09-07 11:25:57.993079
2025-09-07,53788,2025090704001131,UNHPL,Capital Hub P. Ltd,Sipla Securities Private Limited,400,450.0,180000.0,2025-09-07 11:25:59.240389
2025-09-07,53778,2025090704001132,UNHPL,Infinity Securities Limited,Imperial Securities Company Pvt. Ltd.,30,450.0,13500.0,2025-09-07 11:26:02.970892
2025-09-07,53774,2025090704001133,UNHPL,Himalayan Securities Limited,SHUBHAKAMANA SECURITIES PVT. LTD,10,450.9,4509.0,2025-09-07 11:26:03.854081
2025-09-07,53773,2025090704001134,UNHPL,Himalayan Securities Limited,Linch Stock Market Ltd.,100,450.9,45090.0,2025-09-07 11:26:03.854282
2025-09-07,53772,2025090704001135,UNHPL,Himalayan Securities Limited,Investment Management Nepal Pvt. Ltd.,890,451.0,401390.0,2025-09-07 11:26:03.854378
2025-09-07,53762,2025090704001136,UNHPL,Miyo Securities Pvt Ltd,Investment Management Nepal Pvt. Ltd.,654,451.0,294954.0,2025-09-07 11:26:06.625449
2025-09-07,53761,2025090704001137,UNHPL,Miyo Securities Pvt Ltd,Naasa Securities Co. Ltd.,300,451.0,135300.0,2025-09-07 11:26:06.625657
2025-09-07,53760,2025090704001138,UNHPL,Miyo Securities Pvt Ltd,Kohinoor Investment & Securities Pvt. Ltd.,25,451.0,11275.0,2025-09-07 11:26:06.625739
2025-09-07,53759,2025090704001139,UNHPL,Miyo Securities Pvt Ltd,Kohinoor Investment & Securities Pvt. Ltd.,21,451.0,9471.0,2025-09-07 11:26:06.625816
2025-09-07,53732,2025090704001142,UNHPL,Infinity Securities Limited,Nepal Stock House (PVT) Ltd.,50,450.0,22500.0,2025-09-07 11:26:16.546872
2025-09-07,53731,2025090704001143,UNHPL,Arun Securities (PVT) Ltd.,Nepal Stock House (PVT) Ltd.,550,449.0,246950.0,2025-09-07 11:26:16.547110
2025-09-07,53710,2025090704001145,UNHPL,Arun Securities (PVT) Ltd.,Agrawal Securities (PVT) Ltd.,450,449.0,202050.0,2025-09-07 11:26:22.903343
2025-09-07,53709,2025090704001146,UNHPL,Nagarik Stock Dealer ,Agrawal Securities (PVT) Ltd.,10,449.0,4490.0,2025-09-07 11:26:22.903759
2025-09-07,53636,2025090704001155,UNHPL,Nagarik Stock Dealer ,Trishakti Securities Public Limited,10,447.0,4470.0,2025-09-07 11:26:43.060469
2025-09-07,53581,2025090704001175,UNHPL,Miyo Securities Pvt Ltd,South Asian Bulls Pvt. Ltd.,100,448.0,44800.0,2025-09-07 11:26:59.195533
2025-09-07,53580,2025090704001176,UNHPL,SHUBHAKAMANA SECURITIES PVT. LTD,South Asian Bulls Pvt. Ltd.,19,447.1,8494.9,2025-09-07 11:26:59.195764
2025-09-07,53575,2025090704001177,UNHPL,Shree Krishna Securities Ltd.,Dakshinkali Investment & Securities Pvt. Ltd.,120,448.9,53868.0,2025-09-07 11:27:01.144243
2025-09-07,53574,2025090704001178,UNHPL,Shree Krishna Securities Ltd.,Agrawal Securities (PVT) Ltd.,80,449.0,35920.0,2025-09-07 11:27:01.144390
2025-09-07,53470,2025090704001197,UNHPL,pahiinvestment,Agrawal Securities (PVT) Ltd.,60,449.0,26940.0,2025-09-07 11:27:25.729260
2025-09-07,53449,2025090704001200,UNHPL,Miyo Securities Pvt Ltd,Ashutosh Brokerage & Securities (PVT) Ltd.,100,448.0,44800.0,2025-09-07 11:27:31.882971
2025-09-07,53448,2025090704001201,UNHPL,Agrawal Securities (PVT) Ltd.,Ashutosh Brokerage & Securities (PVT) Ltd.,200,447.2,89440.0,2025-09-07 11:27:31.883029
2025-09-07,53447,2025090704001202,UNHPL,Nagarik Stock Dealer ,Ashutosh Brokerage & Securities (PVT) Ltd.,10,447.0,4470.0,2025-09-07 11:27:31.883053
2025-09-07,53446,2025090704001203,UNHPL,Kohinoor Investment & Securities Pvt. Ltd.,Ashutosh Brokerage & Securities (PVT) Ltd.,590,447.0,263730.0,2025-09-07 11:27:31.883100
2025-09-07,53411,2025090704001208,UNHPL,Kohinoor Investment & Securities Pvt. Ltd.,Deevyaa Securities & Stock House Pvt. Ltd,500,447.0,223500.0,2025-09-07 11:27:41.235777
2025-09-07,53357,2025090704001220,UNHPL,Vision Securities Pvt. Ltd,Shree Krishna Securities Ltd.,100,448.9,44890.0,2025-09-07 11:27:52.016375
2025-09-07,53344,2025090704001222,UNHPL,Kohinoor Investment & Securities Pvt. Ltd.,Imperial Securities Company Pvt. Ltd.,200,447.0,89400.0,2025-09-07 11:27:58.685660
2025-09-07,53272,2025090704001236,UNHPL,Miyo Securities Pvt Ltd,Naasa Securities Co. Ltd.,100,447.1,44710.0,2025-09-07 11:28:24.312036
2025-09-07,53271,2025090704001237,UNHPL,SHUBHAKAMANA SECURITIES PVT. LTD,Naasa Securities Co. Ltd.,100,447.1,44710.0,2025-09-07 11:28:24.312102
2025-09-07,53231,2025090704001243,UNHPL,Shree Krishna Securities Ltd.,Opal Securities Investment (PVT) Ltd.,50,448.0,22400.0,2025-09-07 11:28:33.895390
2025-09-07,53230,2025090704001244,UNHPL,Shree Krishna Securities Ltd.,Vision Securities Pvt. Ltd,100,448.0,44800.0,2025-09-07 11:28:33.895509
2025-09-07,53229,2025090704001245,UNHPL,Shree Krishna Securities Ltd.,Aryatara Investment & Securities,170,448.0,76160.0,2025-09-07 11:28:33.895533
2025-09-07,53228,2025090704001246,UNHPL,Shree Krishna Securities Ltd.,Capital Max Securities Ltd,100,448.0,44800.0,2025-09-07 11:28:33.895554
2025-09-07,53227,2025090704001247,UNHPL,Shree Krishna Securities Ltd.,Shree Krishna Securities Ltd.,400,448.9,179560.0,2025-09-07 11:28:33.895575
2025-09-07,53226,2025090704001248,UNHPL,Shree Krishna Securities Ltd.,Agrawal Securities (PVT) Ltd.,180,449.0,80820.0,2025-09-07 11:28:33.895599
2025-09-07,53204,2025090704001253,UNHPL,SHUBHAKAMANA SECURITIES PVT. LTD,Imperial Securities Company Pvt. Ltd.,17,447.1,7600.7,2025-09-07 11:28:43.865874
2025-09-07,53162,2025090704001275,UNHPL,Sri Hari Securities Pvt. Ltd.,Agrawal Securities (PVT) Ltd.,220,449.0,98780.0,2025-09-07 11:28:54.396928
2025-09-07,53161,2025090704001276,UNHPL,Sri Hari Securities Pvt. Ltd.,Capital Max Securities Ltd,1000,449.0,449000.0,2025-09-07 11:28:54.397478
2025-09-07,53160,2025090704001277,UNHPL,Sri Hari Securities Pvt. Ltd.,Oxford Securities Pvt. Ltd.,500,449.0,224500.0,2025-09-07 11:28:54.397876
2025-09-07,53159,2025090704001278,UNHPL,Sri Hari Securities Pvt. Ltd.,Kohinoor Investment & Securities Pvt. Ltd.,200,449.9,89980.0,2025-09-07 11:28:54.398307
2025-09-07,53114,2025090704001283,UNHPL,Infinity Securities Limited,Infinity Securities Limited,1000,450.0,450000.0,2025-09-07 11:29:08.433547
2025-09-07,53113,2025090704001284,UNHPL,Infinity Securities Limited,Capital Max Securities Ltd,200,450.0,90000.0,2025-09-07 11:29:08.433788
2025-09-07,53112,2025090704001285,UNHPL,Infinity Securities Limited,Imperial Securities Company Pvt. Ltd.,20,450.0,9000.0,2025-09-07 11:29:08.433913
2025-09-07,53111,2025090704001286,UNHPL,Infinity Securities Limited,Naasa Securities Co. Ltd.,20,450.0,9000.0,2025-09-07 11:29:08.434008
2025-09-07,53110,2025090704001287,UNHPL,Infinity Securities Limited,Sani Securities Company Ltd.,100,450.0,45000.0,2025-09-07 11:29:08.434100
2025-09-07,53109,2025090704001288,UNHPL,Infinity Securities Limited,Naasa Securities Co. Ltd.,80,450.0,36000.0,2025-09-07 11:29:08.434192
2025-09-07,53108,2025090704001289,UNHPL,Infinity Securities Limited,Nagarik Stock Dealer ,859,450.0,386550.0,2025-09-07 11:29:08.434290
2025-09-07,53107,2025090704001290,UNHPL,Infinity Securities Limited,Sewa Securities Pvt. Ltd.,250,450.0,112500.0,2025-09-07 11:29:08.434392
2025-09-07,53106,2025090704001291,UNHPL,Infinity Securities Limited,Trishakti Securities Public Limited,100,450.0,45000.0,2025-09-07 11:29:08.434596
2025-09-07,53105,2025090704001292,UNHPL,Infinity Securities Limited,Kohinoor Investment & Securities Pvt. Ltd.,500,450.0,225000.0,2025-09-07 11:29:08.434716
2025-09-07,53104,2025090704001293,UNHPL,Infinity Securities Limited,Capital Max Securities Ltd,200,450.0,90000.0,2025-09-07 11:29:08.434855
2025-09-07,53103,2025090704001294,UNHPL,Infinity Securities Limited,Linch Stock Market Ltd.,20,450.0,9000.0,2025-09-07 11:29:08.434973
2025-09-07,53102,2025090704001295,UNHPL,Infinity Securities Limited,Aryatara Investment & Securities,24,450.0,10800.0,2025-09-07 11:29:08.435064
2025-09-07,53091,2025090704001298,UNHPL,Infinity Securities Limited,Online Securities Pvt. Ltd.,700,450.0,315000.0,2025-09-07 11:29:11.748984
2025-09-07,53082,2025090704001299,UNHPL,Infinity Securities Limited,BHOLE GANESH SECURITIES LTD,927,450.0,417150.0,2025-09-07 11:29:15.380019
2025-09-07,53081,2025090704001300,UNHPL,Sri Hari Securities Pvt. Ltd.,BHOLE GANESH SECURITIES LTD,73,449.9,32842.7,2025-09-07 11:29:15.380219
2025-09-07,53036,2025090704001311,UNHPL,Infinity Securities Limited,ABC Securities Private Limited,783,450.0,352350.0,2025-09-07 11:29:29.685821
2025-09-07,53024,2025090704001315,UNHPL,Infinity Securities Limited,BHOLE GANESH SECURITIES LTD,1217,450.0,547650.0,2025-09-07 11:29:35.409662
2025-09-07,53003,2025090704001321,UNHPL,Infinity Securities Limited,BHOLE GANESH SECURITIES LTD,783,450.0,352350.0,2025-09-07 11:29:43.490113
2025-09-07,52983,2025090704001326,UNHPL,Infinity Securities Limited,Naasa Securities Co. Ltd.,500,450.0,225000.0,2025-09-07 11:29:49.120448
2025-09-07,52972,2025090704001334,UNHPL,Infinity Securities Limited,Nepal Stock House (PVT) Ltd.,200,450.0,90000.0,2025-09-07 11:29:51.523007
2025-09-07,52931,2025090704001339,UNHPL,Infinity Securities Limited,Sani Securities Company Ltd.,100,450.0,45000.0,2025-09-07 11:30:06.318050
2025-09-07,52925,2025090704001342,UNHPL,Infinity Securities Limited,Secured Securities Ltd.,417,450.0,187650.0,2025-09-07 11:30:09.547141
2025-09-07,52924,2025090704001343,UNHPL,Infinity Securities Limited,Secured Securities Ltd.,83,450.0,37350.0,2025-09-07 11:30:09.547394
2025-09-07,52908,2025090704001346,UNHPL,Infinity Securities Limited,Dakshinkali Investment & Securities Pvt. Ltd.,257,450.0,115650.0,2025-09-07 11:30:16.187551
2025-09-07,52903,2025090704001349,UNHPL,SHUBHAKAMANA SECURITIES PVT. LTD,Trisul Securities & Invt. Ltd.,1000,450.9,450900.0,2025-09-07 11:30:17.828207
2025-09-07,52902,2025090704001350,UNHPL,SHUBHAKAMANA SECURITIES PVT. LTD,Kohinoor Investment & Securities Pvt. Ltd.,479,451.0,216029.0,2025-09-07 11:30:17.828297
2025-09-07,52901,2025090704001351,UNHPL,SHUBHAKAMANA SECURITIES PVT. LTD,Aryatara Investment & Securities,200,451.0,90200.0,2025-09-07 11:30:17.828334
2025-09-07,52900,2025090704001352,UNHPL,SHUBHAKAMANA SECURITIES PVT. LTD,Sumeru Securities Pvt. Ltd.,2000,451.0,902000.0,2025-09-07 11:30:17.828357
2025-09-07,52899,2025090704001353,UNHPL,SHUBHAKAMANA SECURITIES PVT. LTD,Trishakti Securities Public Limited,10,451.0,4510.0,2025-09-07 11:30:17.828379
2025-09-07,52898,2025090704001354,UNHPL,SHUBHAKAMANA SECURITIES PVT. LTD,Sundhara Securities Limited,50,451.0,22550.0,2025-09-07 11:30:17.828401
2025-09-07,52897,2025090704001355,UNHPL,SHUBHAKAMANA SECURITIES PVT. LTD,Nepal Investment And Securities Trading Private Limited,200,451.8,90360.0,2025-09-07 11:30:17.828428
2025-09-07,52896,2025090704001356,UNHPL,SHUBHAKAMANA SECURITIES PVT. LTD,Nepal Investment And Securities Trading Private Limited,20,451.8,9036.0,2025-09-07 11:30:17.828455
2025-09-07,52895,2025090704001357,UNHPL,SHUBHAKAMANA SECURITIES PVT. LTD,Aryatara Investment & Securities,20,451.8,9036.0,2025-09-07 11:30:17.828482
2025-09-07,52894,2025090704001358,UNHPL,SHUBHAKAMANA SECURITIES PVT. LTD,Shree Krishna Securities Ltd.,21,451.8,9487.8,2025-09-07 11:30:17.828505
2025-09-07,52892,2025090704001359,UNHPL,Infinity Securities Limited,Investment Management Nepal Pvt. Ltd.,292,450.0,131400.0,2025-09-07 11:30:18.966620
2025-09-07,52841,2025090704001371,UNHPL,Infinity Securities Limited,Trademow Securities Private Limited,368,450.0,165600.0,2025-09-07 11:30:29.975763
2025-09-07,52840,2025090704001372,UNHPL,SUN SECURITIES PVT LTD,Trademow Securities Private Limited,67,450.0,30150.0,2025-09-07 11:30:29.976283
2025-09-07,52825,2025090704001375,UNHPL,SUN SECURITIES PVT LTD,Himalayan Securities Limited,10,450.0,4500.0,2025-09-07 11:30:34.175645
2025-09-07,52817,2025090704001379,UNHPL,SUN SECURITIES PVT LTD,Online Securities Pvt. Ltd.,100,450.0,45000.0,2025-09-07 11:30:37.098415
2025-09-07,52761,2025090704001410,UNHPL,Sri Hari Securities Pvt. Ltd.,Property Wiard Limited,500,451.0,225500.0,2025-09-07 11:30:49.942025
2025-09-07,52760,2025090704001411,UNHPL,Sri Hari Securities Pvt. Ltd.,Sundhara Securities Limited,25,451.0,11275.0,2025-09-07 11:30:49.942157
2025-09-07,52759,2025090704001412,UNHPL,Sri Hari Securities Pvt. Ltd.,Nagarik Stock Dealer ,1000,451.5,451500.0,2025-09-07 11:30:49.942248
2025-09-07,52758,2025090704001413,UNHPL,Sri Hari Securities Pvt. Ltd.,Himalayan Securities Limited,10,451.7,4517.0,2025-09-07 11:30:49.942276
2025-09-07,52757,2025090704001414,UNHPL,Sri Hari Securities Pvt. Ltd.,Shree Krishna Securities Ltd.,79,451.8,35692.2,2025-09-07 11:30:49.942301
2025-09-07,52756,2025090704001415,UNHPL,Sri Hari Securities Pvt. Ltd.,ABC Securities Private Limited,386,451.8,174394.8,2025-09-07 11:30:49.942338
2025-09-07,52750,2025090704001416,UNHPL,SUN SECURITIES PVT LTD,Imperial Securities Company Pvt. Ltd.,20,450.0,9000.0,2025-09-07 11:30:52.132699
2025-09-07,52711,2025090704001432,UNHPL,SUN SECURITIES PVT LTD,ABC Securities Private Limited,100,450.0,45000.0,2025-09-07 11:31:02.847905
2025-09-07,52703,2025090704001435,UNHPL,SUN SECURITIES PVT LTD,Neev Securities Pvt. Ltd.,70,450.0,31500.0,2025-09-07 11:31:04.688530
2025-09-07,52702,2025090704001436,UNHPL,SUN SECURITIES PVT LTD,Online Securities Pvt. Ltd.,133,450.0,59850.0,2025-09-07 11:31:04.716682
2025-09-07,52701,2025090704001437,UNHPL,Opal Securities Investment (PVT) Ltd.,Online Securities Pvt. Ltd.,200,450.0,90000.0,2025-09-07 11:31:04.716855
2025-09-07,52673,2025090704001443,UNHPL,BHOLE GANESH SECURITIES LTD,Online Securities Pvt. Ltd.,215,450.0,96750.0,2025-09-07 11:31:10.561183
2025-09-07,52627,2025090704001456,UNHPL,Sri Hari Securities Pvt. Ltd.,Online Securities Pvt. Ltd.,352,450.0,158400.0,2025-09-07 11:31:25.147623
2025-09-07,52626,2025090704001457,UNHPL,Sri Hari Securities Pvt. Ltd.,Sewa Securities Pvt. Ltd.,25,450.0,11250.0,2025-09-07 11:31:25.147859
2025-09-07,52625,2025090704001458,UNHPL,Sri Hari Securities Pvt. Ltd.,Thrive Brokerage House Pvt. Ltd,1050,450.0,472500.0,2025-09-07 11:31:25.147973
2025-09-07,52576,2025090704001475,UNHPL,Sri Hari Securities Pvt. Ltd.,Naasa Securities Co. Ltd.,10,450.0,4500.0,2025-09-07 11:31:43.495096
2025-09-07,52572,2025090704001476,UNHPL,Imperial Securities Company Pvt. Ltd.,Imperial Securities Company Pvt. Ltd.,20,451.0,9020.0,2025-09-07 11:31:45.169843
2025-09-07,52571,2025090704001477,UNHPL,Imperial Securities Company Pvt. Ltd.,Citizens Share Broker Limited,30,451.0,13530.0,2025-09-07 11:31:45.170120
2025-09-07,52570,2025090704001478,UNHPL,Imperial Securities Company Pvt. Ltd.,Capital Max Securities Ltd,200,451.0,90200.0,2025-09-07 11:31:45.170235
2025-09-07,52443,2025090704001510,UNHPL,SHUBHAKAMANA SECURITIES PVT. LTD,Miyo Securities Pvt Ltd,60,451.0,27060.0,2025-09-07 11:32:20.715549
2025-09-07,52442,2025090704001511,UNHPL,SHUBHAKAMANA SECURITIES PVT. LTD,Himalayan Securities Limited,10,451.7,4517.0,2025-09-07 11:32:20.715646
2025-09-07,52441,2025090704001512,UNHPL,SHUBHAKAMANA SECURITIES PVT. LTD,Premier Securities Company Ltd.,97,451.7,43814.9,2025-09-07 11:32:20.715668
2025-09-07,52440,2025090704001513,UNHPL,SHUBHAKAMANA SECURITIES PVT. LTD,Trishakti Securities Public Limited,35,451.7,15809.5,2025-09-07 11:32:20.715690
2025-09-07,52439,2025090704001514,UNHPL,SHUBHAKAMANA SECURITIES PVT. LTD,ABC Securities Private Limited,614,451.8,277405.2,2025-09-07 11:32:20.715710
2025-09-07,52438,2025090704001515,UNHPL,SHUBHAKAMANA SECURITIES PVT. LTD,Secured Securities Ltd.,500,451.8,225900.0,2025-09-07 11:32:20.715732
2025-09-07,52437,2025090704001516,UNHPL,SHUBHAKAMANA SECURITIES PVT. LTD,Opal Securities Investment (PVT) Ltd.,200,451.8,90360.0,2025-09-07 11:32:20.715753
2025-09-07,52436,2025090704001517,UNHPL,SHUBHAKAMANA SECURITIES PVT. LTD,Miyo Securities Pvt Ltd,60,451.9,27114.0,2025-09-07 11:32:20.715774
2025-09-07,52435,2025090704001518,UNHPL,SHUBHAKAMANA SECURITIES PVT. LTD,Sundhara Securities Limited,300,452.0,135600.0,2025-09-07 11:32:20.715795
2025-09-07,52434,2025090704001519,UNHPL,SHUBHAKAMANA SECURITIES PVT. LTD,Nepal Investment And Securities Trading Private Limited,200,452.0,90400.0,2025-09-07 11:32:20.715817
2025-09-07,52433,2025090704001520,UNHPL,SHUBHAKAMANA SECURITIES PVT. LTD,Sri Hari Securities Pvt. Ltd.,200,452.0,90400.0,2025-09-07 11:32:20.715838
2025-09-07,52432,2025090704001521,UNHPL,SHUBHAKAMANA SECURITIES PVT. LTD,Nepal Investment And Securities Trading Private Limited,181,452.0,81812.0,2025-09-07 11:32:20.715860
2025-09-07,52431,2025090704001522,UNHPL,SHUBHAKAMANA SECURITIES PVT. LTD,Naasa Securities Co. Ltd.,43,452.0,19436.0,2025-09-07 11:32:20.715880
2025-09-07,52376,2025090704001534,UNHPL,Kohinoor Investment & Securities Pvt. Ltd.,Naasa Securities Co. Ltd.,210,452.0,94920.0,2025-09-07 11:32:40.508791
2025-09-07,52374,2025090704001536,UNHPL,Miyo Securities Pvt Ltd,Prabhu Stock Market Limited,100,450.1,45010.0,2025-09-07 11:32:42.095702
2025-09-07,52373,2025090704001537,UNHPL,Opal Securities Investment (PVT) Ltd.,Prabhu Stock Market Limited,250,450.1,112525.0,2025-09-07 11:32:42.096164
2025-09-07,52349,2025090704001541,UNHPL,SHUBHAKAMANA SECURITIES PVT. LTD,Naasa Securities Co. Ltd.,70,452.0,31640.0,2025-09-07 11:32:50.744471
2025-09-07,52323,2025090704001548,UNHPL,Shree Krishna Securities Ltd.,South Asian Bulls Pvt. Ltd.,30,451.0,13530.0,2025-09-07 11:33:02.040550
2025-09-07,52322,2025090704001549,UNHPL,Shree Krishna Securities Ltd.,Naasa Securities Co. Ltd.,507,452.0,229164.0,2025-09-07 11:33:02.040603
2025-09-07,52321,2025090704001550,UNHPL,Shree Krishna Securities Ltd.,Trishakti Securities Public Limited,10,452.0,4520.0,2025-09-07 11:33:02.040629
2025-09-07,52320,2025090704001551,UNHPL,Shree Krishna Securities Ltd.,Oxford Securities Pvt. Ltd.,100,452.0,45200.0,2025-09-07 11:33:02.040660
2025-09-07,52319,2025090704001552,UNHPL,Shree Krishna Securities Ltd.,Kohinoor Investment & Securities Pvt. Ltd.,25,452.0,11300.0,2025-09-07 11:33:02.040677
2025-09-07,52318,2025090704001553,UNHPL,Shree Krishna Securities Ltd.,Dakshinkali Investment & Securities Pvt. Ltd.,150,452.0,67800.0,2025-09-07 11:33:02.040695
2025-09-07,52317,2025090704001554,UNHPL,Shree Krishna Securities Ltd.,Trisul Securities & Invt. Ltd.,100,452.0,45200.0,2025-09-07 11:33:02.040716
2025-09-07,52316,2025090704001555,UNHPL,Shree Krishna Securities Ltd.,J.F. Securites (PVT) Ltd.,50,452.0,22600.0,2025-09-07 11:33:02.040736
2025-09-07,52315,2025090704001556,UNHPL,Shree Krishna Securities Ltd.,Imperial Securities Company Pvt. Ltd.,10,452.0,4520.0,2025-09-07 11:33:02.040757
2025-09-07,52314,2025090704001557,UNHPL,Shree Krishna Securities Ltd.,Asian Securities Private Ltd.,318,452.0,143736.0,2025-09-07 11:33:02.040777
2025-09-07,52313,2025090704001558,UNHPL,Shree Krishna Securities Ltd.,Online Securities Pvt. Ltd.,475,452.0,214700.0,2025-09-07 11:33:02.040798
2025-09-07,52312,2025090704001559,UNHPL,Shree Krishna Securities Ltd.,Himalayan Securities Limited,10,452.0,4520.0,2025-09-07 11:33:02.040817
2025-09-07,52311,2025090704001560,UNHPL,Shree Krishna Securities Ltd.,Capital Max Securities Ltd,100,452.0,45200.0,2025-09-07 11:33:02.040837
2025-09-07,52310,2025090704001561,UNHPL,Shree Krishna Securities Ltd.,J.F. Securites (PVT) Ltd.,115,453.0,52095.0,2025-09-07 11:33:02.040878
2025-09-07,52220,2025090704001583,UNHPL,Shree Krishna Securities Ltd.,J.F. Securites (PVT) Ltd.,385,453.0,174405.0,2025-09-07 11:33:27.085080
2025-09-07,52219,2025090704001584,UNHPL,Shree Krishna Securities Ltd.,Imperial Securities Company Pvt. Ltd.,615,453.0,278595.0,2025-09-07 11:33:27.085333
2025-09-07,52162,2025090704001592,UNHPL,Malla & Malla Stock Broking Company Pvt. Limited,Agrawal Securities (PVT) Ltd.,20,451.0,9020.0,2025-09-07 11:33:49.575664
2025-09-07,52149,2025090704001595,UNHPL,Thrive Brokerage House Pvt. Ltd,Imperial Securities Company Pvt. Ltd.,50,453.0,22650.0,2025-09-07 11:33:53.122385
2025-09-07,52082,2025090704001612,UNHPL,Malla & Malla Stock Broking Company Pvt. Limited,Vision Securities Pvt. Ltd,50,451.0,22550.0,2025-09-07 11:34:05.670756
2025-09-07,52076,2025090704001613,UNHPL,Malla & Malla Stock Broking Company Pvt. Limited,Trisul Securities & Invt. Ltd.,30,451.0,13530.0,2025-09-07 11:34:09.130066
2025-09-07,52075,2025090704001614,UNHPL,Capital Max Securities Ltd,Trisul Securities & Invt. Ltd.,20,451.0,9020.0,2025-09-07 11:34:09.130297
2025-09-07,52038,2025090704001629,UNHPL,Capital Max Securities Ltd,Linch Stock Market Ltd.,50,451.0,22550.0,2025-09-07 11:34:13.642806
2025-09-07,51958,2025090704001645,UNHPL,Capital Max Securities Ltd,Sani Securities Company Ltd.,30,451.0,13530.0,2025-09-07 11:34:40.527792
2025-09-07,51957,2025090704001646,UNHPL,Sani Securities Company Ltd.,Sani Securities Company Ltd.,140,451.0,63140.0,2025-09-07 11:34:40.528301
2025-09-07,51943,2025090704001649,UNHPL,Sani Securities Company Ltd.,Capital Max Securities Ltd,360,451.0,162360.0,2025-09-07 11:34:45.001651
2025-09-07,51942,2025090704001650,UNHPL,Trishakti Securities Public Limited,Capital Max Securities Ltd,200,450.3,90060.0,2025-09-07 11:34:45.001961
2025-09-07,51941,2025090704001651,UNHPL,Opal Securities Investment (PVT) Ltd.,Capital Max Securities Ltd,50,450.1,22505.0,2025-09-07 11:34:45.002095
2025-09-07,51940,2025090704001652,UNHPL,Sri Hari Securities Pvt. Ltd.,Capital Max Securities Ltd,3390,450.0,1525500.0,2025-09-07 11:34:45.002219
2025-09-07,51897,2025090704001659,UNHPL,Sri Hari Securities Pvt. Ltd.,Naasa Securities Co. Ltd.,265,450.0,119250.0,2025-09-07 11:35:05.191566
2025-09-07,51869,2025090704001665,UNHPL,Sri Hari Securities Pvt. Ltd.,Capital Max Securities Ltd,308,450.0,138600.0,2025-09-07 11:35:11.113139
2025-09-07,51868,2025090704001666,UNHPL,Sri Hari Securities Pvt. Ltd.,Capital Max Securities Ltd,1692,450.0,761400.0,2025-09-07 11:35:11.113436
2025-09-07,51824,2025090704001673,UNHPL,Sri Hari Securities Pvt. Ltd.,Swarna Laxmi Securities Pvt. Ltd.,450,450.0,202500.0,2025-09-07 11:35:28.718431
2025-09-07,51823,2025090704001674,UNHPL,Sri Hari Securities Pvt. Ltd.,Imperial Securities Company Pvt. Ltd.,150,450.0,67500.0,2025-09-07 11:35:28.833438
2025-09-07,51811,2025090704001675,UNHPL,Sri Hari Securities Pvt. Ltd.,Siprabi Securities Pvt. Ltd.,900,450.0,405000.0,2025-09-07 11:35:32.436663
2025-09-07,51808,2025090704001676,UNHPL,Nagarik Stock Dealer ,Imperial Securities Company Pvt. Ltd.,10,451.0,4510.0,2025-09-07 11:35:33.310410
2025-09-07,51807,2025090704001677,UNHPL,Nagarik Stock Dealer ,Trishakti Securities Public Limited,500,451.0,225500.0,2025-09-07 11:35:33.310763
2025-09-07,51806,2025090704001678,UNHPL,Nagarik Stock Dealer ,Nepal Investment And Securities Trading Private Limited,150,451.0,67650.0,2025-09-07 11:35:33.310892
2025-09-07,51805,2025090704001679,UNHPL,Nagarik Stock Dealer ,Kohinoor Investment & Securities Pvt. Ltd.,100,451.0,45100.0,2025-09-07 11:35:33.311015
2025-09-07,51804,2025090704001680,UNHPL,Nagarik Stock Dealer ,Dakshinkali Investment & Securities Pvt. Ltd.,130,452.0,58760.0,2025-09-07 11:35:33.311137
2025-09-07,51803,2025090704001681,UNHPL,Nagarik Stock Dealer ,Miyo Securities Pvt Ltd,50,452.0,22600.0,2025-09-07 11:35:33.311263
2025-09-07,51802,2025090704001682,UNHPL,Nagarik Stock Dealer ,Siprabi Securities Pvt. Ltd.,300,452.9,135870.0,2025-09-07 11:35:33.311419
2025-09-07,51801,2025090704001683,UNHPL,Nagarik Stock Dealer ,Imperial Securities Company Pvt. Ltd.,85,453.0,38505.0,2025-09-07 11:35:33.311538
2025-09-07,51800,2025090704001684,UNHPL,Nagarik Stock Dealer ,Kohinoor Investment & Securities Pvt. Ltd.,50,453.0,22650.0,2025-09-07 11:35:33.311661
2025-09-07,51799,2025090704001685,UNHPL,Nagarik Stock Dealer ,Trishakti Securities Public Limited,10,453.0,4530.0,2025-09-07 11:35:33.311781
2025-09-07,51798,2025090704001686,UNHPL,Nagarik Stock Dealer ,Himalayan Securities Limited,10,453.0,4530.0,2025-09-07 11:35:33.311908
2025-09-07,51797,2025090704001687,UNHPL,Nagarik Stock Dealer ,Asian Securities Private Ltd.,500,453.0,226500.0,2025-09-07 11:35:33.312035
2025-09-07,51796,2025090704001688,UNHPL,Nagarik Stock Dealer ,Sani Securities Company Ltd.,100,453.0,45300.0,2025-09-07 11:35:33.312156
2025-09-07,51795,2025090704001689,UNHPL,Nagarik Stock Dealer ,Nepal Stock House (PVT) Ltd.,1000,453.0,453000.0,2025-09-07 11:35:33.312270
2025-09-07,51792,2025090704001690,UNHPL,Linch Stock Market Ltd.,Primo Securities (PVT) Ltd.,50,451.0,22550.0,2025-09-07 11:35:33.879232
2025-09-07,51791,2025090704001691,UNHPL,Linch Stock Market Ltd.,Asian Securities Private Ltd.,401,451.0,180851.0,2025-09-07 11:35:34.202916
