contract_id,symbol,buyer_member_id,seller_member_id,volume,price,amount,buyer_broker,seller_broker,transaction_time
2026042204000064,API,39,1,21,340.0,7140.0,Sumeru Securities Pvt. Ltd.,Kumari Securities Private Limited,2026-04-22 11:01:28.989230
2026042204000065,API,39,74,20,340.0,6800.0,Sumeru Securities Pvt. Ltd.,KALASH STOCK MARKET PVT. LTD.,2026-04-22 11:01:28.989300
2026042204000066,API,39,58,159,340.0,54060.0,Sumeru Securities Pvt. Ltd.,Naasa Securities Co. Ltd.,2026-04-22 11:01:28.989334
2026042204000093,API,57,34,200,336.1,67220.0,Aryatara Investment & Securities,Vision Securities Pvt. Ltd,2026-04-22 11:02:18.683996
2026042204000094,API,17,34,4800,336.0,1612800.0,ABC Securities Private Limited,Vision Securities Pvt. Ltd,2026-04-22 11:02:18.684079
2026042204000133,API,38,66,1000,336.1,336100.0,Dipshikha Dhitopatra Karobar Co. Pvt Ltd.,Miyo Securities Pvt Ltd,2026-04-22 11:03:18.443776
2026042204000134,API,17,66,1500,336.0,504000.0,ABC Securities Private Limited,Miyo Securities Pvt Ltd,2026-04-22 11:03:18.443976
2026042204000136,API,17,42,393,336.0,132048.0,ABC Securities Private Limited,Sani Securities Company Ltd.,2026-04-22 11:03:25.059826
2026042204000205,API,94,46,212,336.1,71253.2,K.B.L. Securities Limited ,Kalika Securities Pvt. Ltd.,2026-04-22 11:04:15.770621
2026042204000219,API,20,65,500,336.2,168100.0,Sipla Securities Private Limited,Sharepro Securities Private Limited,2026-04-22 11:04:33.271545
2026042204000257,API,20,58,500,336.2,168100.0,Sipla Securities Private Limited,Naasa Securities Co. Ltd.,2026-04-22 11:04:59.412755
2026042204000258,API,94,58,288,336.1,96796.8,K.B.L. Securities Limited ,Naasa Securities Co. Ltd.,2026-04-22 11:04:59.412927
2026042204000259,API,17,58,610,336.0,204960.0,ABC Securities Private Limited,Naasa Securities Co. Ltd.,2026-04-22 11:04:59.413094
2026042204000271,API,42,45,10,335.0,3350.0,Sani Securities Company Ltd.,Imperial Securities Company Pvt. Ltd.,2026-04-22 11:05:11.059573
2026042204000272,API,10,45,20,335.0,6700.0,Pragyan Securities (PVT) Ltd.,Imperial Securities Company Pvt. Ltd.,2026-04-22 11:05:11.059614
2026042204000273,API,58,45,145,335.0,48575.0,Naasa Securities Co. Ltd.,Imperial Securities Company Pvt. Ltd.,2026-04-22 11:05:11.059642
2026042204000274,API,42,45,10,334.0,3340.0,Sani Securities Company Ltd.,Imperial Securities Company Pvt. Ltd.,2026-04-22 11:05:11.059670
2026042204000275,API,42,45,10,333.0,3330.0,Sani Securities Company Ltd.,Imperial Securities Company Pvt. Ltd.,2026-04-22 11:05:11.059695
2026042204000380,API,38,65,500,332.1,166050.0,Dipshikha Dhitopatra Karobar Co. Pvt Ltd.,Sharepro Securities Private Limited,2026-04-22 11:06:00.123076
2026042204000391,API,44,58,20,336.0,6720.0,Dynamic Money Managers Securities Pvt. Ltd.,Naasa Securities Co. Ltd.,2026-04-22 11:06:08.277037
2026042204000408,API,45,34,437,333.0,145521.0,Imperial Securities Company Pvt. Ltd.,Vision Securities Pvt. Ltd,2026-04-22 11:06:17.620959
2026042204000442,API,62,58,50,333.1,16655.0,Capital Max Securities Ltd,Naasa Securities Co. Ltd.,2026-04-22 11:06:36.354094
2026042204000443,API,45,58,563,333.0,187479.0,Imperial Securities Company Pvt. Ltd.,Naasa Securities Co. Ltd.,2026-04-22 11:06:36.354178
2026042204000444,API,45,58,228,333.0,75924.0,Imperial Securities Company Pvt. Ltd.,Naasa Securities Co. Ltd.,2026-04-22 11:06:36.354219
2026042204000458,API,39,48,200,335.0,67000.0,Sumeru Securities Pvt. Ltd.,Trishakti Securities Public Limited,2026-04-22 11:06:44.145435
2026042204000497,API,3,17,200,335.0,67000.0,Arun Securities (PVT) Ltd.,ABC Securities Private Limited,2026-04-22 11:06:58.457832
2026042204000530,API,26,58,1000,335.0,335000.0,Asian Securities Private Ltd.,Naasa Securities Co. Ltd.,2026-04-22 11:07:13.489136
2026042204000535,API,13,7,50,333.1,16655.0,Thrive Brokerage House Pvt. Ltd,J.F. Securites (PVT) Ltd.,2026-04-22 11:07:19.311103
2026042204000536,API,45,7,272,333.0,90576.0,Imperial Securities Company Pvt. Ltd.,J.F. Securites (PVT) Ltd.,2026-04-22 11:07:19.311249
2026042204000555,API,14,7,50,333.0,16650.0,Nepal Stock House (PVT) Ltd.,J.F. Securites (PVT) Ltd.,2026-04-22 11:07:34.732775
2026042204000601,API,35,7,29,333.0,9657.0,Kohinoor Investment & Securities Pvt. Ltd.,J.F. Securites (PVT) Ltd.,2026-04-22 11:07:45.849842
2026042204000629,API,52,7,99,333.0,32967.0,Sundhara Securities Limited,J.F. Securites (PVT) Ltd.,2026-04-22 11:07:57.390028
2026042204000630,API,52,58,620,333.0,206460.0,Sundhara Securities Limited,Naasa Securities Co. Ltd.,2026-04-22 11:07:57.390129
2026042204000668,API,52,59,281,333.0,93573.0,Sundhara Securities Limited,Deevyaa Securities & Stock House Pvt. Ltd,2026-04-22 11:08:19.810020
2026042204000669,API,58,59,500,332.2,166100.0,Naasa Securities Co. Ltd.,Deevyaa Securities & Stock House Pvt. Ltd,2026-04-22 11:08:19.810060
2026042204000670,API,38,59,419,332.1,139149.9,Dipshikha Dhitopatra Karobar Co. Pvt Ltd.,Deevyaa Securities & Stock House Pvt. Ltd,2026-04-22 11:08:19.810087
2026042204000692,API,38,54,81,332.1,26900.1,Dipshikha Dhitopatra Karobar Co. Pvt Ltd.,Sewa Securities Pvt. Ltd.,2026-04-22 11:08:34.780478
2026042204000693,API,45,54,118,332.0,39176.0,Imperial Securities Company Pvt. Ltd.,Sewa Securities Pvt. Ltd.,2026-04-22 11:08:34.780587
2026042204000694,API,47,54,201,332.0,66732.0,Neev Securities Pvt. Ltd.,Sewa Securities Pvt. Ltd.,2026-04-22 11:08:34.780638
2026042204000709,API,44,58,100,332.1,33210.0,Dynamic Money Managers Securities Pvt. Ltd.,Naasa Securities Co. Ltd.,2026-04-22 11:08:45.171189
2026042204000710,API,44,89,160,335.0,53600.0,Dynamic Money Managers Securities Pvt. Ltd.,Global IME Securities Limited,2026-04-22 11:08:45.171298
2026042204000875,API,38,58,20,335.0,6700.0,Dipshikha Dhitopatra Karobar Co. Pvt Ltd.,Naasa Securities Co. Ltd.,2026-04-22 11:09:58.529442
2026042204000972,API,45,58,50,335.0,16750.0,Imperial Securities Company Pvt. Ltd.,Naasa Securities Co. Ltd.,2026-04-22 11:10:59.113307
2026042204001069,API,45,58,50,333.5,16675.0,Imperial Securities Company Pvt. Ltd.,Naasa Securities Co. Ltd.,2026-04-22 11:11:47.634848
2026042204001123,API,42,11,120,333.2,39984.0,Sani Securities Company Ltd.,Malla & Malla Stock Broking Company Pvt. Limited,2026-04-22 11:12:18.180056
2026042204001138,API,42,49,50,333.2,16660.0,Sani Securities Company Ltd.,Online Securities Pvt. Ltd.,2026-04-22 11:12:28.310901
2026042204001145,API,42,21,20,333.2,6664.0,Sani Securities Company Ltd.,Midas Stock Broking Company Private Limited,2026-04-22 11:12:35.206533
2026042204001169,API,42,58,500,333.5,166750.0,Sani Securities Company Ltd.,Naasa Securities Co. Ltd.,2026-04-22 11:12:48.190377
2026042204001171,API,44,58,380,333.5,126730.0,Dynamic Money Managers Securities Pvt. Ltd.,Naasa Securities Co. Ltd.,2026-04-22 11:12:50.140027
2026042204001180,API,44,16,300,333.5,100050.0,Dynamic Money Managers Securities Pvt. Ltd.,Primo Securities (PVT) Ltd.,2026-04-22 11:12:54.600650
2026042204001203,API,66,25,570,334.8,190836.0,Miyo Securities Pvt Ltd,Sweta Securities Private Limited,2026-04-22 11:13:12.410939
2026042204001204,API,66,49,992,335.0,332320.0,Miyo Securities Pvt Ltd,Online Securities Pvt. Ltd.,2026-04-22 11:13:12.411093
2026042204001205,API,66,43,4000,335.0,1340000.0,Miyo Securities Pvt Ltd,South Asian Bulls Pvt. Ltd.,2026-04-22 11:13:12.411169
2026042204001206,API,66,29,36,335.0,12060.0,Miyo Securities Pvt Ltd,Trisul Securities & Invt. Ltd.,2026-04-22 11:13:12.411238
2026042204001207,API,66,1,200,335.9,67180.0,Miyo Securities Pvt Ltd,Kumari Securities Private Limited,2026-04-22 11:13:12.411307
2026042204001208,API,66,58,82,336.0,27552.0,Miyo Securities Pvt Ltd,Naasa Securities Co. Ltd.,2026-04-22 11:13:12.411395
2026042204001209,API,66,42,185,336.0,62160.0,Miyo Securities Pvt Ltd,Sani Securities Company Ltd.,2026-04-22 11:13:12.411466
2026042204001210,API,66,22,50,336.0,16800.0,Miyo Securities Pvt Ltd,Siprabi Securities Pvt. Ltd.,2026-04-22 11:13:12.411527
2026042204001211,API,66,69,5000,336.0,1680000.0,Miyo Securities Pvt Ltd,INDEX SECURITIES LIMITED,2026-04-22 11:13:12.411594
2026042204001212,API,66,25,3885,336.0,1305360.0,Miyo Securities Pvt Ltd,Sweta Securities Private Limited,2026-04-22 11:13:12.411661
2026042204001240,API,45,58,50,333.6,16680.0,Imperial Securities Company Pvt. Ltd.,Naasa Securities Co. Ltd.,2026-04-22 11:13:32.451027
2026042204001241,API,44,58,320,333.5,106720.0,Dynamic Money Managers Securities Pvt. Ltd.,Naasa Securities Co. Ltd.,2026-04-22 11:13:32.451367
2026042204001242,API,45,58,15,333.5,5002.5,Imperial Securities Company Pvt. Ltd.,Naasa Securities Co. Ltd.,2026-04-22 11:13:32.451561
2026042204001243,API,44,58,50,333.5,16675.0,Dynamic Money Managers Securities Pvt. Ltd.,Naasa Securities Co. Ltd.,2026-04-22 11:13:32.451751
2026042204001244,API,62,58,50,333.5,16675.0,Capital Max Securities Ltd,Naasa Securities Co. Ltd.,2026-04-22 11:13:32.451927
2026042204001249,API,58,58,72,333.5,24012.0,Naasa Securities Co. Ltd.,Naasa Securities Co. Ltd.,2026-04-22 11:13:35.896568
2026042204001266,API,51,58,443,333.5,147740.5,Oxford Securities Pvt. Ltd.,Naasa Securities Co. Ltd.,2026-04-22 11:13:51.369680
2026042204001268,API,39,41,10,334.0,3340.0,Sumeru Securities Pvt. Ltd.,Linch Stock Market Ltd.,2026-04-22 11:13:52.104684
2026042204001292,API,4,66,50,335.9,16795.0,Opal Securities Investment (PVT) Ltd.,Miyo Securities Pvt Ltd,2026-04-22 11:14:11.093431
2026042204001322,API,51,66,950,335.9,319105.0,Oxford Securities Pvt. Ltd.,Miyo Securities Pvt Ltd,2026-04-22 11:14:36.861246
2026042204001350,API,51,66,50,335.9,16795.0,Oxford Securities Pvt. Ltd.,Miyo Securities Pvt Ltd,2026-04-22 11:14:45.997369
2026042204001380,API,45,66,50,335.0,16750.0,Imperial Securities Company Pvt. Ltd.,Miyo Securities Pvt Ltd,2026-04-22 11:15:10.130069
2026042204001387,API,39,42,190,334.0,63460.0,Sumeru Securities Pvt. Ltd.,Sani Securities Company Ltd.,2026-04-22 11:15:14.294467
2026042204001388,API,34,42,810,334.0,270540.0,Vision Securities Pvt. Ltd,Sani Securities Company Ltd.,2026-04-22 11:15:14.294720
2026042204001389,API,65,25,600,336.0,201600.0,Sharepro Securities Private Limited,Sweta Securities Private Limited,2026-04-22 11:15:14.608504
2026042204001419,API,39,58,500,335.0,167500.0,Sumeru Securities Pvt. Ltd.,Naasa Securities Co. Ltd.,2026-04-22 11:15:31.508407
2026042204001435,API,26,58,1000,335.0,335000.0,Asian Securities Private Ltd.,Naasa Securities Co. Ltd.,2026-04-22 11:15:32.838992
2026042204001455,API,42,25,1185,336.0,398160.0,Sani Securities Company Ltd.,Sweta Securities Private Limited,2026-04-22 11:15:38.085137
2026042204001456,API,42,66,100,336.0,33600.0,Sani Securities Company Ltd.,Miyo Securities Pvt Ltd,2026-04-22 11:15:38.085221
2026042204001457,API,42,57,715,337.0,240955.0,Sani Securities Company Ltd.,Aryatara Investment & Securities,2026-04-22 11:15:38.085290
2026042204001533,API,35,57,10,337.0,3370.0,Kohinoor Investment & Securities Pvt. Ltd.,Aryatara Investment & Securities,2026-04-22 11:16:27.596648
2026042204001540,API,52,57,35,337.0,11795.0,Sundhara Securities Limited,Aryatara Investment & Securities,2026-04-22 11:16:32.568258
2026042204001541,API,42,57,1231,337.0,414847.0,Sani Securities Company Ltd.,Aryatara Investment & Securities,2026-04-22 11:16:33.015273
2026042204001542,API,42,1,769,337.0,259153.0,Sani Securities Company Ltd.,Kumari Securities Private Limited,2026-04-22 11:16:33.015326
2026042204001622,API,34,1,30,337.0,10110.0,Vision Securities Pvt. Ltd,Kumari Securities Private Limited,2026-04-22 11:17:04.236934
2026042204001720,API,47,34,200,336.1,67220.0,Neev Securities Pvt. Ltd.,Vision Securities Pvt. Ltd,2026-04-22 11:17:58.139369
2026042204001781,API,58,34,100,336.9,33690.0,Naasa Securities Co. Ltd.,Vision Securities Pvt. Ltd,2026-04-22 11:18:17.183626
2026042204001840,API,58,96,159,335.2,53296.8,Naasa Securities Co. Ltd.,Himalayan Securities Limited,2026-04-22 11:18:47.477708
2026042204001841,API,59,96,1000,335.1,335100.0,Deevyaa Securities & Stock House Pvt. Ltd,Himalayan Securities Limited,2026-04-22 11:18:47.477938
2026042204001842,API,49,96,1000,335.1,335100.0,Online Securities Pvt. Ltd.,Himalayan Securities Limited,2026-04-22 11:18:47.478016
2026042204001843,API,26,96,3441,335.0,1152735.0,Asian Securities Private Ltd.,Himalayan Securities Limited,2026-04-22 11:18:47.478095
2026042204001895,API,66,14,3000,335.1,1005300.0,Miyo Securities Pvt Ltd,Nepal Stock House (PVT) Ltd.,2026-04-22 11:19:30.554835
2026042204001905,API,26,50,559,335.0,187265.0,Asian Securities Private Ltd.,Cristal Kanchanjanga Securites Pvt. Ltd.,2026-04-22 11:19:34.469856
2026042204001906,API,58,50,10,335.0,3350.0,Naasa Securities Co. Ltd.,Cristal Kanchanjanga Securites Pvt. Ltd.,2026-04-22 11:19:34.470080
2026042204001907,API,39,50,500,335.0,167500.0,Sumeru Securities Pvt. Ltd.,Cristal Kanchanjanga Securites Pvt. Ltd.,2026-04-22 11:19:34.470164
2026042204001910,API,6,42,500,336.0,168000.0,Agrawal Securities (PVT) Ltd.,Sani Securities Company Ltd.,2026-04-22 11:19:38.164840
2026042204001911,API,6,1,201,337.0,67737.0,Agrawal Securities (PVT) Ltd.,Kumari Securities Private Limited,2026-04-22 11:19:38.164959
2026042204001912,API,6,49,40,337.0,13480.0,Agrawal Securities (PVT) Ltd.,Online Securities Pvt. Ltd.,2026-04-22 11:19:38.165030
2026042204001913,API,6,66,259,337.0,87283.0,Agrawal Securities (PVT) Ltd.,Miyo Securities Pvt Ltd,2026-04-22 11:19:38.165102
2026042204001937,API,6,50,12,334.6,4015.2,Agrawal Securities (PVT) Ltd.,Cristal Kanchanjanga Securites Pvt. Ltd.,2026-04-22 11:19:56.114489
2026042204002002,API,67,44,1000,335.0,335000.0,Property Wiard Limited,Dynamic Money Managers Securities Pvt. Ltd.,2026-04-22 11:20:20.098980
2026042204002004,API,17,44,100,335.0,33500.0,ABC Securities Private Limited,Dynamic Money Managers Securities Pvt. Ltd.,2026-04-22 11:20:20.922473
2026042204002012,API,5,44,200,335.0,67000.0,Market Securities & Exchange (PVT) Ltd.,Dynamic Money Managers Securities Pvt. Ltd.,2026-04-22 11:20:30.146107
2026042204002056,API,47,44,80,335.0,26800.0,Neev Securities Pvt. Ltd.,Dynamic Money Managers Securities Pvt. Ltd.,2026-04-22 11:20:36.735424
2026042204002061,API,83,44,620,335.0,207700.0,Sanima Securities Limited,Dynamic Money Managers Securities Pvt. Ltd.,2026-04-22 11:20:44.476546
2026042204002098,API,45,66,20,337.0,6740.0,Imperial Securities Company Pvt. Ltd.,Miyo Securities Pvt Ltd,2026-04-22 11:21:06.411141
2026042204002151,API,44,1,100,337.0,33700.0,Dynamic Money Managers Securities Pvt. Ltd.,Kumari Securities Private Limited,2026-04-22 11:21:39.786418
2026042204002152,API,44,1,542,337.0,182654.0,Dynamic Money Managers Securities Pvt. Ltd.,Kumari Securities Private Limited,2026-04-22 11:21:39.786667
2026042204002153,API,44,58,58,337.0,19546.0,Dynamic Money Managers Securities Pvt. Ltd.,Naasa Securities Co. Ltd.,2026-04-22 11:21:39.786760
2026042204002154,API,44,66,30,337.0,10110.0,Dynamic Money Managers Securities Pvt. Ltd.,Miyo Securities Pvt Ltd,2026-04-22 11:21:39.786849
2026042204002155,API,44,39,600,337.0,202200.0,Dynamic Money Managers Securities Pvt. Ltd.,Sumeru Securities Pvt. Ltd.,2026-04-22 11:21:39.786948
2026042204002298,API,32,14,100,335.2,33520.0,Premier Securities Company Ltd.,Nepal Stock House (PVT) Ltd.,2026-04-22 11:23:20.082446
2026042204002408,API,32,58,30,335.2,10056.0,Premier Securities Company Ltd.,Naasa Securities Co. Ltd.,2026-04-22 11:24:29.367185
2026042204002503,API,44,35,20,336.0,6720.0,Dynamic Money Managers Securities Pvt. Ltd.,Kohinoor Investment & Securities Pvt. Ltd.,2026-04-22 11:25:25.919497
2026042204002648,API,33,1,50,336.1,16805.0,Dakshinkali Investment & Securities Pvt. Ltd.,Kumari Securities Private Limited,2026-04-22 11:27:14.501694
2026042204002649,API,32,1,160,336.1,53776.0,Premier Securities Company Ltd.,Kumari Securities Private Limited,2026-04-22 11:27:14.502179
2026042204002655,API,32,58,10,336.1,3361.0,Premier Securities Company Ltd.,Naasa Securities Co. Ltd.,2026-04-22 11:27:22.742757
2026042204002671,API,36,42,17,336.0,5712.0,Secured Securities Ltd.,Sani Securities Company Ltd.,2026-04-22 11:27:32.216630
2026042204002672,API,75,42,333,336.0,111888.0,N.I.M.B. Stock Markets Limited,Sani Securities Company Ltd.,2026-04-22 11:27:32.217167
2026042204002699,API,47,1,500,336.2,168100.0,Neev Securities Pvt. Ltd.,Kumari Securities Private Limited,2026-04-22 11:27:56.579670
2026042204002700,API,75,1,67,336.0,22512.0,N.I.M.B. Stock Markets Limited,Kumari Securities Private Limited,2026-04-22 11:27:56.579946
2026042204002701,API,58,1,20,336.0,6720.0,Naasa Securities Co. Ltd.,Kumari Securities Private Limited,2026-04-22 11:27:56.580062
2026042204002707,API,38,1,413,336.0,138768.0,Dipshikha Dhitopatra Karobar Co. Pvt Ltd.,Kumari Securities Private Limited,2026-04-22 11:27:59.811815
2026042204002711,API,38,32,300,336.0,100800.0,Dipshikha Dhitopatra Karobar Co. Pvt Ltd.,Premier Securities Company Ltd.,2026-04-22 11:28:04.906128
2026042204002876,API,26,53,490,336.1,164689.0,Asian Securities Private Ltd.,Investment Management Nepal Pvt. Ltd.,2026-04-22 11:29:28.511684
2026042204002929,API,48,53,350,337.7,118195.0,Trishakti Securities Public Limited,Investment Management Nepal Pvt. Ltd.,2026-04-22 11:30:05.505069
2026042204002957,API,48,45,50,337.8,16890.0,Trishakti Securities Public Limited,Imperial Securities Company Pvt. Ltd.,2026-04-22 11:30:29.291474
2026042204002966,API,48,44,100,337.8,33780.0,Trishakti Securities Public Limited,Dynamic Money Managers Securities Pvt. Ltd.,2026-04-22 11:30:41.972386
2026042204002977,API,8,42,200,337.9,67580.0,Brilliant Securities Pvt. Ltd.,Sani Securities Company Ltd.,2026-04-22 11:31:08.609691
2026042204003038,API,46,7,50,337.0,16850.0,Kalika Securities Pvt. Ltd.,J.F. Securites (PVT) Ltd.,2026-04-22 11:32:36.333533
2026042204003039,API,32,7,25,337.0,8425.0,Premier Securities Company Ltd.,J.F. Securites (PVT) Ltd.,2026-04-22 11:32:36.333825
2026042204003049,API,32,45,15,337.0,5055.0,Premier Securities Company Ltd.,Imperial Securities Company Pvt. Ltd.,2026-04-22 11:32:45.215252
2026042204003090,API,32,48,60,337.0,20220.0,Premier Securities Company Ltd.,Trishakti Securities Public Limited,2026-04-22 11:33:23.835276
2026042204003091,API,34,48,2000,337.0,674000.0,Vision Securities Pvt. Ltd,Trishakti Securities Public Limited,2026-04-22 11:33:23.835558
2026042204003092,API,1,48,48,337.0,16176.0,Kumari Securities Private Limited,Trishakti Securities Public Limited,2026-04-22 11:33:23.835682
2026042204003093,API,28,48,50,337.0,16850.0,Shree Krishna Securities Ltd.,Trishakti Securities Public Limited,2026-04-22 11:33:23.835797
2026042204003094,API,8,48,200,336.6,67320.0,Brilliant Securities Pvt. Ltd.,Trishakti Securities Public Limited,2026-04-22 11:33:23.835917
2026042204003095,API,49,48,1642,336.6,552697.2,Online Securities Pvt. Ltd.,Trishakti Securities Public Limited,2026-04-22 11:33:23.836035
2026042204003127,API,53,44,200,337.0,67400.0,Investment Management Nepal Pvt. Ltd.,Dynamic Money Managers Securities Pvt. Ltd.,2026-04-22 11:33:45.368270
2026042204003143,API,49,42,210,336.6,70686.0,Online Securities Pvt. Ltd.,Sani Securities Company Ltd.,2026-04-22 11:34:05.298206
2026042204003176,API,11,42,200,336.9,67380.0,Malla & Malla Stock Broking Company Pvt. Limited,Sani Securities Company Ltd.,2026-04-22 11:34:43.966614
2026042204003186,API,54,42,10,336.9,3369.0,Sewa Securities Pvt. Ltd.,Sani Securities Company Ltd.,2026-04-22 11:34:56.673128
2026042204003187,API,54,44,90,337.0,30330.0,Sewa Securities Pvt. Ltd.,Dynamic Money Managers Securities Pvt. Ltd.,2026-04-22 11:34:56.673696
2026042204003197,API,10,75,10,336.7,3367.0,Pragyan Securities (PVT) Ltd.,N.I.M.B. Stock Markets Limited,2026-04-22 11:35:01.218559
2026042204003198,API,10,50,10,336.7,3367.0,Pragyan Securities (PVT) Ltd.,Cristal Kanchanjanga Securites Pvt. Ltd.,2026-04-22 11:35:02.954985
2026042204003199,API,49,50,71,336.6,23898.6,Online Securities Pvt. Ltd.,Cristal Kanchanjanga Securites Pvt. Ltd.,2026-04-22 11:35:02.955273
2026042204003261,API,11,44,710,337.0,239270.0,Malla & Malla Stock Broking Company Pvt. Limited,Dynamic Money Managers Securities Pvt. Ltd.,2026-04-22 11:35:36.777555
2026042204003262,API,11,58,10,337.0,3370.0,Malla & Malla Stock Broking Company Pvt. Limited,Naasa Securities Co. Ltd.,2026-04-22 11:35:36.777820
2026042204003263,API,11,6,90,337.0,30330.0,Malla & Malla Stock Broking Company Pvt. Limited,Agrawal Securities (PVT) Ltd.,2026-04-22 11:35:36.777945
2026042204003264,API,11,34,29,337.0,9773.0,Malla & Malla Stock Broking Company Pvt. Limited,Vision Securities Pvt. Ltd,2026-04-22 11:35:36.778066
2026042204003290,API,11,58,60,337.0,20220.0,Malla & Malla Stock Broking Company Pvt. Limited,Naasa Securities Co. Ltd.,2026-04-22 11:36:01.367168
2026042204003394,API,35,16,10,337.0,3370.0,Kohinoor Investment & Securities Pvt. Ltd.,Primo Securities (PVT) Ltd.,2026-04-22 11:37:28.450156
2026042204003443,API,66,16,40,337.0,13480.0,Miyo Securities Pvt Ltd,Primo Securities (PVT) Ltd.,2026-04-22 11:38:01.830284
2026042204003444,API,66,58,10,337.0,3370.0,Miyo Securities Pvt Ltd,Naasa Securities Co. Ltd.,2026-04-22 11:38:01.830421
2026042204003445,API,66,42,10,337.9,3379.0,Miyo Securities Pvt Ltd,Sani Securities Company Ltd.,2026-04-22 11:38:01.830501
2026042204003446,API,66,66,1000,337.9,337900.0,Miyo Securities Pvt Ltd,Miyo Securities Pvt Ltd,2026-04-22 11:38:01.830575
2026042204003447,API,66,52,200,338.0,67600.0,Miyo Securities Pvt Ltd,Sundhara Securities Limited,2026-04-22 11:38:01.830647
2026042204003448,API,66,35,530,338.0,179140.0,Miyo Securities Pvt Ltd,Kohinoor Investment & Securities Pvt. Ltd.,2026-04-22 11:38:01.830751
2026042204003449,API,66,6,192,338.0,64896.0,Miyo Securities Pvt Ltd,Agrawal Securities (PVT) Ltd.,2026-04-22 11:38:01.830824
2026042204003450,API,66,58,18,338.4,6091.2,Miyo Securities Pvt Ltd,Naasa Securities Co. Ltd.,2026-04-22 11:38:01.830908
2026042204003455,API,66,58,82,338.4,27748.8,Miyo Securities Pvt Ltd,Naasa Securities Co. Ltd.,2026-04-22 11:38:09.540723
2026042204003456,API,66,45,50,338.5,16925.0,Miyo Securities Pvt Ltd,Imperial Securities Company Pvt. Ltd.,2026-04-22 11:38:09.540773
2026042204003457,API,66,44,300,338.5,101550.0,Miyo Securities Pvt Ltd,Dynamic Money Managers Securities Pvt. Ltd.,2026-04-22 11:38:09.540798
2026042204003458,API,66,42,140,338.7,47418.0,Miyo Securities Pvt Ltd,Sani Securities Company Ltd.,2026-04-22 11:38:09.540821
2026042204003459,API,66,53,350,338.7,118545.0,Miyo Securities Pvt Ltd,Investment Management Nepal Pvt. Ltd.,2026-04-22 11:38:09.540847
2026042204003460,API,66,66,1000,338.8,338800.0,Miyo Securities Pvt Ltd,Miyo Securities Pvt Ltd,2026-04-22 11:38:09.540872
2026042204003461,API,66,56,78,338.9,26434.2,Miyo Securities Pvt Ltd,Sri Hari Securities Pvt. Ltd.,2026-04-22 11:38:09.540905
2026042204003551,API,66,57,11,336.7,3703.7,Miyo Securities Pvt Ltd,Aryatara Investment & Securities,2026-04-22 11:39:29.956256
2026042204003574,API,45,56,200,338.9,67780.0,Imperial Securities Company Pvt. Ltd.,Sri Hari Securities Pvt. Ltd.,2026-04-22 11:39:47.554029
2026042204003610,API,39,48,1465,336.8,493412.0,Sumeru Securities Pvt. Ltd.,Trishakti Securities Public Limited,2026-04-22 11:40:28.252662
2026042204003611,API,66,48,535,336.7,180134.5,Miyo Securities Pvt Ltd,Trishakti Securities Public Limited,2026-04-22 11:40:28.253198
2026042204003621,API,66,74,700,336.7,235690.0,Miyo Securities Pvt Ltd,KALASH STOCK MARKET PVT. LTD.,2026-04-22 11:40:35.743610
2026042204003628,API,44,17,210,338.0,70980.0,Dynamic Money Managers Securities Pvt. Ltd.,ABC Securities Private Limited,2026-04-22 11:40:40.441334
2026042204003629,API,44,56,722,338.9,244685.8,Dynamic Money Managers Securities Pvt. Ltd.,Sri Hari Securities Pvt. Ltd.,2026-04-22 11:40:40.441441
2026042204003630,API,44,26,700,339.0,237300.0,Dynamic Money Managers Securities Pvt. Ltd.,Asian Securities Private Ltd.,2026-04-22 11:40:40.441515
2026042204003631,API,44,7,207,339.0,70173.0,Dynamic Money Managers Securities Pvt. Ltd.,J.F. Securites (PVT) Ltd.,2026-04-22 11:40:40.441588
2026042204003632,API,44,38,65,339.0,22035.0,Dynamic Money Managers Securities Pvt. Ltd.,Dipshikha Dhitopatra Karobar Co. Pvt Ltd.,2026-04-22 11:40:40.441659
2026042204003633,API,44,41,1000,339.0,339000.0,Dynamic Money Managers Securities Pvt. Ltd.,Linch Stock Market Ltd.,2026-04-22 11:40:40.441732
2026042204003634,API,44,66,372,339.0,126108.0,Dynamic Money Managers Securities Pvt. Ltd.,Miyo Securities Pvt Ltd,2026-04-22 11:40:40.441796
2026042204003635,API,44,45,50,339.0,16950.0,Dynamic Money Managers Securities Pvt. Ltd.,Imperial Securities Company Pvt. Ltd.,2026-04-22 11:40:40.441868
2026042204003636,API,44,58,30,339.0,10170.0,Dynamic Money Managers Securities Pvt. Ltd.,Naasa Securities Co. Ltd.,2026-04-22 11:40:40.441940
2026042204003637,API,44,13,144,339.0,48816.0,Dynamic Money Managers Securities Pvt. Ltd.,Thrive Brokerage House Pvt. Ltd,2026-04-22 11:40:40.442011
2026042204003839,API,28,66,200,338.0,67600.0,Shree Krishna Securities Ltd.,Miyo Securities Pvt Ltd,2026-04-22 11:42:27.582366
2026042204003840,API,32,66,10,338.0,3380.0,Premier Securities Company Ltd.,Miyo Securities Pvt Ltd,2026-04-22 11:42:27.582658
2026042204003841,API,90,66,10,337.2,3372.0,Sajilo Broker Limited,Miyo Securities Pvt Ltd,2026-04-22 11:42:27.582793
2026042204003842,API,14,66,50,337.1,16855.0,Nepal Stock House (PVT) Ltd.,Miyo Securities Pvt Ltd,2026-04-22 11:42:27.582923
2026042204003843,API,47,66,2980,337.0,1004260.0,Neev Securities Pvt. Ltd.,Miyo Securities Pvt Ltd,2026-04-22 11:42:27.583069
2026042204003906,API,47,48,320,337.0,107840.0,Neev Securities Pvt. Ltd.,Trishakti Securities Public Limited,2026-04-22 11:42:51.130614
2026042204003907,API,66,48,154,336.7,51851.8,Miyo Securities Pvt Ltd,Trishakti Securities Public Limited,2026-04-22 11:42:51.131181
2026042204003908,API,51,48,100,336.7,33670.0,Oxford Securities Pvt. Ltd.,Trishakti Securities Public Limited,2026-04-22 11:42:51.131567
2026042204003909,API,49,48,77,336.6,25918.2,Online Securities Pvt. Ltd.,Trishakti Securities Public Limited,2026-04-22 11:42:51.131946
2026042204003910,API,5,48,149,336.6,50153.4,Market Securities & Exchange (PVT) Ltd.,Trishakti Securities Public Limited,2026-04-22 11:42:51.132332
2026042204004071,API,38,45,40,337.0,13480.0,Dipshikha Dhitopatra Karobar Co. Pvt Ltd.,Imperial Securities Company Pvt. Ltd.,2026-04-22 11:44:23.622302
2026042204004079,API,25,25,15,336.7,5050.5,Sweta Securities Private Limited,Sweta Securities Private Limited,2026-04-22 11:44:31.052423
2026042204004080,API,5,25,51,336.6,17166.6,Market Securities & Exchange (PVT) Ltd.,Sweta Securities Private Limited,2026-04-22 11:44:31.052730
2026042204004081,API,44,25,934,336.5,314291.0,Dynamic Money Managers Securities Pvt. Ltd.,Sweta Securities Private Limited,2026-04-22 11:44:31.052869
2026042204004226,API,6,45,50,337.8,16890.0,Agrawal Securities (PVT) Ltd.,Imperial Securities Company Pvt. Ltd.,2026-04-22 11:45:43.178310
2026042204004227,API,6,6,100,337.8,33780.0,Agrawal Securities (PVT) Ltd.,Agrawal Securities (PVT) Ltd.,2026-04-22 11:45:43.178622
2026042204004375,API,8,38,2,327.7,655.4,Brilliant Securities Pvt. Ltd.,Dipshikha Dhitopatra Karobar Co. Pvt Ltd.,2026-04-22 11:48:13.654640
2026042204004402,API,11,57,150,338.0,50700.0,Malla & Malla Stock Broking Company Pvt. Limited,Aryatara Investment & Securities,2026-04-22 11:48:45.323422
2026042204004403,API,11,49,150,338.0,50700.0,Malla & Malla Stock Broking Company Pvt. Limited,Online Securities Pvt. Ltd.,2026-04-22 11:48:45.324015
2026042204004404,API,11,38,1,337.0,337.0,Malla & Malla Stock Broking Company Pvt. Limited,Dipshikha Dhitopatra Karobar Co. Pvt Ltd.,2026-04-22 11:48:45.561718
2026042204004469,API,42,59,20,337.5,6750.0,Sani Securities Company Ltd.,Deevyaa Securities & Stock House Pvt. Ltd,2026-04-22 11:49:46.044839
2026042204004470,API,49,59,240,337.2,80928.0,Online Securities Pvt. Ltd.,Deevyaa Securities & Stock House Pvt. Ltd,2026-04-22 11:49:46.044903
2026042204004477,API,49,42,35,337.2,11802.0,Online Securities Pvt. Ltd.,Sani Securities Company Ltd.,2026-04-22 11:50:02.290514
2026042204004478,API,45,42,70,337.1,23597.0,Imperial Securities Company Pvt. Ltd.,Sani Securities Company Ltd.,2026-04-22 11:50:02.290837
2026042204004632,API,76,49,1500,338.0,507000.0,Machhapuchchhre Securities Limited,Online Securities Pvt. Ltd.,2026-04-22 11:51:36.390790
2026042204004645,API,44,49,125,338.0,42250.0,Dynamic Money Managers Securities Pvt. Ltd.,Online Securities Pvt. Ltd.,2026-04-22 11:51:41.622478
2026042204004646,API,44,46,106,338.0,35828.0,Dynamic Money Managers Securities Pvt. Ltd.,Kalika Securities Pvt. Ltd.,2026-04-22 11:51:41.623189
2026042204004647,API,44,42,74,338.0,25012.0,Dynamic Money Managers Securities Pvt. Ltd.,Sani Securities Company Ltd.,2026-04-22 11:51:41.623847
2026042204004648,API,44,39,100,338.0,33800.0,Dynamic Money Managers Securities Pvt. Ltd.,Sumeru Securities Pvt. Ltd.,2026-04-22 11:51:41.624475
2026042204004649,API,44,34,30,338.0,10140.0,Dynamic Money Managers Securities Pvt. Ltd.,Vision Securities Pvt. Ltd,2026-04-22 11:51:41.625084
2026042204004685,API,44,45,300,338.0,101400.0,Dynamic Money Managers Securities Pvt. Ltd.,Imperial Securities Company Pvt. Ltd.,2026-04-22 11:52:12.060827
2026042204004737,API,44,1,500,338.0,169000.0,Dynamic Money Managers Securities Pvt. Ltd.,Kumari Securities Private Limited,2026-04-22 11:52:41.221799
2026042204004760,API,44,58,10,338.0,3380.0,Dynamic Money Managers Securities Pvt. Ltd.,Naasa Securities Co. Ltd.,2026-04-22 11:52:55.491341
2026042204004822,API,44,58,135,338.0,45630.0,Dynamic Money Managers Securities Pvt. Ltd.,Naasa Securities Co. Ltd.,2026-04-22 11:53:55.848270
2026042204004835,API,76,74,1000,337.2,337200.0,Machhapuchchhre Securities Limited,KALASH STOCK MARKET PVT. LTD.,2026-04-22 11:54:09.150485
2026042204004842,API,76,34,500,337.2,168600.0,Machhapuchchhre Securities Limited,Vision Securities Pvt. Ltd,2026-04-22 11:54:19.048700
2026042204004893,API,45,39,180,337.1,60678.0,Imperial Securities Company Pvt. Ltd.,Sumeru Securities Pvt. Ltd.,2026-04-22 11:54:49.940400
2026042204004894,API,49,39,50,337.1,16855.0,Online Securities Pvt. Ltd.,Sumeru Securities Pvt. Ltd.,2026-04-22 11:54:49.940754
2026042204004895,API,11,39,100,337.1,33710.0,Malla & Malla Stock Broking Company Pvt. Limited,Sumeru Securities Pvt. Ltd.,2026-04-22 11:54:49.940905
2026042204004896,API,38,39,100,337.1,33710.0,Dipshikha Dhitopatra Karobar Co. Pvt Ltd.,Sumeru Securities Pvt. Ltd.,2026-04-22 11:54:49.941097
2026042204004934,API,42,34,35,337.0,11795.0,Sani Securities Company Ltd.,Vision Securities Pvt. Ltd,2026-04-22 11:55:06.291446
2026042204004935,API,60,34,100,337.0,33700.0,Nagarik Stock Dealer ,Vision Securities Pvt. Ltd,2026-04-22 11:55:06.292091
2026042204004970,API,58,34,365,337.0,123005.0,Naasa Securities Co. Ltd.,Vision Securities Pvt. Ltd,2026-04-22 11:55:23.935369
2026042204005168,API,58,42,230,337.0,77510.0,Naasa Securities Co. Ltd.,Sani Securities Company Ltd.,2026-04-22 11:57:17.163957
2026042204005169,API,64,42,150,337.0,50550.0,SUN SECURITIES PVT LTD,Sani Securities Company Ltd.,2026-04-22 11:57:17.164672
2026042204005174,API,44,19,566,336.5,190459.0,Dynamic Money Managers Securities Pvt. Ltd.,Nepal Investment And Securities Trading Private Limited,2026-04-22 11:57:22.341939
2026042204005175,API,17,19,200,336.5,67300.0,ABC Securities Private Limited,Nepal Investment And Securities Trading Private Limited,2026-04-22 11:57:22.342646
2026042204005176,API,58,19,15,336.5,5047.5,Naasa Securities Co. Ltd.,Nepal Investment And Securities Trading Private Limited,2026-04-22 11:57:22.343121
2026042204005177,API,26,19,10,336.1,3361.0,Asian Securities Private Ltd.,Nepal Investment And Securities Trading Private Limited,2026-04-22 11:57:22.343627
2026042204005178,API,38,19,100,336.1,33610.0,Dipshikha Dhitopatra Karobar Co. Pvt Ltd.,Nepal Investment And Securities Trading Private Limited,2026-04-22 11:57:22.344096
2026042204005179,API,56,19,1000,336.1,336100.0,Sri Hari Securities Pvt. Ltd.,Nepal Investment And Securities Trading Private Limited,2026-04-22 11:57:22.344562
2026042204005180,API,38,19,1187,336.0,398832.0,Dipshikha Dhitopatra Karobar Co. Pvt Ltd.,Nepal Investment And Securities Trading Private Limited,2026-04-22 11:57:22.345041
2026042204005181,API,56,19,10,336.0,3360.0,Sri Hari Securities Pvt. Ltd.,Nepal Investment And Securities Trading Private Limited,2026-04-22 11:57:22.345516
2026042204005182,API,42,19,50,336.0,16800.0,Sani Securities Company Ltd.,Nepal Investment And Securities Trading Private Limited,2026-04-22 11:57:22.345980
2026042204005183,API,17,19,150,336.0,50400.0,ABC Securities Private Limited,Nepal Investment And Securities Trading Private Limited,2026-04-22 11:57:22.346417
2026042204005184,API,57,19,10,336.0,3360.0,Aryatara Investment & Securities,Nepal Investment And Securities Trading Private Limited,2026-04-22 11:57:22.346861
2026042204005185,API,90,19,10,336.0,3360.0,Sajilo Broker Limited,Nepal Investment And Securities Trading Private Limited,2026-04-22 11:57:22.347271
2026042204005186,API,28,19,25,336.0,8400.0,Shree Krishna Securities Ltd.,Nepal Investment And Securities Trading Private Limited,2026-04-22 11:57:22.347798
2026042204005187,API,90,19,20,336.0,6720.0,Sajilo Broker Limited,Nepal Investment And Securities Trading Private Limited,2026-04-22 11:57:22.347996
2026042204005188,API,77,19,35,336.0,11760.0,Nabil Stock Dealer Ltd.,Nepal Investment And Securities Trading Private Limited,2026-04-22 11:57:22.348155
2026042204005189,API,67,19,298,335.6,100008.8,Property Wiard Limited,Nepal Investment And Securities Trading Private Limited,2026-04-22 11:57:22.348306
2026042204005250,API,34,42,265,337.0,89305.0,Vision Securities Pvt. Ltd,Sani Securities Company Ltd.,2026-04-22 11:57:45.706955
2026042204005251,API,34,39,32,337.1,10787.2,Vision Securities Pvt. Ltd,Sumeru Securities Pvt. Ltd.,2026-04-22 11:57:45.707268
2026042204005322,API,58,6,265,336.1,89066.5,Naasa Securities Co. Ltd.,Agrawal Securities (PVT) Ltd.,2026-04-22 11:59:01.558215
2026042204005329,API,58,36,120,336.1,40332.0,Naasa Securities Co. Ltd.,Secured Securities Ltd.,2026-04-22 11:59:07.949029
2026042204005342,API,17,36,140,336.1,47054.0,ABC Securities Private Limited,Secured Securities Ltd.,2026-04-22 11:59:14.207977
2026042204005383,API,67,41,50,336.0,16800.0,Property Wiard Limited,Linch Stock Market Ltd.,2026-04-22 11:59:27.091740
2026042204005399,API,67,64,50,336.0,16800.0,Property Wiard Limited,SUN SECURITIES PVT LTD,2026-04-22 11:59:38.969636
2026042204005400,API,67,64,702,335.6,235591.2,Property Wiard Limited,SUN SECURITIES PVT LTD,2026-04-22 11:59:38.969977
2026042204005401,API,17,64,200,335.6,67120.0,ABC Securities Private Limited,SUN SECURITIES PVT LTD,2026-04-22 11:59:38.970122
2026042204005460,API,58,48,87,335.3,29171.1,Naasa Securities Co. Ltd.,Trishakti Securities Public Limited,2026-04-22 12:00:13.634180
2026042204005467,API,4,64,48,335.6,16108.8,Opal Securities Investment (PVT) Ltd.,SUN SECURITIES PVT LTD,2026-04-22 12:00:20.851409
2026042204005468,API,4,48,52,336.0,17472.0,Opal Securities Investment (PVT) Ltd.,Trishakti Securities Public Limited,2026-04-22 12:00:20.851517
2026042204005511,API,58,53,213,335.3,71418.9,Naasa Securities Co. Ltd.,Investment Management Nepal Pvt. Ltd.,2026-04-22 12:00:46.468120
2026042204005512,API,44,53,1000,335.1,335100.0,Dynamic Money Managers Securities Pvt. Ltd.,Investment Management Nepal Pvt. Ltd.,2026-04-22 12:00:46.468484
2026042204005513,API,83,53,380,335.0,127300.0,Sanima Securities Limited,Investment Management Nepal Pvt. Ltd.,2026-04-22 12:00:46.468640
2026042204005514,API,38,53,500,335.0,167500.0,Dipshikha Dhitopatra Karobar Co. Pvt Ltd.,Investment Management Nepal Pvt. Ltd.,2026-04-22 12:00:46.468785
2026042204005515,API,58,53,250,335.0,83750.0,Naasa Securities Co. Ltd.,Investment Management Nepal Pvt. Ltd.,2026-04-22 12:00:46.468941
2026042204005516,API,42,53,30,335.0,10050.0,Sani Securities Company Ltd.,Investment Management Nepal Pvt. Ltd.,2026-04-22 12:00:46.469117
2026042204005517,API,14,53,200,335.0,67000.0,Nepal Stock House (PVT) Ltd.,Investment Management Nepal Pvt. Ltd.,2026-04-22 12:00:46.469260
2026042204005518,API,21,53,28,335.0,9380.0,Midas Stock Broking Company Private Limited,Investment Management Nepal Pvt. Ltd.,2026-04-22 12:00:46.469407
2026042204005519,API,41,53,100,335.0,33500.0,Linch Stock Market Ltd.,Investment Management Nepal Pvt. Ltd.,2026-04-22 12:00:46.469575
2026042204005520,API,42,53,20,335.0,6700.0,Sani Securities Company Ltd.,Investment Management Nepal Pvt. Ltd.,2026-04-22 12:00:46.469719
2026042204005521,API,39,53,20,335.0,6700.0,Sumeru Securities Pvt. Ltd.,Investment Management Nepal Pvt. Ltd.,2026-04-22 12:00:46.469866
2026042204005522,API,49,53,100,335.0,33500.0,Online Securities Pvt. Ltd.,Investment Management Nepal Pvt. Ltd.,2026-04-22 12:00:46.470003
2026042204005523,API,10,53,50,335.0,16750.0,Pragyan Securities (PVT) Ltd.,Investment Management Nepal Pvt. Ltd.,2026-04-22 12:00:46.470153
2026042204005524,API,90,53,16,335.0,5360.0,Sajilo Broker Limited,Investment Management Nepal Pvt. Ltd.,2026-04-22 12:00:46.470294
2026042204005525,API,58,53,93,335.0,31155.0,Naasa Securities Co. Ltd.,Investment Management Nepal Pvt. Ltd.,2026-04-22 12:00:46.470451
2026042204005580,API,49,45,10,335.2,3352.0,Online Securities Pvt. Ltd.,Imperial Securities Company Pvt. Ltd.,2026-04-22 12:01:09.534565
2026042204005581,API,49,75,270,335.2,90504.0,Online Securities Pvt. Ltd.,N.I.M.B. Stock Markets Limited,2026-04-22 12:01:11.633295
2026042204005582,API,58,75,1856,335.0,621760.0,Naasa Securities Co. Ltd.,N.I.M.B. Stock Markets Limited,2026-04-22 12:01:11.633682
2026042204005658,API,63,48,448,336.0,150528.0,Himalayan Brokerage Company Limited,Trishakti Securities Public Limited,2026-04-22 12:01:43.376961
2026042204005659,API,63,42,52,336.0,17472.0,Himalayan Brokerage Company Limited,Sani Securities Company Ltd.,2026-04-22 12:01:43.377299
2026042204005667,API,58,64,1000,335.0,335000.0,Naasa Securities Co. Ltd.,SUN SECURITIES PVT LTD,2026-04-22 12:01:46.284268
2026042204005729,API,58,21,300,335.0,100500.0,Naasa Securities Co. Ltd.,Midas Stock Broking Company Private Limited,2026-04-22 12:02:16.016573
2026042204005735,API,58,36,940,335.0,314900.0,Naasa Securities Co. Ltd.,Secured Securities Ltd.,2026-04-22 12:02:18.185019
2026042204005752,API,17,34,500,335.1,167550.0,ABC Securities Private Limited,Vision Securities Pvt. Ltd,2026-04-22 12:02:32.686072
2026042204005753,API,58,34,811,335.0,271685.0,Naasa Securities Co. Ltd.,Vision Securities Pvt. Ltd,2026-04-22 12:02:32.686789
2026042204005754,API,45,34,300,335.0,100500.0,Imperial Securities Company Pvt. Ltd.,Vision Securities Pvt. Ltd,2026-04-22 12:02:32.687280
2026042204005755,API,13,34,600,335.0,201000.0,Thrive Brokerage House Pvt. Ltd,Vision Securities Pvt. Ltd,2026-04-22 12:02:32.687792
2026042204005756,API,45,34,100,335.0,33500.0,Imperial Securities Company Pvt. Ltd.,Vision Securities Pvt. Ltd,2026-04-22 12:02:32.688276
2026042204005757,API,21,34,40,335.0,13400.0,Midas Stock Broking Company Private Limited,Vision Securities Pvt. Ltd,2026-04-22 12:02:32.688776
2026042204005758,API,14,34,50,335.0,16750.0,Nepal Stock House (PVT) Ltd.,Vision Securities Pvt. Ltd,2026-04-22 12:02:32.689270
2026042204005759,API,14,34,200,335.0,67000.0,Nepal Stock House (PVT) Ltd.,Vision Securities Pvt. Ltd,2026-04-22 12:02:32.689778
2026042204005760,API,62,34,50,335.0,16750.0,Capital Max Securities Ltd,Vision Securities Pvt. Ltd,2026-04-22 12:02:32.690274
2026042204005761,API,96,34,1515,335.0,507525.0,Himalayan Securities Limited,Vision Securities Pvt. Ltd,2026-04-22 12:02:32.690795
2026042204005762,API,26,34,500,335.0,167500.0,Asian Securities Private Ltd.,Vision Securities Pvt. Ltd,2026-04-22 12:02:32.691008
2026042204005763,API,58,34,334,335.0,111890.0,Naasa Securities Co. Ltd.,Vision Securities Pvt. Ltd,2026-04-22 12:02:32.691160
2026042204005789,API,58,53,666,335.0,223110.0,Naasa Securities Co. Ltd.,Investment Management Nepal Pvt. Ltd.,2026-04-22 12:02:46.775365
2026042204005790,API,49,53,100,335.0,33500.0,Online Securities Pvt. Ltd.,Investment Management Nepal Pvt. Ltd.,2026-04-22 12:02:46.775746
2026042204005883,API,45,53,100,334.9,33490.0,Imperial Securities Company Pvt. Ltd.,Investment Management Nepal Pvt. Ltd.,2026-04-22 12:03:17.317178
2026042204005884,API,29,53,950,334.9,318155.0,Trisul Securities & Invt. Ltd.,Investment Management Nepal Pvt. Ltd.,2026-04-22 12:03:17.317985
2026042204005885,API,6,53,184,334.8,61603.2,Agrawal Securities (PVT) Ltd.,Investment Management Nepal Pvt. Ltd.,2026-04-22 12:03:17.318656
2026042204005908,API,6,45,630,334.8,210924.0,Agrawal Securities (PVT) Ltd.,Imperial Securities Company Pvt. Ltd.,2026-04-22 12:03:27.978826
2026042204006008,API,64,42,36,335.1,12063.6,SUN SECURITIES PVT LTD,Sani Securities Company Ltd.,2026-04-22 12:04:16.425835
2026042204006013,API,64,58,10,335.1,3351.0,SUN SECURITIES PVT LTD,Naasa Securities Co. Ltd.,2026-04-22 12:04:19.016434
2026042204006121,API,54,6,10,336.0,3360.0,Sewa Securities Pvt. Ltd.,Agrawal Securities (PVT) Ltd.,2026-04-22 12:05:26.238207
2026042204006173,API,19,8,23,335.0,7705.0,Nepal Investment And Securities Trading Private Limited,Brilliant Securities Pvt. Ltd.,2026-04-22 12:06:08.229760
2026042204006233,API,6,45,10,334.8,3348.0,Agrawal Securities (PVT) Ltd.,Imperial Securities Company Pvt. Ltd.,2026-04-22 12:06:36.233930
2026042204006264,API,6,1,176,334.8,58924.8,Agrawal Securities (PVT) Ltd.,Kumari Securities Private Limited,2026-04-22 12:06:46.300553
2026042204006265,API,83,1,824,334.8,275875.2,Sanima Securities Limited,Kumari Securities Private Limited,2026-04-22 12:06:46.300891
2026042204006291,API,83,71,176,334.8,58924.8,Sanima Securities Limited,SHUBHAKAMANA SECURITIES PVT. LTD,2026-04-22 12:07:04.655264
2026042204006292,API,6,71,988,334.6,330584.8,Agrawal Securities (PVT) Ltd.,SHUBHAKAMANA SECURITIES PVT. LTD,2026-04-22 12:07:04.655611
2026042204006293,API,64,71,411,334.3,137397.3,SUN SECURITIES PVT LTD,SHUBHAKAMANA SECURITIES PVT. LTD,2026-04-22 12:07:04.655765
2026042204006326,API,64,34,43,334.3,14374.9,SUN SECURITIES PVT LTD,Vision Securities Pvt. Ltd,2026-04-22 12:07:28.393751
2026042204006327,API,25,34,17,334.2,5681.4,Sweta Securities Private Limited,Vision Securities Pvt. Ltd,2026-04-22 12:07:28.394156
2026042204006365,API,49,58,1,335.0,335.0,Online Securities Pvt. Ltd.,Naasa Securities Co. Ltd.,2026-04-22 12:08:04.810820
2026042204006481,API,8,38,40,335.0,13400.0,Brilliant Securities Pvt. Ltd.,Dipshikha Dhitopatra Karobar Co. Pvt Ltd.,2026-04-22 12:09:08.973296
2026042204006496,API,25,48,83,334.2,27738.6,Sweta Securities Private Limited,Trishakti Securities Public Limited,2026-04-22 12:09:10.700067
2026042204006497,API,60,48,100,334.1,33410.0,Nagarik Stock Dealer ,Trishakti Securities Public Limited,2026-04-22 12:09:10.700404
2026042204006498,API,34,48,1190,334.0,397460.0,Vision Securities Pvt. Ltd,Trishakti Securities Public Limited,2026-04-22 12:09:10.700558
2026042204006499,API,17,48,70,334.0,23380.0,ABC Securities Private Limited,Trishakti Securities Public Limited,2026-04-22 12:09:10.700720
2026042204006500,API,58,48,10,334.0,3340.0,Naasa Securities Co. Ltd.,Trishakti Securities Public Limited,2026-04-22 12:09:10.700864
2026042204006501,API,66,48,547,334.0,182698.0,Miyo Securities Pvt Ltd,Trishakti Securities Public Limited,2026-04-22 12:09:10.701007
2026042204006580,API,29,21,100,334.2,33420.0,Trisul Securities & Invt. Ltd.,Midas Stock Broking Company Private Limited,2026-04-22 12:10:23.581996
2026042204006581,API,58,21,11,334.1,3675.1,Naasa Securities Co. Ltd.,Midas Stock Broking Company Private Limited,2026-04-22 12:10:23.582385
2026042204006582,API,66,21,389,334.0,129926.0,Miyo Securities Pvt Ltd,Midas Stock Broking Company Private Limited,2026-04-22 12:10:23.582541
2026042204006600,API,66,58,100,334.0,33400.0,Miyo Securities Pvt Ltd,Naasa Securities Co. Ltd.,2026-04-22 12:10:32.898650
2026042204006714,API,45,38,10,335.0,3350.0,Imperial Securities Company Pvt. Ltd.,Dipshikha Dhitopatra Karobar Co. Pvt Ltd.,2026-04-22 12:11:15.920788
2026042204006789,API,44,34,47,335.0,15745.0,Dynamic Money Managers Securities Pvt. Ltd.,Vision Securities Pvt. Ltd,2026-04-22 12:11:57.040632
2026042204006800,API,44,77,3000,335.0,1005000.0,Dynamic Money Managers Securities Pvt. Ltd.,Nabil Stock Dealer Ltd.,2026-04-22 12:12:01.837101
2026042204006846,API,44,45,1000,335.0,335000.0,Dynamic Money Managers Securities Pvt. Ltd.,Imperial Securities Company Pvt. Ltd.,2026-04-22 12:12:16.597766
2026042204007030,API,48,32,80,335.1,26808.0,Trishakti Securities Public Limited,Premier Securities Company Ltd.,2026-04-22 12:13:34.003772
2026042204007031,API,44,32,220,335.0,73700.0,Dynamic Money Managers Securities Pvt. Ltd.,Premier Securities Company Ltd.,2026-04-22 12:13:34.004175
2026042204007034,API,71,58,100,335.9,33590.0,SHUBHAKAMANA SECURITIES PVT. LTD,Naasa Securities Co. Ltd.,2026-04-22 12:13:35.256618
2026042204007068,API,44,52,15,335.0,5025.0,Dynamic Money Managers Securities Pvt. Ltd.,Sundhara Securities Limited,2026-04-22 12:14:06.290281
2026042204007072,API,44,6,525,335.0,175875.0,Dynamic Money Managers Securities Pvt. Ltd.,Agrawal Securities (PVT) Ltd.,2026-04-22 12:14:11.306757
2026042204007134,API,44,45,100,335.0,33500.0,Dynamic Money Managers Securities Pvt. Ltd.,Imperial Securities Company Pvt. Ltd.,2026-04-22 12:14:30.166568
2026042204007149,API,44,1,93,335.0,31155.0,Dynamic Money Managers Securities Pvt. Ltd.,Kumari Securities Private Limited,2026-04-22 12:14:32.428468
2026042204007161,API,58,60,11,334.1,3675.1,Naasa Securities Co. Ltd.,Nagarik Stock Dealer ,2026-04-22 12:14:44.854667
2026042204007162,API,4,60,10,334.1,3341.0,Opal Securities Investment (PVT) Ltd.,Nagarik Stock Dealer ,2026-04-22 12:14:44.855036
2026042204007163,API,13,60,249,334.1,83190.9,Thrive Brokerage House Pvt. Ltd,Nagarik Stock Dealer ,2026-04-22 12:14:44.855199
2026042204007166,API,36,1,107,335.0,35845.0,Secured Securities Ltd.,Kumari Securities Private Limited,2026-04-22 12:14:50.922044
2026042204007194,API,19,13,10,335.8,3358.0,Nepal Investment And Securities Trading Private Limited,Thrive Brokerage House Pvt. Ltd,2026-04-22 12:15:14.763690
2026042204007240,API,36,43,93,335.1,31164.3,Secured Securities Ltd.,South Asian Bulls Pvt. Ltd.,2026-04-22 12:15:31.463336
2026042204007241,API,19,43,37,335.0,12395.0,Nepal Investment And Securities Trading Private Limited,South Asian Bulls Pvt. Ltd.,2026-04-22 12:15:31.463723
2026042204007258,API,1,43,100,335.0,33500.0,Kumari Securities Private Limited,South Asian Bulls Pvt. Ltd.,2026-04-22 12:15:38.889697
2026042204007385,API,58,60,10,334.1,3341.0,Naasa Securities Co. Ltd.,Nagarik Stock Dealer ,2026-04-22 12:16:51.939958
2026042204007439,API,51,36,200,334.1,66820.0,Oxford Securities Pvt. Ltd.,Secured Securities Ltd.,2026-04-22 12:17:20.353377
2026042204007441,API,34,36,250,334.1,83525.0,Vision Securities Pvt. Ltd,Secured Securities Ltd.,2026-04-22 12:17:21.056924
2026042204007442,API,34,43,250,335.0,83750.0,Vision Securities Pvt. Ltd,South Asian Bulls Pvt. Ltd.,2026-04-22 12:17:21.057031
2026042204007454,API,66,60,964,334.0,321976.0,Miyo Securities Pvt Ltd,Nagarik Stock Dealer ,2026-04-22 12:17:35.512563
2026042204007455,API,11,60,200,334.0,66800.0,Malla & Malla Stock Broking Company Pvt. Limited,Nagarik Stock Dealer ,2026-04-22 12:17:35.512932
2026042204007456,API,13,60,108,334.0,36072.0,Thrive Brokerage House Pvt. Ltd,Nagarik Stock Dealer ,2026-04-22 12:17:35.513091
2026042204007549,API,14,43,166,335.0,55610.0,Nepal Stock House (PVT) Ltd.,South Asian Bulls Pvt. Ltd.,2026-04-22 12:18:51.804654
2026042204007558,API,66,43,189,335.0,63315.0,Miyo Securities Pvt Ltd,South Asian Bulls Pvt. Ltd.,2026-04-22 12:18:55.853787
2026042204007559,API,66,1,50,335.0,16750.0,Miyo Securities Pvt Ltd,Kumari Securities Private Limited,2026-04-22 12:18:55.853889
2026042204007560,API,66,58,1000,335.0,335000.0,Miyo Securities Pvt Ltd,Naasa Securities Co. Ltd.,2026-04-22 12:18:55.853964
2026042204007561,API,66,13,990,335.8,332442.0,Miyo Securities Pvt Ltd,Thrive Brokerage House Pvt. Ltd,2026-04-22 12:18:55.854039
2026042204007562,API,66,58,50,335.9,16795.0,Miyo Securities Pvt Ltd,Naasa Securities Co. Ltd.,2026-04-22 12:18:55.854116
2026042204007563,API,66,6,98,336.0,32928.0,Miyo Securities Pvt Ltd,Agrawal Securities (PVT) Ltd.,2026-04-22 12:18:55.854192
2026042204007564,API,66,28,100,336.0,33600.0,Miyo Securities Pvt Ltd,Shree Krishna Securities Ltd.,2026-04-22 12:18:55.854265
2026042204007565,API,66,57,500,336.0,168000.0,Miyo Securities Pvt Ltd,Aryatara Investment & Securities,2026-04-22 12:18:55.854368
2026042204007566,API,66,11,23,336.0,7728.0,Miyo Securities Pvt Ltd,Malla & Malla Stock Broking Company Pvt. Limited,2026-04-22 12:18:55.854439
2026042204007726,API,6,48,100,335.0,33500.0,Agrawal Securities (PVT) Ltd.,Trishakti Securities Public Limited,2026-04-22 12:20:04.965618
2026042204007741,API,35,48,50,335.0,16750.0,Kohinoor Investment & Securities Pvt. Ltd.,Trishakti Securities Public Limited,2026-04-22 12:20:09.305997
2026042204007758,API,39,48,1000,335.0,335000.0,Sumeru Securities Pvt. Ltd.,Trishakti Securities Public Limited,2026-04-22 12:20:19.469709
2026042204007764,API,48,48,200,335.0,67000.0,Trishakti Securities Public Limited,Trishakti Securities Public Limited,2026-04-22 12:20:24.072034
2026042204007786,API,59,48,525,335.0,175875.0,Deevyaa Securities & Stock House Pvt. Ltd,Trishakti Securities Public Limited,2026-04-22 12:20:42.642248
2026042204007837,API,48,45,170,334.1,56797.0,Trishakti Securities Public Limited,Imperial Securities Company Pvt. Ltd.,2026-04-22 12:21:02.091250
2026042204007885,API,48,25,230,334.1,76843.0,Trishakti Securities Public Limited,Sweta Securities Private Limited,2026-04-22 12:21:43.496207
2026042204007886,API,58,25,11,334.1,3675.1,Naasa Securities Co. Ltd.,Sweta Securities Private Limited,2026-04-22 12:21:43.496993
2026042204007887,API,13,25,359,334.0,119906.0,Thrive Brokerage House Pvt. Ltd,Sweta Securities Private Limited,2026-04-22 12:21:43.497625
2026042204007927,API,58,58,1,334.0,334.0,Naasa Securities Co. Ltd.,Naasa Securities Co. Ltd.,2026-04-22 12:22:11.143080
2026042204008126,API,13,21,133,334.0,44422.0,Thrive Brokerage House Pvt. Ltd,Midas Stock Broking Company Private Limited,2026-04-22 12:24:25.214825
2026042204008127,API,13,21,10,334.0,3340.0,Thrive Brokerage House Pvt. Ltd,Midas Stock Broking Company Private Limited,2026-04-22 12:24:25.215229
2026042204008128,API,17,21,67,334.0,22378.0,ABC Securities Private Limited,Midas Stock Broking Company Private Limited,2026-04-22 12:24:25.215401
2026042204008140,API,17,81,33,334.0,11022.0,ABC Securities Private Limited,Aakashbhairab Securities Ltd.,2026-04-22 12:24:37.434889
2026042204008141,API,41,81,150,334.0,50100.0,Linch Stock Market Ltd.,Aakashbhairab Securities Ltd.,2026-04-22 12:24:37.435003
2026042204008142,API,49,81,52,334.0,17368.0,Online Securities Pvt. Ltd.,Aakashbhairab Securities Ltd.,2026-04-22 12:24:37.435123
2026042204008143,API,57,81,50,334.0,16700.0,Aryatara Investment & Securities,Aakashbhairab Securities Ltd.,2026-04-22 12:24:37.435199
2026042204008144,API,29,81,500,334.0,167000.0,Trisul Securities & Invt. Ltd.,Aakashbhairab Securities Ltd.,2026-04-22 12:24:37.435271
2026042204008145,API,67,81,215,333.6,71724.0,Property Wiard Limited,Aakashbhairab Securities Ltd.,2026-04-22 12:24:37.435363
2026042204008177,API,67,44,50,333.6,16680.0,Property Wiard Limited,Dynamic Money Managers Securities Pvt. Ltd.,2026-04-22 12:25:07.891915
2026042204008192,API,58,58,11,333.7,3670.7,Naasa Securities Co. Ltd.,Naasa Securities Co. Ltd.,2026-04-22 12:25:20.678126
2026042204008193,API,67,58,87,333.6,29023.2,Property Wiard Limited,Naasa Securities Co. Ltd.,2026-04-22 12:25:20.678546
2026042204008195,API,11,59,1,325.0,325.0,Malla & Malla Stock Broking Company Pvt. Limited,Deevyaa Securities & Stock House Pvt. Ltd,2026-04-22 12:25:21.984530
2026042204008349,API,66,5,300,334.5,100350.0,Miyo Securities Pvt Ltd,Market Securities & Exchange (PVT) Ltd.,2026-04-22 12:27:26.143788
2026042204008350,API,66,62,100,334.5,33450.0,Miyo Securities Pvt Ltd,Capital Max Securities Ltd,2026-04-22 12:27:26.143865
2026042204008351,API,66,48,125,335.0,41875.0,Miyo Securities Pvt Ltd,Trishakti Securities Public Limited,2026-04-22 12:27:26.143890
2026042204008352,API,66,66,1000,335.0,335000.0,Miyo Securities Pvt Ltd,Miyo Securities Pvt Ltd,2026-04-22 12:27:26.143916
2026042204008353,API,66,42,1000,335.0,335000.0,Miyo Securities Pvt Ltd,Sani Securities Company Ltd.,2026-04-22 12:27:26.143944
2026042204008354,API,66,6,175,335.0,58625.0,Miyo Securities Pvt Ltd,Agrawal Securities (PVT) Ltd.,2026-04-22 12:27:26.143970
2026042204008431,API,11,48,1,333.3,333.3,Malla & Malla Stock Broking Company Pvt. Limited,Trishakti Securities Public Limited,2026-04-22 12:28:09.349180
2026042204008443,API,11,16,7,334.0,2338.0,Malla & Malla Stock Broking Company Pvt. Limited,Primo Securities (PVT) Ltd.,2026-04-22 12:28:21.889691
2026042204008444,API,58,25,11,333.7,3670.7,Naasa Securities Co. Ltd.,Sweta Securities Private Limited,2026-04-22 12:28:22.710135
2026042204008445,API,45,25,30,333.7,10011.0,Imperial Securities Company Pvt. Ltd.,Sweta Securities Private Limited,2026-04-22 12:28:22.710887
2026042204008449,API,34,5,100,334.9,33490.0,Vision Securities Pvt. Ltd,Market Securities & Exchange (PVT) Ltd.,2026-04-22 12:28:27.072164
2026042204008450,API,34,6,60,335.0,20100.0,Vision Securities Pvt. Ltd,Agrawal Securities (PVT) Ltd.,2026-04-22 12:28:27.072209
2026042204008451,API,34,44,40,335.0,13400.0,Vision Securities Pvt. Ltd,Dynamic Money Managers Securities Pvt. Ltd.,2026-04-22 12:28:27.072233
2026042204008471,API,34,44,100,335.0,33500.0,Vision Securities Pvt. Ltd,Dynamic Money Managers Securities Pvt. Ltd.,2026-04-22 12:28:39.707946
2026042204008558,API,11,57,1,334.2,334.2,Malla & Malla Stock Broking Company Pvt. Limited,Aryatara Investment & Securities,2026-04-22 12:29:30.443386
2026042204008569,API,59,58,100,333.8,33380.0,Deevyaa Securities & Stock House Pvt. Ltd,Naasa Securities Co. Ltd.,2026-04-22 12:29:43.171911
2026042204008570,API,62,58,50,333.7,16685.0,Capital Max Securities Ltd,Naasa Securities Co. Ltd.,2026-04-22 12:29:43.171951
2026042204008571,API,67,58,648,333.6,216172.8,Property Wiard Limited,Naasa Securities Co. Ltd.,2026-04-22 12:29:43.171976
2026042204008572,API,49,58,20,333.6,6672.0,Online Securities Pvt. Ltd.,Naasa Securities Co. Ltd.,2026-04-22 12:29:43.171999
2026042204008573,API,38,58,12,333.6,4003.2,Dipshikha Dhitopatra Karobar Co. Pvt Ltd.,Naasa Securities Co. Ltd.,2026-04-22 12:29:43.172021
2026042204008574,API,51,58,57,333.5,19009.5,Oxford Securities Pvt. Ltd.,Naasa Securities Co. Ltd.,2026-04-22 12:29:43.172046
2026042204008575,API,48,58,15,333.5,5002.5,Trishakti Securities Public Limited,Naasa Securities Co. Ltd.,2026-04-22 12:29:43.172073
2026042204008576,API,59,58,100,333.5,33350.0,Deevyaa Securities & Stock House Pvt. Ltd,Naasa Securities Co. Ltd.,2026-04-22 12:29:43.172144
2026042204008577,API,58,58,100,333.5,33350.0,Naasa Securities Co. Ltd.,Naasa Securities Co. Ltd.,2026-04-22 12:29:43.172192
2026042204008578,API,57,58,898,333.5,299483.0,Aryatara Investment & Securities,Naasa Securities Co. Ltd.,2026-04-22 12:29:43.172215
2026042204008611,API,57,21,102,333.5,34017.0,Aryatara Investment & Securities,Midas Stock Broking Company Private Limited,2026-04-22 12:29:58.061925
2026042204008612,API,44,21,1000,333.4,333400.0,Dynamic Money Managers Securities Pvt. Ltd.,Midas Stock Broking Company Private Limited,2026-04-22 12:29:58.062293
2026042204008613,API,58,21,1000,333.4,333400.0,Naasa Securities Co. Ltd.,Midas Stock Broking Company Private Limited,2026-04-22 12:29:58.062484
2026042204008614,API,58,21,12,333.4,4000.8,Naasa Securities Co. Ltd.,Midas Stock Broking Company Private Limited,2026-04-22 12:29:58.062654
2026042204008615,API,74,21,300,333.3,99990.0,KALASH STOCK MARKET PVT. LTD.,Midas Stock Broking Company Private Limited,2026-04-22 12:29:58.062861
2026042204008616,API,59,21,100,333.2,33320.0,Deevyaa Securities & Stock House Pvt. Ltd,Midas Stock Broking Company Private Limited,2026-04-22 12:29:58.063045
2026042204008617,API,29,21,100,333.2,33320.0,Trisul Securities & Invt. Ltd.,Midas Stock Broking Company Private Limited,2026-04-22 12:29:58.063232
2026042204008618,API,4,21,386,333.1,128576.6,Opal Securities Investment (PVT) Ltd.,Midas Stock Broking Company Private Limited,2026-04-22 12:29:58.063403
2026042204008681,API,34,44,60,335.0,20100.0,Vision Securities Pvt. Ltd,Dynamic Money Managers Securities Pvt. Ltd.,2026-04-22 12:30:38.704228
2026042204008682,API,34,52,30,335.5,10065.0,Vision Securities Pvt. Ltd,Sundhara Securities Limited,2026-04-22 12:30:38.704280
2026042204008683,API,34,45,10,335.7,3357.0,Vision Securities Pvt. Ltd,Imperial Securities Company Pvt. Ltd.,2026-04-22 12:30:38.704320
2026042204008736,API,34,35,50,335.5,16775.0,Vision Securities Pvt. Ltd,Kohinoor Investment & Securities Pvt. Ltd.,2026-04-22 12:31:11.557088
2026042204008737,API,34,45,50,335.7,16785.0,Vision Securities Pvt. Ltd,Imperial Securities Company Pvt. Ltd.,2026-04-22 12:31:11.557196
2026042204008738,API,54,38,500,334.0,167000.0,Sewa Securities Pvt. Ltd.,Dipshikha Dhitopatra Karobar Co. Pvt Ltd.,2026-04-22 12:31:12.285263
2026042204008798,API,54,48,57,334.0,19038.0,Sewa Securities Pvt. Ltd.,Trishakti Securities Public Limited,2026-04-22 12:31:58.588235
2026042204008829,API,54,58,200,334.0,66800.0,Sewa Securities Pvt. Ltd.,Naasa Securities Co. Ltd.,2026-04-22 12:32:30.928135
2026042204008838,API,36,25,9,333.0,2997.0,Secured Securities Ltd.,Sweta Securities Private Limited,2026-04-22 12:32:36.135673
2026042204008841,API,52,41,400,334.1,133640.0,Sundhara Securities Limited,Linch Stock Market Ltd.,2026-04-22 12:32:42.974370
2026042204008861,API,34,32,106,335.0,35510.0,Vision Securities Pvt. Ltd,Premier Securities Company Ltd.,2026-04-22 12:32:57.420272
2026042204008918,API,34,32,500,335.0,167500.0,Vision Securities Pvt. Ltd,Premier Securities Company Ltd.,2026-04-22 12:33:15.774243
2026042204008927,API,48,32,200,335.0,67000.0,Trishakti Securities Public Limited,Premier Securities Company Ltd.,2026-04-22 12:33:21.803354
2026042204008930,API,58,32,31,335.0,10385.0,Naasa Securities Co. Ltd.,Premier Securities Company Ltd.,2026-04-22 12:33:22.539895
2026042204008936,API,94,32,163,335.0,54605.0,K.B.L. Securities Limited ,Premier Securities Company Ltd.,2026-04-22 12:33:25.734399
2026042204008937,API,94,45,240,335.7,80568.0,K.B.L. Securities Limited ,Imperial Securities Company Pvt. Ltd.,2026-04-22 12:33:25.735161
2026042204008938,API,94,45,400,335.8,134320.0,K.B.L. Securities Limited ,Imperial Securities Company Pvt. Ltd.,2026-04-22 12:33:25.735713
2026042204008939,API,94,45,400,335.8,134320.0,K.B.L. Securities Limited ,Imperial Securities Company Pvt. Ltd.,2026-04-22 12:33:25.736207
2026042204008940,API,94,36,500,336.0,168000.0,K.B.L. Securities Limited ,Secured Securities Ltd.,2026-04-22 12:33:25.736725
2026042204008941,API,94,3,2000,336.0,672000.0,K.B.L. Securities Limited ,Arun Securities (PVT) Ltd.,2026-04-22 12:33:25.737246
2026042204008942,API,94,68,92,337.0,31004.0,K.B.L. Securities Limited ,Elite Stock House Limited,2026-04-22 12:33:25.737825
2026042204008943,API,94,36,500,337.0,168500.0,K.B.L. Securities Limited ,Secured Securities Ltd.,2026-04-22 12:33:25.738607
2026042204008944,API,94,14,705,337.0,237585.0,K.B.L. Securities Limited ,Nepal Stock House (PVT) Ltd.,2026-04-22 12:33:25.739378
2026042204009062,API,66,56,535,336.9,180241.5,Miyo Securities Pvt Ltd,Sri Hari Securities Pvt. Ltd.,2026-04-22 12:34:42.404616
2026042204009063,API,66,16,150,336.9,50535.0,Miyo Securities Pvt Ltd,Primo Securities (PVT) Ltd.,2026-04-22 12:34:42.404732
2026042204009064,API,66,14,295,337.0,99415.0,Miyo Securities Pvt Ltd,Nepal Stock House (PVT) Ltd.,2026-04-22 12:34:42.404809
2026042204009065,API,66,35,30,337.0,10110.0,Miyo Securities Pvt Ltd,Kohinoor Investment & Securities Pvt. Ltd.,2026-04-22 12:34:42.404885
2026042204009066,API,66,63,160,337.0,53920.0,Miyo Securities Pvt Ltd,Himalayan Brokerage Company Limited,2026-04-22 12:34:42.404963
2026042204009067,API,66,39,3296,337.1,1111081.6,Miyo Securities Pvt Ltd,Sumeru Securities Pvt. Ltd.,2026-04-22 12:34:42.405036
2026042204009068,API,66,66,1000,337.9,337900.0,Miyo Securities Pvt Ltd,Miyo Securities Pvt Ltd,2026-04-22 12:34:42.405117
2026042204009069,API,66,66,534,337.9,180438.6,Miyo Securities Pvt Ltd,Miyo Securities Pvt Ltd,2026-04-22 12:34:42.405207
2026042204009166,API,45,44,500,335.0,167500.0,Imperial Securities Company Pvt. Ltd.,Dynamic Money Managers Securities Pvt. Ltd.,2026-04-22 12:35:52.013096
2026042204009167,API,36,44,150,335.0,50250.0,Secured Securities Ltd.,Dynamic Money Managers Securities Pvt. Ltd.,2026-04-22 12:35:52.013868
2026042204009183,API,66,45,30,336.9,10107.0,Miyo Securities Pvt Ltd,Imperial Securities Company Pvt. Ltd.,2026-04-22 12:36:02.327195
2026042204009184,API,66,16,200,337.0,67400.0,Miyo Securities Pvt Ltd,Primo Securities (PVT) Ltd.,2026-04-22 12:36:02.327944
2026042204009185,API,66,48,21970,337.0,7403890.0,Miyo Securities Pvt Ltd,Trishakti Securities Public Limited,2026-04-22 12:36:02.328536
2026042204009211,API,34,48,30,337.0,10110.0,Vision Securities Pvt. Ltd,Trishakti Securities Public Limited,2026-04-22 12:36:21.780037
2026042204009212,API,34,42,452,337.0,152324.0,Vision Securities Pvt. Ltd,Sani Securities Company Ltd.,2026-04-22 12:36:21.780106
2026042204009213,API,34,66,18,337.9,6082.2,Vision Securities Pvt. Ltd,Miyo Securities Pvt Ltd,2026-04-22 12:36:21.780141
2026042204009309,API,54,68,10,337.0,3370.0,Sewa Securities Pvt. Ltd.,Elite Stock House Limited,2026-04-22 12:37:42.379184
2026042204009310,API,54,51,15,337.6,5064.0,Sewa Securities Pvt. Ltd.,Oxford Securities Pvt. Ltd.,2026-04-22 12:37:42.380012
2026042204009372,API,50,38,101,337.0,34037.0,Cristal Kanchanjanga Securites Pvt. Ltd.,Dipshikha Dhitopatra Karobar Co. Pvt Ltd.,2026-04-22 12:38:33.627605
2026042204009405,API,38,65,40,335.0,13400.0,Dipshikha Dhitopatra Karobar Co. Pvt Ltd.,Sharepro Securities Private Limited,2026-04-22 12:38:55.668401
2026042204009406,API,20,65,460,335.0,154100.0,Sipla Securities Private Limited,Sharepro Securities Private Limited,2026-04-22 12:38:55.668854
2026042204009484,API,14,65,100,335.1,33510.0,Nepal Stock House (PVT) Ltd.,Sharepro Securities Private Limited,2026-04-22 12:39:52.832852
2026042204009485,API,20,65,400,335.0,134000.0,Sipla Securities Private Limited,Sharepro Securities Private Limited,2026-04-22 12:39:52.833237
2026042204009572,API,62,38,50,337.0,16850.0,Capital Max Securities Ltd,Dipshikha Dhitopatra Karobar Co. Pvt Ltd.,2026-04-22 12:40:44.149351
2026042204009592,API,49,38,50,337.0,16850.0,Online Securities Pvt. Ltd.,Dipshikha Dhitopatra Karobar Co. Pvt Ltd.,2026-04-22 12:40:56.877911
2026042204009618,API,49,38,10,337.0,3370.0,Online Securities Pvt. Ltd.,Dipshikha Dhitopatra Karobar Co. Pvt Ltd.,2026-04-22 12:41:25.220007
2026042204009734,API,49,41,11,336.1,3697.1,Online Securities Pvt. Ltd.,Linch Stock Market Ltd.,2026-04-22 12:42:25.176809
2026042204009752,API,26,38,10,337.0,3370.0,Asian Securities Private Ltd.,Dipshikha Dhitopatra Karobar Co. Pvt Ltd.,2026-04-22 12:42:39.715862
2026042204009767,API,49,49,73,336.1,24535.3,Online Securities Pvt. Ltd.,Online Securities Pvt. Ltd.,2026-04-22 12:42:56.558443
2026042204009847,API,49,74,21,336.1,7058.1,Online Securities Pvt. Ltd.,KALASH STOCK MARKET PVT. LTD.,2026-04-22 12:43:30.850952
2026042204009848,API,58,74,369,336.1,124020.9,Naasa Securities Co. Ltd.,KALASH STOCK MARKET PVT. LTD.,2026-04-22 12:43:30.851344
2026042204009864,API,38,74,500,336.0,168000.0,Dipshikha Dhitopatra Karobar Co. Pvt Ltd.,KALASH STOCK MARKET PVT. LTD.,2026-04-22 12:43:38.545751
2026042204009891,API,20,32,140,335.0,46900.0,Sipla Securities Private Limited,Premier Securities Company Ltd.,2026-04-22 12:43:53.313648
2026042204009892,API,32,32,500,335.0,167500.0,Premier Securities Company Ltd.,Premier Securities Company Ltd.,2026-04-22 12:43:53.314434
2026042204009893,API,42,32,20,335.0,6700.0,Sani Securities Company Ltd.,Premier Securities Company Ltd.,2026-04-22 12:43:53.314964
2026042204009894,API,38,32,155,335.0,51925.0,Dipshikha Dhitopatra Karobar Co. Pvt Ltd.,Premier Securities Company Ltd.,2026-04-22 12:43:53.315544
2026042204009918,API,38,61,345,335.0,115575.0,Dipshikha Dhitopatra Karobar Co. Pvt Ltd.,BHOLE GANESH SECURITIES LTD,2026-04-22 12:44:09.849850
2026042204009919,API,42,61,20,335.0,6700.0,Sani Securities Company Ltd.,BHOLE GANESH SECURITIES LTD,2026-04-22 12:44:09.850524
2026042204009920,API,44,61,1635,335.0,547725.0,Dynamic Money Managers Securities Pvt. Ltd.,BHOLE GANESH SECURITIES LTD,2026-04-22 12:44:09.851045
2026042204009943,API,44,66,1000,335.0,335000.0,Dynamic Money Managers Securities Pvt. Ltd.,Miyo Securities Pvt Ltd,2026-04-22 12:44:22.136550
2026042204009976,API,44,52,1000,335.0,335000.0,Dynamic Money Managers Securities Pvt. Ltd.,Sundhara Securities Limited,2026-04-22 12:44:36.622904
2026042204009983,API,44,52,1000,335.0,335000.0,Dynamic Money Managers Securities Pvt. Ltd.,Sundhara Securities Limited,2026-04-22 12:44:48.636633
2026042204010059,API,44,52,200,335.0,67000.0,Dynamic Money Managers Securities Pvt. Ltd.,Sundhara Securities Limited,2026-04-22 12:45:33.045460
2026042204010133,API,44,77,973,335.0,325955.0,Dynamic Money Managers Securities Pvt. Ltd.,Nabil Stock Dealer Ltd.,2026-04-22 12:46:14.390913
2026042204010164,API,44,8,140,335.0,46900.0,Dynamic Money Managers Securities Pvt. Ltd.,Brilliant Securities Pvt. Ltd.,2026-04-22 12:46:36.390990
2026042204010207,API,62,61,30,336.0,10080.0,Capital Max Securities Ltd,BHOLE GANESH SECURITIES LTD,2026-04-22 12:47:06.978257
2026042204010208,API,54,61,500,335.5,167750.0,Sewa Securities Pvt. Ltd.,BHOLE GANESH SECURITIES LTD,2026-04-22 12:47:06.978684
2026042204010209,API,44,61,1470,335.0,492450.0,Dynamic Money Managers Securities Pvt. Ltd.,BHOLE GANESH SECURITIES LTD,2026-04-22 12:47:06.978866
2026042204010275,API,58,52,100,335.5,33550.0,Naasa Securities Co. Ltd.,Sundhara Securities Limited,2026-04-22 12:47:50.191389
2026042204010293,API,44,38,279,335.0,93465.0,Dynamic Money Managers Securities Pvt. Ltd.,Dipshikha Dhitopatra Karobar Co. Pvt Ltd.,2026-04-22 12:48:08.480344
2026042204010306,API,44,77,1000,335.0,335000.0,Dynamic Money Managers Securities Pvt. Ltd.,Nabil Stock Dealer Ltd.,2026-04-22 12:48:23.872168
2026042204010397,API,44,52,15,335.0,5025.0,Dynamic Money Managers Securities Pvt. Ltd.,Sundhara Securities Limited,2026-04-22 12:49:39.962956
2026042204010442,API,22,66,25,336.0,8400.0,Siprabi Securities Pvt. Ltd.,Miyo Securities Pvt Ltd,2026-04-22 12:50:16.404886
2026042204010551,API,49,11,20,335.1,6702.0,Online Securities Pvt. Ltd.,Malla & Malla Stock Broking Company Pvt. Limited,2026-04-22 12:51:39.630256
2026042204010552,API,58,11,225,335.1,75397.5,Naasa Securities Co. Ltd.,Malla & Malla Stock Broking Company Pvt. Limited,2026-04-22 12:51:39.630695
2026042204010553,API,44,11,755,335.0,252925.0,Dynamic Money Managers Securities Pvt. Ltd.,Malla & Malla Stock Broking Company Pvt. Limited,2026-04-22 12:51:39.631026
2026042204010554,API,44,61,533,335.0,178555.0,Dynamic Money Managers Securities Pvt. Ltd.,BHOLE GANESH SECURITIES LTD,2026-04-22 12:51:39.830834
2026042204010555,API,39,61,467,335.0,156445.0,Sumeru Securities Pvt. Ltd.,BHOLE GANESH SECURITIES LTD,2026-04-22 12:51:39.831591
2026042204010597,API,39,43,533,335.0,178555.0,Sumeru Securities Pvt. Ltd.,South Asian Bulls Pvt. Ltd.,2026-04-22 12:52:24.028174
2026042204010598,API,58,43,15,335.0,5025.0,Naasa Securities Co. Ltd.,South Asian Bulls Pvt. Ltd.,2026-04-22 12:52:24.029041
2026042204010599,API,42,43,50,335.0,16750.0,Sani Securities Company Ltd.,South Asian Bulls Pvt. Ltd.,2026-04-22 12:52:24.029621
2026042204010600,API,8,43,20,335.0,6700.0,Brilliant Securities Pvt. Ltd.,South Asian Bulls Pvt. Ltd.,2026-04-22 12:52:24.030200
2026042204010601,API,57,43,50,335.0,16750.0,Aryatara Investment & Securities,South Asian Bulls Pvt. Ltd.,2026-04-22 12:52:24.030768
2026042204010602,API,44,43,50,335.0,16750.0,Dynamic Money Managers Securities Pvt. Ltd.,South Asian Bulls Pvt. Ltd.,2026-04-22 12:52:24.031327
2026042204010603,API,29,43,100,335.0,33500.0,Trisul Securities & Invt. Ltd.,South Asian Bulls Pvt. Ltd.,2026-04-22 12:52:24.031890
2026042204010604,API,58,43,50,334.5,16725.0,Naasa Securities Co. Ltd.,South Asian Bulls Pvt. Ltd.,2026-04-22 12:52:24.032451
2026042204010605,API,58,43,100,334.5,33450.0,Naasa Securities Co. Ltd.,South Asian Bulls Pvt. Ltd.,2026-04-22 12:52:24.033001
2026042204010606,API,58,43,32,334.4,10700.8,Naasa Securities Co. Ltd.,South Asian Bulls Pvt. Ltd.,2026-04-22 12:52:24.033564
2026042204010750,API,58,77,58,334.4,19395.2,Naasa Securities Co. Ltd.,Nabil Stock Dealer Ltd.,2026-04-22 12:54:16.370819
2026042204010772,API,20,45,90,335.9,30231.0,Sipla Securities Private Limited,Imperial Securities Company Pvt. Ltd.,2026-04-22 12:54:50.351465
2026042204010773,API,20,51,35,335.9,11756.5,Sipla Securities Private Limited,Oxford Securities Pvt. Ltd.,2026-04-22 12:54:50.351893
2026042204010810,API,58,44,250,334.4,83600.0,Naasa Securities Co. Ltd.,Dynamic Money Managers Securities Pvt. Ltd.,2026-04-22 12:55:23.206668
2026042204010811,API,52,44,151,334.4,50494.4,Sundhara Securities Limited,Dynamic Money Managers Securities Pvt. Ltd.,2026-04-22 12:55:23.207680
2026042204010821,API,51,44,100,334.4,33440.0,Oxford Securities Pvt. Ltd.,Dynamic Money Managers Securities Pvt. Ltd.,2026-04-22 12:55:23.436703
2026042204010835,API,8,44,120,334.4,40128.0,Brilliant Securities Pvt. Ltd.,Dynamic Money Managers Securities Pvt. Ltd.,2026-04-22 12:55:40.244503
2026042204010853,API,52,58,196,334.1,65483.6,Sundhara Securities Limited,Naasa Securities Co. Ltd.,2026-04-22 12:56:14.860383
2026042204010907,API,52,44,404,334.1,134976.4,Sundhara Securities Limited,Dynamic Money Managers Securities Pvt. Ltd.,2026-04-22 12:57:36.277562
2026042204010908,API,29,44,40,334.1,13364.0,Trisul Securities & Invt. Ltd.,Dynamic Money Managers Securities Pvt. Ltd.,2026-04-22 12:57:36.278401
2026042204010909,API,16,44,556,334.1,185759.6,Primo Securities (PVT) Ltd.,Dynamic Money Managers Securities Pvt. Ltd.,2026-04-22 12:57:36.279022
2026042204010916,API,16,45,454,334.1,151681.4,Primo Securities (PVT) Ltd.,Imperial Securities Company Pvt. Ltd.,2026-04-22 12:57:54.868781
2026042204010917,API,54,45,243,334.0,81162.0,Sewa Securities Pvt. Ltd.,Imperial Securities Company Pvt. Ltd.,2026-04-22 12:57:54.868884
2026042204010918,API,22,45,100,334.0,33400.0,Siprabi Securities Pvt. Ltd.,Imperial Securities Company Pvt. Ltd.,2026-04-22 12:57:54.868976
2026042204010919,API,63,45,100,334.0,33400.0,Himalayan Brokerage Company Limited,Imperial Securities Company Pvt. Ltd.,2026-04-22 12:57:54.869050
2026042204010920,API,49,45,10,334.0,3340.0,Online Securities Pvt. Ltd.,Imperial Securities Company Pvt. Ltd.,2026-04-22 12:57:54.869124
2026042204010921,API,42,45,40,334.0,13360.0,Sani Securities Company Ltd.,Imperial Securities Company Pvt. Ltd.,2026-04-22 12:57:54.869197
2026042204010922,API,51,45,156,334.0,52104.0,Oxford Securities Pvt. Ltd.,Imperial Securities Company Pvt. Ltd.,2026-04-22 12:57:54.869270
2026042204010923,API,7,45,75,334.0,25050.0,J.F. Securites (PVT) Ltd.,Imperial Securities Company Pvt. Ltd.,2026-04-22 12:57:54.869383
2026042204010924,API,7,45,138,334.0,46092.0,J.F. Securites (PVT) Ltd.,Imperial Securities Company Pvt. Ltd.,2026-04-22 12:57:54.869448
2026042204010925,API,45,45,500,334.0,167000.0,Imperial Securities Company Pvt. Ltd.,Imperial Securities Company Pvt. Ltd.,2026-04-22 12:57:54.869502
2026042204010926,API,47,45,100,334.0,33400.0,Neev Securities Pvt. Ltd.,Imperial Securities Company Pvt. Ltd.,2026-04-22 12:57:54.869575
2026042204010927,API,53,45,84,334.0,28056.0,Investment Management Nepal Pvt. Ltd.,Imperial Securities Company Pvt. Ltd.,2026-04-22 12:57:54.869648
2026042204011046,API,4,66,330,336.0,110880.0,Opal Securities Investment (PVT) Ltd.,Miyo Securities Pvt Ltd,2026-04-22 13:00:24.334864
2026042204011051,API,36,16,1,330.0,330.0,Secured Securities Ltd.,Primo Securities (PVT) Ltd.,2026-04-22 13:00:33.927743
2026042204011073,API,22,66,13,336.0,4368.0,Siprabi Securities Pvt. Ltd.,Miyo Securities Pvt Ltd,2026-04-22 13:01:19.082075
2026042204011092,API,45,45,150,334.7,50205.0,Imperial Securities Company Pvt. Ltd.,Imperial Securities Company Pvt. Ltd.,2026-04-22 13:01:48.065769
2026042204011093,API,4,45,350,334.6,117110.0,Opal Securities Investment (PVT) Ltd.,Imperial Securities Company Pvt. Ltd.,2026-04-22 13:01:48.065844
2026042204011161,API,25,50,200,334.7,66940.0,Sweta Securities Private Limited,Cristal Kanchanjanga Securites Pvt. Ltd.,2026-04-22 13:03:55.877864
2026042204011162,API,76,50,185,334.7,61919.5,Machhapuchchhre Securities Limited,Cristal Kanchanjanga Securites Pvt. Ltd.,2026-04-22 13:03:55.878833
2026042204011178,API,58,65,5,336.0,1680.0,Naasa Securities Co. Ltd.,Sharepro Securities Private Limited,2026-04-22 13:04:04.644512
2026042204011179,API,36,58,1,330.0,330.0,Secured Securities Ltd.,Naasa Securities Co. Ltd.,2026-04-22 13:04:09.022292
2026042204011193,API,76,37,15,334.7,5020.5,Machhapuchchhre Securities Limited,Swarna Laxmi Securities Pvt. Ltd.,2026-04-22 13:04:24.979409
2026042204011198,API,50,52,100,335.0,33500.0,Cristal Kanchanjanga Securites Pvt. Ltd.,Sundhara Securities Limited,2026-04-22 13:04:26.825758
2026042204011201,API,76,42,341,334.7,114132.7,Machhapuchchhre Securities Limited,Sani Securities Company Ltd.,2026-04-22 13:04:33.273281
2026042204011234,API,44,58,20,335.0,6700.0,Dynamic Money Managers Securities Pvt. Ltd.,Naasa Securities Co. Ltd.,2026-04-22 13:05:08.019174
2026042204011273,API,50,66,80,336.0,26880.0,Cristal Kanchanjanga Securites Pvt. Ltd.,Miyo Securities Pvt Ltd,2026-04-22 13:06:01.879980
2026042204011274,API,50,50,37,336.1,12435.7,Cristal Kanchanjanga Securites Pvt. Ltd.,Cristal Kanchanjanga Securites Pvt. Ltd.,2026-04-22 13:06:01.880934
2026042204011275,API,50,46,14,336.1,4705.4,Cristal Kanchanjanga Securites Pvt. Ltd.,Kalika Securities Pvt. Ltd.,2026-04-22 13:06:01.881600
2026042204011276,API,50,83,172,336.1,57809.2,Cristal Kanchanjanga Securites Pvt. Ltd.,Sanima Securities Limited,2026-04-22 13:06:01.882229
2026042204011371,API,44,4,294,335.0,98490.0,Dynamic Money Managers Securities Pvt. Ltd.,Opal Securities Investment (PVT) Ltd.,2026-04-22 13:07:43.594612
2026042204011372,API,65,4,1000,335.0,335000.0,Sharepro Securities Private Limited,Opal Securities Investment (PVT) Ltd.,2026-04-22 13:07:43.595506
2026042204011416,API,42,32,100,336.0,33600.0,Sani Securities Company Ltd.,Premier Securities Company Ltd.,2026-04-22 13:08:32.072802
2026042204011430,API,65,4,896,335.0,300160.0,Sharepro Securities Private Limited,Opal Securities Investment (PVT) Ltd.,2026-04-22 13:08:34.810692
2026042204011431,API,65,40,4,335.0,1340.0,Sharepro Securities Private Limited,Creative Securities Pvt Ltd,2026-04-22 13:08:34.810850
2026042204011567,API,58,32,60,336.0,20160.0,Naasa Securities Co. Ltd.,Premier Securities Company Ltd.,2026-04-22 13:10:26.487594
2026042204011612,API,44,45,50,335.0,16750.0,Dynamic Money Managers Securities Pvt. Ltd.,Imperial Securities Company Pvt. Ltd.,2026-04-22 13:11:50.080162
2026042204011613,API,76,45,100,334.7,33470.0,Machhapuchchhre Securities Limited,Imperial Securities Company Pvt. Ltd.,2026-04-22 13:11:50.080246
2026042204011647,API,76,58,359,334.7,120157.3,Machhapuchchhre Securities Limited,Naasa Securities Co. Ltd.,2026-04-22 13:12:30.824238
2026042204011648,API,58,58,20,334.7,6694.0,Naasa Securities Co. Ltd.,Naasa Securities Co. Ltd.,2026-04-22 13:12:30.824725
2026042204011649,API,4,58,221,334.6,73946.6,Opal Securities Investment (PVT) Ltd.,Naasa Securities Co. Ltd.,2026-04-22 13:12:30.824936
2026042204011661,API,58,32,175,336.0,58800.0,Naasa Securities Co. Ltd.,Premier Securities Company Ltd.,2026-04-22 13:13:03.034727
2026042204011664,API,4,26,400,334.6,133840.0,Opal Securities Investment (PVT) Ltd.,Asian Securities Private Ltd.,2026-04-22 13:13:04.530464
2026042204011707,API,17,38,500,335.0,167500.0,ABC Securities Private Limited,Dipshikha Dhitopatra Karobar Co. Pvt Ltd.,2026-04-22 13:13:43.764443
2026042204011712,API,4,45,20,334.6,6692.0,Opal Securities Investment (PVT) Ltd.,Imperial Securities Company Pvt. Ltd.,2026-04-22 13:13:47.334897
2026042204011717,API,17,32,708,336.0,237888.0,ABC Securities Private Limited,Premier Securities Company Ltd.,2026-04-22 13:14:02.401162
2026042204011718,API,17,32,292,336.0,98112.0,ABC Securities Private Limited,Premier Securities Company Ltd.,2026-04-22 13:14:02.401645
2026042204011726,API,17,32,408,336.0,137088.0,ABC Securities Private Limited,Premier Securities Company Ltd.,2026-04-22 13:14:20.970304
2026042204011727,API,17,94,592,336.0,198912.0,ABC Securities Private Limited,K.B.L. Securities Limited ,2026-04-22 13:14:20.970737
2026042204011741,API,3,94,1000,336.0,336000.0,Arun Securities (PVT) Ltd.,K.B.L. Securities Limited ,2026-04-22 13:14:45.644198
2026042204011745,API,60,94,13,336.0,4368.0,Nagarik Stock Dealer ,K.B.L. Securities Limited ,2026-04-22 13:14:52.330235
2026042204011785,API,54,94,395,336.0,132720.0,Sewa Securities Pvt. Ltd.,K.B.L. Securities Limited ,2026-04-22 13:15:25.138511
2026042204011786,API,54,94,110,336.0,36960.0,Sewa Securities Pvt. Ltd.,K.B.L. Securities Limited ,2026-04-22 13:15:25.139399
2026042204011787,API,54,81,500,336.0,168000.0,Sewa Securities Pvt. Ltd.,Aakashbhairab Securities Ltd.,2026-04-22 13:15:25.140034
2026042204011840,API,36,48,3,333.0,999.0,Secured Securities Ltd.,Trishakti Securities Public Limited,2026-04-22 13:16:32.026921
2026042204011864,API,49,56,10,335.1,3351.0,Online Securities Pvt. Ltd.,Sri Hari Securities Pvt. Ltd.,2026-04-22 13:17:00.818043
2026042204011892,API,65,66,20,336.0,6720.0,Sharepro Securities Private Limited,Miyo Securities Pvt Ltd,2026-04-22 13:17:21.221391
2026042204011938,API,54,66,80,336.0,26880.0,Sewa Securities Pvt. Ltd.,Miyo Securities Pvt Ltd,2026-04-22 13:17:44.251199
2026042204011939,API,54,4,70,336.0,23520.0,Sewa Securities Pvt. Ltd.,Opal Securities Investment (PVT) Ltd.,2026-04-22 13:17:44.251670
2026042204011980,API,49,45,50,335.1,16755.0,Online Securities Pvt. Ltd.,Imperial Securities Company Pvt. Ltd.,2026-04-22 13:17:58.436346
2026042204012214,API,58,4,20,336.0,6720.0,Naasa Securities Co. Ltd.,Opal Securities Investment (PVT) Ltd.,2026-04-22 13:20:21.579692
2026042204012249,API,58,4,10,336.0,3360.0,Naasa Securities Co. Ltd.,Opal Securities Investment (PVT) Ltd.,2026-04-22 13:21:00.282052
2026042204012274,API,52,4,900,336.0,302400.0,Sundhara Securities Limited,Opal Securities Investment (PVT) Ltd.,2026-04-22 13:21:13.548855
2026042204012323,API,49,83,30,336.1,10083.0,Online Securities Pvt. Ltd.,Sanima Securities Limited,2026-04-22 13:21:49.852403
2026042204012450,API,74,83,498,336.1,167377.8,KALASH STOCK MARKET PVT. LTD.,Sanima Securities Limited,2026-04-22 13:23:23.186259
2026042204012451,API,74,36,502,336.1,168722.2,KALASH STOCK MARKET PVT. LTD.,Secured Securities Ltd.,2026-04-22 13:23:23.186731
2026042204012455,API,45,36,498,336.1,167377.8,Imperial Securities Company Pvt. Ltd.,Secured Securities Ltd.,2026-04-22 13:23:28.934638
2026042204012456,API,45,43,2,336.1,672.2,Imperial Securities Company Pvt. Ltd.,South Asian Bulls Pvt. Ltd.,2026-04-22 13:23:28.934956
2026042204012534,API,49,13,10,336.5,3365.0,Online Securities Pvt. Ltd.,Thrive Brokerage House Pvt. Ltd,2026-04-22 13:24:15.601091
2026042204012551,API,44,13,390,336.5,131235.0,Dynamic Money Managers Securities Pvt. Ltd.,Thrive Brokerage House Pvt. Ltd,2026-04-22 13:24:27.019745
2026042204012552,API,44,44,200,336.8,67360.0,Dynamic Money Managers Securities Pvt. Ltd.,Dynamic Money Managers Securities Pvt. Ltd.,2026-04-22 13:24:27.020232
2026042204012553,API,44,44,300,336.9,101070.0,Dynamic Money Managers Securities Pvt. Ltd.,Dynamic Money Managers Securities Pvt. Ltd.,2026-04-22 13:24:27.020482
2026042204012554,API,44,34,255,336.9,85909.5,Dynamic Money Managers Securities Pvt. Ltd.,Vision Securities Pvt. Ltd,2026-04-22 13:24:27.020695
2026042204012555,API,44,66,400,337.0,134800.0,Dynamic Money Managers Securities Pvt. Ltd.,Miyo Securities Pvt Ltd,2026-04-22 13:24:27.020919
2026042204012556,API,44,66,925,337.0,311725.0,Dynamic Money Managers Securities Pvt. Ltd.,Miyo Securities Pvt Ltd,2026-04-22 13:24:27.021137
2026042204012557,API,44,1,100,337.0,33700.0,Dynamic Money Managers Securities Pvt. Ltd.,Kumari Securities Private Limited,2026-04-22 13:24:29.138752
2026042204012662,API,44,66,1000,337.9,337900.0,Dynamic Money Managers Securities Pvt. Ltd.,Miyo Securities Pvt Ltd,2026-04-22 13:25:24.895328
2026042204012663,API,44,4,1000,337.9,337900.0,Dynamic Money Managers Securities Pvt. Ltd.,Opal Securities Investment (PVT) Ltd.,2026-04-22 13:25:24.895847
2026042204012664,API,44,33,147,338.0,49686.0,Dynamic Money Managers Securities Pvt. Ltd.,Dakshinkali Investment & Securities Pvt. Ltd.,2026-04-22 13:25:24.896242
2026042204012665,API,44,34,525,338.0,177450.0,Dynamic Money Managers Securities Pvt. Ltd.,Vision Securities Pvt. Ltd,2026-04-22 13:25:24.896589
2026042204012666,API,44,49,24,338.0,8112.0,Dynamic Money Managers Securities Pvt. Ltd.,Online Securities Pvt. Ltd.,2026-04-22 13:25:24.896931
2026042204012667,API,44,1,1000,338.0,338000.0,Dynamic Money Managers Securities Pvt. Ltd.,Kumari Securities Private Limited,2026-04-22 13:25:24.897271
2026042204012668,API,44,45,10,338.0,3380.0,Dynamic Money Managers Securities Pvt. Ltd.,Imperial Securities Company Pvt. Ltd.,2026-04-22 13:25:24.897540
2026042204012669,API,44,22,50,338.0,16900.0,Dynamic Money Managers Securities Pvt. Ltd.,Siprabi Securities Pvt. Ltd.,2026-04-22 13:25:24.897808
2026042204012701,API,62,48,28,338.5,9478.0,Capital Max Securities Ltd,Trishakti Securities Public Limited,2026-04-22 13:26:02.487386
2026042204012702,API,62,45,500,338.7,169350.0,Capital Max Securities Ltd,Imperial Securities Company Pvt. Ltd.,2026-04-22 13:26:02.487434
2026042204012703,API,62,58,300,338.8,101640.0,Capital Max Securities Ltd,Naasa Securities Co. Ltd.,2026-04-22 13:26:02.487479
2026042204012704,API,62,45,100,338.8,33880.0,Capital Max Securities Ltd,Imperial Securities Company Pvt. Ltd.,2026-04-22 13:26:02.487508
2026042204012705,API,62,74,350,338.9,118615.0,Capital Max Securities Ltd,KALASH STOCK MARKET PVT. LTD.,2026-04-22 13:26:02.487534
2026042204012706,API,62,45,100,338.9,33890.0,Capital Max Securities Ltd,Imperial Securities Company Pvt. Ltd.,2026-04-22 13:26:02.487561
2026042204012707,API,62,13,56,339.0,18984.0,Capital Max Securities Ltd,Thrive Brokerage House Pvt. Ltd,2026-04-22 13:26:02.487589
2026042204012708,API,62,45,100,339.0,33900.0,Capital Max Securities Ltd,Imperial Securities Company Pvt. Ltd.,2026-04-22 13:26:02.487630
2026042204012709,API,62,66,466,339.0,157974.0,Capital Max Securities Ltd,Miyo Securities Pvt Ltd,2026-04-22 13:26:02.487684
2026042204012756,API,44,1,44,338.0,14872.0,Dynamic Money Managers Securities Pvt. Ltd.,Kumari Securities Private Limited,2026-04-22 13:26:45.707332
2026042204012816,API,36,42,6,335.0,2010.0,Secured Securities Ltd.,Sani Securities Company Ltd.,2026-04-22 13:27:40.478133
2026042204012885,API,22,1,170,338.0,57460.0,Siprabi Securities Pvt. Ltd.,Kumari Securities Private Limited,2026-04-22 13:28:15.054617
2026042204012905,API,22,1,86,338.0,29068.0,Siprabi Securities Pvt. Ltd.,Kumari Securities Private Limited,2026-04-22 13:28:32.830084
2026042204012906,API,22,66,114,339.0,38646.0,Siprabi Securities Pvt. Ltd.,Miyo Securities Pvt Ltd,2026-04-22 13:28:32.831021
2026042204013081,API,44,52,50,338.0,16900.0,Dynamic Money Managers Securities Pvt. Ltd.,Sundhara Securities Limited,2026-04-22 13:31:36.755958
2026042204013097,API,66,52,200,338.0,67600.0,Miyo Securities Pvt Ltd,Sundhara Securities Limited,2026-04-22 13:32:00.007683
2026042204013098,API,66,6,100,338.0,33800.0,Miyo Securities Pvt Ltd,Agrawal Securities (PVT) Ltd.,2026-04-22 13:32:00.007807
2026042204013099,API,66,50,50,338.8,16940.0,Miyo Securities Pvt Ltd,Cristal Kanchanjanga Securites Pvt. Ltd.,2026-04-22 13:32:00.007901
2026042204013100,API,66,51,20,338.8,6776.0,Miyo Securities Pvt Ltd,Oxford Securities Pvt. Ltd.,2026-04-22 13:32:00.007976
2026042204013101,API,66,74,250,338.9,84725.0,Miyo Securities Pvt Ltd,KALASH STOCK MARKET PVT. LTD.,2026-04-22 13:32:00.008054
2026042204013102,API,66,66,420,339.0,142380.0,Miyo Securities Pvt Ltd,Miyo Securities Pvt Ltd,2026-04-22 13:32:00.008165
2026042204013103,API,66,22,30,339.9,10197.0,Miyo Securities Pvt Ltd,Siprabi Securities Pvt. Ltd.,2026-04-22 13:32:00.008252
2026042204013104,API,66,57,100,339.9,33990.0,Miyo Securities Pvt Ltd,Aryatara Investment & Securities,2026-04-22 13:32:00.008361
2026042204013105,API,66,41,150,339.9,50985.0,Miyo Securities Pvt Ltd,Linch Stock Market Ltd.,2026-04-22 13:32:00.008439
2026042204013106,API,66,49,500,339.9,169950.0,Miyo Securities Pvt Ltd,Online Securities Pvt. Ltd.,2026-04-22 13:32:00.008517
2026042204013107,API,66,49,500,339.9,169950.0,Miyo Securities Pvt Ltd,Online Securities Pvt. Ltd.,2026-04-22 13:32:00.008599
2026042204013108,API,66,26,500,339.9,169950.0,Miyo Securities Pvt Ltd,Asian Securities Private Ltd.,2026-04-22 13:32:00.008654
2026042204013109,API,66,26,180,339.9,61182.0,Miyo Securities Pvt Ltd,Asian Securities Private Ltd.,2026-04-22 13:32:00.008722
2026042204013177,API,38,74,350,337.1,117985.0,Dipshikha Dhitopatra Karobar Co. Pvt Ltd.,KALASH STOCK MARKET PVT. LTD.,2026-04-22 13:33:07.004868
2026042204013223,API,38,16,60,337.1,20226.0,Dipshikha Dhitopatra Karobar Co. Pvt Ltd.,Primo Securities (PVT) Ltd.,2026-04-22 13:33:51.580686
2026042204013236,API,49,96,136,337.2,45859.2,Online Securities Pvt. Ltd.,Himalayan Securities Limited,2026-04-22 13:34:22.122503
2026042204013269,API,38,49,1000,337.1,337100.0,Dipshikha Dhitopatra Karobar Co. Pvt Ltd.,Online Securities Pvt. Ltd.,2026-04-22 13:35:01.507710
2026042204013272,API,38,96,90,337.1,30339.0,Dipshikha Dhitopatra Karobar Co. Pvt Ltd.,Himalayan Securities Limited,2026-04-22 13:35:05.162603
2026042204013281,API,44,96,274,337.1,92365.4,Dynamic Money Managers Securities Pvt. Ltd.,Himalayan Securities Limited,2026-04-22 13:35:14.748664
2026042204013282,API,44,44,19326,337.2,6516727.2,Dynamic Money Managers Securities Pvt. Ltd.,Dynamic Money Managers Securities Pvt. Ltd.,2026-04-22 13:35:14.748756
2026042204013318,API,44,45,100,337.0,33700.0,Dynamic Money Managers Securities Pvt. Ltd.,Imperial Securities Company Pvt. Ltd.,2026-04-22 13:35:43.450744
2026042204013410,API,38,44,245,337.2,82614.0,Dipshikha Dhitopatra Karobar Co. Pvt Ltd.,Dynamic Money Managers Securities Pvt. Ltd.,2026-04-22 13:37:40.602896
2026042204013609,API,44,34,100,337.0,33700.0,Dynamic Money Managers Securities Pvt. Ltd.,Vision Securities Pvt. Ltd,2026-04-22 13:40:13.001501
2026042204013694,API,16,45,30,338.0,10140.0,Primo Securities (PVT) Ltd.,Imperial Securities Company Pvt. Ltd.,2026-04-22 13:41:44.434276
2026042204013699,API,16,43,120,338.0,40560.0,Primo Securities (PVT) Ltd.,South Asian Bulls Pvt. Ltd.,2026-04-22 13:42:02.843956
2026042204013700,API,58,43,15,338.0,5070.0,Naasa Securities Co. Ltd.,South Asian Bulls Pvt. Ltd.,2026-04-22 13:42:02.844855
2026042204013772,API,32,43,20,338.0,6760.0,Premier Securities Company Ltd.,South Asian Bulls Pvt. Ltd.,2026-04-22 13:43:31.810440
2026042204013781,API,42,43,200,338.0,67600.0,Sani Securities Company Ltd.,South Asian Bulls Pvt. Ltd.,2026-04-22 13:43:34.950157
2026042204014038,API,44,32,38,337.0,12806.0,Dynamic Money Managers Securities Pvt. Ltd.,Premier Securities Company Ltd.,2026-04-22 13:50:03.882864
2026042204014123,API,44,48,270,337.0,90990.0,Dynamic Money Managers Securities Pvt. Ltd.,Trishakti Securities Public Limited,2026-04-22 13:51:51.630660
2026042204014127,API,44,59,127,337.0,42799.0,Dynamic Money Managers Securities Pvt. Ltd.,Deevyaa Securities & Stock House Pvt. Ltd,2026-04-22 13:52:03.100955
2026042204014433,API,25,44,699,337.1,235632.9,Sweta Securities Private Limited,Dynamic Money Managers Securities Pvt. Ltd.,2026-04-22 13:56:50.065256
2026042204014434,API,22,43,95,338.0,32110.0,Siprabi Securities Pvt. Ltd.,South Asian Bulls Pvt. Ltd.,2026-04-22 13:56:56.887714
2026042204014454,API,85,43,150,338.0,50700.0,Capital Hub P. Ltd,South Asian Bulls Pvt. Ltd.,2026-04-22 13:57:19.040604
2026042204014460,API,25,65,301,337.1,101467.1,Sweta Securities Private Limited,Sharepro Securities Private Limited,2026-04-22 13:57:30.362908
2026042204014461,API,44,65,199,337.0,67063.0,Dynamic Money Managers Securities Pvt. Ltd.,Sharepro Securities Private Limited,2026-04-22 13:57:30.363455
2026042204014513,API,44,57,57,337.0,19209.0,Dynamic Money Managers Securities Pvt. Ltd.,Aryatara Investment & Securities,2026-04-22 13:58:12.563341
2026042204014520,API,44,35,300,337.0,101100.0,Dynamic Money Managers Securities Pvt. Ltd.,Kohinoor Investment & Securities Pvt. Ltd.,2026-04-22 13:58:23.628168
2026042204014564,API,29,43,57,338.0,19266.0,Trisul Securities & Invt. Ltd.,South Asian Bulls Pvt. Ltd.,2026-04-22 13:59:12.301258
2026042204014565,API,29,45,43,338.0,14534.0,Trisul Securities & Invt. Ltd.,Imperial Securities Company Pvt. Ltd.,2026-04-22 13:59:12.301735
2026042204014567,API,44,5,210,337.0,70770.0,Dynamic Money Managers Securities Pvt. Ltd.,Market Securities & Exchange (PVT) Ltd.,2026-04-22 13:59:15.018298
2026042204014627,API,42,75,10,337.5,3375.0,Sani Securities Company Ltd.,N.I.M.B. Stock Markets Limited,2026-04-22 14:00:26.167588
2026042204014634,API,26,6,350,337.4,118090.0,Asian Securities Private Ltd.,Agrawal Securities (PVT) Ltd.,2026-04-22 14:00:43.316047
2026042204014635,API,26,75,330,337.5,111375.0,Asian Securities Private Ltd.,N.I.M.B. Stock Markets Limited,2026-04-22 14:00:43.317003
2026042204014680,API,41,75,15,337.5,5062.5,Linch Stock Market Ltd.,N.I.M.B. Stock Markets Limited,2026-04-22 14:01:21.043916
2026042204014732,API,44,26,91,337.0,30667.0,Dynamic Money Managers Securities Pvt. Ltd.,Asian Securities Private Ltd.,2026-04-22 14:01:55.788673
2026042204014797,API,44,60,75,337.0,25275.0,Dynamic Money Managers Securities Pvt. Ltd.,Nagarik Stock Dealer ,2026-04-22 14:03:29.915804
2026042204014957,API,44,34,100,337.0,33700.0,Dynamic Money Managers Securities Pvt. Ltd.,Vision Securities Pvt. Ltd,2026-04-22 14:05:56.191862
2026042204014958,API,13,57,1,334.1,334.1,Thrive Brokerage House Pvt. Ltd,Aryatara Investment & Securities,2026-04-22 14:05:57.464695
2026042204015002,API,25,45,200,337.1,67420.0,Sweta Securities Private Limited,Imperial Securities Company Pvt. Ltd.,2026-04-22 14:07:02.254724
2026042204015042,API,25,25,440,337.1,148324.0,Sweta Securities Private Limited,Sweta Securities Private Limited,2026-04-22 14:08:10.593072
2026042204015147,API,25,29,360,337.1,121356.0,Sweta Securities Private Limited,Trisul Securities & Invt. Ltd.,2026-04-22 14:09:19.578581
2026042204015148,API,57,29,200,337.1,67420.0,Aryatara Investment & Securities,Trisul Securities & Invt. Ltd.,2026-04-22 14:09:19.579136
2026042204015149,API,44,29,4905,337.0,1652985.0,Dynamic Money Managers Securities Pvt. Ltd.,Trisul Securities & Invt. Ltd.,2026-04-22 14:09:19.579446
2026042204015159,API,96,75,10,337.5,3375.0,Himalayan Securities Limited,N.I.M.B. Stock Markets Limited,2026-04-22 14:09:37.410456
2026042204015179,API,43,75,135,337.5,45562.5,South Asian Bulls Pvt. Ltd.,N.I.M.B. Stock Markets Limited,2026-04-22 14:09:56.987428
2026042204015180,API,43,45,225,337.5,75937.5,South Asian Bulls Pvt. Ltd.,Imperial Securities Company Pvt. Ltd.,2026-04-22 14:09:56.987981
2026042204015182,API,44,14,250,337.0,84250.0,Dynamic Money Managers Securities Pvt. Ltd.,Nepal Stock House (PVT) Ltd.,2026-04-22 14:10:00.372378
2026042204015203,API,38,45,755,338.0,255190.0,Dipshikha Dhitopatra Karobar Co. Pvt Ltd.,Imperial Securities Company Pvt. Ltd.,2026-04-22 14:10:23.578505
2026042204015223,API,64,45,202,338.0,68276.0,SUN SECURITIES PVT LTD,Imperial Securities Company Pvt. Ltd.,2026-04-22 14:10:48.907371
2026042204015224,API,64,62,298,338.0,100724.0,SUN SECURITIES PVT LTD,Capital Max Securities Ltd,2026-04-22 14:10:48.908435
2026042204015334,API,44,58,30,337.0,10110.0,Dynamic Money Managers Securities Pvt. Ltd.,Naasa Securities Co. Ltd.,2026-04-22 14:13:24.624678
2026042204015394,API,25,44,500,337.1,168550.0,Sweta Securities Private Limited,Dynamic Money Managers Securities Pvt. Ltd.,2026-04-22 14:14:37.877401
2026042204015417,API,66,62,202,338.0,68276.0,Miyo Securities Pvt Ltd,Capital Max Securities Ltd,2026-04-22 14:15:11.310955
2026042204015418,API,66,45,400,338.2,135280.0,Miyo Securities Pvt Ltd,Imperial Securities Company Pvt. Ltd.,2026-04-22 14:15:11.311094
2026042204015419,API,66,45,30,338.5,10155.0,Miyo Securities Pvt Ltd,Imperial Securities Company Pvt. Ltd.,2026-04-22 14:15:11.311198
2026042204015420,API,66,44,500,338.5,169250.0,Miyo Securities Pvt Ltd,Dynamic Money Managers Securities Pvt. Ltd.,2026-04-22 14:15:11.311295
2026042204015421,API,66,58,36,338.5,12186.0,Miyo Securities Pvt Ltd,Naasa Securities Co. Ltd.,2026-04-22 14:15:11.311396
2026042204015422,API,66,66,100,338.8,33880.0,Miyo Securities Pvt Ltd,Miyo Securities Pvt Ltd,2026-04-22 14:15:11.311481
2026042204015423,API,66,50,20,338.8,6776.0,Miyo Securities Pvt Ltd,Cristal Kanchanjanga Securites Pvt. Ltd.,2026-04-22 14:15:11.311560
2026042204015424,API,66,50,55,338.8,18634.0,Miyo Securities Pvt Ltd,Cristal Kanchanjanga Securites Pvt. Ltd.,2026-04-22 14:15:11.311634
2026042204015425,API,66,6,525,339.0,177975.0,Miyo Securities Pvt Ltd,Agrawal Securities (PVT) Ltd.,2026-04-22 14:15:11.311716
2026042204015426,API,66,58,165,339.0,55935.0,Miyo Securities Pvt Ltd,Naasa Securities Co. Ltd.,2026-04-22 14:15:11.311792
2026042204015427,API,66,7,450,339.0,152550.0,Miyo Securities Pvt Ltd,J.F. Securites (PVT) Ltd.,2026-04-22 14:15:11.311866
2026042204015428,API,66,45,517,339.0,175263.0,Miyo Securities Pvt Ltd,Imperial Securities Company Pvt. Ltd.,2026-04-22 14:15:11.311932
2026042204015552,API,34,42,200,337.5,67500.0,Vision Securities Pvt. Ltd,Sani Securities Company Ltd.,2026-04-22 14:18:00.169106
2026042204015654,API,34,45,10,337.4,3374.0,Vision Securities Pvt. Ltd,Imperial Securities Company Pvt. Ltd.,2026-04-22 14:19:15.552188
2026042204015685,API,95,45,10,338.0,3380.0,Magnet Securities and Investment Company Private Limited,Imperial Securities Company Pvt. Ltd.,2026-04-22 14:19:37.896331
2026042204015822,API,49,45,30,338.8,10164.0,Online Securities Pvt. Ltd.,Imperial Securities Company Pvt. Ltd.,2026-04-22 14:21:19.163967
2026042204015882,API,34,66,10,337.3,3373.0,Vision Securities Pvt. Ltd,Miyo Securities Pvt Ltd,2026-04-22 14:22:23.725264
2026042204015883,API,33,66,17,337.2,5732.4,Dakshinkali Investment & Securities Pvt. Ltd.,Miyo Securities Pvt Ltd,2026-04-22 14:22:23.725753
2026042204015921,API,33,16,33,337.2,11127.6,Dakshinkali Investment & Securities Pvt. Ltd.,Primo Securities (PVT) Ltd.,2026-04-22 14:22:49.285927
2026042204015922,API,14,16,100,337.2,33720.0,Nepal Stock House (PVT) Ltd.,Primo Securities (PVT) Ltd.,2026-04-22 14:22:49.286921
2026042204015923,API,44,16,867,337.2,292352.4,Dynamic Money Managers Securities Pvt. Ltd.,Primo Securities (PVT) Ltd.,2026-04-22 14:22:49.287627
2026042204015960,API,53,58,10,338.0,3380.0,Investment Management Nepal Pvt. Ltd.,Naasa Securities Co. Ltd.,2026-04-22 14:23:00.640887
2026042204015961,API,44,58,22,337.2,7418.4,Dynamic Money Managers Securities Pvt. Ltd.,Naasa Securities Co. Ltd.,2026-04-22 14:23:01.304440
2026042204015997,API,44,50,2000,337.2,674400.0,Dynamic Money Managers Securities Pvt. Ltd.,Cristal Kanchanjanga Securites Pvt. Ltd.,2026-04-22 14:23:32.883860
2026042204016003,API,44,72,500,337.2,168600.0,Dynamic Money Managers Securities Pvt. Ltd.,Hatemalo Financial Services Private Limited,2026-04-22 14:23:48.543646
2026042204016094,API,17,45,30,338.8,10164.0,ABC Securities Private Limited,Imperial Securities Company Pvt. Ltd.,2026-04-22 14:25:09.664767
2026042204016095,API,17,48,15,338.8,5082.0,ABC Securities Private Limited,Trishakti Securities Public Limited,2026-04-22 14:25:09.665754
2026042204016096,API,21,48,30,338.8,10164.0,Midas Stock Broking Company Private Limited,Trishakti Securities Public Limited,2026-04-22 14:25:12.781684
2026042204016263,API,25,21,500,337.1,168550.0,Sweta Securities Private Limited,Midas Stock Broking Company Private Limited,2026-04-22 14:28:15.477889
2026042204016264,API,14,21,1000,337.1,337100.0,Nepal Stock House (PVT) Ltd.,Midas Stock Broking Company Private Limited,2026-04-22 14:28:15.478373
2026042204016265,API,44,21,578,337.0,194786.0,Dynamic Money Managers Securities Pvt. Ltd.,Midas Stock Broking Company Private Limited,2026-04-22 14:28:15.478618
2026042204016266,API,45,21,20,337.0,6740.0,Imperial Securities Company Pvt. Ltd.,Midas Stock Broking Company Private Limited,2026-04-22 14:28:15.478862
2026042204016267,API,66,21,902,337.0,303974.0,Miyo Securities Pvt Ltd,Midas Stock Broking Company Private Limited,2026-04-22 14:28:15.479123
2026042204016343,API,66,64,1000,337.0,337000.0,Miyo Securities Pvt Ltd,SUN SECURITIES PVT LTD,2026-04-22 14:28:43.175212
2026042204016405,API,66,21,98,337.0,33026.0,Miyo Securities Pvt Ltd,Midas Stock Broking Company Private Limited,2026-04-22 14:29:21.088269
2026042204016406,API,14,21,100,337.0,33700.0,Nepal Stock House (PVT) Ltd.,Midas Stock Broking Company Private Limited,2026-04-22 14:29:21.089326
2026042204016407,API,58,21,15,337.0,5055.0,Naasa Securities Co. Ltd.,Midas Stock Broking Company Private Limited,2026-04-22 14:29:21.090092
2026042204016408,API,57,21,1000,337.0,337000.0,Aryatara Investment & Securities,Midas Stock Broking Company Private Limited,2026-04-22 14:29:21.090838
2026042204016409,API,58,21,28,337.0,9436.0,Naasa Securities Co. Ltd.,Midas Stock Broking Company Private Limited,2026-04-22 14:29:21.091614
2026042204016410,API,56,21,10,337.0,3370.0,Sri Hari Securities Pvt. Ltd.,Midas Stock Broking Company Private Limited,2026-04-22 14:29:21.092396
2026042204016411,API,32,21,250,337.0,84250.0,Premier Securities Company Ltd.,Midas Stock Broking Company Private Limited,2026-04-22 14:29:21.093170
2026042204016412,API,34,21,20,337.0,6740.0,Vision Securities Pvt. Ltd,Midas Stock Broking Company Private Limited,2026-04-22 14:29:22.277228
2026042204016623,API,46,45,49,337.0,16513.0,Kalika Securities Pvt. Ltd.,Imperial Securities Company Pvt. Ltd.,2026-04-22 14:32:17.426875
2026042204016624,API,58,45,173,337.0,58301.0,Naasa Securities Co. Ltd.,Imperial Securities Company Pvt. Ltd.,2026-04-22 14:32:17.427382
2026042204016625,API,19,45,10,336.7,3367.0,Nepal Investment And Securities Trading Private Limited,Imperial Securities Company Pvt. Ltd.,2026-04-22 14:32:17.427634
2026042204016626,API,57,45,200,336.6,67320.0,Aryatara Investment & Securities,Imperial Securities Company Pvt. Ltd.,2026-04-22 14:32:17.427871
2026042204016627,API,21,45,10,336.5,3365.0,Midas Stock Broking Company Private Limited,Imperial Securities Company Pvt. Ltd.,2026-04-22 14:32:17.428107
2026042204016628,API,32,45,200,336.5,67300.0,Premier Securities Company Ltd.,Imperial Securities Company Pvt. Ltd.,2026-04-22 14:32:17.428350
2026042204016629,API,77,45,250,336.0,84000.0,Nabil Stock Dealer Ltd.,Imperial Securities Company Pvt. Ltd.,2026-04-22 14:32:17.428586
2026042204016630,API,58,45,870,336.0,292320.0,Naasa Securities Co. Ltd.,Imperial Securities Company Pvt. Ltd.,2026-04-22 14:32:17.429006
2026042204016631,API,32,45,238,336.0,79968.0,Premier Securities Company Ltd.,Imperial Securities Company Pvt. Ltd.,2026-04-22 14:32:17.429265
2026042204016734,API,20,38,91,336.2,30594.2,Sipla Securities Private Limited,Dipshikha Dhitopatra Karobar Co. Pvt Ltd.,2026-04-22 14:33:29.790262
2026042204016860,API,32,45,280,337.1,94388.0,Premier Securities Company Ltd.,Imperial Securities Company Pvt. Ltd.,2026-04-22 14:34:33.519824
2026042204016938,API,57,21,479,337.2,161518.8,Aryatara Investment & Securities,Midas Stock Broking Company Private Limited,2026-04-22 14:35:12.503270
2026042204017020,API,14,74,285,338.0,96330.0,Nepal Stock House (PVT) Ltd.,KALASH STOCK MARKET PVT. LTD.,2026-04-22 14:35:52.367281
