contractId,stockSymbol,buyerMemberId,sellerMemberId,quantity,rate,amount,businessDate,tradeBookId,stockId,buyerBrokerName,sellerBrokerName,transaction_time,securityName
2026042203000008,CORBL,72,13,10,2050.0,20500.0,2026-04-22,187372137,450,Hatemalo Financial Services Private Limited,Thrive Brokerage House Pvt. Ltd,2026-04-22 10:46:00.060883,Corporate Development Bank Limited
2026042203000009,CORBL,3,62,10,2050.0,20500.0,2026-04-22,187372139,450,Arun Securities (PVT) Ltd.,Capital Max Securities Ltd,2026-04-22 10:46:00.060923,Corporate Development Bank Limited
2026042203000022,CORBL,72,62,10,2080.0,20800.0,2026-04-22,187372440,450,Hatemalo Financial Services Private Limited,Capital Max Securities Ltd,2026-04-22 11:00:05.582810,Corporate Development Bank Limited
2026042203000025,CORBL,3,58,10,2060.0,20600.0,2026-04-22,187372455,450,Arun Securities (PVT) Ltd.,Naasa Securities Co. Ltd.,2026-04-22 11:00:11.245407,Corporate Development Bank Limited
2026042203000029,CORBL,70,8,70,2020.0,141400.0,2026-04-22,187372531,450,Infinity Securities Limited,Brilliant Securities Pvt. Ltd.,2026-04-22 11:00:29.161649,Corporate Development Bank Limited
2026042203000030,CORBL,70,8,50,2050.0,102500.0,2026-04-22,187372533,450,Infinity Securities Limited,Brilliant Securities Pvt. Ltd.,2026-04-22 11:00:30.778176,Corporate Development Bank Limited
2026042203000034,CORBL,70,49,10,2050.0,20500.0,2026-04-22,187372543,450,Infinity Securities Limited,Online Securities Pvt. Ltd.,2026-04-22 11:00:33.598980,Corporate Development Bank Limited
2026042203000035,CORBL,72,49,10,2080.0,20800.0,2026-04-22,187372550,450,Hatemalo Financial Services Private Limited,Online Securities Pvt. Ltd.,2026-04-22 11:00:34.357926,Corporate Development Bank Limited
2026042203000037,CORBL,70,88,30,2050.0,61500.0,2026-04-22,187372577,450,Infinity Securities Limited,Blue Chip Securities Ltd,2026-04-22 11:00:37.413131,Corporate Development Bank Limited
2026042203000038,CORBL,72,49,10,2080.0,20800.0,2026-04-22,187372616,450,Hatemalo Financial Services Private Limited,Online Securities Pvt. Ltd.,2026-04-22 11:00:42.419544,Corporate Development Bank Limited
2026042203000039,CORBL,70,59,10,2050.0,20500.0,2026-04-22,187372636,450,Infinity Securities Limited,Deevyaa Securities & Stock House Pvt. Ltd,2026-04-22 11:00:44.876749,Corporate Development Bank Limited
2026042203000045,CORBL,70,17,100,2020.0,202000.0,2026-04-22,187372919,450,Infinity Securities Limited,ABC Securities Private Limited,2026-04-22 11:01:11.643897,Corporate Development Bank Limited
2026042203000046,CORBL,70,26,30,2020.0,60600.0,2026-04-22,187372938,450,Infinity Securities Limited,Asian Securities Private Ltd.,2026-04-22 11:01:13.382006,Corporate Development Bank Limited
2026042203000047,CORBL,72,71,10,2040.0,20400.0,2026-04-22,187372986,450,Hatemalo Financial Services Private Limited,SHUBHAKAMANA SECURITIES PVT. LTD,2026-04-22 11:01:17.209717,Corporate Development Bank Limited
2026042203000052,CORBL,70,64,100,2018.0,201800.0,2026-04-22,187373136,450,Infinity Securities Limited,SUN SECURITIES PVT LTD,2026-04-22 11:01:35.940167,Corporate Development Bank Limited
2026042203000053,CORBL,38,64,105,2017.0,211785.0,2026-04-22,187373137,450,Dipshikha Dhitopatra Karobar Co. Pvt Ltd.,SUN SECURITIES PVT LTD,2026-04-22 11:01:35.940302,Corporate Development Bank Limited
2026042203000054,CORBL,38,49,10,2017.0,20170.0,2026-04-22,187373183,450,Dipshikha Dhitopatra Karobar Co. Pvt Ltd.,Online Securities Pvt. Ltd.,2026-04-22 11:01:43.874938,Corporate Development Bank Limited
2026042203000055,CORBL,38,13,10,2017.0,20170.0,2026-04-22,187373233,450,Dipshikha Dhitopatra Karobar Co. Pvt Ltd.,Thrive Brokerage House Pvt. Ltd,2026-04-22 11:01:49.081142,Corporate Development Bank Limited
2026042203000059,CORBL,46,14,50,2018.0,100900.0,2026-04-22,187373351,450,Kalika Securities Pvt. Ltd.,Nepal Stock House (PVT) Ltd.,2026-04-22 11:01:57.841552,Corporate Development Bank Limited
2026042203000061,CORBL,46,1,20,2018.0,40360.0,2026-04-22,187373427,450,Kalika Securities Pvt. Ltd.,Kumari Securities Private Limited,2026-04-22 11:02:03.310537,Corporate Development Bank Limited
2026042203000065,CORBL,46,59,30,2018.0,60540.0,2026-04-22,187373517,450,Kalika Securities Pvt. Ltd.,Deevyaa Securities & Stock House Pvt. Ltd,2026-04-22 11:02:09.392972,Corporate Development Bank Limited
2026042203000066,CORBL,46,14,200,2018.0,403600.0,2026-04-22,187373589,450,Kalika Securities Pvt. Ltd.,Nepal Stock House (PVT) Ltd.,2026-04-22 11:02:14.798191,Corporate Development Bank Limited
2026042203000074,CORBL,38,14,15,2019.0,30285.0,2026-04-22,187373721,450,Dipshikha Dhitopatra Karobar Co. Pvt Ltd.,Nepal Stock House (PVT) Ltd.,2026-04-22 11:02:27.395375,Corporate Development Bank Limited
2026042203000075,CORBL,32,71,10,2040.0,20400.0,2026-04-22,187373852,450,Premier Securities Company Ltd.,SHUBHAKAMANA SECURITIES PVT. LTD,2026-04-22 11:02:37.132007,Corporate Development Bank Limited
2026042203000102,CORBL,58,58,10,2030.0,20300.0,2026-04-22,187374561,450,Naasa Securities Co. Ltd.,Naasa Securities Co. Ltd.,2026-04-22 11:03:29.612442,Corporate Development Bank Limited
2026042203000103,CORBL,58,71,10,2040.0,20400.0,2026-04-22,187374564,450,Naasa Securities Co. Ltd.,SHUBHAKAMANA SECURITIES PVT. LTD,2026-04-22 11:03:29.612623,Corporate Development Bank Limited
2026042203000105,CORBL,70,17,50,2020.0,101000.0,2026-04-22,187374627,450,Infinity Securities Limited,ABC Securities Private Limited,2026-04-22 11:03:34.478454,Corporate Development Bank Limited
2026042203000117,CORBL,32,71,10,2040.0,20400.0,2026-04-22,187375038,450,Premier Securities Company Ltd.,SHUBHAKAMANA SECURITIES PVT. LTD,2026-04-22 11:04:07.634847,Corporate Development Bank Limited
2026042203000122,CORBL,70,13,50,2020.0,101000.0,2026-04-22,187375296,450,Infinity Securities Limited,Thrive Brokerage House Pvt. Ltd,2026-04-22 11:04:27.869301,Corporate Development Bank Limited
2026042203000123,CORBL,38,13,150,2019.0,302850.0,2026-04-22,187375297,450,Dipshikha Dhitopatra Karobar Co. Pvt Ltd.,Thrive Brokerage House Pvt. Ltd,2026-04-22 11:04:27.869477,Corporate Development Bank Limited
2026042203000130,CORBL,32,58,10,2039.9,20399.0,2026-04-22,187375530,450,Premier Securities Company Ltd.,Naasa Securities Co. Ltd.,2026-04-22 11:04:39.910116,Corporate Development Bank Limited
2026042203000131,CORBL,32,58,10,2039.9,20399.0,2026-04-22,187375536,450,Premier Securities Company Ltd.,Naasa Securities Co. Ltd.,2026-04-22 11:04:41.266540,Corporate Development Bank Limited
2026042203000165,CORBL,46,22,17,2030.0,34510.0,2026-04-22,187376177,450,Kalika Securities Pvt. Ltd.,Siprabi Securities Pvt. Ltd.,2026-04-22 11:05:26.785379,Corporate Development Bank Limited
2026042203000203,CORBL,28,38,20,2031.0,40620.0,2026-04-22,187377258,450,Shree Krishna Securities Ltd.,Dipshikha Dhitopatra Karobar Co. Pvt Ltd.,2026-04-22 11:06:25.056922,Corporate Development Bank Limited
2026042203000204,CORBL,46,38,217,2030.0,440510.0,2026-04-22,187377259,450,Kalika Securities Pvt. Ltd.,Dipshikha Dhitopatra Karobar Co. Pvt Ltd.,2026-04-22 11:06:25.057012,Corporate Development Bank Limited
2026042203000213,CORBL,22,58,42,2039.9,85675.8,2026-04-22,187377472,450,Siprabi Securities Pvt. Ltd.,Naasa Securities Co. Ltd.,2026-04-22 11:06:39.919814,Corporate Development Bank Limited
2026042203000237,CORBL,46,17,50,2030.0,101500.0,2026-04-22,187377835,450,Kalika Securities Pvt. Ltd.,ABC Securities Private Limited,2026-04-22 11:06:59.709184,Corporate Development Bank Limited
2026042203000245,CORBL,3,57,10,2031.0,20310.0,2026-04-22,187378132,450,Arun Securities (PVT) Ltd.,Aryatara Investment & Securities,2026-04-22 11:07:20.909963,Corporate Development Bank Limited
2026042203000248,CORBL,96,58,48,2039.9,97915.2,2026-04-22,187378155,450,Himalayan Securities Limited,Naasa Securities Co. Ltd.,2026-04-22 11:07:23.518983,Corporate Development Bank Limited
2026042203000274,CORBL,96,16,42,2039.9,85675.8,2026-04-22,187378680,450,Himalayan Securities Limited,Primo Securities (PVT) Ltd.,2026-04-22 11:07:44.549392,Corporate Development Bank Limited
2026042203000287,CORBL,5,57,10,2039.8,20398.0,2026-04-22,187378875,450,Market Securities & Exchange (PVT) Ltd.,Aryatara Investment & Securities,2026-04-22 11:07:54.146110,Corporate Development Bank Limited
2026042203000288,CORBL,5,16,20,2039.9,40798.0,2026-04-22,187378878,450,Market Securities & Exchange (PVT) Ltd.,Primo Securities (PVT) Ltd.,2026-04-22 11:07:54.146306,Corporate Development Bank Limited
2026042203000324,CORBL,42,16,18,2039.9,36718.2,2026-04-22,187379849,450,Sani Securities Company Ltd.,Primo Securities (PVT) Ltd.,2026-04-22 11:08:40.080050,Corporate Development Bank Limited
2026042203000325,CORBL,42,22,10,2039.9,20399.0,2026-04-22,187379851,450,Sani Securities Company Ltd.,Siprabi Securities Pvt. Ltd.,2026-04-22 11:08:40.080158,Corporate Development Bank Limited
2026042203000326,CORBL,42,71,72,2040.0,146880.0,2026-04-22,187379854,450,Sani Securities Company Ltd.,SHUBHAKAMANA SECURITIES PVT. LTD,2026-04-22 11:08:40.080203,Corporate Development Bank Limited
2026042203000341,CORBL,42,71,28,2040.0,57120.0,2026-04-22,187380357,450,Sani Securities Company Ltd.,SHUBHAKAMANA SECURITIES PVT. LTD,2026-04-22 11:09:02.708470,Corporate Development Bank Limited
2026042203000342,CORBL,42,14,12,2040.0,24480.0,2026-04-22,187380360,450,Sani Securities Company Ltd.,Nepal Stock House (PVT) Ltd.,2026-04-22 11:09:02.708662,Corporate Development Bank Limited
2026042203000379,CORBL,46,25,50,2030.0,101500.0,2026-04-22,187382135,450,Kalika Securities Pvt. Ltd.,Sweta Securities Private Limited,2026-04-22 11:10:28.394326,Corporate Development Bank Limited
2026042203000427,CORBL,46,6,12,2030.0,24360.0,2026-04-22,187383827,450,Kalika Securities Pvt. Ltd.,Agrawal Securities (PVT) Ltd.,2026-04-22 11:11:55.033206,Corporate Development Bank Limited
2026042203000431,CORBL,46,57,50,2030.0,101500.0,2026-04-22,187384129,450,Kalika Securities Pvt. Ltd.,Aryatara Investment & Securities,2026-04-22 11:12:06.434682,Corporate Development Bank Limited
2026042203000475,CORBL,46,17,100,2030.0,203000.0,2026-04-22,187385903,450,Kalika Securities Pvt. Ltd.,ABC Securities Private Limited,2026-04-22 11:13:19.017778,Corporate Development Bank Limited
2026042203000546,CORBL,3,87,10,2030.1,20301.0,2026-04-22,187387840,450,Arun Securities (PVT) Ltd.,S.P.S.A. Securities Limited,2026-04-22 11:14:47.857936,Corporate Development Bank Limited
2026042203000547,CORBL,46,87,380,2030.0,771400.0,2026-04-22,187387841,450,Kalika Securities Pvt. Ltd.,S.P.S.A. Securities Limited,2026-04-22 11:14:47.858087,Corporate Development Bank Limited
2026042203000548,CORBL,46,26,10,2030.0,20300.0,2026-04-22,187387847,450,Kalika Securities Pvt. Ltd.,Asian Securities Private Ltd.,2026-04-22 11:14:48.409014,Corporate Development Bank Limited
2026042203000550,CORBL,46,25,50,2030.0,101500.0,2026-04-22,187387885,450,Kalika Securities Pvt. Ltd.,Sweta Securities Private Limited,2026-04-22 11:14:50.231288,Corporate Development Bank Limited
2026042203000561,CORBL,38,87,110,2030.2,223322.0,2026-04-22,187388180,450,Dipshikha Dhitopatra Karobar Co. Pvt Ltd.,S.P.S.A. Securities Limited,2026-04-22 11:15:06.016516,Corporate Development Bank Limited
2026042203000562,CORBL,46,87,90,2030.0,182700.0,2026-04-22,187388181,450,Kalika Securities Pvt. Ltd.,S.P.S.A. Securities Limited,2026-04-22 11:15:06.016626,Corporate Development Bank Limited
2026042203000572,CORBL,46,28,47,2030.0,95410.0,2026-04-22,187388585,450,Kalika Securities Pvt. Ltd.,Shree Krishna Securities Ltd.,2026-04-22 11:15:22.935836,Corporate Development Bank Limited
2026042203000613,CORBL,34,53,50,2031.0,101550.0,2026-04-22,187390080,450,Vision Securities Pvt. Ltd,Investment Management Nepal Pvt. Ltd.,2026-04-22 11:16:24.052214,Corporate Development Bank Limited
2026042203000614,CORBL,40,53,50,2030.2,101510.0,2026-04-22,187390081,450,Creative Securities Pvt Ltd,Investment Management Nepal Pvt. Ltd.,2026-04-22 11:16:24.052355,Corporate Development Bank Limited
2026042203000645,CORBL,38,26,17,2030.1,34511.7,2026-04-22,187391057,450,Dipshikha Dhitopatra Karobar Co. Pvt Ltd.,Asian Securities Private Ltd.,2026-04-22 11:17:03.579205,Corporate Development Bank Limited
2026042203000666,CORBL,46,58,140,2030.0,284200.0,2026-04-22,187391737,450,Kalika Securities Pvt. Ltd.,Naasa Securities Co. Ltd.,2026-04-22 11:17:31.673983,Corporate Development Bank Limited
2026042203000764,CORBL,46,58,236,2035.0,480260.0,2026-04-22,187394955,450,Kalika Securities Pvt. Ltd.,Naasa Securities Co. Ltd.,2026-04-22 11:19:44.869838,Corporate Development Bank Limited
2026042203000772,CORBL,46,81,10,2035.0,20350.0,2026-04-22,187395370,450,Kalika Securities Pvt. Ltd.,Aakashbhairab Securities Ltd.,2026-04-22 11:19:56.861910,Corporate Development Bank Limited
2026042203000814,CORBL,38,25,50,2040.0,102000.0,2026-04-22,187397271,450,Dipshikha Dhitopatra Karobar Co. Pvt Ltd.,Sweta Securities Private Limited,2026-04-22 11:20:59.999093,Corporate Development Bank Limited
2026042203000815,CORBL,38,38,50,2040.0,102000.0,2026-04-22,187397274,450,Dipshikha Dhitopatra Karobar Co. Pvt Ltd.,Dipshikha Dhitopatra Karobar Co. Pvt Ltd.,2026-04-22 11:20:59.999310,Corporate Development Bank Limited
2026042203000828,CORBL,58,56,10,2041.0,20410.0,2026-04-22,187397550,450,Naasa Securities Co. Ltd.,Sri Hari Securities Pvt. Ltd.,2026-04-22 11:21:13.019732,Corporate Development Bank Limited
2026042203000853,CORBL,32,56,10,2041.0,20410.0,2026-04-22,187398700,450,Premier Securities Company Ltd.,Sri Hari Securities Pvt. Ltd.,2026-04-22 11:22:02.586494,Corporate Development Bank Limited
2026042203000855,CORBL,22,21,10,2050.0,20500.0,2026-04-22,187398791,450,Siprabi Securities Pvt. Ltd.,Midas Stock Broking Company Private Limited,2026-04-22 11:22:08.072499,Corporate Development Bank Limited
2026042203000869,CORBL,32,22,11,2050.1,22551.1,2026-04-22,187399192,450,Premier Securities Company Ltd.,Siprabi Securities Pvt. Ltd.,2026-04-22 11:22:27.831442,Corporate Development Bank Limited
2026042203000870,CORBL,71,72,10,2041.1,20411.0,2026-04-22,187399225,450,SHUBHAKAMANA SECURITIES PVT. LTD,Hatemalo Financial Services Private Limited,2026-04-22 11:22:28.936174,Corporate Development Bank Limited
2026042203000895,CORBL,28,58,11,2070.0,22770.0,2026-04-22,187399819,450,Shree Krishna Securities Ltd.,Naasa Securities Co. Ltd.,2026-04-22 11:22:59.989038,Corporate Development Bank Limited
2026042203000896,CORBL,28,58,35,2070.0,72450.0,2026-04-22,187399821,450,Shree Krishna Securities Ltd.,Naasa Securities Co. Ltd.,2026-04-22 11:22:59.989098,Corporate Development Bank Limited
2026042203000897,CORBL,28,58,100,2075.0,207500.0,2026-04-22,187399823,450,Shree Krishna Securities Ltd.,Naasa Securities Co. Ltd.,2026-04-22 11:22:59.989126,Corporate Development Bank Limited
2026042203000898,CORBL,28,13,20,2076.9,41538.0,2026-04-22,187399825,450,Shree Krishna Securities Ltd.,Thrive Brokerage House Pvt. Ltd,2026-04-22 11:22:59.989149,Corporate Development Bank Limited
2026042203000899,CORBL,28,34,10,2077.0,20770.0,2026-04-22,187399828,450,Shree Krishna Securities Ltd.,Vision Securities Pvt. Ltd,2026-04-22 11:22:59.989171,Corporate Development Bank Limited
2026042203000900,CORBL,71,32,10,2041.1,20411.0,2026-04-22,187399829,450,SHUBHAKAMANA SECURITIES PVT. LTD,Premier Securities Company Ltd.,2026-04-22 11:23:00.943044,Corporate Development Bank Limited
2026042203000952,CORBL,28,16,150,2076.9,311535.0,2026-04-22,187401439,450,Shree Krishna Securities Ltd.,Primo Securities (PVT) Ltd.,2026-04-22 11:24:10.691243,Corporate Development Bank Limited
2026042203000953,CORBL,28,34,10,2077.0,20770.0,2026-04-22,187401441,450,Shree Krishna Securities Ltd.,Vision Securities Pvt. Ltd,2026-04-22 11:24:10.691279,Corporate Development Bank Limited
2026042203000954,CORBL,28,13,90,2077.0,186930.0,2026-04-22,187401443,450,Shree Krishna Securities Ltd.,Thrive Brokerage House Pvt. Ltd,2026-04-22 11:24:10.691304,Corporate Development Bank Limited
2026042203000955,CORBL,28,34,10,2079.0,20790.0,2026-04-22,187401445,450,Shree Krishna Securities Ltd.,Vision Securities Pvt. Ltd,2026-04-22 11:24:10.691351,Corporate Development Bank Limited
2026042203000956,CORBL,28,57,50,2080.0,104000.0,2026-04-22,187401447,450,Shree Krishna Securities Ltd.,Aryatara Investment & Securities,2026-04-22 11:24:10.691373,Corporate Development Bank Limited
2026042203000957,CORBL,28,22,10,2080.0,20800.0,2026-04-22,187401449,450,Shree Krishna Securities Ltd.,Siprabi Securities Pvt. Ltd.,2026-04-22 11:24:10.691394,Corporate Development Bank Limited
2026042203000958,CORBL,28,13,20,2089.9,41798.0,2026-04-22,187401451,450,Shree Krishna Securities Ltd.,Thrive Brokerage House Pvt. Ltd,2026-04-22 11:24:10.691416,Corporate Development Bank Limited
2026042203000959,CORBL,28,41,10,2090.0,20900.0,2026-04-22,187401454,450,Shree Krishna Securities Ltd.,Linch Stock Market Ltd.,2026-04-22 11:24:10.691438,Corporate Development Bank Limited
2026042203000961,CORBL,71,72,10,2042.1,20421.0,2026-04-22,187401477,450,SHUBHAKAMANA SECURITIES PVT. LTD,Hatemalo Financial Services Private Limited,2026-04-22 11:24:12.961341,Corporate Development Bank Limited
2026042203001014,CORBL,71,1,130,2050.5,266565.0,2026-04-22,187403185,450,SHUBHAKAMANA SECURITIES PVT. LTD,Kumari Securities Private Limited,2026-04-22 11:25:57.884827,Corporate Development Bank Limited
2026042203001037,CORBL,46,41,40,2090.0,83600.0,2026-04-22,187403803,450,Kalika Securities Pvt. Ltd.,Linch Stock Market Ltd.,2026-04-22 11:26:37.266366,Corporate Development Bank Limited
2026042203001038,CORBL,46,56,30,2090.0,62700.0,2026-04-22,187403805,450,Kalika Securities Pvt. Ltd.,Sri Hari Securities Pvt. Ltd.,2026-04-22 11:26:37.266472,Corporate Development Bank Limited
2026042203001039,CORBL,46,49,40,2090.0,83600.0,2026-04-22,187403807,450,Kalika Securities Pvt. Ltd.,Online Securities Pvt. Ltd.,2026-04-22 11:26:37.266566,Corporate Development Bank Limited
2026042203001040,CORBL,46,6,30,2090.0,62700.0,2026-04-22,187403809,450,Kalika Securities Pvt. Ltd.,Agrawal Securities (PVT) Ltd.,2026-04-22 11:26:37.266634,Corporate Development Bank Limited
2026042203001041,CORBL,46,47,40,2090.0,83600.0,2026-04-22,187403811,450,Kalika Securities Pvt. Ltd.,Neev Securities Pvt. Ltd.,2026-04-22 11:26:37.266710,Corporate Development Bank Limited
2026042203001042,CORBL,46,34,10,2090.0,20900.0,2026-04-22,187403813,450,Kalika Securities Pvt. Ltd.,Vision Securities Pvt. Ltd,2026-04-22 11:26:37.266774,Corporate Development Bank Limited
2026042203001043,CORBL,46,25,10,2090.0,20900.0,2026-04-22,187403815,450,Kalika Securities Pvt. Ltd.,Sweta Securities Private Limited,2026-04-22 11:26:37.266840,Corporate Development Bank Limited
2026042203001044,CORBL,46,91,10,2090.0,20900.0,2026-04-22,187403817,450,Kalika Securities Pvt. Ltd.,Citizens Share Broker Limited,2026-04-22 11:26:37.266902,Corporate Development Bank Limited
2026042203001045,CORBL,46,13,20,2090.8,41816.0,2026-04-22,187403819,450,Kalika Securities Pvt. Ltd.,Thrive Brokerage House Pvt. Ltd,2026-04-22 11:26:37.266975,Corporate Development Bank Limited
2026042203001046,CORBL,46,34,201,2090.9,420270.9,2026-04-22,187403821,450,Kalika Securities Pvt. Ltd.,Vision Securities Pvt. Ltd,2026-04-22 11:26:37.267070,Corporate Development Bank Limited
2026042203001047,CORBL,46,20,100,2090.9,209090.0,2026-04-22,187403823,450,Kalika Securities Pvt. Ltd.,Sipla Securities Private Limited,2026-04-22 11:26:37.267140,Corporate Development Bank Limited
2026042203001048,CORBL,46,28,30,2096.0,62880.0,2026-04-22,187403825,450,Kalika Securities Pvt. Ltd.,Shree Krishna Securities Ltd.,2026-04-22 11:26:37.267211,Corporate Development Bank Limited
2026042203001049,CORBL,46,38,17,2096.0,35632.0,2026-04-22,187403827,450,Kalika Securities Pvt. Ltd.,Dipshikha Dhitopatra Karobar Co. Pvt Ltd.,2026-04-22 11:26:37.267268,Corporate Development Bank Limited
2026042203001050,CORBL,46,25,50,2096.0,104800.0,2026-04-22,187403829,450,Kalika Securities Pvt. Ltd.,Sweta Securities Private Limited,2026-04-22 11:26:37.267336,Corporate Development Bank Limited
2026042203001051,CORBL,46,71,100,2096.0,209600.0,2026-04-22,187403831,450,Kalika Securities Pvt. Ltd.,SHUBHAKAMANA SECURITIES PVT. LTD,2026-04-22 11:26:37.267411,Corporate Development Bank Limited
2026042203001052,CORBL,46,91,10,2096.0,20960.0,2026-04-22,187403833,450,Kalika Securities Pvt. Ltd.,Citizens Share Broker Limited,2026-04-22 11:26:37.267478,Corporate Development Bank Limited
2026042203001053,CORBL,46,13,90,2099.9,188991.0,2026-04-22,187403835,450,Kalika Securities Pvt. Ltd.,Thrive Brokerage House Pvt. Ltd,2026-04-22 11:26:37.267545,Corporate Development Bank Limited
2026042203001054,CORBL,46,57,50,2099.9,104995.0,2026-04-22,187403837,450,Kalika Securities Pvt. Ltd.,Aryatara Investment & Securities,2026-04-22 11:26:37.267614,Corporate Development Bank Limited
2026042203001055,CORBL,46,56,10,2100.0,21000.0,2026-04-22,187403839,450,Kalika Securities Pvt. Ltd.,Sri Hari Securities Pvt. Ltd.,2026-04-22 11:26:37.267682,Corporate Development Bank Limited
2026042203001056,CORBL,46,35,100,2100.0,210000.0,2026-04-22,187403841,450,Kalika Securities Pvt. Ltd.,Kohinoor Investment & Securities Pvt. Ltd.,2026-04-22 11:26:37.267751,Corporate Development Bank Limited
2026042203001057,CORBL,46,49,100,2100.0,210000.0,2026-04-22,187403843,450,Kalika Securities Pvt. Ltd.,Online Securities Pvt. Ltd.,2026-04-22 11:26:37.267815,Corporate Development Bank Limited
2026042203001058,CORBL,46,75,875,2100.0,1837500.0,2026-04-22,187403695,450,Kalika Securities Pvt. Ltd.,N.I.M.B. Stock Markets Limited,2026-04-22 11:26:37.267886,Corporate Development Bank Limited
2026042203001059,CORBL,46,6,10,2100.0,21000.0,2026-04-22,187403697,450,Kalika Securities Pvt. Ltd.,Agrawal Securities (PVT) Ltd.,2026-04-22 11:26:37.267940,Corporate Development Bank Limited
2026042203001060,CORBL,46,13,900,2100.0,1890000.0,2026-04-22,187403699,450,Kalika Securities Pvt. Ltd.,Thrive Brokerage House Pvt. Ltd,2026-04-22 11:26:37.268006,Corporate Development Bank Limited
2026042203001061,CORBL,46,6,100,2100.0,210000.0,2026-04-22,187403701,450,Kalika Securities Pvt. Ltd.,Agrawal Securities (PVT) Ltd.,2026-04-22 11:26:37.268090,Corporate Development Bank Limited
2026042203001062,CORBL,46,41,10,2100.0,21000.0,2026-04-22,187403703,450,Kalika Securities Pvt. Ltd.,Linch Stock Market Ltd.,2026-04-22 11:26:37.268152,Corporate Development Bank Limited
2026042203001063,CORBL,46,49,100,2100.0,210000.0,2026-04-22,187403705,450,Kalika Securities Pvt. Ltd.,Online Securities Pvt. Ltd.,2026-04-22 11:26:37.268215,Corporate Development Bank Limited
2026042203001064,CORBL,46,8,50,2100.0,105000.0,2026-04-22,187403707,450,Kalika Securities Pvt. Ltd.,Brilliant Securities Pvt. Ltd.,2026-04-22 11:26:37.268280,Corporate Development Bank Limited
2026042203001065,CORBL,46,17,20,2100.0,42000.0,2026-04-22,187403709,450,Kalika Securities Pvt. Ltd.,ABC Securities Private Limited,2026-04-22 11:26:37.268347,Corporate Development Bank Limited
2026042203001066,CORBL,46,6,100,2100.0,210000.0,2026-04-22,187403711,450,Kalika Securities Pvt. Ltd.,Agrawal Securities (PVT) Ltd.,2026-04-22 11:26:37.268413,Corporate Development Bank Limited
2026042203001067,CORBL,46,5,20,2100.0,42000.0,2026-04-22,187403713,450,Kalika Securities Pvt. Ltd.,Market Securities & Exchange (PVT) Ltd.,2026-04-22 11:26:37.268495,Corporate Development Bank Limited
2026042203001068,CORBL,46,57,20,2100.0,42000.0,2026-04-22,187403715,450,Kalika Securities Pvt. Ltd.,Aryatara Investment & Securities,2026-04-22 11:26:37.268575,Corporate Development Bank Limited
2026042203001069,CORBL,46,71,20,2100.0,42000.0,2026-04-22,187403717,450,Kalika Securities Pvt. Ltd.,SHUBHAKAMANA SECURITIES PVT. LTD,2026-04-22 11:26:37.268638,Corporate Development Bank Limited
2026042203001070,CORBL,46,58,10,2100.0,21000.0,2026-04-22,187403719,450,Kalika Securities Pvt. Ltd.,Naasa Securities Co. Ltd.,2026-04-22 11:26:37.268701,Corporate Development Bank Limited
2026042203001071,CORBL,46,17,20,2100.0,42000.0,2026-04-22,187403721,450,Kalika Securities Pvt. Ltd.,ABC Securities Private Limited,2026-04-22 11:26:37.268764,Corporate Development Bank Limited
2026042203001072,CORBL,46,46,55,2100.0,115500.0,2026-04-22,187403723,450,Kalika Securities Pvt. Ltd.,Kalika Securities Pvt. Ltd.,2026-04-22 11:26:37.268824,Corporate Development Bank Limited
2026042203001073,CORBL,46,45,27,2100.0,56700.0,2026-04-22,187403725,450,Kalika Securities Pvt. Ltd.,Imperial Securities Company Pvt. Ltd.,2026-04-22 11:26:37.268887,Corporate Development Bank Limited
2026042203001074,CORBL,46,58,10,2100.0,21000.0,2026-04-22,187403727,450,Kalika Securities Pvt. Ltd.,Naasa Securities Co. Ltd.,2026-04-22 11:26:37.268955,Corporate Development Bank Limited
2026042203001075,CORBL,46,41,50,2100.0,105000.0,2026-04-22,187403729,450,Kalika Securities Pvt. Ltd.,Linch Stock Market Ltd.,2026-04-22 11:26:37.269013,Corporate Development Bank Limited
2026042203001076,CORBL,46,17,100,2101.0,210100.0,2026-04-22,187403731,450,Kalika Securities Pvt. Ltd.,ABC Securities Private Limited,2026-04-22 11:26:37.269127,Corporate Development Bank Limited
2026042203001077,CORBL,46,43,45,2101.0,94545.0,2026-04-22,187403733,450,Kalika Securities Pvt. Ltd.,South Asian Bulls Pvt. Ltd.,2026-04-22 11:26:37.269188,Corporate Development Bank Limited
2026042203001078,CORBL,46,75,10,2101.0,21010.0,2026-04-22,187403735,450,Kalika Securities Pvt. Ltd.,N.I.M.B. Stock Markets Limited,2026-04-22 11:26:37.269253,Corporate Development Bank Limited
2026042203001079,CORBL,46,45,500,2101.0,1050500.0,2026-04-22,187403737,450,Kalika Securities Pvt. Ltd.,Imperial Securities Company Pvt. Ltd.,2026-04-22 11:26:37.269320,Corporate Development Bank Limited
2026042203001080,CORBL,46,7,10,2101.0,21010.0,2026-04-22,187403739,450,Kalika Securities Pvt. Ltd.,J.F. Securites (PVT) Ltd.,2026-04-22 11:26:37.269384,Corporate Development Bank Limited
2026042203001081,CORBL,46,6,100,2101.0,210100.0,2026-04-22,187403741,450,Kalika Securities Pvt. Ltd.,Agrawal Securities (PVT) Ltd.,2026-04-22 11:26:37.269447,Corporate Development Bank Limited
2026042203001082,CORBL,46,49,100,2101.0,210100.0,2026-04-22,187403743,450,Kalika Securities Pvt. Ltd.,Online Securities Pvt. Ltd.,2026-04-22 11:26:37.269511,Corporate Development Bank Limited
2026042203001083,CORBL,46,34,49,2101.2,102958.8,2026-04-22,187403745,450,Kalika Securities Pvt. Ltd.,Vision Securities Pvt. Ltd,2026-04-22 11:26:37.269575,Corporate Development Bank Limited
2026042203001084,CORBL,46,65,10,2101.2,21012.0,2026-04-22,187403747,450,Kalika Securities Pvt. Ltd.,Sharepro Securities Private Limited,2026-04-22 11:26:37.269629,Corporate Development Bank Limited
2026042203001085,CORBL,46,49,60,2102.0,126120.0,2026-04-22,187403749,450,Kalika Securities Pvt. Ltd.,Online Securities Pvt. Ltd.,2026-04-22 11:26:37.269687,Corporate Development Bank Limited
2026042203001086,CORBL,46,13,20,2102.0,42040.0,2026-04-22,187403751,450,Kalika Securities Pvt. Ltd.,Thrive Brokerage House Pvt. Ltd,2026-04-22 11:26:37.269752,Corporate Development Bank Limited
2026042203001087,CORBL,46,49,80,2102.0,168160.0,2026-04-22,187403753,450,Kalika Securities Pvt. Ltd.,Online Securities Pvt. Ltd.,2026-04-22 11:26:37.269841,Corporate Development Bank Limited
2026042203001088,CORBL,46,58,14,2102.0,29428.0,2026-04-22,187403755,450,Kalika Securities Pvt. Ltd.,Naasa Securities Co. Ltd.,2026-04-22 11:26:37.269896,Corporate Development Bank Limited
2026042203001089,CORBL,46,13,20,2102.0,42040.0,2026-04-22,187403757,450,Kalika Securities Pvt. Ltd.,Thrive Brokerage House Pvt. Ltd,2026-04-22 11:26:37.269962,Corporate Development Bank Limited
2026042203001090,CORBL,46,58,40,2102.3,84092.0,2026-04-22,187403759,450,Kalika Securities Pvt. Ltd.,Naasa Securities Co. Ltd.,2026-04-22 11:26:37.270043,Corporate Development Bank Limited
2026042203001091,CORBL,46,58,13,2103.0,27339.0,2026-04-22,187403761,450,Kalika Securities Pvt. Ltd.,Naasa Securities Co. Ltd.,2026-04-22 11:26:37.270110,Corporate Development Bank Limited
2026042203001092,CORBL,46,58,35,2103.3,73615.5,2026-04-22,187403763,450,Kalika Securities Pvt. Ltd.,Naasa Securities Co. Ltd.,2026-04-22 11:26:37.270182,Corporate Development Bank Limited
2026042203001093,CORBL,46,48,50,2111.0,105550.0,2026-04-22,187403765,450,Kalika Securities Pvt. Ltd.,Trishakti Securities Public Limited,2026-04-22 11:26:37.270257,Corporate Development Bank Limited
2026042203001094,CORBL,46,6,100,2111.0,211100.0,2026-04-22,187403767,450,Kalika Securities Pvt. Ltd.,Agrawal Securities (PVT) Ltd.,2026-04-22 11:26:37.270323,Corporate Development Bank Limited
2026042203001095,CORBL,46,43,30,2111.0,63330.0,2026-04-22,187403769,450,Kalika Securities Pvt. Ltd.,South Asian Bulls Pvt. Ltd.,2026-04-22 11:26:37.270372,Corporate Development Bank Limited
2026042203001096,CORBL,46,34,357,2111.0,753627.0,2026-04-22,187403771,450,Kalika Securities Pvt. Ltd.,Vision Securities Pvt. Ltd,2026-04-22 11:26:37.270436,Corporate Development Bank Limited
2026042203001097,CORBL,46,58,100,2111.5,211150.0,2026-04-22,187403773,450,Kalika Securities Pvt. Ltd.,Naasa Securities Co. Ltd.,2026-04-22 11:26:37.270500,Corporate Development Bank Limited
2026042203001098,CORBL,46,4,100,2111.5,211150.0,2026-04-22,187403775,450,Kalika Securities Pvt. Ltd.,Opal Securities Investment (PVT) Ltd.,2026-04-22 11:26:37.270569,Corporate Development Bank Limited
2026042203001099,CORBL,46,57,20,2111.5,42230.0,2026-04-22,187403777,450,Kalika Securities Pvt. Ltd.,Aryatara Investment & Securities,2026-04-22 11:26:37.270625,Corporate Development Bank Limited
2026042203001100,CORBL,46,36,200,2111.5,422300.0,2026-04-22,187403779,450,Kalika Securities Pvt. Ltd.,Secured Securities Ltd.,2026-04-22 11:26:37.270673,Corporate Development Bank Limited
2026042203001101,CORBL,46,6,240,2111.5,506760.0,2026-04-22,187403781,450,Kalika Securities Pvt. Ltd.,Agrawal Securities (PVT) Ltd.,2026-04-22 11:26:37.270757,Corporate Development Bank Limited
2026042203001102,CORBL,46,34,110,2111.5,232265.0,2026-04-22,187403783,450,Kalika Securities Pvt. Ltd.,Vision Securities Pvt. Ltd,2026-04-22 11:26:37.270822,Corporate Development Bank Limited
2026042203001103,CORBL,46,41,210,2112.0,443520.0,2026-04-22,187403785,450,Kalika Securities Pvt. Ltd.,Linch Stock Market Ltd.,2026-04-22 11:26:37.270885,Corporate Development Bank Limited
2026042203001104,CORBL,46,58,138,2112.0,291456.0,2026-04-22,187403787,450,Kalika Securities Pvt. Ltd.,Naasa Securities Co. Ltd.,2026-04-22 11:26:37.270950,Corporate Development Bank Limited
2026042203001105,CORBL,46,71,100,2112.0,211200.0,2026-04-22,187403789,450,Kalika Securities Pvt. Ltd.,SHUBHAKAMANA SECURITIES PVT. LTD,2026-04-22 11:26:37.271012,Corporate Development Bank Limited
2026042203001106,CORBL,46,13,900,2121.0,1908900.0,2026-04-22,187403791,450,Kalika Securities Pvt. Ltd.,Thrive Brokerage House Pvt. Ltd,2026-04-22 11:26:37.271090,Corporate Development Bank Limited
2026042203001107,CORBL,46,50,100,2121.0,212100.0,2026-04-22,187403793,450,Kalika Securities Pvt. Ltd.,Cristal Kanchanjanga Securites Pvt. Ltd.,2026-04-22 11:26:37.271156,Corporate Development Bank Limited
2026042203001108,CORBL,46,4,20,2121.0,42420.0,2026-04-22,187403795,450,Kalika Securities Pvt. Ltd.,Opal Securities Investment (PVT) Ltd.,2026-04-22 11:26:37.271216,Corporate Development Bank Limited
2026042203001109,CORBL,46,34,20,2121.0,42420.0,2026-04-22,187403797,450,Kalika Securities Pvt. Ltd.,Vision Securities Pvt. Ltd,2026-04-22 11:26:37.271265,Corporate Development Bank Limited
2026042203001110,CORBL,46,56,20,2145.0,42900.0,2026-04-22,187403799,450,Kalika Securities Pvt. Ltd.,Sri Hari Securities Pvt. Ltd.,2026-04-22 11:26:37.271325,Corporate Development Bank Limited
2026042203001111,CORBL,46,32,10,2152.7,21527.0,2026-04-22,187403801,450,Kalika Securities Pvt. Ltd.,Premier Securities Company Ltd.,2026-04-22 11:26:37.271385,Corporate Development Bank Limited
2026042203001113,CORBL,32,28,10,2217.2,22172.0,2026-04-22,187403892,450,Premier Securities Company Ltd.,Shree Krishna Securities Ltd.,2026-04-22 11:26:39.898009,Corporate Development Bank Limited
2026042203001114,CORBL,71,72,10,2050.5,20505.0,2026-04-22,187403923,450,SHUBHAKAMANA SECURITIES PVT. LTD,Hatemalo Financial Services Private Limited,2026-04-22 11:26:43.268879,Corporate Development Bank Limited
2026042203001127,CORBL,58,32,10,2051.0,20510.0,2026-04-22,187404601,450,Naasa Securities Co. Ltd.,Premier Securities Company Ltd.,2026-04-22 11:27:26.599970,Corporate Development Bank Limited
2026042203001155,CORBL,60,49,142,2051.1,291256.2,2026-04-22,187405509,450,Nagarik Stock Dealer ,Online Securities Pvt. Ltd.,2026-04-22 11:28:18.402155,Corporate Development Bank Limited
2026042203001159,CORBL,46,49,52,2080.0,108160.0,2026-04-22,187405763,450,Kalika Securities Pvt. Ltd.,Online Securities Pvt. Ltd.,2026-04-22 11:28:31.856448,Corporate Development Bank Limited
2026042203001160,CORBL,46,4,10,2100.0,21000.0,2026-04-22,187405765,450,Kalika Securities Pvt. Ltd.,Opal Securities Investment (PVT) Ltd.,2026-04-22 11:28:31.856536,Corporate Development Bank Limited
2026042203001161,CORBL,46,47,30,2112.0,63360.0,2026-04-22,187405767,450,Kalika Securities Pvt. Ltd.,Neev Securities Pvt. Ltd.,2026-04-22 11:28:31.856614,Corporate Development Bank Limited
2026042203001162,CORBL,46,88,20,2112.0,42240.0,2026-04-22,187405769,450,Kalika Securities Pvt. Ltd.,Blue Chip Securities Ltd,2026-04-22 11:28:31.856676,Corporate Development Bank Limited
2026042203001163,CORBL,46,5,132,2200.0,290400.0,2026-04-22,187405771,450,Kalika Securities Pvt. Ltd.,Market Securities & Exchange (PVT) Ltd.,2026-04-22 11:28:31.856735,Corporate Development Bank Limited
2026042203001164,CORBL,46,57,30,2270.1,68103.0,2026-04-22,187405773,450,Kalika Securities Pvt. Ltd.,Aryatara Investment & Securities,2026-04-22 11:28:31.856795,Corporate Development Bank Limited
2026042203001165,CORBL,46,72,10,2283.7,22837.0,2026-04-22,187405775,450,Kalika Securities Pvt. Ltd.,Hatemalo Financial Services Private Limited,2026-04-22 11:28:31.856853,Corporate Development Bank Limited
2026042203001168,CORBL,32,60,10,2300.0,23000.0,2026-04-22,187405818,450,Premier Securities Company Ltd.,Nagarik Stock Dealer ,2026-04-22 11:28:34.187547,Corporate Development Bank Limited
2026042203001171,CORBL,60,72,10,2051.1,20511.0,2026-04-22,187405865,450,Nagarik Stock Dealer ,Hatemalo Financial Services Private Limited,2026-04-22 11:28:35.498521,Corporate Development Bank Limited
2026042203001177,CORBL,14,38,10,2052.0,20520.0,2026-04-22,187406231,450,Nepal Stock House (PVT) Ltd.,Dipshikha Dhitopatra Karobar Co. Pvt Ltd.,2026-04-22 11:28:57.062908,Corporate Development Bank Limited
2026042203001187,CORBL,4,26,5,2020.0,10100.0,2026-04-22,187406545,450,Opal Securities Investment (PVT) Ltd.,Asian Securities Private Ltd.,2026-04-22 11:29:16.033570,Corporate Development Bank Limited
2026042203001195,CORBL,87,33,10,2113.5,21135.0,2026-04-22,187406855,450,S.P.S.A. Securities Limited,Dakshinkali Investment & Securities Pvt. Ltd.,2026-04-22 11:29:29.521248,Corporate Development Bank Limited
2026042203001196,CORBL,87,60,40,2300.0,92000.0,2026-04-22,187406858,450,S.P.S.A. Securities Limited,Nagarik Stock Dealer ,2026-04-22 11:29:29.521288,Corporate Development Bank Limited
2026042203001202,CORBL,71,28,10,2055.1,20551.0,2026-04-22,187406927,450,SHUBHAKAMANA SECURITIES PVT. LTD,Shree Krishna Securities Ltd.,2026-04-22 11:29:33.561263,Corporate Development Bank Limited
2026042203001215,CORBL,87,21,10,2090.0,20900.0,2026-04-22,187407287,450,S.P.S.A. Securities Limited,Midas Stock Broking Company Private Limited,2026-04-22 11:29:52.282625,Corporate Development Bank Limited
2026042203001216,CORBL,87,39,521,2300.0,1198300.0,2026-04-22,187407289,450,S.P.S.A. Securities Limited,Sumeru Securities Pvt. Ltd.,2026-04-22 11:29:52.282679,Corporate Development Bank Limited
2026042203001217,CORBL,87,48,10,2340.0,23400.0,2026-04-22,187407292,450,S.P.S.A. Securities Limited,Trishakti Securities Public Limited,2026-04-22 11:29:52.282703,Corporate Development Bank Limited
2026042203001219,CORBL,38,28,10,2056.5,20565.0,2026-04-22,187407323,450,Dipshikha Dhitopatra Karobar Co. Pvt Ltd.,Shree Krishna Securities Ltd.,2026-04-22 11:29:54.585705,Corporate Development Bank Limited
2026042203001223,CORBL,58,58,3,2030.1,6090.3,2026-04-22,187407371,450,Naasa Securities Co. Ltd.,Naasa Securities Co. Ltd.,2026-04-22 11:29:56.899393,Corporate Development Bank Limited
2026042203001228,CORBL,69,13,10,2330.0,23300.0,2026-04-22,187407574,450,INDEX SECURITIES LIMITED,Thrive Brokerage House Pvt. Ltd,2026-04-22 11:30:09.042399,Corporate Development Bank Limited
2026042203001229,CORBL,58,28,10,2060.0,20600.0,2026-04-22,187407607,450,Naasa Securities Co. Ltd.,Shree Krishna Securities Ltd.,2026-04-22 11:30:11.079918,Corporate Development Bank Limited
2026042203001231,CORBL,58,32,10,2060.0,20600.0,2026-04-22,187407671,450,Naasa Securities Co. Ltd.,Premier Securities Company Ltd.,2026-04-22 11:30:15.150336,Corporate Development Bank Limited
2026042203001232,CORBL,58,58,4,2030.2,8120.8,2026-04-22,187407711,450,Naasa Securities Co. Ltd.,Naasa Securities Co. Ltd.,2026-04-22 11:30:17.052903,Corporate Development Bank Limited
2026042203001240,CORBL,58,14,3,2040.0,6120.0,2026-04-22,187407895,450,Naasa Securities Co. Ltd.,Nepal Stock House (PVT) Ltd.,2026-04-22 11:30:32.858876,Corporate Development Bank Limited
2026042203001265,CORBL,58,49,9,2040.0,18360.0,2026-04-22,187408363,450,Naasa Securities Co. Ltd.,Online Securities Pvt. Ltd.,2026-04-22 11:31:02.684106,Corporate Development Bank Limited
2026042203001277,CORBL,58,41,3,2040.0,6120.0,2026-04-22,187408825,450,Naasa Securities Co. Ltd.,Linch Stock Market Ltd.,2026-04-22 11:31:38.578508,Corporate Development Bank Limited
2026042203001286,CORBL,58,56,1,2041.0,2041.0,2026-04-22,187409157,450,Naasa Securities Co. Ltd.,Sri Hari Securities Pvt. Ltd.,2026-04-22 11:31:54.257250,Corporate Development Bank Limited
2026042203001287,CORBL,14,87,10,2065.0,20650.0,2026-04-22,187409163,450,Nepal Stock House (PVT) Ltd.,S.P.S.A. Securities Limited,2026-04-22 11:31:54.962664,Corporate Development Bank Limited
2026042203001292,CORBL,41,38,10,2112.0,21120.0,2026-04-22,187409250,450,Linch Stock Market Ltd.,Dipshikha Dhitopatra Karobar Co. Pvt Ltd.,2026-04-22 11:32:00.372749,Corporate Development Bank Limited
2026042203001299,CORBL,5,32,10,2065.2,20652.0,2026-04-22,187409443,450,Market Securities & Exchange (PVT) Ltd.,Premier Securities Company Ltd.,2026-04-22 11:32:10.724402,Corporate Development Bank Limited
2026042203001303,CORBL,41,38,20,2112.0,42240.0,2026-04-22,187409537,450,Linch Stock Market Ltd.,Dipshikha Dhitopatra Karobar Co. Pvt Ltd.,2026-04-22 11:32:15.614568,Corporate Development Bank Limited
2026042203001304,CORBL,38,32,10,2065.3,20653.0,2026-04-22,187409585,450,Dipshikha Dhitopatra Karobar Co. Pvt Ltd.,Premier Securities Company Ltd.,2026-04-22 11:32:17.285436,Corporate Development Bank Limited
2026042203001330,CORBL,41,44,20,2100.0,42000.0,2026-04-22,187410748,450,Linch Stock Market Ltd.,Dynamic Money Managers Securities Pvt. Ltd.,2026-04-22 11:33:26.243047,Corporate Development Bank Limited
2026042203001347,CORBL,46,58,10,2090.0,20900.0,2026-04-22,187411205,450,Kalika Securities Pvt. Ltd.,Naasa Securities Co. Ltd.,2026-04-22 11:33:54.727805,Corporate Development Bank Limited
2026042203001348,CORBL,46,44,10,2100.0,21000.0,2026-04-22,187411207,450,Kalika Securities Pvt. Ltd.,Dynamic Money Managers Securities Pvt. Ltd.,2026-04-22 11:33:54.727895,Corporate Development Bank Limited
2026042203001382,CORBL,41,38,20,2112.0,42240.0,2026-04-22,187412278,450,Linch Stock Market Ltd.,Dipshikha Dhitopatra Karobar Co. Pvt Ltd.,2026-04-22 11:34:50.575900,Corporate Development Bank Limited
2026042203001395,CORBL,38,87,10,2100.1,21001.0,2026-04-22,187412479,450,Dipshikha Dhitopatra Karobar Co. Pvt Ltd.,S.P.S.A. Securities Limited,2026-04-22 11:35:02.213837,Corporate Development Bank Limited
2026042203001407,CORBL,41,58,10,2090.0,20900.0,2026-04-22,187412840,450,Linch Stock Market Ltd.,Naasa Securities Co. Ltd.,2026-04-22 11:35:26.078753,Corporate Development Bank Limited
2026042203001408,CORBL,96,58,46,2090.0,96140.0,2026-04-22,187412841,450,Himalayan Securities Limited,Naasa Securities Co. Ltd.,2026-04-22 11:35:26.078923,Corporate Development Bank Limited
2026042203001422,CORBL,96,6,10,2090.0,20900.0,2026-04-22,187413287,450,Himalayan Securities Limited,Agrawal Securities (PVT) Ltd.,2026-04-22 11:35:46.196594,Corporate Development Bank Limited
2026042203001424,CORBL,41,58,10,2100.0,21000.0,2026-04-22,187413367,450,Linch Stock Market Ltd.,Naasa Securities Co. Ltd.,2026-04-22 11:35:50.300538,Corporate Development Bank Limited
2026042203001425,CORBL,41,46,10,2100.0,21000.0,2026-04-22,187413370,450,Linch Stock Market Ltd.,Kalika Securities Pvt. Ltd.,2026-04-22 11:35:50.300629,Corporate Development Bank Limited
2026042203001464,CORBL,41,95,20,2099.9,41998.0,2026-04-22,187414986,450,Linch Stock Market Ltd.,Magnet Securities and Investment Company Private Limited,2026-04-22 11:37:35.284815,Corporate Development Bank Limited
2026042203001491,CORBL,96,58,35,2090.0,73150.0,2026-04-22,187415673,450,Himalayan Securities Limited,Naasa Securities Co. Ltd.,2026-04-22 11:38:13.429288,Corporate Development Bank Limited
2026042203001492,CORBL,96,22,9,2090.0,18810.0,2026-04-22,187415675,450,Himalayan Securities Limited,Siprabi Securities Pvt. Ltd.,2026-04-22 11:38:13.429358,Corporate Development Bank Limited
2026042203001541,CORBL,13,25,20,2090.0,41800.0,2026-04-22,187416347,450,Thrive Brokerage House Pvt. Ltd,Sweta Securities Private Limited,2026-04-22 11:38:53.662320,Corporate Development Bank Limited
2026042203001590,CORBL,58,95,20,2099.9,41998.0,2026-04-22,187416812,450,Naasa Securities Co. Ltd.,Magnet Securities and Investment Company Private Limited,2026-04-22 11:39:22.784416,Corporate Development Bank Limited
2026042203001706,CORBL,41,95,20,2099.9,41998.0,2026-04-22,187418592,450,Linch Stock Market Ltd.,Magnet Securities and Investment Company Private Limited,2026-04-22 11:41:09.441470,Corporate Development Bank Limited
2026042203001759,CORBL,13,57,30,2090.0,62700.0,2026-04-22,187420178,450,Thrive Brokerage House Pvt. Ltd,Aryatara Investment & Securities,2026-04-22 11:42:42.073907,Corporate Development Bank Limited
2026042203001760,CORBL,46,57,170,2090.0,355300.0,2026-04-22,187420179,450,Kalika Securities Pvt. Ltd.,Aryatara Investment & Securities,2026-04-22 11:42:42.074020,Corporate Development Bank Limited
2026042203001839,CORBL,41,6,10,2099.0,20990.0,2026-04-22,187422368,450,Linch Stock Market Ltd.,Agrawal Securities (PVT) Ltd.,2026-04-22 11:44:46.690277,Corporate Development Bank Limited
2026042203001877,CORBL,41,6,20,2099.0,41980.0,2026-04-22,187423398,450,Linch Stock Market Ltd.,Agrawal Securities (PVT) Ltd.,2026-04-22 11:45:46.499424,Corporate Development Bank Limited
2026042203001944,CORBL,41,49,10,2090.1,20901.0,2026-04-22,187424744,450,Linch Stock Market Ltd.,Online Securities Pvt. Ltd.,2026-04-22 11:47:17.797981,Corporate Development Bank Limited
2026042203001945,CORBL,46,49,990,2090.0,2069100.0,2026-04-22,187424745,450,Kalika Securities Pvt. Ltd.,Online Securities Pvt. Ltd.,2026-04-22 11:47:17.798124,Corporate Development Bank Limited
2026042203001958,CORBL,46,49,520,2090.0,1086800.0,2026-04-22,187425073,450,Kalika Securities Pvt. Ltd.,Online Securities Pvt. Ltd.,2026-04-22 11:47:35.938293,Corporate Development Bank Limited
2026042203001983,CORBL,42,6,50,2099.0,104950.0,2026-04-22,187425668,450,Sani Securities Company Ltd.,Agrawal Securities (PVT) Ltd.,2026-04-22 11:48:15.314002,Corporate Development Bank Limited
2026042203002017,CORBL,42,44,20,2091.0,41820.0,2026-04-22,187426345,450,Sani Securities Company Ltd.,Dynamic Money Managers Securities Pvt. Ltd.,2026-04-22 11:49:04.442374,Corporate Development Bank Limited
2026042203002023,CORBL,42,6,10,2099.0,20990.0,2026-04-22,187426444,450,Sani Securities Company Ltd.,Agrawal Securities (PVT) Ltd.,2026-04-22 11:49:08.661438,Corporate Development Bank Limited
2026042203002039,CORBL,71,44,90,2090.1,188109.0,2026-04-22,187427153,450,SHUBHAKAMANA SECURITIES PVT. LTD,Dynamic Money Managers Securities Pvt. Ltd.,2026-04-22 11:49:40.700052,Corporate Development Bank Limited
2026042203002048,CORBL,71,44,100,2090.1,209010.0,2026-04-22,187427431,450,SHUBHAKAMANA SECURITIES PVT. LTD,Dynamic Money Managers Securities Pvt. Ltd.,2026-04-22 11:49:55.642872,Corporate Development Bank Limited
2026042203002056,CORBL,71,44,100,2090.1,209010.0,2026-04-22,187427783,450,SHUBHAKAMANA SECURITIES PVT. LTD,Dynamic Money Managers Securities Pvt. Ltd.,2026-04-22 11:50:12.540300,Corporate Development Bank Limited
2026042203002083,CORBL,87,58,10,2098.0,20980.0,2026-04-22,187429404,450,S.P.S.A. Securities Limited,Naasa Securities Co. Ltd.,2026-04-22 11:51:43.578234,Corporate Development Bank Limited
2026042203002095,CORBL,5,59,20,2090.2,41804.0,2026-04-22,187430070,450,Market Securities & Exchange (PVT) Ltd.,Deevyaa Securities & Stock House Pvt. Ltd,2026-04-22 11:52:06.880240,Corporate Development Bank Limited
2026042203002096,CORBL,71,59,40,2090.1,83604.0,2026-04-22,187430072,450,SHUBHAKAMANA SECURITIES PVT. LTD,Deevyaa Securities & Stock House Pvt. Ltd,2026-04-22 11:52:06.880369,Corporate Development Bank Limited
2026042203002097,CORBL,46,59,2440,2090.0,5099600.0,2026-04-22,187430073,450,Kalika Securities Pvt. Ltd.,Deevyaa Securities & Stock House Pvt. Ltd,2026-04-22 11:52:06.880441,Corporate Development Bank Limited
2026042203002101,CORBL,87,58,21,2098.0,44058.0,2026-04-22,187430296,450,S.P.S.A. Securities Limited,Naasa Securities Co. Ltd.,2026-04-22 11:52:16.410710,Corporate Development Bank Limited
2026042203002103,CORBL,87,6,10,2099.0,20990.0,2026-04-22,187430473,450,S.P.S.A. Securities Limited,Agrawal Securities (PVT) Ltd.,2026-04-22 11:52:24.055298,Corporate Development Bank Limited
2026042203002115,CORBL,48,96,50,2090.2,104510.0,2026-04-22,187431136,450,Trishakti Securities Public Limited,Himalayan Securities Limited,2026-04-22 11:53:01.236881,Corporate Development Bank Limited
2026042203002116,CORBL,71,96,1450,2090.1,3030645.0,2026-04-22,187431137,450,SHUBHAKAMANA SECURITIES PVT. LTD,Himalayan Securities Limited,2026-04-22 11:53:01.237043,Corporate Development Bank Limited
2026042203002126,CORBL,71,51,50,2090.1,104505.0,2026-04-22,187431725,450,SHUBHAKAMANA SECURITIES PVT. LTD,Oxford Securities Pvt. Ltd.,2026-04-22 11:53:21.914014,Corporate Development Bank Limited
2026042203002137,CORBL,87,56,10,2099.9,20999.0,2026-04-22,187432016,450,S.P.S.A. Securities Limited,Sri Hari Securities Pvt. Ltd.,2026-04-22 11:53:37.949851,Corporate Development Bank Limited
2026042203002209,CORBL,46,58,19,2090.0,39710.0,2026-04-22,187434061,450,Kalika Securities Pvt. Ltd.,Naasa Securities Co. Ltd.,2026-04-22 11:55:18.375941,Corporate Development Bank Limited
2026042203002251,CORBL,33,56,58,2099.9,121794.2,2026-04-22,187434715,450,Dakshinkali Investment & Securities Pvt. Ltd.,Sri Hari Securities Pvt. Ltd.,2026-04-22 11:55:52.954670,Corporate Development Bank Limited
2026042203002252,CORBL,33,58,10,2100.0,21000.0,2026-04-22,187434717,450,Dakshinkali Investment & Securities Pvt. Ltd.,Naasa Securities Co. Ltd.,2026-04-22 11:55:52.954792,Corporate Development Bank Limited
2026042203002253,CORBL,33,17,10,2100.0,21000.0,2026-04-22,187434719,450,Dakshinkali Investment & Securities Pvt. Ltd.,ABC Securities Private Limited,2026-04-22 11:55:52.954845,Corporate Development Bank Limited
2026042203002254,CORBL,33,46,122,2100.0,256200.0,2026-04-22,187434722,450,Dakshinkali Investment & Securities Pvt. Ltd.,Kalika Securities Pvt. Ltd.,2026-04-22 11:55:52.954907,Corporate Development Bank Limited
2026042203002267,CORBL,38,46,100,2100.0,210000.0,2026-04-22,187435088,450,Dipshikha Dhitopatra Karobar Co. Pvt Ltd.,Kalika Securities Pvt. Ltd.,2026-04-22 11:56:07.996991,Corporate Development Bank Limited
2026042203002268,CORBL,58,46,100,2100.0,210000.0,2026-04-22,187435260,450,Naasa Securities Co. Ltd.,Kalika Securities Pvt. Ltd.,2026-04-22 11:56:14.634546,Corporate Development Bank Limited
2026042203002311,CORBL,33,46,200,2100.0,420000.0,2026-04-22,187436600,450,Dakshinkali Investment & Securities Pvt. Ltd.,Kalika Securities Pvt. Ltd.,2026-04-22 11:57:19.445142,Corporate Development Bank Limited
2026042203002362,CORBL,4,71,50,2092.5,104625.0,2026-04-22,187437973,450,Opal Securities Investment (PVT) Ltd.,SHUBHAKAMANA SECURITIES PVT. LTD,2026-04-22 11:58:29.819622,Corporate Development Bank Limited
2026042203002374,CORBL,46,71,900,2090.0,1881000.0,2026-04-22,187438235,450,Kalika Securities Pvt. Ltd.,SHUBHAKAMANA SECURITIES PVT. LTD,2026-04-22 11:58:47.058283,Corporate Development Bank Limited
2026042203002381,CORBL,87,67,10,2099.9,20999.0,2026-04-22,187438616,450,S.P.S.A. Securities Limited,Property Wiard Limited,2026-04-22 11:59:07.651166,Corporate Development Bank Limited
2026042203002393,CORBL,58,67,20,2099.9,41998.0,2026-04-22,187439220,450,Naasa Securities Co. Ltd.,Property Wiard Limited,2026-04-22 11:59:29.977127,Corporate Development Bank Limited
2026042203002430,CORBL,58,71,20,2099.0,41980.0,2026-04-22,187440288,450,Naasa Securities Co. Ltd.,SHUBHAKAMANA SECURITIES PVT. LTD,2026-04-22 12:00:15.359000,Corporate Development Bank Limited
2026042203002483,CORBL,41,67,20,2098.9,41978.0,2026-04-22,187441546,450,Linch Stock Market Ltd.,Property Wiard Limited,2026-04-22 12:01:15.875899,Corporate Development Bank Limited
2026042203002484,CORBL,46,57,78,2090.0,163020.0,2026-04-22,187441547,450,Kalika Securities Pvt. Ltd.,Aryatara Investment & Securities,2026-04-22 12:01:16.062637,Corporate Development Bank Limited
2026042203002506,CORBL,46,57,10,2090.0,20900.0,2026-04-22,187442547,450,Kalika Securities Pvt. Ltd.,Aryatara Investment & Securities,2026-04-22 12:01:59.393257,Corporate Development Bank Limited
2026042203002510,CORBL,87,67,10,2098.9,20989.0,2026-04-22,187442586,450,S.P.S.A. Securities Limited,Property Wiard Limited,2026-04-22 12:02:02.070116,Corporate Development Bank Limited
2026042203002513,CORBL,46,16,10,2090.0,20900.0,2026-04-22,187442657,450,Kalika Securities Pvt. Ltd.,Primo Securities (PVT) Ltd.,2026-04-22 12:02:06.782558,Corporate Development Bank Limited
2026042203002521,CORBL,87,67,10,2098.9,20989.0,2026-04-22,187442862,450,S.P.S.A. Securities Limited,Property Wiard Limited,2026-04-22 12:02:19.073768,Corporate Development Bank Limited
2026042203002770,CORBL,46,14,50,2090.0,104500.0,2026-04-22,187450009,450,Kalika Securities Pvt. Ltd.,Nepal Stock House (PVT) Ltd.,2026-04-22 12:08:36.621158,Corporate Development Bank Limited
2026042203002798,CORBL,87,67,10,2098.9,20989.0,2026-04-22,187450880,450,S.P.S.A. Securities Limited,Property Wiard Limited,2026-04-22 12:09:15.293277,Corporate Development Bank Limited
2026042203002854,CORBL,46,71,280,2090.0,585200.0,2026-04-22,187452383,450,Kalika Securities Pvt. Ltd.,SHUBHAKAMANA SECURITIES PVT. LTD,2026-04-22 12:10:45.743616,Corporate Development Bank Limited
2026042203002864,CORBL,87,67,11,2098.9,23087.9,2026-04-22,187453036,450,S.P.S.A. Securities Limited,Property Wiard Limited,2026-04-22 12:11:19.152848,Corporate Development Bank Limited
2026042203003132,CORBL,46,7,35,2090.1,73153.5,2026-04-22,187459089,450,Kalika Securities Pvt. Ltd.,J.F. Securites (PVT) Ltd.,2026-04-22 12:16:41.827841,Corporate Development Bank Limited
2026042203003183,CORBL,87,22,10,2098.0,20980.0,2026-04-22,187459972,450,S.P.S.A. Securities Limited,Siprabi Securities Pvt. Ltd.,2026-04-22 12:17:34.095262,Corporate Development Bank Limited
2026042203003238,CORBL,46,29,10,2090.1,20901.0,2026-04-22,187461433,450,Kalika Securities Pvt. Ltd.,Trisul Securities & Invt. Ltd.,2026-04-22 12:18:53.358066,Corporate Development Bank Limited
2026042203003248,CORBL,46,8,17,2090.1,35531.7,2026-04-22,187461963,450,Kalika Securities Pvt. Ltd.,Brilliant Securities Pvt. Ltd.,2026-04-22 12:19:22.162548,Corporate Development Bank Limited
2026042203003273,CORBL,46,13,2078,2090.1,4343227.8,2026-04-22,187462517,450,Kalika Securities Pvt. Ltd.,Thrive Brokerage House Pvt. Ltd,2026-04-22 12:19:46.910252,Corporate Development Bank Limited
2026042203003274,CORBL,87,22,10,2098.0,20980.0,2026-04-22,187462520,450,S.P.S.A. Securities Limited,Siprabi Securities Pvt. Ltd.,2026-04-22 12:19:47.114227,Corporate Development Bank Limited
2026042203003794,CORBL,45,22,50,2098.0,104900.0,2026-04-22,187473546,450,Imperial Securities Company Pvt. Ltd.,Siprabi Securities Pvt. Ltd.,2026-04-22 12:29:30.894485,Corporate Development Bank Limited
2026042203003870,CORBL,26,22,20,2098.0,41960.0,2026-04-22,187476365,450,Asian Securities Private Ltd.,Siprabi Securities Pvt. Ltd.,2026-04-22 12:31:39.553575,Corporate Development Bank Limited
2026042203003871,CORBL,26,42,300,2099.9,629970.0,2026-04-22,187476367,450,Asian Securities Private Ltd.,Sani Securities Company Ltd.,2026-04-22 12:31:39.553734,Corporate Development Bank Limited
2026042203003872,CORBL,26,11,98,2100.0,205800.0,2026-04-22,187476369,450,Asian Securities Private Ltd.,Malla & Malla Stock Broking Company Pvt. Limited,2026-04-22 12:31:39.553800,Corporate Development Bank Limited
2026042203003873,CORBL,26,17,82,2100.0,172200.0,2026-04-22,187476372,450,Asian Securities Private Ltd.,ABC Securities Private Limited,2026-04-22 12:31:39.553866,Corporate Development Bank Limited
2026042203004075,CORBL,42,32,10,2092.0,20920.0,2026-04-22,187482984,450,Sani Securities Company Ltd.,Premier Securities Company Ltd.,2026-04-22 12:37:32.878222,Corporate Development Bank Limited
2026042203004076,CORBL,42,32,10,2091.0,20910.0,2026-04-22,187482985,450,Sani Securities Company Ltd.,Premier Securities Company Ltd.,2026-04-22 12:37:32.878382,Corporate Development Bank Limited
2026042203004081,CORBL,34,17,18,2100.0,37800.0,2026-04-22,187483141,450,Vision Securities Pvt. Ltd,ABC Securities Private Limited,2026-04-22 12:37:48.290193,Corporate Development Bank Limited
2026042203004082,CORBL,34,25,10,2100.0,21000.0,2026-04-22,187483143,450,Vision Securities Pvt. Ltd,Sweta Securities Private Limited,2026-04-22 12:37:48.290494,Corporate Development Bank Limited
2026042203004083,CORBL,34,17,10,2100.0,21000.0,2026-04-22,187483145,450,Vision Securities Pvt. Ltd,ABC Securities Private Limited,2026-04-22 12:37:48.290694,Corporate Development Bank Limited
2026042203004084,CORBL,34,28,900,2100.0,1890000.0,2026-04-22,187483148,450,Vision Securities Pvt. Ltd,Shree Krishna Securities Ltd.,2026-04-22 12:37:48.290889,Corporate Development Bank Limited
2026042203004166,CORBL,3,87,10,2093.0,20930.0,2026-04-22,187485334,450,Arun Securities (PVT) Ltd.,S.P.S.A. Securities Limited,2026-04-22 12:40:06.751064,Corporate Development Bank Limited
2026042203004167,CORBL,42,87,10,2092.0,20920.0,2026-04-22,187485335,450,Sani Securities Company Ltd.,S.P.S.A. Securities Limited,2026-04-22 12:40:06.751164,Corporate Development Bank Limited
2026042203004195,CORBL,13,95,20,2099.9,41998.0,2026-04-22,187486614,450,Thrive Brokerage House Pvt. Ltd,Magnet Securities and Investment Company Private Limited,2026-04-22 12:41:44.445254,Corporate Development Bank Limited
2026042203004202,CORBL,13,95,20,2099.9,41998.0,2026-04-22,187486842,450,Thrive Brokerage House Pvt. Ltd,Magnet Securities and Investment Company Private Limited,2026-04-22 12:42:05.255983,Corporate Development Bank Limited
2026042203004203,CORBL,42,16,14,2100.0,29400.0,2026-04-22,187486864,450,Sani Securities Company Ltd.,Primo Securities (PVT) Ltd.,2026-04-22 12:42:06.138069,Corporate Development Bank Limited
2026042203004355,CORBL,45,87,25,2095.0,52375.0,2026-04-22,187489820,450,Imperial Securities Company Pvt. Ltd.,S.P.S.A. Securities Limited,2026-04-22 12:45:15.422716,Corporate Development Bank Limited
2026042203004356,CORBL,14,87,20,2094.0,41880.0,2026-04-22,187489821,450,Nepal Stock House (PVT) Ltd.,S.P.S.A. Securities Limited,2026-04-22 12:45:15.422760,Corporate Development Bank Limited
2026042203004358,CORBL,42,87,10,2093.0,20930.0,2026-04-22,187489943,450,Sani Securities Company Ltd.,S.P.S.A. Securities Limited,2026-04-22 12:45:21.898875,Corporate Development Bank Limited
2026042203004418,CORBL,87,6,10,2099.0,20990.0,2026-04-22,187491460,450,S.P.S.A. Securities Limited,Agrawal Securities (PVT) Ltd.,2026-04-22 12:47:12.403474,Corporate Development Bank Limited
2026042203004559,CORBL,49,57,10,2095.0,20950.0,2026-04-22,187494253,450,Online Securities Pvt. Ltd.,Aryatara Investment & Securities,2026-04-22 12:51:24.463255,Corporate Development Bank Limited
2026042203004751,CORBL,42,91,10,2092.0,20920.0,2026-04-22,187498670,450,Sani Securities Company Ltd.,Citizens Share Broker Limited,2026-04-22 12:57:48.988520,Corporate Development Bank Limited
2026042203004752,CORBL,71,91,100,2092.0,209200.0,2026-04-22,187498672,450,SHUBHAKAMANA SECURITIES PVT. LTD,Citizens Share Broker Limited,2026-04-22 12:57:48.988667,Corporate Development Bank Limited
2026042203004753,CORBL,42,91,40,2091.0,83640.0,2026-04-22,187498674,450,Sani Securities Company Ltd.,Citizens Share Broker Limited,2026-04-22 12:57:48.988734,Corporate Development Bank Limited
2026042203004754,CORBL,46,91,850,2091.0,1777350.0,2026-04-22,187498675,450,Kalika Securities Pvt. Ltd.,Citizens Share Broker Limited,2026-04-22 12:57:48.988801,Corporate Development Bank Limited
2026042203004781,CORBL,46,91,2000,2091.0,4182000.0,2026-04-22,187499003,450,Kalika Securities Pvt. Ltd.,Citizens Share Broker Limited,2026-04-22 12:58:17.969044,Corporate Development Bank Limited
2026042203004806,CORBL,46,21,200,2091.0,418200.0,2026-04-22,187499865,450,Kalika Securities Pvt. Ltd.,Midas Stock Broking Company Private Limited,2026-04-22 12:59:48.894841,Corporate Development Bank Limited
2026042203004811,CORBL,87,22,10,2098.5,20985.0,2026-04-22,187500026,450,S.P.S.A. Securities Limited,Siprabi Securities Pvt. Ltd.,2026-04-22 13:00:00.395496,Corporate Development Bank Limited
2026042203004862,CORBL,74,71,30,2099.0,62970.0,2026-04-22,187500666,450,KALASH STOCK MARKET PVT. LTD.,SHUBHAKAMANA SECURITIES PVT. LTD,2026-04-22 13:01:07.256172,Corporate Development Bank Limited
2026042203004877,CORBL,46,71,620,2091.0,1296420.0,2026-04-22,187500987,450,Kalika Securities Pvt. Ltd.,SHUBHAKAMANA SECURITIES PVT. LTD,2026-04-22 13:01:38.587131,Corporate Development Bank Limited
2026042203004957,CORBL,87,49,10,2098.0,20980.0,2026-04-22,187503426,450,S.P.S.A. Securities Limited,Online Securities Pvt. Ltd.,2026-04-22 13:05:55.099310,Corporate Development Bank Limited
2026042203005039,CORBL,57,49,10,2098.0,20980.0,2026-04-22,187505342,450,Aryatara Investment & Securities,Online Securities Pvt. Ltd.,2026-04-22 13:08:36.503107,Corporate Development Bank Limited
2026042203005153,CORBL,40,49,10,2098.0,20980.0,2026-04-22,187508475,450,Creative Securities Pvt Ltd,Online Securities Pvt. Ltd.,2026-04-22 13:13:54.558636,Corporate Development Bank Limited
2026042203005154,CORBL,40,57,40,2098.0,83920.0,2026-04-22,187508478,450,Creative Securities Pvt Ltd,Aryatara Investment & Securities,2026-04-22 13:13:54.558847,Corporate Development Bank Limited
2026042203005187,CORBL,4,56,1,2035.1,2035.1,2026-04-22,187508925,450,Opal Securities Investment (PVT) Ltd.,Sri Hari Securities Pvt. Ltd.,2026-04-22 13:14:58.418110,Corporate Development Bank Limited
2026042203005195,CORBL,87,6,10,2099.0,20990.0,2026-04-22,187509056,450,S.P.S.A. Securities Limited,Agrawal Securities (PVT) Ltd.,2026-04-22 13:15:09.675691,Corporate Development Bank Limited
2026042203005235,CORBL,57,6,90,2099.0,188910.0,2026-04-22,187509811,450,Aryatara Investment & Securities,Agrawal Securities (PVT) Ltd.,2026-04-22 13:16:43.498713,Corporate Development Bank Limited
2026042203005236,CORBL,57,4,10,2099.0,20990.0,2026-04-22,187509814,450,Aryatara Investment & Securities,Opal Securities Investment (PVT) Ltd.,2026-04-22 13:16:43.499018,Corporate Development Bank Limited
2026042203005240,CORBL,57,4,90,2099.0,188910.0,2026-04-22,187509919,450,Aryatara Investment & Securities,Opal Securities Investment (PVT) Ltd.,2026-04-22 13:16:58.495088,Corporate Development Bank Limited
2026042203005241,CORBL,57,42,100,2100.0,210000.0,2026-04-22,187509921,450,Aryatara Investment & Securities,Sani Securities Company Ltd.,2026-04-22 13:16:58.495401,Corporate Development Bank Limited
2026042203005242,CORBL,57,42,10,2100.0,21000.0,2026-04-22,187509924,450,Aryatara Investment & Securities,Sani Securities Company Ltd.,2026-04-22 13:16:58.495639,Corporate Development Bank Limited
2026042203005252,CORBL,57,42,190,2100.0,399000.0,2026-04-22,187510059,450,Aryatara Investment & Securities,Sani Securities Company Ltd.,2026-04-22 13:17:13.367248,Corporate Development Bank Limited
2026042203005253,CORBL,57,16,10,2100.0,21000.0,2026-04-22,187510062,450,Aryatara Investment & Securities,Primo Securities (PVT) Ltd.,2026-04-22 13:17:13.367556,Corporate Development Bank Limited
2026042203005261,CORBL,57,16,16,2100.0,33600.0,2026-04-22,187510245,450,Aryatara Investment & Securities,Primo Securities (PVT) Ltd.,2026-04-22 13:17:35.151888,Corporate Development Bank Limited
2026042203005262,CORBL,57,17,10,2100.0,21000.0,2026-04-22,187510247,450,Aryatara Investment & Securities,ABC Securities Private Limited,2026-04-22 13:17:35.152049,Corporate Development Bank Limited
2026042203005263,CORBL,57,58,70,2100.0,147000.0,2026-04-22,187510249,450,Aryatara Investment & Securities,Naasa Securities Co. Ltd.,2026-04-22 13:17:35.152119,Corporate Development Bank Limited
2026042203005264,CORBL,57,22,10,2100.0,21000.0,2026-04-22,187510251,450,Aryatara Investment & Securities,Siprabi Securities Pvt. Ltd.,2026-04-22 13:17:35.152185,Corporate Development Bank Limited
2026042203005274,CORBL,57,46,94,2100.0,197400.0,2026-04-22,187510504,450,Aryatara Investment & Securities,Kalika Securities Pvt. Ltd.,2026-04-22 13:17:50.654728,Corporate Development Bank Limited
2026042203005275,CORBL,40,46,200,2100.0,420000.0,2026-04-22,187510506,450,Creative Securities Pvt Ltd,Kalika Securities Pvt. Ltd.,2026-04-22 13:17:50.655048,Corporate Development Bank Limited
2026042203005276,CORBL,42,46,30,2100.0,63000.0,2026-04-22,187510508,450,Sani Securities Company Ltd.,Kalika Securities Pvt. Ltd.,2026-04-22 13:17:50.655242,Corporate Development Bank Limited
2026042203005306,CORBL,45,46,1000,2100.0,2100000.0,2026-04-22,187511368,450,Imperial Securities Company Pvt. Ltd.,Kalika Securities Pvt. Ltd.,2026-04-22 13:19:14.686419,Corporate Development Bank Limited
2026042203005351,CORBL,57,46,500,2100.0,1050000.0,2026-04-22,187512914,450,Aryatara Investment & Securities,Kalika Securities Pvt. Ltd.,2026-04-22 13:21:10.865072,Corporate Development Bank Limited
2026042203005358,CORBL,45,46,1000,2100.0,2100000.0,2026-04-22,187513172,450,Imperial Securities Company Pvt. Ltd.,Kalika Securities Pvt. Ltd.,2026-04-22 13:21:31.046041,Corporate Development Bank Limited
2026042203005360,CORBL,57,46,400,2100.0,840000.0,2026-04-22,187513181,450,Aryatara Investment & Securities,Kalika Securities Pvt. Ltd.,2026-04-22 13:21:32.466328,Corporate Development Bank Limited
2026042203005364,CORBL,57,28,100,2100.0,210000.0,2026-04-22,187513336,450,Aryatara Investment & Securities,Shree Krishna Securities Ltd.,2026-04-22 13:21:48.936213,Corporate Development Bank Limited
2026042203005378,CORBL,45,22,20,2099.0,41980.0,2026-04-22,187513563,450,Imperial Securities Company Pvt. Ltd.,Siprabi Securities Pvt. Ltd.,2026-04-22 13:22:12.763466,Corporate Development Bank Limited
2026042203005379,CORBL,45,28,360,2100.0,756000.0,2026-04-22,187513566,450,Imperial Securities Company Pvt. Ltd.,Shree Krishna Securities Ltd.,2026-04-22 13:22:12.763770,Corporate Development Bank Limited
2026042203005384,CORBL,57,57,50,2100.0,105000.0,2026-04-22,187513663,450,Aryatara Investment & Securities,Aryatara Investment & Securities,2026-04-22 13:22:23.892760,Corporate Development Bank Limited
2026042203005385,CORBL,57,87,450,2100.0,945000.0,2026-04-22,187513666,450,Aryatara Investment & Securities,S.P.S.A. Securities Limited,2026-04-22 13:22:23.893096,Corporate Development Bank Limited
2026042203005396,CORBL,45,87,200,2100.0,420000.0,2026-04-22,187514198,450,Imperial Securities Company Pvt. Ltd.,S.P.S.A. Securities Limited,2026-04-22 13:23:05.309941,Corporate Development Bank Limited
2026042203005426,CORBL,46,45,19,2099.0,39881.0,2026-04-22,187515217,450,Kalika Securities Pvt. Ltd.,Imperial Securities Company Pvt. Ltd.,2026-04-22 13:24:37.364996,Corporate Development Bank Limited
2026042203005440,CORBL,46,4,50,2099.1,104955.0,2026-04-22,187515933,450,Kalika Securities Pvt. Ltd.,Opal Securities Investment (PVT) Ltd.,2026-04-22 13:25:33.270087,Corporate Development Bank Limited
2026042203005482,CORBL,40,87,136,2100.0,285600.0,2026-04-22,187517773,450,Creative Securities Pvt Ltd,S.P.S.A. Securities Limited,2026-04-22 13:27:49.587264,Corporate Development Bank Limited
2026042203005483,CORBL,40,28,64,2100.0,134400.0,2026-04-22,187517776,450,Creative Securities Pvt Ltd,Shree Krishna Securities Ltd.,2026-04-22 13:27:49.587421,Corporate Development Bank Limited
2026042203005490,CORBL,46,38,130,2099.1,272883.0,2026-04-22,187518025,450,Kalika Securities Pvt. Ltd.,Dipshikha Dhitopatra Karobar Co. Pvt Ltd.,2026-04-22 13:28:10.035201,Corporate Development Bank Limited
2026042203005527,CORBL,58,28,14,2100.0,29400.0,2026-04-22,187518660,450,Naasa Securities Co. Ltd.,Shree Krishna Securities Ltd.,2026-04-22 13:29:18.619708,Corporate Development Bank Limited
2026042203005537,CORBL,49,28,100,2100.0,210000.0,2026-04-22,187518898,450,Online Securities Pvt. Ltd.,Shree Krishna Securities Ltd.,2026-04-22 13:29:52.811706,Corporate Development Bank Limited
2026042203005568,CORBL,6,28,20,2100.0,42000.0,2026-04-22,187519284,450,Agrawal Securities (PVT) Ltd.,Shree Krishna Securities Ltd.,2026-04-22 13:30:29.838279,Corporate Development Bank Limited
2026042203005595,CORBL,57,28,400,2100.0,840000.0,2026-04-22,187519780,450,Aryatara Investment & Securities,Shree Krishna Securities Ltd.,2026-04-22 13:31:17.482415,Corporate Development Bank Limited
2026042203005679,CORBL,57,28,202,2100.0,424200.0,2026-04-22,187521545,450,Aryatara Investment & Securities,Shree Krishna Securities Ltd.,2026-04-22 13:33:55.845264,Corporate Development Bank Limited
2026042203005680,CORBL,57,28,298,2100.0,625800.0,2026-04-22,187521548,450,Aryatara Investment & Securities,Shree Krishna Securities Ltd.,2026-04-22 13:33:55.845416,Corporate Development Bank Limited
2026042203005683,CORBL,72,46,5,2095.0,10475.0,2026-04-22,187521627,450,Hatemalo Financial Services Private Limited,Kalika Securities Pvt. Ltd.,2026-04-22 13:34:10.798392,Corporate Development Bank Limited
2026042203005790,CORBL,46,7,500,2099.3,1049650.0,2026-04-22,187524795,450,Kalika Securities Pvt. Ltd.,J.F. Securites (PVT) Ltd.,2026-04-22 13:39:46.908731,Corporate Development Bank Limited
2026042203005864,CORBL,101,22,20,2099.9,41998.0,2026-04-22,187526693,450,APPLE SECURITIES PRIVATE LIMITED,Siprabi Securities Pvt. Ltd.,2026-04-22 13:43:04.333653,Corporate Development Bank Limited
2026042203005865,CORBL,101,28,80,2100.0,168000.0,2026-04-22,187526696,450,APPLE SECURITIES PRIVATE LIMITED,Shree Krishna Securities Ltd.,2026-04-22 13:43:04.333753,Corporate Development Bank Limited
2026042203005886,CORBL,57,28,322,2100.0,676200.0,2026-04-22,187527157,450,Aryatara Investment & Securities,Shree Krishna Securities Ltd.,2026-04-22 13:43:56.849114,Corporate Development Bank Limited
2026042203005887,CORBL,57,28,178,2100.0,373800.0,2026-04-22,187527160,450,Aryatara Investment & Securities,Shree Krishna Securities Ltd.,2026-04-22 13:43:56.849424,Corporate Development Bank Limited
2026042203005900,CORBL,16,28,75,2100.0,157500.0,2026-04-22,187527612,450,Primo Securities (PVT) Ltd.,Shree Krishna Securities Ltd.,2026-04-22 13:45:07.169331,Corporate Development Bank Limited
2026042203005933,CORBL,14,28,10,2100.0,21000.0,2026-04-22,187528106,450,Nepal Stock House (PVT) Ltd.,Shree Krishna Securities Ltd.,2026-04-22 13:46:10.597011,Corporate Development Bank Limited
2026042203005974,CORBL,59,28,10,2100.0,21000.0,2026-04-22,187528768,450,Deevyaa Securities & Stock House Pvt. Ltd,Shree Krishna Securities Ltd.,2026-04-22 13:47:20.960940,Corporate Development Bank Limited
2026042203006048,CORBL,57,28,227,2100.0,476700.0,2026-04-22,187530213,450,Aryatara Investment & Securities,Shree Krishna Securities Ltd.,2026-04-22 13:49:45.475481,Corporate Development Bank Limited
2026042203006049,CORBL,57,28,23,2100.0,48300.0,2026-04-22,187530216,450,Aryatara Investment & Securities,Shree Krishna Securities Ltd.,2026-04-22 13:49:45.475892,Corporate Development Bank Limited
2026042203006057,CORBL,46,29,20,2099.3,41986.0,2026-04-22,187530283,450,Kalika Securities Pvt. Ltd.,Trisul Securities & Invt. Ltd.,2026-04-22 13:49:51.398127,Corporate Development Bank Limited
2026042203006067,CORBL,34,28,577,2100.0,1211700.0,2026-04-22,187530668,450,Vision Securities Pvt. Ltd,Shree Krishna Securities Ltd.,2026-04-22 13:50:11.660603,Corporate Development Bank Limited
2026042203006084,CORBL,45,28,20,2100.0,42000.0,2026-04-22,187531154,450,Imperial Securities Company Pvt. Ltd.,Shree Krishna Securities Ltd.,2026-04-22 13:51:05.292970,Corporate Development Bank Limited
2026042203006123,CORBL,57,28,39,2100.0,81900.0,2026-04-22,187532120,450,Aryatara Investment & Securities,Shree Krishna Securities Ltd.,2026-04-22 13:53:06.690370,Corporate Development Bank Limited
2026042203006144,CORBL,80,28,641,2100.0,1346100.0,2026-04-22,187532741,450,Indira securities pvt. ltd,Shree Krishna Securities Ltd.,2026-04-22 13:54:13.773732,Corporate Development Bank Limited
2026042203006145,CORBL,80,28,290,2100.0,609000.0,2026-04-22,187532743,450,Indira securities pvt. ltd,Shree Krishna Securities Ltd.,2026-04-22 13:54:13.773942,Corporate Development Bank Limited
2026042203006165,CORBL,58,32,10,2110.0,21100.0,2026-04-22,187533113,450,Naasa Securities Co. Ltd.,Premier Securities Company Ltd.,2026-04-22 13:54:49.986845,Corporate Development Bank Limited
2026042203006166,CORBL,58,96,10,2120.0,21200.0,2026-04-22,187533116,450,Naasa Securities Co. Ltd.,Himalayan Securities Limited,2026-04-22 13:54:49.986938,Corporate Development Bank Limited
2026042203006182,CORBL,80,28,69,2100.0,144900.0,2026-04-22,187533468,450,Indira securities pvt. ltd,Shree Krishna Securities Ltd.,2026-04-22 13:55:22.856988,Corporate Development Bank Limited
2026042203006198,CORBL,40,28,135,2100.0,283500.0,2026-04-22,187533846,450,Creative Securities Pvt Ltd,Shree Krishna Securities Ltd.,2026-04-22 13:56:03.589305,Corporate Development Bank Limited
2026042203006199,CORBL,4,28,180,2100.0,378000.0,2026-04-22,187533888,450,Opal Securities Investment (PVT) Ltd.,Shree Krishna Securities Ltd.,2026-04-22 13:56:10.336262,Corporate Development Bank Limited
2026042203006224,CORBL,14,28,20,2100.0,42000.0,2026-04-22,187534196,450,Nepal Stock House (PVT) Ltd.,Shree Krishna Securities Ltd.,2026-04-22 13:56:38.389874,Corporate Development Bank Limited
2026042203006293,CORBL,46,45,60,2099.3,125958.0,2026-04-22,187535705,450,Kalika Securities Pvt. Ltd.,Imperial Securities Company Pvt. Ltd.,2026-04-22 13:59:05.613578,Corporate Development Bank Limited
2026042203006297,CORBL,14,28,20,2100.0,42000.0,2026-04-22,187535836,450,Nepal Stock House (PVT) Ltd.,Shree Krishna Securities Ltd.,2026-04-22 13:59:18.105246,Corporate Development Bank Limited
2026042203006309,CORBL,51,28,10,2100.0,21000.0,2026-04-22,187536128,450,Oxford Securities Pvt. Ltd.,Shree Krishna Securities Ltd.,2026-04-22 13:59:53.628725,Corporate Development Bank Limited
2026042203006311,CORBL,46,49,55,2099.3,115461.5,2026-04-22,187536197,450,Kalika Securities Pvt. Ltd.,Online Securities Pvt. Ltd.,2026-04-22 13:59:58.005861,Corporate Development Bank Limited
2026042203006360,CORBL,46,49,20,2099.3,41986.0,2026-04-22,187537353,450,Kalika Securities Pvt. Ltd.,Online Securities Pvt. Ltd.,2026-04-22 14:01:53.664203,Corporate Development Bank Limited
2026042203006385,CORBL,80,28,20,2100.0,42000.0,2026-04-22,187537726,450,Indira securities pvt. ltd,Shree Krishna Securities Ltd.,2026-04-22 14:02:32.630751,Corporate Development Bank Limited
2026042203006386,CORBL,80,28,10,2100.0,21000.0,2026-04-22,187537746,450,Indira securities pvt. ltd,Shree Krishna Securities Ltd.,2026-04-22 14:02:36.184264,Corporate Development Bank Limited
2026042203006441,CORBL,57,28,100,2100.0,210000.0,2026-04-22,187539476,450,Aryatara Investment & Securities,Shree Krishna Securities Ltd.,2026-04-22 14:04:58.694077,Corporate Development Bank Limited
2026042203006458,CORBL,14,28,15,2100.0,31500.0,2026-04-22,187540244,450,Nepal Stock House (PVT) Ltd.,Shree Krishna Securities Ltd.,2026-04-22 14:06:31.439835,Corporate Development Bank Limited
2026042203006499,CORBL,14,28,12,2100.0,25200.0,2026-04-22,187541166,450,Nepal Stock House (PVT) Ltd.,Shree Krishna Securities Ltd.,2026-04-22 14:08:13.445234,Corporate Development Bank Limited
2026042203006560,CORBL,14,28,30,2100.0,63000.0,2026-04-22,187542936,450,Nepal Stock House (PVT) Ltd.,Shree Krishna Securities Ltd.,2026-04-22 14:11:01.174850,Corporate Development Bank Limited
2026042203006633,CORBL,44,28,50,2100.0,105000.0,2026-04-22,187544066,450,Dynamic Money Managers Securities Pvt. Ltd.,Shree Krishna Securities Ltd.,2026-04-22 14:12:58.042950,Corporate Development Bank Limited
2026042203006643,CORBL,22,49,50,2099.4,104970.0,2026-04-22,187544403,450,Siprabi Securities Pvt. Ltd.,Online Securities Pvt. Ltd.,2026-04-22 14:13:32.008819,Corporate Development Bank Limited
2026042203006669,CORBL,58,59,2,2037.0,4074.0,2026-04-22,187545101,450,Naasa Securities Co. Ltd.,Deevyaa Securities & Stock House Pvt. Ltd,2026-04-22 14:14:44.188583,Corporate Development Bank Limited
2026042203006801,CORBL,57,28,200,2100.0,420000.0,2026-04-22,187546780,450,Aryatara Investment & Securities,Shree Krishna Securities Ltd.,2026-04-22 14:17:01.134296,Corporate Development Bank Limited
2026042203006806,CORBL,57,28,129,2100.0,270900.0,2026-04-22,187546937,450,Aryatara Investment & Securities,Shree Krishna Securities Ltd.,2026-04-22 14:17:09.419718,Corporate Development Bank Limited
2026042203006807,CORBL,57,28,71,2100.0,149100.0,2026-04-22,187546940,450,Aryatara Investment & Securities,Shree Krishna Securities Ltd.,2026-04-22 14:17:09.419907,Corporate Development Bank Limited
2026042203006811,CORBL,57,28,200,2100.0,420000.0,2026-04-22,187547022,450,Aryatara Investment & Securities,Shree Krishna Securities Ltd.,2026-04-22 14:17:19.514296,Corporate Development Bank Limited
2026042203006823,CORBL,57,28,100,2100.0,210000.0,2026-04-22,187547428,450,Aryatara Investment & Securities,Shree Krishna Securities Ltd.,2026-04-22 14:18:06.128006,Corporate Development Bank Limited
2026042203006836,CORBL,57,28,25,2100.0,52500.0,2026-04-22,187547858,450,Aryatara Investment & Securities,Shree Krishna Securities Ltd.,2026-04-22 14:18:35.760220,Corporate Development Bank Limited
2026042203006849,CORBL,14,28,25,2100.0,52500.0,2026-04-22,187548280,450,Nepal Stock House (PVT) Ltd.,Shree Krishna Securities Ltd.,2026-04-22 14:19:08.940172,Corporate Development Bank Limited
2026042203006899,CORBL,14,3,20,2099.4,41988.0,2026-04-22,187549362,450,Nepal Stock House (PVT) Ltd.,Arun Securities (PVT) Ltd.,2026-04-22 14:20:48.825828,Corporate Development Bank Limited
2026042203006900,CORBL,14,3,15,2099.4,31491.0,2026-04-22,187549364,450,Nepal Stock House (PVT) Ltd.,Arun Securities (PVT) Ltd.,2026-04-22 14:20:48.826201,Corporate Development Bank Limited
2026042203006901,CORBL,43,3,15,2099.4,31491.0,2026-04-22,187549365,450,South Asian Bulls Pvt. Ltd.,Arun Securities (PVT) Ltd.,2026-04-22 14:20:48.826433,Corporate Development Bank Limited
2026042203006929,CORBL,44,28,20,2100.0,42000.0,2026-04-22,187549784,450,Dynamic Money Managers Securities Pvt. Ltd.,Shree Krishna Securities Ltd.,2026-04-22 14:21:19.312646,Corporate Development Bank Limited
2026042203006989,CORBL,25,28,11,2100.0,23100.0,2026-04-22,187551390,450,Sweta Securities Private Limited,Shree Krishna Securities Ltd.,2026-04-22 14:23:17.422283,Corporate Development Bank Limited
2026042203007075,CORBL,14,28,20,2100.0,42000.0,2026-04-22,187553258,450,Nepal Stock House (PVT) Ltd.,Shree Krishna Securities Ltd.,2026-04-22 14:25:57.879429,Corporate Development Bank Limited
2026042203007137,CORBL,43,34,35,2099.4,73479.0,2026-04-22,187555000,450,South Asian Bulls Pvt. Ltd.,Vision Securities Pvt. Ltd,2026-04-22 14:27:48.885854,Corporate Development Bank Limited
2026042203007138,CORBL,14,34,10,2099.4,20994.0,2026-04-22,187555002,450,Nepal Stock House (PVT) Ltd.,Vision Securities Pvt. Ltd,2026-04-22 14:27:48.886229,Corporate Development Bank Limited
2026042203007139,CORBL,14,34,20,2099.4,41988.0,2026-04-22,187555004,450,Nepal Stock House (PVT) Ltd.,Vision Securities Pvt. Ltd,2026-04-22 14:27:48.886446,Corporate Development Bank Limited
2026042203007140,CORBL,14,34,25,2099.4,52485.0,2026-04-22,187555006,450,Nepal Stock House (PVT) Ltd.,Vision Securities Pvt. Ltd,2026-04-22 14:27:48.886666,Corporate Development Bank Limited
2026042203007141,CORBL,46,34,67,2099.3,140653.1,2026-04-22,187555007,450,Kalika Securities Pvt. Ltd.,Vision Securities Pvt. Ltd,2026-04-22 14:27:48.886886,Corporate Development Bank Limited
2026042203007210,CORBL,57,35,50,2099.4,104970.0,2026-04-22,187556587,450,Aryatara Investment & Securities,Kohinoor Investment & Securities Pvt. Ltd.,2026-04-22 14:29:27.230992,Corporate Development Bank Limited
2026042203007293,CORBL,46,25,20,2099.3,41986.0,2026-04-22,187558059,450,Kalika Securities Pvt. Ltd.,Sweta Securities Private Limited,2026-04-22 14:31:22.737954,Corporate Development Bank Limited
2026042203007394,CORBL,46,4,50,2099.3,104965.0,2026-04-22,187559225,450,Kalika Securities Pvt. Ltd.,Opal Securities Investment (PVT) Ltd.,2026-04-22 14:32:40.608530,Corporate Development Bank Limited
2026042203007439,CORBL,46,28,122,2099.3,256114.6,2026-04-22,187560259,450,Kalika Securities Pvt. Ltd.,Shree Krishna Securities Ltd.,2026-04-22 14:33:48.160134,Corporate Development Bank Limited
2026042203007593,CORBL,74,22,20,2099.9,41998.0,2026-04-22,187565016,450,KALASH STOCK MARKET PVT. LTD.,Siprabi Securities Pvt. Ltd.,2026-04-22 14:38:03.624258,Corporate Development Bank Limited
2026042203007622,CORBL,57,8,200,2099.0,419800.0,2026-04-22,187566215,450,Aryatara Investment & Securities,Brilliant Securities Pvt. Ltd.,2026-04-22 14:38:46.956128,Corporate Development Bank Limited
2026042203007629,CORBL,57,58,15,2099.0,31485.0,2026-04-22,187566389,450,Aryatara Investment & Securities,Naasa Securities Co. Ltd.,2026-04-22 14:38:55.214052,Corporate Development Bank Limited
2026042203007634,CORBL,58,58,1,2050.0,2050.0,2026-04-22,187566935,450,Naasa Securities Co. Ltd.,Naasa Securities Co. Ltd.,2026-04-22 14:39:09.834695,Corporate Development Bank Limited
2026042203007721,CORBL,57,42,30,2099.0,62970.0,2026-04-22,187569938,450,Aryatara Investment & Securities,Sani Securities Company Ltd.,2026-04-22 14:40:25.419818,Corporate Development Bank Limited
2026042203007913,CORBL,58,28,28,2100.0,58800.0,2026-04-22,187574915,450,Naasa Securities Co. Ltd.,Shree Krishna Securities Ltd.,2026-04-22 14:42:27.394899,Corporate Development Bank Limited
2026042203007914,CORBL,58,32,2,2100.0,4200.0,2026-04-22,187574917,450,Naasa Securities Co. Ltd.,Premier Securities Company Ltd.,2026-04-22 14:42:27.394982,Corporate Development Bank Limited
2026042203008145,CORBL,58,28,15,2100.0,31500.0,2026-04-22,187580526,450,Naasa Securities Co. Ltd.,Shree Krishna Securities Ltd.,2026-04-22 14:44:37.035796,Corporate Development Bank Limited
2026042203008236,CORBL,58,58,1,2050.0,2050.0,2026-04-22,187582955,450,Naasa Securities Co. Ltd.,Naasa Securities Co. Ltd.,2026-04-22 14:45:31.953498,Corporate Development Bank Limited
2026042203008325,CORBL,43,49,25,2065.6,51640.0,2026-04-22,187584968,450,South Asian Bulls Pvt. Ltd.,Online Securities Pvt. Ltd.,2026-04-22 14:46:31.015621,Corporate Development Bank Limited
2026042203008326,CORBL,43,49,25,2065.6,51640.0,2026-04-22,187584969,450,South Asian Bulls Pvt. Ltd.,Online Securities Pvt. Ltd.,2026-04-22 14:46:31.015765,Corporate Development Bank Limited
2026042203008414,CORBL,87,17,10,2100.0,21000.0,2026-04-22,187586744,450,S.P.S.A. Securities Limited,ABC Securities Private Limited,2026-04-22 14:47:17.199238,Corporate Development Bank Limited
2026042203008431,CORBL,57,49,20,2099.0,41980.0,2026-04-22,187587055,450,Aryatara Investment & Securities,Online Securities Pvt. Ltd.,2026-04-22 14:47:26.109002,Corporate Development Bank Limited
2026042203009462,CORBL,41,22,11,2080.0,22880.0,2026-04-22,187607032,450,Linch Stock Market Ltd.,Siprabi Securities Pvt. Ltd.,2026-04-22 14:57:32.885630,Corporate Development Bank Limited
2026042203009604,CORBL,46,43,500,2098.0,1049000.0,2026-04-22,187609637,450,Kalika Securities Pvt. Ltd.,South Asian Bulls Pvt. Ltd.,2026-04-22 14:58:29.576673,Corporate Development Bank Limited
2026042203009605,CORBL,46,52,16,2099.0,33584.0,2026-04-22,187609639,450,Kalika Securities Pvt. Ltd.,Sundhara Securities Limited,2026-04-22 14:58:29.576789,Corporate Development Bank Limited
2026042203009606,CORBL,46,6,10,2099.0,20990.0,2026-04-22,187609641,450,Kalika Securities Pvt. Ltd.,Agrawal Securities (PVT) Ltd.,2026-04-22 14:58:29.576867,Corporate Development Bank Limited
2026042203009607,CORBL,46,74,40,2099.0,83960.0,2026-04-22,187609643,450,Kalika Securities Pvt. Ltd.,KALASH STOCK MARKET PVT. LTD.,2026-04-22 14:58:29.576941,Corporate Development Bank Limited
2026042203009608,CORBL,46,88,235,2100.0,493500.0,2026-04-22,187609645,450,Kalika Securities Pvt. Ltd.,Blue Chip Securities Ltd,2026-04-22 14:58:29.577017,Corporate Development Bank Limited
2026042203009609,CORBL,46,58,300,2100.0,630000.0,2026-04-22,187609647,450,Kalika Securities Pvt. Ltd.,Naasa Securities Co. Ltd.,2026-04-22 14:58:29.577114,Corporate Development Bank Limited
2026042203009610,CORBL,46,42,30,2100.0,63000.0,2026-04-22,187609649,450,Kalika Securities Pvt. Ltd.,Sani Securities Company Ltd.,2026-04-22 14:58:29.577205,Corporate Development Bank Limited
2026042203009611,CORBL,46,6,15,2110.0,31650.0,2026-04-22,187609651,450,Kalika Securities Pvt. Ltd.,Agrawal Securities (PVT) Ltd.,2026-04-22 14:58:29.577282,Corporate Development Bank Limited
2026042203009612,CORBL,46,47,10,2110.0,21100.0,2026-04-22,187609655,450,Kalika Securities Pvt. Ltd.,Neev Securities Pvt. Ltd.,2026-04-22 14:58:29.577356,Corporate Development Bank Limited
2026042203009613,CORBL,46,59,16,2115.0,33840.0,2026-04-22,187609657,450,Kalika Securities Pvt. Ltd.,Deevyaa Securities & Stock House Pvt. Ltd,2026-04-22 14:58:29.577429,Corporate Development Bank Limited
2026042203009614,CORBL,46,51,262,2118.0,554916.0,2026-04-22,187609659,450,Kalika Securities Pvt. Ltd.,Oxford Securities Pvt. Ltd.,2026-04-22 14:58:29.577506,Corporate Development Bank Limited
2026042203009615,CORBL,46,6,100,2118.0,211800.0,2026-04-22,187609661,450,Kalika Securities Pvt. Ltd.,Agrawal Securities (PVT) Ltd.,2026-04-22 14:58:29.577579,Corporate Development Bank Limited
2026042203009616,CORBL,46,96,31,2120.0,65720.0,2026-04-22,187609663,450,Kalika Securities Pvt. Ltd.,Himalayan Securities Limited,2026-04-22 14:58:29.577656,Corporate Development Bank Limited
2026042203009617,CORBL,46,42,150,2127.0,319050.0,2026-04-22,187609665,450,Kalika Securities Pvt. Ltd.,Sani Securities Company Ltd.,2026-04-22 14:58:29.577761,Corporate Development Bank Limited
2026042203009618,CORBL,46,58,200,2127.0,425400.0,2026-04-22,187609667,450,Kalika Securities Pvt. Ltd.,Naasa Securities Co. Ltd.,2026-04-22 14:58:29.577836,Corporate Development Bank Limited
2026042203009619,CORBL,46,58,200,2127.0,425400.0,2026-04-22,187609669,450,Kalika Securities Pvt. Ltd.,Naasa Securities Co. Ltd.,2026-04-22 14:58:29.577906,Corporate Development Bank Limited
2026042203009620,CORBL,46,58,200,2127.0,425400.0,2026-04-22,187609671,450,Kalika Securities Pvt. Ltd.,Naasa Securities Co. Ltd.,2026-04-22 14:58:29.577976,Corporate Development Bank Limited
2026042203009621,CORBL,46,58,150,2127.0,319050.0,2026-04-22,187609673,450,Kalika Securities Pvt. Ltd.,Naasa Securities Co. Ltd.,2026-04-22 14:58:29.578052,Corporate Development Bank Limited
2026042203009622,CORBL,46,45,13,2130.0,27690.0,2026-04-22,187609675,450,Kalika Securities Pvt. Ltd.,Imperial Securities Company Pvt. Ltd.,2026-04-22 14:58:29.578152,Corporate Development Bank Limited
2026042203009623,CORBL,46,6,100,2130.0,213000.0,2026-04-22,187609677,450,Kalika Securities Pvt. Ltd.,Agrawal Securities (PVT) Ltd.,2026-04-22 14:58:29.578223,Corporate Development Bank Limited
2026042203009624,CORBL,46,6,100,2130.0,213000.0,2026-04-22,187609679,450,Kalika Securities Pvt. Ltd.,Agrawal Securities (PVT) Ltd.,2026-04-22 14:58:29.578294,Corporate Development Bank Limited
2026042203009625,CORBL,46,25,225,2130.0,479250.0,2026-04-22,187609681,450,Kalika Securities Pvt. Ltd.,Sweta Securities Private Limited,2026-04-22 14:58:29.578366,Corporate Development Bank Limited
2026042203009626,CORBL,46,57,235,2140.0,502900.0,2026-04-22,187609685,450,Kalika Securities Pvt. Ltd.,Aryatara Investment & Securities,2026-04-22 14:58:29.578437,Corporate Development Bank Limited
2026042203009627,CORBL,46,6,500,2142.0,1071000.0,2026-04-22,187609687,450,Kalika Securities Pvt. Ltd.,Agrawal Securities (PVT) Ltd.,2026-04-22 14:58:29.578513,Corporate Development Bank Limited
2026042203009628,CORBL,46,4,20,2145.0,42900.0,2026-04-22,187609689,450,Kalika Securities Pvt. Ltd.,Opal Securities Investment (PVT) Ltd.,2026-04-22 14:58:29.578590,Corporate Development Bank Limited
2026042203009629,CORBL,46,96,250,2148.0,537000.0,2026-04-22,187609691,450,Kalika Securities Pvt. Ltd.,Himalayan Securities Limited,2026-04-22 14:58:29.578676,Corporate Development Bank Limited
2026042203009630,CORBL,46,4,20,2150.0,43000.0,2026-04-22,187609693,450,Kalika Securities Pvt. Ltd.,Opal Securities Investment (PVT) Ltd.,2026-04-22 14:58:29.578751,Corporate Development Bank Limited
2026042203009631,CORBL,46,42,10,2150.0,21500.0,2026-04-22,187609695,450,Kalika Securities Pvt. Ltd.,Sani Securities Company Ltd.,2026-04-22 14:58:29.578822,Corporate Development Bank Limited
2026042203009632,CORBL,46,49,20,2150.0,43000.0,2026-04-22,187609697,450,Kalika Securities Pvt. Ltd.,Online Securities Pvt. Ltd.,2026-04-22 14:58:29.578893,Corporate Development Bank Limited
2026042203009633,CORBL,46,58,108,2150.0,232200.0,2026-04-22,187609699,450,Kalika Securities Pvt. Ltd.,Naasa Securities Co. Ltd.,2026-04-22 14:58:29.578965,Corporate Development Bank Limited
2026042203009634,CORBL,46,45,20,2150.0,43000.0,2026-04-22,187609701,450,Kalika Securities Pvt. Ltd.,Imperial Securities Company Pvt. Ltd.,2026-04-22 14:58:29.579068,Corporate Development Bank Limited
2026042203009635,CORBL,46,74,30,2150.0,64500.0,2026-04-22,187609703,450,Kalika Securities Pvt. Ltd.,KALASH STOCK MARKET PVT. LTD.,2026-04-22 14:58:29.579137,Corporate Development Bank Limited
2026042203009636,CORBL,46,51,20,2150.0,43000.0,2026-04-22,187609705,450,Kalika Securities Pvt. Ltd.,Oxford Securities Pvt. Ltd.,2026-04-22 14:58:29.579210,Corporate Development Bank Limited
2026042203009637,CORBL,46,56,70,2150.0,150500.0,2026-04-22,187609707,450,Kalika Securities Pvt. Ltd.,Sri Hari Securities Pvt. Ltd.,2026-04-22 14:58:29.579261,Corporate Development Bank Limited
2026042203009638,CORBL,46,96,250,2150.0,537500.0,2026-04-22,187609709,450,Kalika Securities Pvt. Ltd.,Himalayan Securities Limited,2026-04-22 14:58:29.579333,Corporate Development Bank Limited
2026042203009639,CORBL,46,58,544,2152.0,1170688.0,2026-04-22,187609712,450,Kalika Securities Pvt. Ltd.,Naasa Securities Co. Ltd.,2026-04-22 14:58:29.579399,Corporate Development Bank Limited
2026042203009641,CORBL,44,28,10,2070.0,20700.0,2026-04-22,187609727,450,Dynamic Money Managers Securities Pvt. Ltd.,Shree Krishna Securities Ltd.,2026-04-22 14:58:30.259582,Corporate Development Bank Limited
2026042203009772,CORBL,58,43,10,2099.0,20990.0,2026-04-22,187612457,450,Naasa Securities Co. Ltd.,South Asian Bulls Pvt. Ltd.,2026-04-22 14:59:32.006825,Corporate Development Bank Limited
2026042203009773,CORBL,58,11,10,2100.0,21000.0,2026-04-22,187612459,450,Naasa Securities Co. Ltd.,Malla & Malla Stock Broking Company Pvt. Limited,2026-04-22 14:59:32.006954,Corporate Development Bank Limited
2026042203009774,CORBL,58,17,10,2100.0,21000.0,2026-04-22,187612461,450,Naasa Securities Co. Ltd.,ABC Securities Private Limited,2026-04-22 14:59:32.007032,Corporate Development Bank Limited
2026042203009775,CORBL,58,53,10,2100.0,21000.0,2026-04-22,187612463,450,Naasa Securities Co. Ltd.,Investment Management Nepal Pvt. Ltd.,2026-04-22 14:59:32.007101,Corporate Development Bank Limited
2026042203009779,CORBL,58,49,25,2100.0,52500.0,2026-04-22,187612571,450,Naasa Securities Co. Ltd.,Online Securities Pvt. Ltd.,2026-04-22 14:59:34.245011,Corporate Development Bank Limited
2026042203009785,CORBL,58,39,85,2100.0,178500.0,2026-04-22,187612644,450,Naasa Securities Co. Ltd.,Sumeru Securities Pvt. Ltd.,2026-04-22 14:59:35.777313,Corporate Development Bank Limited
2026042203009825,CORBL,17,39,15,2099.0,31485.0,2026-04-22,187613347,450,ABC Securities Private Limited,Sumeru Securities Pvt. Ltd.,2026-04-22 14:59:45.993930,Corporate Development Bank Limited
2026042203009866,CORBL,6,58,10,2071.0,20710.0,2026-04-22,187614207,450,Agrawal Securities (PVT) Ltd.,Naasa Securities Co. Ltd.,2026-04-22 14:59:57.892737,Corporate Development Bank Limited
2026042203009868,CORBL,6,28,230,2071.0,476330.0,2026-04-22,187614224,450,Agrawal Securities (PVT) Ltd.,Shree Krishna Securities Ltd.,2026-04-22 14:59:58.026860,Corporate Development Bank Limited
2026042203009869,CORBL,44,28,60,2070.0,124200.0,2026-04-22,187614226,450,Dynamic Money Managers Securities Pvt. Ltd.,Shree Krishna Securities Ltd.,2026-04-22 14:59:58.026887,Corporate Development Bank Limited
2026042203009870,CORBL,58,28,70,2070.0,144900.0,2026-04-22,187614228,450,Naasa Securities Co. Ltd.,Shree Krishna Securities Ltd.,2026-04-22 14:59:58.026914,Corporate Development Bank Limited
2026042203009871,CORBL,3,28,180,2070.0,372600.0,2026-04-22,187614230,450,Arun Securities (PVT) Ltd.,Shree Krishna Securities Ltd.,2026-04-22 14:59:58.026936,Corporate Development Bank Limited
2026042203009872,CORBL,5,28,20,2068.0,41360.0,2026-04-22,187614232,450,Market Securities & Exchange (PVT) Ltd.,Shree Krishna Securities Ltd.,2026-04-22 14:59:58.026968,Corporate Development Bank Limited
2026042203009873,CORBL,98,28,100,2067.8,206780.0,2026-04-22,187614234,450,Trademow Securities Private Limited,Shree Krishna Securities Ltd.,2026-04-22 14:59:58.026994,Corporate Development Bank Limited
2026042203009874,CORBL,13,28,50,2067.8,103390.0,2026-04-22,187614236,450,Thrive Brokerage House Pvt. Ltd,Shree Krishna Securities Ltd.,2026-04-22 14:59:58.027018,Corporate Development Bank Limited
2026042203009875,CORBL,4,28,37,2067.7,76504.9,2026-04-22,187614238,450,Opal Securities Investment (PVT) Ltd.,Shree Krishna Securities Ltd.,2026-04-22 14:59:58.027110,Corporate Development Bank Limited
2026042203009876,CORBL,80,28,10,2065.5,20655.0,2026-04-22,187614240,450,Indira securities pvt. ltd,Shree Krishna Securities Ltd.,2026-04-22 14:59:58.027183,Corporate Development Bank Limited
2026042203009877,CORBL,5,28,40,2065.4,82616.0,2026-04-22,187614242,450,Market Securities & Exchange (PVT) Ltd.,Shree Krishna Securities Ltd.,2026-04-22 14:59:58.027255,Corporate Development Bank Limited
2026042203009878,CORBL,35,28,150,2065.0,309750.0,2026-04-22,187614244,450,Kohinoor Investment & Securities Pvt. Ltd.,Shree Krishna Securities Ltd.,2026-04-22 14:59:58.027344,Corporate Development Bank Limited
2026042203009879,CORBL,35,28,150,2060.0,309000.0,2026-04-22,187614246,450,Kohinoor Investment & Securities Pvt. Ltd.,Shree Krishna Securities Ltd.,2026-04-22 14:59:58.027415,Corporate Development Bank Limited
2026042203009880,CORBL,41,28,20,2050.1,41002.0,2026-04-22,187614248,450,Linch Stock Market Ltd.,Shree Krishna Securities Ltd.,2026-04-22 14:59:58.027487,Corporate Development Bank Limited
2026042203009881,CORBL,6,28,230,2050.0,471500.0,2026-04-22,187614250,450,Agrawal Securities (PVT) Ltd.,Shree Krishna Securities Ltd.,2026-04-22 14:59:58.027598,Corporate Development Bank Limited
2026042203009882,CORBL,82,28,15,2050.0,30750.0,2026-04-22,187614252,450,N.M.B. SECURITIES LIMITED,Shree Krishna Securities Ltd.,2026-04-22 14:59:58.027697,Corporate Development Bank Limited
2026042203009883,CORBL,3,28,10,2040.0,20400.0,2026-04-22,187614254,450,Arun Securities (PVT) Ltd.,Shree Krishna Securities Ltd.,2026-04-22 14:59:58.027761,Corporate Development Bank Limited
2026042203009884,CORBL,47,28,50,2038.0,101900.0,2026-04-22,187614256,450,Neev Securities Pvt. Ltd.,Shree Krishna Securities Ltd.,2026-04-22 14:59:58.027835,Corporate Development Bank Limited
2026042203009885,CORBL,5,28,50,2037.0,101850.0,2026-04-22,187614258,450,Market Securities & Exchange (PVT) Ltd.,Shree Krishna Securities Ltd.,2026-04-22 14:59:58.027909,Corporate Development Bank Limited
2026042203009886,CORBL,19,28,20,2037.0,40740.0,2026-04-22,187614260,450,Nepal Investment And Securities Trading Private Limited,Shree Krishna Securities Ltd.,2026-04-22 14:59:58.027978,Corporate Development Bank Limited
2026042203009887,CORBL,26,28,99,2037.0,201663.0,2026-04-22,187614262,450,Asian Securities Private Ltd.,Shree Krishna Securities Ltd.,2026-04-22 14:59:58.028050,Corporate Development Bank Limited
2026042203009888,CORBL,58,28,100,2036.1,203610.0,2026-04-22,187614264,450,Naasa Securities Co. Ltd.,Shree Krishna Securities Ltd.,2026-04-22 14:59:58.028122,Corporate Development Bank Limited
2026042203009889,CORBL,35,28,25,2036.1,50902.5,2026-04-22,187614267,450,Kohinoor Investment & Securities Pvt. Ltd.,Shree Krishna Securities Ltd.,2026-04-22 14:59:58.028196,Corporate Development Bank Limited
2026042203009890,CORBL,6,28,20,2036.1,40722.0,2026-04-22,187614271,450,Agrawal Securities (PVT) Ltd.,Shree Krishna Securities Ltd.,2026-04-22 14:59:58.028263,Corporate Development Bank Limited
2026042203009891,CORBL,5,28,50,2036.0,101800.0,2026-04-22,187614275,450,Market Securities & Exchange (PVT) Ltd.,Shree Krishna Securities Ltd.,2026-04-22 14:59:58.028336,Corporate Development Bank Limited
2026042203009892,CORBL,50,28,100,2030.0,203000.0,2026-04-22,187614278,450,Cristal Kanchanjanga Securites Pvt. Ltd.,Shree Krishna Securities Ltd.,2026-04-22 14:59:58.028420,Corporate Development Bank Limited
2026042203009893,CORBL,48,28,20,2027.3,40546.0,2026-04-22,187614280,450,Trishakti Securities Public Limited,Shree Krishna Securities Ltd.,2026-04-22 14:59:58.028494,Corporate Development Bank Limited
2026042203009894,CORBL,58,28,20,2019.0,40380.0,2026-04-22,187614282,450,Naasa Securities Co. Ltd.,Shree Krishna Securities Ltd.,2026-04-22 14:59:58.028572,Corporate Development Bank Limited
2026042203009895,CORBL,74,28,200,2010.0,402000.0,2026-04-22,187614284,450,KALASH STOCK MARKET PVT. LTD.,Shree Krishna Securities Ltd.,2026-04-22 14:59:58.028642,Corporate Development Bank Limited
2026042203009896,CORBL,62,28,10,2010.0,20100.0,2026-04-22,187614286,450,Capital Max Securities Ltd,Shree Krishna Securities Ltd.,2026-04-22 14:59:58.028717,Corporate Development Bank Limited
2026042203009897,CORBL,41,28,30,2008.0,60240.0,2026-04-22,187614288,450,Linch Stock Market Ltd.,Shree Krishna Securities Ltd.,2026-04-22 14:59:58.028791,Corporate Development Bank Limited
2026042203009898,CORBL,17,28,300,2008.0,602400.0,2026-04-22,187614292,450,ABC Securities Private Limited,Shree Krishna Securities Ltd.,2026-04-22 14:59:58.028852,Corporate Development Bank Limited
2026042203009899,CORBL,5,28,50,2008.0,100400.0,2026-04-22,187614294,450,Market Securities & Exchange (PVT) Ltd.,Shree Krishna Securities Ltd.,2026-04-22 14:59:58.028931,Corporate Development Bank Limited
2026042203009900,CORBL,48,28,20,2007.9,40158.0,2026-04-22,187614296,450,Trishakti Securities Public Limited,Shree Krishna Securities Ltd.,2026-04-22 14:59:58.028995,Corporate Development Bank Limited
2026042203009901,CORBL,20,28,100,2007.9,200790.0,2026-04-22,187614298,450,Sipla Securities Private Limited,Shree Krishna Securities Ltd.,2026-04-22 14:59:58.029082,Corporate Development Bank Limited
2026042203009902,CORBL,62,28,35,2007.9,70276.5,2026-04-22,187614300,450,Capital Max Securities Ltd,Shree Krishna Securities Ltd.,2026-04-22 14:59:58.029178,Corporate Development Bank Limited
2026042203009903,CORBL,28,28,10,2007.9,20079.0,2026-04-22,187614302,450,Shree Krishna Securities Ltd.,Shree Krishna Securities Ltd.,2026-04-22 14:59:58.029246,Corporate Development Bank Limited
2026042203009904,CORBL,45,28,700,2004.0,1402800.0,2026-04-22,187614304,450,Imperial Securities Company Pvt. Ltd.,Shree Krishna Securities Ltd.,2026-04-22 14:59:58.029314,Corporate Development Bank Limited
2026042203009905,CORBL,58,28,36,2003.7,72133.2,2026-04-22,187614306,450,Naasa Securities Co. Ltd.,Shree Krishna Securities Ltd.,2026-04-22 14:59:58.029397,Corporate Development Bank Limited
2026042203009906,CORBL,39,28,50,2003.7,100185.0,2026-04-22,187614308,450,Sumeru Securities Pvt. Ltd.,Shree Krishna Securities Ltd.,2026-04-22 14:59:58.029455,Corporate Development Bank Limited
2026042203009907,CORBL,56,28,50,2003.7,100185.0,2026-04-22,187614310,450,Sri Hari Securities Pvt. Ltd.,Shree Krishna Securities Ltd.,2026-04-22 14:59:58.029542,Corporate Development Bank Limited
2026042203009908,CORBL,74,28,75,2003.7,150277.5,2026-04-22,187614312,450,KALASH STOCK MARKET PVT. LTD.,Shree Krishna Securities Ltd.,2026-04-22 14:59:58.029611,Corporate Development Bank Limited
2026042203009909,CORBL,39,28,20,2003.7,40074.0,2026-04-22,187614314,450,Sumeru Securities Pvt. Ltd.,Shree Krishna Securities Ltd.,2026-04-22 14:59:58.029680,Corporate Development Bank Limited
2026042203009910,CORBL,5,28,100,1999.0,199900.0,2026-04-22,187614316,450,Market Securities & Exchange (PVT) Ltd.,Shree Krishna Securities Ltd.,2026-04-22 14:59:58.029749,Corporate Development Bank Limited
2026042203009911,CORBL,72,28,100,1998.2,199820.0,2026-04-22,187614318,450,Hatemalo Financial Services Private Limited,Shree Krishna Securities Ltd.,2026-04-22 14:59:58.029833,Corporate Development Bank Limited
2026042203009912,CORBL,58,28,132,1994.9,263326.8,2026-04-22,187614320,450,Naasa Securities Co. Ltd.,Shree Krishna Securities Ltd.,2026-04-22 14:59:58.029901,Corporate Development Bank Limited
2026042203009913,CORBL,48,28,200,1989.6,397920.0,2026-04-22,187614322,450,Trishakti Securities Public Limited,Shree Krishna Securities Ltd.,2026-04-22 14:59:58.029990,Corporate Development Bank Limited
2026042203009914,CORBL,74,28,200,1989.0,397800.0,2026-04-22,187614324,450,KALASH STOCK MARKET PVT. LTD.,Shree Krishna Securities Ltd.,2026-04-22 14:59:58.030075,Corporate Development Bank Limited
2026042203009915,CORBL,58,28,100,1980.9,198090.0,2026-04-22,187614326,450,Naasa Securities Co. Ltd.,Shree Krishna Securities Ltd.,2026-04-22 14:59:58.030144,Corporate Development Bank Limited
2026042203009916,CORBL,48,28,50,1980.0,99000.0,2026-04-22,187614328,450,Trishakti Securities Public Limited,Shree Krishna Securities Ltd.,2026-04-22 14:59:58.030224,Corporate Development Bank Limited
2026042203009917,CORBL,5,28,50,1979.0,98950.0,2026-04-22,187614330,450,Market Securities & Exchange (PVT) Ltd.,Shree Krishna Securities Ltd.,2026-04-22 14:59:58.030295,Corporate Development Bank Limited
2026042203009918,CORBL,38,28,20,1970.0,39400.0,2026-04-22,187614332,450,Dipshikha Dhitopatra Karobar Co. Pvt Ltd.,Shree Krishna Securities Ltd.,2026-04-22 14:59:58.030384,Corporate Development Bank Limited
2026042203009919,CORBL,56,28,35,1969.1,68918.5,2026-04-22,187614334,450,Sri Hari Securities Pvt. Ltd.,Shree Krishna Securities Ltd.,2026-04-22 14:59:58.030453,Corporate Development Bank Limited
2026042203009920,CORBL,14,28,10,1969.1,19691.0,2026-04-22,187614336,450,Nepal Stock House (PVT) Ltd.,Shree Krishna Securities Ltd.,2026-04-22 14:59:58.030520,Corporate Development Bank Limited
2026042203009921,CORBL,38,28,500,1969.1,984550.0,2026-04-22,187614338,450,Dipshikha Dhitopatra Karobar Co. Pvt Ltd.,Shree Krishna Securities Ltd.,2026-04-22 14:59:58.030588,Corporate Development Bank Limited
2026042203009922,CORBL,14,28,90,1969.1,177219.0,2026-04-22,187614340,450,Nepal Stock House (PVT) Ltd.,Shree Krishna Securities Ltd.,2026-04-22 14:59:58.030658,Corporate Development Bank Limited
