contractId,stockSymbol,buyerMemberId,sellerMemberId,quantity,rate,amount,businessDate,tradeBookId,stockId,buyerBrokerName,sellerBrokerName,transaction_time,securityName
2026042201000227,CZBIL,35,58,20,210.0,4200.0,2026-04-22,187372882,348,Kohinoor Investment & Securities Pvt. Ltd.,Naasa Securities Co. Ltd.,2026-04-22 11:01:07.143312,Citizens Bank International Limited
2026042201000228,CZBIL,58,58,10,209.8,2098.0,2026-04-22,187372884,348,Naasa Securities Co. Ltd.,Naasa Securities Co. Ltd.,2026-04-22 11:01:07.143412,Citizens Bank International Limited
2026042201000229,CZBIL,14,58,50,204.0,10200.0,2026-04-22,187372886,348,Nepal Stock House (PVT) Ltd.,Naasa Securities Co. Ltd.,2026-04-22 11:01:07.143509,Citizens Bank International Limited
2026042201000230,CZBIL,58,58,15,203.6,3054.0,2026-04-22,187372888,348,Naasa Securities Co. Ltd.,Naasa Securities Co. Ltd.,2026-04-22 11:01:07.143604,Citizens Bank International Limited
2026042201000483,CZBIL,58,58,18,203.6,3664.8,2026-04-22,187373644,348,Naasa Securities Co. Ltd.,Naasa Securities Co. Ltd.,2026-04-22 11:02:21.070988,Citizens Bank International Limited
2026042201000484,CZBIL,35,58,500,200.1,100050.0,2026-04-22,187373646,348,Kohinoor Investment & Securities Pvt. Ltd.,Naasa Securities Co. Ltd.,2026-04-22 11:02:21.071019,Citizens Bank International Limited
2026042201000485,CZBIL,45,58,182,200.0,36400.0,2026-04-22,187373647,348,Imperial Securities Company Pvt. Ltd.,Naasa Securities Co. Ltd.,2026-04-22 11:02:21.071058,Citizens Bank International Limited
2026042201001312,CZBIL,34,58,55,203.7,11203.5,2026-04-22,187376649,348,Vision Securities Pvt. Ltd,Naasa Securities Co. Ltd.,2026-04-22 11:05:53.550979,Citizens Bank International Limited
2026042201001862,CZBIL,43,46,22,204.0,4488.0,2026-04-22,187378823,348,South Asian Bulls Pvt. Ltd.,Kalika Securities Pvt. Ltd.,2026-04-22 11:07:51.819510,Citizens Bank International Limited
2026042201002030,CZBIL,14,11,500,205.0,102500.0,2026-04-22,187379428,348,Nepal Stock House (PVT) Ltd.,Malla & Malla Stock Broking Company Pvt. Limited,2026-04-22 11:08:20.944440,Citizens Bank International Limited
2026042201005976,CZBIL,11,74,500,206.5,103250.0,2026-04-22,187392106,348,Malla & Malla Stock Broking Company Pvt. Limited,KALASH STOCK MARKET PVT. LTD.,2026-04-22 11:17:48.252268,Citizens Bank International Limited
2026042201007992,CZBIL,58,34,32,206.0,6592.0,2026-04-22,187398216,348,Naasa Securities Co. Ltd.,Vision Securities Pvt. Ltd,2026-04-22 11:21:45.484637,Citizens Bank International Limited
2026042201008171,CZBIL,14,34,20,206.0,4120.0,2026-04-22,187398774,348,Nepal Stock House (PVT) Ltd.,Vision Securities Pvt. Ltd,2026-04-22 11:22:06.850363,Citizens Bank International Limited
2026042201008494,CZBIL,47,14,200,206.0,41200.0,2026-04-22,187399832,348,Neev Securities Pvt. Ltd.,Nepal Stock House (PVT) Ltd.,2026-04-22 11:23:00.968083,Citizens Bank International Limited
2026042201008577,CZBIL,32,25,500,205.1,102550.0,2026-04-22,187400085,348,Premier Securities Company Ltd.,Sweta Securities Private Limited,2026-04-22 11:23:10.939910,Citizens Bank International Limited
2026042201008667,CZBIL,58,14,50,206.0,10300.0,2026-04-22,187400361,348,Naasa Securities Co. Ltd.,Nepal Stock House (PVT) Ltd.,2026-04-22 11:23:25.396494,Citizens Bank International Limited
2026042201008817,CZBIL,11,74,500,206.5,103250.0,2026-04-22,187400754,348,Malla & Malla Stock Broking Company Pvt. Limited,KALASH STOCK MARKET PVT. LTD.,2026-04-22 11:23:42.099870,Citizens Bank International Limited
2026042201010132,CZBIL,58,45,50,206.0,10300.0,2026-04-22,187405356,348,Naasa Securities Co. Ltd.,Imperial Securities Company Pvt. Ltd.,2026-04-22 11:28:12.614930,Citizens Bank International Limited
2026042201010133,CZBIL,49,45,1850,205.0,379250.0,2026-04-22,187405357,348,Online Securities Pvt. Ltd.,Imperial Securities Company Pvt. Ltd.,2026-04-22 11:28:12.615134,Citizens Bank International Limited
2026042201014487,CZBIL,58,16,12,207.0,2484.0,2026-04-22,187420144,348,Naasa Securities Co. Ltd.,Primo Securities (PVT) Ltd.,2026-04-22 11:42:41.107824,Citizens Bank International Limited
2026042201016736,CZBIL,8,22,13,205.6,2672.8,2026-04-22,187427619,348,Brilliant Securities Pvt. Ltd.,Siprabi Securities Pvt. Ltd.,2026-04-22 11:50:04.137484,Citizens Bank International Limited
2026042201017421,CZBIL,41,45,10,206.0,2060.0,2026-04-22,187430058,348,Linch Stock Market Ltd.,Imperial Securities Company Pvt. Ltd.,2026-04-22 11:52:06.662178,Citizens Bank International Limited
2026042201017422,CZBIL,8,45,37,205.6,7607.2,2026-04-22,187430060,348,Brilliant Securities Pvt. Ltd.,Imperial Securities Company Pvt. Ltd.,2026-04-22 11:52:06.662268,Citizens Bank International Limited
2026042201017423,CZBIL,34,45,20,205.5,4110.0,2026-04-22,187430062,348,Vision Securities Pvt. Ltd,Imperial Securities Company Pvt. Ltd.,2026-04-22 11:52:06.662344,Citizens Bank International Limited
2026042201017424,CZBIL,42,45,10,205.3,2053.0,2026-04-22,187430064,348,Sani Securities Company Ltd.,Imperial Securities Company Pvt. Ltd.,2026-04-22 11:52:06.662412,Citizens Bank International Limited
2026042201017425,CZBIL,13,45,138,205.2,28317.6,2026-04-22,187430065,348,Thrive Brokerage House Pvt. Ltd,Imperial Securities Company Pvt. Ltd.,2026-04-22 11:52:06.662503,Citizens Bank International Limited
2026042201017912,CZBIL,13,26,62,205.2,12722.4,2026-04-22,187431790,348,Thrive Brokerage House Pvt. Ltd,Asian Securities Private Ltd.,2026-04-22 11:53:26.338265,Citizens Bank International Limited
2026042201017913,CZBIL,49,26,60,205.1,12306.0,2026-04-22,187431792,348,Online Securities Pvt. Ltd.,Asian Securities Private Ltd.,2026-04-22 11:53:26.338459,Citizens Bank International Limited
2026042201017914,CZBIL,49,26,150,205.0,30750.0,2026-04-22,187431794,348,Online Securities Pvt. Ltd.,Asian Securities Private Ltd.,2026-04-22 11:53:26.338547,Citizens Bank International Limited
2026042201017915,CZBIL,58,26,500,205.0,102500.0,2026-04-22,187431796,348,Naasa Securities Co. Ltd.,Asian Securities Private Ltd.,2026-04-22 11:53:26.338628,Citizens Bank International Limited
2026042201017916,CZBIL,11,26,50,205.0,10250.0,2026-04-22,187431798,348,Malla & Malla Stock Broking Company Pvt. Limited,Asian Securities Private Ltd.,2026-04-22 11:53:26.338709,Citizens Bank International Limited
2026042201017917,CZBIL,41,26,300,205.0,61500.0,2026-04-22,187431800,348,Linch Stock Market Ltd.,Asian Securities Private Ltd.,2026-04-22 11:53:26.338798,Citizens Bank International Limited
2026042201017918,CZBIL,21,26,300,205.0,61500.0,2026-04-22,187431802,348,Midas Stock Broking Company Private Limited,Asian Securities Private Ltd.,2026-04-22 11:53:26.338877,Citizens Bank International Limited
2026042201017919,CZBIL,21,26,50,205.0,10250.0,2026-04-22,187431804,348,Midas Stock Broking Company Private Limited,Asian Securities Private Ltd.,2026-04-22 11:53:26.338964,Citizens Bank International Limited
2026042201017920,CZBIL,26,26,528,205.0,108240.0,2026-04-22,187431805,348,Asian Securities Private Ltd.,Asian Securities Private Ltd.,2026-04-22 11:53:26.339047,Citizens Bank International Limited
2026042201018984,CZBIL,26,35,472,205.0,96760.0,2026-04-22,187435300,348,Asian Securities Private Ltd.,Kohinoor Investment & Securities Pvt. Ltd.,2026-04-22 11:56:16.567503,Citizens Bank International Limited
2026042201018985,CZBIL,49,35,28,205.0,5740.0,2026-04-22,187435301,348,Online Securities Pvt. Ltd.,Kohinoor Investment & Securities Pvt. Ltd.,2026-04-22 11:56:16.567927,Citizens Bank International Limited
2026042201019986,CZBIL,4,50,300,205.1,61530.0,2026-04-22,187439070,348,Opal Securities Investment (PVT) Ltd.,Cristal Kanchanjanga Securites Pvt. Ltd.,2026-04-22 11:59:23.406964,Citizens Bank International Limited
2026042201019987,CZBIL,49,50,40,205.0,8200.0,2026-04-22,187439072,348,Online Securities Pvt. Ltd.,Cristal Kanchanjanga Securites Pvt. Ltd.,2026-04-22 11:59:23.407328,Citizens Bank International Limited
2026042201019988,CZBIL,34,50,50,205.0,10250.0,2026-04-22,187439074,348,Vision Securities Pvt. Ltd,Cristal Kanchanjanga Securites Pvt. Ltd.,2026-04-22 11:59:23.407569,Citizens Bank International Limited
2026042201019989,CZBIL,14,50,200,204.5,40900.0,2026-04-22,187439076,348,Nepal Stock House (PVT) Ltd.,Cristal Kanchanjanga Securites Pvt. Ltd.,2026-04-22 11:59:23.407826,Citizens Bank International Limited
2026042201019990,CZBIL,16,50,200,204.5,40900.0,2026-04-22,187439078,348,Primo Securities (PVT) Ltd.,Cristal Kanchanjanga Securites Pvt. Ltd.,2026-04-22 11:59:23.408070,Citizens Bank International Limited
2026042201019991,CZBIL,16,50,200,204.1,40820.0,2026-04-22,187439080,348,Primo Securities (PVT) Ltd.,Cristal Kanchanjanga Securites Pvt. Ltd.,2026-04-22 11:59:23.408310,Citizens Bank International Limited
2026042201019992,CZBIL,25,50,460,204.1,93886.0,2026-04-22,187439082,348,Sweta Securities Private Limited,Cristal Kanchanjanga Securites Pvt. Ltd.,2026-04-22 11:59:23.408564,Citizens Bank International Limited
2026042201019993,CZBIL,43,50,478,204.0,97512.0,2026-04-22,187439084,348,South Asian Bulls Pvt. Ltd.,Cristal Kanchanjanga Securites Pvt. Ltd.,2026-04-22 11:59:23.408857,Citizens Bank International Limited
2026042201019994,CZBIL,6,50,10,204.0,2040.0,2026-04-22,187439086,348,Agrawal Securities (PVT) Ltd.,Cristal Kanchanjanga Securites Pvt. Ltd.,2026-04-22 11:59:23.409106,Citizens Bank International Limited
2026042201019995,CZBIL,34,50,62,204.0,12648.0,2026-04-22,187439087,348,Vision Securities Pvt. Ltd,Cristal Kanchanjanga Securites Pvt. Ltd.,2026-04-22 11:59:23.409328,Citizens Bank International Limited
2026042201020525,CZBIL,56,84,50,205.9,10295.0,2026-04-22,187441272,348,Sri Hari Securities Pvt. Ltd.,MILKY WAY SHARE BROKER COMPANY LTD ,2026-04-22 12:01:05.644264,Citizens Bank International Limited
2026042201021189,CZBIL,26,84,609,205.0,124845.0,2026-04-22,187443825,348,Asian Securities Private Ltd.,MILKY WAY SHARE BROKER COMPANY LTD ,2026-04-22 12:03:13.230697,Citizens Bank International Limited
2026042201021483,CZBIL,26,65,38,205.0,7790.0,2026-04-22,187445033,348,Asian Securities Private Ltd.,Sharepro Securities Private Limited,2026-04-22 12:04:17.232225,Citizens Bank International Limited
2026042201022048,CZBIL,38,49,1,199.8,199.8,2026-04-22,187446983,348,Dipshikha Dhitopatra Karobar Co. Pvt Ltd.,Online Securities Pvt. Ltd.,2026-04-22 12:06:03.702820,Citizens Bank International Limited
2026042201022337,CZBIL,26,71,75,205.0,15375.0,2026-04-22,187448069,348,Asian Securities Private Ltd.,SHUBHAKAMANA SECURITIES PVT. LTD,2026-04-22 12:06:51.893159,Citizens Bank International Limited
2026042201022457,CZBIL,26,25,278,205.0,56990.0,2026-04-22,187448478,348,Asian Securities Private Ltd.,Sweta Securities Private Limited,2026-04-22 12:07:14.631326,Citizens Bank International Limited
2026042201023333,CZBIL,62,29,400,204.5,81800.0,2026-04-22,187451541,348,Capital Max Securities Ltd,Trisul Securities & Invt. Ltd.,2026-04-22 12:09:55.286396,Citizens Bank International Limited
2026042201023890,CZBIL,43,29,144,204.1,29390.4,2026-04-22,187453882,348,South Asian Bulls Pvt. Ltd.,Trisul Securities & Invt. Ltd.,2026-04-22 12:11:58.647707,Citizens Bank International Limited
2026042201023891,CZBIL,34,29,138,204.0,28152.0,2026-04-22,187453884,348,Vision Securities Pvt. Ltd,Trisul Securities & Invt. Ltd.,2026-04-22 12:11:58.647942,Citizens Bank International Limited
2026042201023892,CZBIL,34,29,200,204.0,40800.0,2026-04-22,187453886,348,Vision Securities Pvt. Ltd,Trisul Securities & Invt. Ltd.,2026-04-22 12:11:58.648070,Citizens Bank International Limited
2026042201023893,CZBIL,42,29,10,204.0,2040.0,2026-04-22,187453888,348,Sani Securities Company Ltd.,Trisul Securities & Invt. Ltd.,2026-04-22 12:11:58.648164,Citizens Bank International Limited
2026042201023894,CZBIL,16,29,200,204.0,40800.0,2026-04-22,187453890,348,Primo Securities (PVT) Ltd.,Trisul Securities & Invt. Ltd.,2026-04-22 12:11:58.648252,Citizens Bank International Limited
2026042201024121,CZBIL,6,64,1000,204.0,204000.0,2026-04-22,187454838,348,Agrawal Securities (PVT) Ltd.,SUN SECURITIES PVT LTD,2026-04-22 12:12:44.878788,Citizens Bank International Limited
2026042201024128,CZBIL,4,62,200,203.8,40760.0,2026-04-22,187454858,348,Opal Securities Investment (PVT) Ltd.,Capital Max Securities Ltd,2026-04-22 12:12:46.113966,Citizens Bank International Limited
2026042201024129,CZBIL,16,62,400,203.8,81520.0,2026-04-22,187454860,348,Primo Securities (PVT) Ltd.,Capital Max Securities Ltd,2026-04-22 12:12:46.114183,Citizens Bank International Limited
2026042201024265,CZBIL,34,62,445,203.7,90646.5,2026-04-22,187455308,348,Vision Securities Pvt. Ltd,Capital Max Securities Ltd,2026-04-22 12:13:07.690401,Citizens Bank International Limited
2026042201024266,CZBIL,41,62,955,203.6,194438.0,2026-04-22,187455309,348,Linch Stock Market Ltd.,Capital Max Securities Ltd,2026-04-22 12:13:07.690570,Citizens Bank International Limited
2026042201025176,CZBIL,51,17,100,204.5,20450.0,2026-04-22,187459018,348,Oxford Securities Pvt. Ltd.,ABC Securities Private Limited,2026-04-22 12:16:37.876849,Citizens Bank International Limited
2026042201027202,CZBIL,16,13,420,204.0,85680.0,2026-04-22,187466759,348,Primo Securities (PVT) Ltd.,Thrive Brokerage House Pvt. Ltd,2026-04-22 12:23:32.455063,Citizens Bank International Limited
2026042201027286,CZBIL,16,14,222,204.0,45288.0,2026-04-22,187467109,348,Primo Securities (PVT) Ltd.,Nepal Stock House (PVT) Ltd.,2026-04-22 12:23:52.068653,Citizens Bank International Limited
2026042201027394,CZBIL,16,45,2000,204.0,408000.0,2026-04-22,187467689,348,Primo Securities (PVT) Ltd.,Imperial Securities Company Pvt. Ltd.,2026-04-22 12:24:20.950967,Citizens Bank International Limited
2026042201028183,CZBIL,50,36,15,205.0,3075.0,2026-04-22,187470436,348,Cristal Kanchanjanga Securites Pvt. Ltd.,Secured Securities Ltd.,2026-04-22 12:26:47.008149,Citizens Bank International Limited
2026042201028455,CZBIL,16,29,358,204.0,73032.0,2026-04-22,187471480,348,Primo Securities (PVT) Ltd.,Trisul Securities & Invt. Ltd.,2026-04-22 12:27:42.189393,Citizens Bank International Limited
2026042201028456,CZBIL,22,29,42,204.0,8568.0,2026-04-22,187471481,348,Siprabi Securities Pvt. Ltd.,Trisul Securities & Invt. Ltd.,2026-04-22 12:27:42.189844,Citizens Bank International Limited
2026042201028492,CZBIL,58,36,10,205.0,2050.0,2026-04-22,187471600,348,Naasa Securities Co. Ltd.,Secured Securities Ltd.,2026-04-22 12:27:50.095088,Citizens Bank International Limited
2026042201030317,CZBIL,8,36,138,205.0,28290.0,2026-04-22,187477733,348,Brilliant Securities Pvt. Ltd.,Secured Securities Ltd.,2026-04-22 12:32:53.856539,Citizens Bank International Limited
2026042201030318,CZBIL,8,25,300,205.9,61770.0,2026-04-22,187477735,348,Brilliant Securities Pvt. Ltd.,Sweta Securities Private Limited,2026-04-22 12:32:53.856669,Citizens Bank International Limited
2026042201030319,CZBIL,8,29,575,206.0,118450.0,2026-04-22,187477737,348,Brilliant Securities Pvt. Ltd.,Trisul Securities & Invt. Ltd.,2026-04-22 12:32:53.856747,Citizens Bank International Limited
2026042201030320,CZBIL,8,62,1879,206.0,387074.0,2026-04-22,187477739,348,Brilliant Securities Pvt. Ltd.,Capital Max Securities Ltd,2026-04-22 12:32:53.856836,Citizens Bank International Limited
2026042201030321,CZBIL,8,45,750,206.0,154500.0,2026-04-22,187477741,348,Brilliant Securities Pvt. Ltd.,Imperial Securities Company Pvt. Ltd.,2026-04-22 12:32:53.856908,Citizens Bank International Limited
2026042201030322,CZBIL,8,16,48,207.0,9936.0,2026-04-22,187477743,348,Brilliant Securities Pvt. Ltd.,Primo Securities (PVT) Ltd.,2026-04-22 12:32:53.856983,Citizens Bank International Limited
2026042201030323,CZBIL,8,11,559,207.0,115713.0,2026-04-22,187477745,348,Brilliant Securities Pvt. Ltd.,Malla & Malla Stock Broking Company Pvt. Limited,2026-04-22 12:32:53.857079,Citizens Bank International Limited
2026042201030324,CZBIL,8,42,10,207.0,2070.0,2026-04-22,187477747,348,Brilliant Securities Pvt. Ltd.,Sani Securities Company Ltd.,2026-04-22 12:32:53.857175,Citizens Bank International Limited
2026042201030325,CZBIL,8,58,120,207.0,24840.0,2026-04-22,187477749,348,Brilliant Securities Pvt. Ltd.,Naasa Securities Co. Ltd.,2026-04-22 12:32:53.857252,Citizens Bank International Limited
2026042201030326,CZBIL,8,42,1801,207.9,374427.9,2026-04-22,187477751,348,Brilliant Securities Pvt. Ltd.,Sani Securities Company Ltd.,2026-04-22 12:32:53.857338,Citizens Bank International Limited
2026042201030327,CZBIL,8,34,2458,207.9,511018.2,2026-04-22,187477754,348,Brilliant Securities Pvt. Ltd.,Vision Securities Pvt. Ltd,2026-04-22 12:32:53.857413,Citizens Bank International Limited
2026042201032655,CZBIL,59,10,15,205.0,3075.0,2026-04-22,187485645,348,Deevyaa Securities & Stock House Pvt. Ltd,Pragyan Securities (PVT) Ltd.,2026-04-22 12:40:27.357735,Citizens Bank International Limited
2026042201033962,CZBIL,29,29,200,205.1,41020.0,2026-04-22,187491342,348,Trisul Securities & Invt. Ltd.,Trisul Securities & Invt. Ltd.,2026-04-22 12:47:00.403893,Citizens Bank International Limited
2026042201033963,CZBIL,59,29,800,205.0,164000.0,2026-04-22,187491343,348,Deevyaa Securities & Stock House Pvt. Ltd,Trisul Securities & Invt. Ltd.,2026-04-22 12:47:00.404309,Citizens Bank International Limited
2026042201034185,CZBIL,36,36,3,200.0,600.0,2026-04-22,187492591,348,Secured Securities Ltd.,Secured Securities Ltd.,2026-04-22 12:48:50.719733,Citizens Bank International Limited
2026042201034229,CZBIL,59,47,185,205.0,37925.0,2026-04-22,187492810,348,Deevyaa Securities & Stock House Pvt. Ltd,Neev Securities Pvt. Ltd.,2026-04-22 12:49:05.468754,Citizens Bank International Limited
2026042201034230,CZBIL,17,47,15,205.0,3075.0,2026-04-22,187492811,348,ABC Securities Private Limited,Neev Securities Pvt. Ltd.,2026-04-22 12:49:05.469003,Citizens Bank International Limited
2026042201034300,CZBIL,45,16,10,206.6,2066.0,2026-04-22,187493102,348,Imperial Securities Company Pvt. Ltd.,Primo Securities (PVT) Ltd.,2026-04-22 12:49:41.010135,Citizens Bank International Limited
2026042201034800,CZBIL,17,29,85,205.0,17425.0,2026-04-22,187495330,348,ABC Securities Private Limited,Trisul Securities & Invt. Ltd.,2026-04-22 12:53:04.328572,Citizens Bank International Limited
2026042201034801,CZBIL,17,29,115,205.0,23575.0,2026-04-22,187495331,348,ABC Securities Private Limited,Trisul Securities & Invt. Ltd.,2026-04-22 12:53:04.328855,Citizens Bank International Limited
2026042201035018,CZBIL,17,29,85,205.0,17425.0,2026-04-22,187496084,348,ABC Securities Private Limited,Trisul Securities & Invt. Ltd.,2026-04-22 12:54:12.070523,Citizens Bank International Limited
2026042201035019,CZBIL,45,29,10,205.0,2050.0,2026-04-22,187496085,348,Imperial Securities Company Pvt. Ltd.,Trisul Securities & Invt. Ltd.,2026-04-22 12:54:12.070773,Citizens Bank International Limited
2026042201036553,CZBIL,57,17,64,205.0,13120.0,2026-04-22,187501437,348,Aryatara Investment & Securities,ABC Securities Private Limited,2026-04-22 13:02:35.949845,Citizens Bank International Limited
2026042201037005,CZBIL,57,37,13,205.0,2665.0,2026-04-22,187502857,348,Aryatara Investment & Securities,Swarna Laxmi Securities Pvt. Ltd.,2026-04-22 13:04:44.263644,Citizens Bank International Limited
2026042201037126,CZBIL,48,16,10,206.6,2066.0,2026-04-22,187503384,348,Trishakti Securities Public Limited,Primo Securities (PVT) Ltd.,2026-04-22 13:05:48.718106,Citizens Bank International Limited
2026042201037224,CZBIL,22,16,89,206.6,18387.4,2026-04-22,187503794,348,Siprabi Securities Pvt. Ltd.,Primo Securities (PVT) Ltd.,2026-04-22 13:06:30.573285,Citizens Bank International Limited
2026042201037505,CZBIL,42,16,10,206.6,2066.0,2026-04-22,187504600,348,Sani Securities Company Ltd.,Primo Securities (PVT) Ltd.,2026-04-22 13:07:24.610898,Citizens Bank International Limited
2026042201037542,CZBIL,1,16,81,206.6,16734.6,2026-04-22,187504763,348,Kumari Securities Private Limited,Primo Securities (PVT) Ltd.,2026-04-22 13:07:39.789936,Citizens Bank International Limited
2026042201037625,CZBIL,33,16,19,207.0,3933.0,2026-04-22,187505074,348,Dakshinkali Investment & Securities Pvt. Ltd.,Primo Securities (PVT) Ltd.,2026-04-22 13:08:09.572765,Citizens Bank International Limited
2026042201038145,CZBIL,1,25,219,206.6,45245.4,2026-04-22,187507080,348,Kumari Securities Private Limited,Sweta Securities Private Limited,2026-04-22 13:11:18.903979,Citizens Bank International Limited
2026042201038823,CZBIL,57,50,23,205.0,4715.0,2026-04-22,187509568,348,Aryatara Investment & Securities,Cristal Kanchanjanga Securites Pvt. Ltd.,2026-04-22 13:16:13.412737,Citizens Bank International Limited
2026042201038824,CZBIL,16,50,10,205.0,2050.0,2026-04-22,187509570,348,Primo Securities (PVT) Ltd.,Cristal Kanchanjanga Securites Pvt. Ltd.,2026-04-22 13:16:13.413217,Citizens Bank International Limited
2026042201038986,CZBIL,22,50,13,205.0,2665.0,2026-04-22,187510294,348,Siprabi Securities Pvt. Ltd.,Cristal Kanchanjanga Securites Pvt. Ltd.,2026-04-22 13:17:38.759622,Citizens Bank International Limited
2026042201041237,CZBIL,47,74,10,206.6,2066.0,2026-04-22,187519274,348,Neev Securities Pvt. Ltd.,KALASH STOCK MARKET PVT. LTD.,2026-04-22 13:30:27.921440,Citizens Bank International Limited
2026042201041358,CZBIL,45,74,100,205.0,20500.0,2026-04-22,187519847,348,Imperial Securities Company Pvt. Ltd.,KALASH STOCK MARKET PVT. LTD.,2026-04-22 13:31:26.424235,Citizens Bank International Limited
2026042201041481,CZBIL,45,95,150,205.0,30750.0,2026-04-22,187520391,348,Imperial Securities Company Pvt. Ltd.,Magnet Securities and Investment Company Private Limited,2026-04-22 13:32:24.318450,Citizens Bank International Limited
2026042201041932,CZBIL,45,66,15,205.0,3075.0,2026-04-22,187522101,348,Imperial Securities Company Pvt. Ltd.,Miyo Securities Pvt Ltd,2026-04-22 13:35:01.234391,Citizens Bank International Limited
2026042201043912,CZBIL,4,74,100,205.4,20540.0,2026-04-22,187529518,348,Opal Securities Investment (PVT) Ltd.,KALASH STOCK MARKET PVT. LTD.,2026-04-22 13:48:37.779567,Citizens Bank International Limited
2026042201043961,CZBIL,42,42,10,205.3,2053.0,2026-04-22,187529760,348,Sani Securities Company Ltd.,Sani Securities Company Ltd.,2026-04-22 13:49:00.705681,Citizens Bank International Limited
2026042201043962,CZBIL,45,42,490,205.0,100450.0,2026-04-22,187529761,348,Imperial Securities Company Pvt. Ltd.,Sani Securities Company Ltd.,2026-04-22 13:49:00.706180,Citizens Bank International Limited
2026042201044093,CZBIL,1,74,18,205.4,3697.2,2026-04-22,187530249,348,Kumari Securities Private Limited,KALASH STOCK MARKET PVT. LTD.,2026-04-22 13:49:47.190915,Citizens Bank International Limited
2026042201044860,CZBIL,1,42,32,205.4,6572.8,2026-04-22,187532982,348,Kumari Securities Private Limited,Sani Securities Company Ltd.,2026-04-22 13:54:35.191851,Citizens Bank International Limited
2026042201044861,CZBIL,45,42,48,205.0,9840.0,2026-04-22,187532983,348,Imperial Securities Company Pvt. Ltd.,Sani Securities Company Ltd.,2026-04-22 13:54:35.192078,Citizens Bank International Limited
2026042201044891,CZBIL,43,16,19,207.0,3933.0,2026-04-22,187533092,348,South Asian Bulls Pvt. Ltd.,Primo Securities (PVT) Ltd.,2026-04-22 13:54:45.899450,Citizens Bank International Limited
2026042201046025,CZBIL,4,51,50,206.0,10300.0,2026-04-22,187537394,348,Opal Securities Investment (PVT) Ltd.,Oxford Securities Pvt. Ltd.,2026-04-22 14:01:59.170151,Citizens Bank International Limited
2026042201047372,CZBIL,26,14,200,205.2,41040.0,2026-04-22,187541909,348,Asian Securities Private Ltd.,Nepal Stock House (PVT) Ltd.,2026-04-22 14:09:12.075908,Citizens Bank International Limited
2026042201047514,CZBIL,26,13,300,205.2,61560.0,2026-04-22,187542378,348,Asian Securities Private Ltd.,Thrive Brokerage House Pvt. Ltd,2026-04-22 14:10:03.726695,Citizens Bank International Limited
2026042201047515,CZBIL,16,13,200,205.2,41040.0,2026-04-22,187542380,348,Primo Securities (PVT) Ltd.,Thrive Brokerage House Pvt. Ltd,2026-04-22 14:10:03.726934,Citizens Bank International Limited
2026042201047516,CZBIL,45,13,343,205.1,70349.3,2026-04-22,187542382,348,Imperial Securities Company Pvt. Ltd.,Thrive Brokerage House Pvt. Ltd,2026-04-22 14:10:03.727050,Citizens Bank International Limited
2026042201047517,CZBIL,16,13,157,205.1,32200.7,2026-04-22,187542383,348,Primo Securities (PVT) Ltd.,Thrive Brokerage House Pvt. Ltd,2026-04-22 14:10:03.727157,Citizens Bank International Limited
2026042201047654,CZBIL,16,35,12,205.1,2461.2,2026-04-22,187542941,348,Primo Securities (PVT) Ltd.,Kohinoor Investment & Securities Pvt. Ltd.,2026-04-22 14:11:03.022792,Citizens Bank International Limited
2026042201048316,CZBIL,45,51,10,206.0,2060.0,2026-04-22,187545300,348,Imperial Securities Company Pvt. Ltd.,Oxford Securities Pvt. Ltd.,2026-04-22 14:15:04.383598,Citizens Bank International Limited
2026042201048935,CZBIL,11,5,100,205.0,20500.0,2026-04-22,187547940,348,Malla & Malla Stock Broking Company Pvt. Limited,Market Securities & Exchange (PVT) Ltd.,2026-04-22 14:18:38.923979,Citizens Bank International Limited
2026042201048936,CZBIL,26,5,314,205.0,64370.0,2026-04-22,187547941,348,Asian Securities Private Ltd.,Market Securities & Exchange (PVT) Ltd.,2026-04-22 14:18:38.924459,Citizens Bank International Limited
2026042201049179,CZBIL,49,51,230,206.0,47380.0,2026-04-22,187549176,348,Online Securities Pvt. Ltd.,Oxford Securities Pvt. Ltd.,2026-04-22 14:20:25.432130,Citizens Bank International Limited
2026042201049454,CZBIL,26,81,1050,205.0,215250.0,2026-04-22,187550407,348,Asian Securities Private Ltd.,Aakashbhairab Securities Ltd.,2026-04-22 14:21:56.588636,Citizens Bank International Limited
2026042201049620,CZBIL,26,58,30,205.0,6150.0,2026-04-22,187551033,348,Asian Securities Private Ltd.,Naasa Securities Co. Ltd.,2026-04-22 14:22:48.963792,Citizens Bank International Limited
2026042201050442,CZBIL,26,16,50,205.0,10250.0,2026-04-22,187554039,348,Asian Securities Private Ltd.,Primo Securities (PVT) Ltd.,2026-04-22 14:26:44.192739,Citizens Bank International Limited
2026042201050575,CZBIL,26,16,10,205.0,2050.0,2026-04-22,187554465,348,Asian Securities Private Ltd.,Primo Securities (PVT) Ltd.,2026-04-22 14:27:11.134374,Citizens Bank International Limited
2026042201050647,CZBIL,58,51,55,206.0,11330.0,2026-04-22,187554765,348,Naasa Securities Co. Ltd.,Oxford Securities Pvt. Ltd.,2026-04-22 14:27:30.827087,Citizens Bank International Limited
2026042201050680,CZBIL,26,41,546,205.0,111930.0,2026-04-22,187554880,348,Asian Securities Private Ltd.,Linch Stock Market Ltd.,2026-04-22 14:27:41.341241,Citizens Bank International Limited
2026042201050681,CZBIL,26,41,454,205.0,93070.0,2026-04-22,187554881,348,Asian Securities Private Ltd.,Linch Stock Market Ltd.,2026-04-22 14:27:41.341701,Citizens Bank International Limited
2026042201050914,CZBIL,26,40,100,205.0,20500.0,2026-04-22,187555835,348,Asian Securities Private Ltd.,Creative Securities Pvt Ltd,2026-04-22 14:28:35.454118,Citizens Bank International Limited
2026042201051592,CZBIL,58,47,1,200.0,200.0,2026-04-22,187558539,348,Naasa Securities Co. Ltd.,Neev Securities Pvt. Ltd.,2026-04-22 14:31:52.067312,Citizens Bank International Limited
2026042201051788,CZBIL,48,57,51,206.0,10506.0,2026-04-22,187559419,348,Trishakti Securities Public Limited,Aryatara Investment & Securities,2026-04-22 14:32:53.041064,Citizens Bank International Limited
2026042201051789,CZBIL,48,16,19,207.0,3933.0,2026-04-22,187559422,348,Trishakti Securities Public Limited,Primo Securities (PVT) Ltd.,2026-04-22 14:32:53.041093,Citizens Bank International Limited
2026042201052793,CZBIL,14,54,10,206.6,2066.0,2026-04-22,187563166,348,Nepal Stock House (PVT) Ltd.,Sewa Securities Pvt. Ltd.,2026-04-22 14:36:18.543989,Citizens Bank International Limited
2026042201053277,CZBIL,4,48,182,206.5,37583.0,2026-04-22,187565659,348,Opal Securities Investment (PVT) Ltd.,Trishakti Securities Public Limited,2026-04-22 14:38:25.938482,Citizens Bank International Limited
2026042201053278,CZBIL,4,54,18,206.6,3718.8,2026-04-22,187565662,348,Opal Securities Investment (PVT) Ltd.,Sewa Securities Pvt. Ltd.,2026-04-22 14:38:25.938709,Citizens Bank International Limited
2026042201053424,CZBIL,22,54,898,206.6,185526.8,2026-04-22,187566477,348,Siprabi Securities Pvt. Ltd.,Sewa Securities Pvt. Ltd.,2026-04-22 14:38:56.735654,Citizens Bank International Limited
2026042201053425,CZBIL,22,45,100,207.0,20700.0,2026-04-22,187566481,348,Siprabi Securities Pvt. Ltd.,Imperial Securities Company Pvt. Ltd.,2026-04-22 14:38:56.735882,Citizens Bank International Limited
2026042201053426,CZBIL,22,17,300,207.0,62100.0,2026-04-22,187566483,348,Siprabi Securities Pvt. Ltd.,ABC Securities Private Limited,2026-04-22 14:38:56.735987,Citizens Bank International Limited
2026042201053858,CZBIL,22,39,191,207.0,39537.0,2026-04-22,187568563,348,Siprabi Securities Pvt. Ltd.,Sumeru Securities Pvt. Ltd.,2026-04-22 14:39:54.425897,Citizens Bank International Limited
2026042201053873,CZBIL,7,39,30,207.6,6228.0,2026-04-22,187568636,348,J.F. Securites (PVT) Ltd.,Sumeru Securities Pvt. Ltd.,2026-04-22 14:39:55.437359,Citizens Bank International Limited
2026042201055286,CZBIL,35,39,330,207.6,68508.0,2026-04-22,187574279,348,Kohinoor Investment & Securities Pvt. Ltd.,Sumeru Securities Pvt. Ltd.,2026-04-22 14:42:07.130347,Citizens Bank International Limited
2026042201056136,CZBIL,35,58,245,208.0,50960.0,2026-04-22,187577688,348,Kohinoor Investment & Securities Pvt. Ltd.,Naasa Securities Co. Ltd.,2026-04-22 14:43:37.503839,Citizens Bank International Limited
2026042201056202,CZBIL,43,58,190,208.0,39520.0,2026-04-22,187577913,348,South Asian Bulls Pvt. Ltd.,Naasa Securities Co. Ltd.,2026-04-22 14:43:43.065570,Citizens Bank International Limited
2026042201056203,CZBIL,43,36,11,208.0,2288.0,2026-04-22,187577915,348,South Asian Bulls Pvt. Ltd.,Secured Securities Ltd.,2026-04-22 14:43:43.065792,Citizens Bank International Limited
2026042201056204,CZBIL,43,45,899,208.0,186992.0,2026-04-22,187577918,348,South Asian Bulls Pvt. Ltd.,Imperial Securities Company Pvt. Ltd.,2026-04-22 14:43:43.065916,Citizens Bank International Limited
2026042201056877,CZBIL,34,45,100,208.0,20800.0,2026-04-22,187580786,348,Vision Securities Pvt. Ltd,Imperial Securities Company Pvt. Ltd.,2026-04-22 14:44:41.944560,Citizens Bank International Limited
2026042201057329,CZBIL,22,45,1001,208.0,208208.0,2026-04-22,187582449,348,Siprabi Securities Pvt. Ltd.,Imperial Securities Company Pvt. Ltd.,2026-04-22 14:45:17.787224,Citizens Bank International Limited
2026042201057330,CZBIL,22,25,46,208.0,9568.0,2026-04-22,187582451,348,Siprabi Securities Pvt. Ltd.,Sweta Securities Private Limited,2026-04-22 14:45:17.787432,Citizens Bank International Limited
2026042201057331,CZBIL,22,74,10,209.0,2090.0,2026-04-22,187582454,348,Siprabi Securities Pvt. Ltd.,KALASH STOCK MARKET PVT. LTD.,2026-04-22 14:45:17.787534,Citizens Bank International Limited
2026042201058896,CZBIL,4,14,218,209.0,45562.0,2026-04-22,187589215,348,Opal Securities Investment (PVT) Ltd.,Nepal Stock House (PVT) Ltd.,2026-04-22 14:48:24.926860,Citizens Bank International Limited
2026042201058897,CZBIL,4,45,782,209.0,163438.0,2026-04-22,187589218,348,Opal Securities Investment (PVT) Ltd.,Imperial Securities Company Pvt. Ltd.,2026-04-22 14:48:24.927056,Citizens Bank International Limited
2026042201060309,CZBIL,58,45,218,209.0,45562.0,2026-04-22,187595747,348,Naasa Securities Co. Ltd.,Imperial Securities Company Pvt. Ltd.,2026-04-22 14:51:57.715815,Citizens Bank International Limited
2026042201060310,CZBIL,58,58,97,209.5,20321.5,2026-04-22,187595749,348,Naasa Securities Co. Ltd.,Naasa Securities Co. Ltd.,2026-04-22 14:51:57.716011,Citizens Bank International Limited
2026042201060311,CZBIL,58,13,1000,209.6,209600.0,2026-04-22,187595751,348,Naasa Securities Co. Ltd.,Thrive Brokerage House Pvt. Ltd,2026-04-22 14:51:57.716174,Citizens Bank International Limited
2026042201060474,CZBIL,58,41,135,209.7,28309.5,2026-04-22,187596460,348,Naasa Securities Co. Ltd.,Linch Stock Market Ltd.,2026-04-22 14:52:25.485571,Citizens Bank International Limited
2026042201060601,CZBIL,16,41,1000,209.7,209700.0,2026-04-22,187597010,348,Primo Securities (PVT) Ltd.,Linch Stock Market Ltd.,2026-04-22 14:52:44.705294,Citizens Bank International Limited
2026042201060969,CZBIL,53,41,21,209.7,4403.7,2026-04-22,187598707,348,Investment Management Nepal Pvt. Ltd.,Linch Stock Market Ltd.,2026-04-22 14:53:46.323956,Citizens Bank International Limited
2026042201060970,CZBIL,53,45,79,209.7,16566.3,2026-04-22,187598710,348,Investment Management Nepal Pvt. Ltd.,Imperial Securities Company Pvt. Ltd.,2026-04-22 14:53:46.324187,Citizens Bank International Limited
2026042201061743,CZBIL,57,26,500,209.0,104500.0,2026-04-22,187602612,348,Aryatara Investment & Securities,Asian Securities Private Ltd.,2026-04-22 14:55:45.441795,Citizens Bank International Limited
2026042201062141,CZBIL,57,26,10,209.0,2090.0,2026-04-22,187604440,348,Aryatara Investment & Securities,Asian Securities Private Ltd.,2026-04-22 14:56:32.145542,Citizens Bank International Limited
2026042201062414,CZBIL,48,37,200,208.0,41600.0,2026-04-22,187606054,348,Trishakti Securities Public Limited,Swarna Laxmi Securities Pvt. Ltd.,2026-04-22 14:57:14.160594,Citizens Bank International Limited
2026042201062608,CZBIL,45,37,500,207.5,103750.0,2026-04-22,187606888,348,Imperial Securities Company Pvt. Ltd.,Swarna Laxmi Securities Pvt. Ltd.,2026-04-22 14:57:30.329460,Citizens Bank International Limited
2026042201062609,CZBIL,38,37,25,207.5,5187.5,2026-04-22,187606890,348,Dipshikha Dhitopatra Karobar Co. Pvt Ltd.,Swarna Laxmi Securities Pvt. Ltd.,2026-04-22 14:57:30.329670,Citizens Bank International Limited
2026042201062903,CZBIL,58,37,10,207.5,2075.0,2026-04-22,187608194,348,Naasa Securities Co. Ltd.,Swarna Laxmi Securities Pvt. Ltd.,2026-04-22 14:57:55.893255,Citizens Bank International Limited
2026042201063089,CZBIL,8,37,639,207.5,132592.5,2026-04-22,187609313,348,Brilliant Securities Pvt. Ltd.,Swarna Laxmi Securities Pvt. Ltd.,2026-04-22 14:58:22.321140,Citizens Bank International Limited
2026042201063090,CZBIL,8,37,15,208.0,3120.0,2026-04-22,187609315,348,Brilliant Securities Pvt. Ltd.,Swarna Laxmi Securities Pvt. Ltd.,2026-04-22 14:58:22.321174,Citizens Bank International Limited
2026042201063091,CZBIL,8,26,1740,209.0,363660.0,2026-04-22,187609317,348,Brilliant Securities Pvt. Ltd.,Asian Securities Private Ltd.,2026-04-22 14:58:22.321199,Citizens Bank International Limited
2026042201063092,CZBIL,8,8,1222,209.3,255764.6,2026-04-22,187609319,348,Brilliant Securities Pvt. Ltd.,Brilliant Securities Pvt. Ltd.,2026-04-22 14:58:22.321229,Citizens Bank International Limited
2026042201063093,CZBIL,8,17,23,209.5,4818.5,2026-04-22,187609321,348,Brilliant Securities Pvt. Ltd.,ABC Securities Private Limited,2026-04-22 14:58:22.321264,Citizens Bank International Limited
2026042201063094,CZBIL,8,45,861,209.5,180379.5,2026-04-22,187609324,348,Brilliant Securities Pvt. Ltd.,Imperial Securities Company Pvt. Ltd.,2026-04-22 14:58:22.321289,Citizens Bank International Limited
2026042201063624,CZBIL,45,99,400,207.1,82840.0,2026-04-22,187611426,348,Imperial Securities Company Pvt. Ltd.,Prabhu Stock Market Limited,2026-04-22 14:59:08.240554,Citizens Bank International Limited
2026042201063625,CZBIL,22,99,11,207.0,2277.0,2026-04-22,187611428,348,Siprabi Securities Pvt. Ltd.,Prabhu Stock Market Limited,2026-04-22 14:59:08.240771,Citizens Bank International Limited
2026042201063626,CZBIL,46,99,20,207.0,4140.0,2026-04-22,187611430,348,Kalika Securities Pvt. Ltd.,Prabhu Stock Market Limited,2026-04-22 14:59:08.240878,Citizens Bank International Limited
2026042201063627,CZBIL,49,99,144,207.0,29808.0,2026-04-22,187611432,348,Online Securities Pvt. Ltd.,Prabhu Stock Market Limited,2026-04-22 14:59:08.240979,Citizens Bank International Limited
2026042201063628,CZBIL,62,99,300,207.0,62100.0,2026-04-22,187611434,348,Capital Max Securities Ltd,Prabhu Stock Market Limited,2026-04-22 14:59:08.241088,Citizens Bank International Limited
2026042201063629,CZBIL,41,99,30,207.0,6210.0,2026-04-22,187611436,348,Linch Stock Market Ltd.,Prabhu Stock Market Limited,2026-04-22 14:59:08.241192,Citizens Bank International Limited
2026042201063630,CZBIL,80,99,95,206.2,19589.0,2026-04-22,187611437,348,Indira securities pvt. ltd,Prabhu Stock Market Limited,2026-04-22 14:59:08.241298,Citizens Bank International Limited
2026042201063785,CZBIL,22,36,100,209.0,20900.0,2026-04-22,187612188,348,Siprabi Securities Pvt. Ltd.,Secured Securities Ltd.,2026-04-22 14:59:25.371247,Citizens Bank International Limited
2026042201063819,CZBIL,8,36,2150,209.0,449350.0,2026-04-22,187612333,348,Brilliant Securities Pvt. Ltd.,Secured Securities Ltd.,2026-04-22 14:59:29.589376,Citizens Bank International Limited
2026042201063820,CZBIL,8,45,560,209.5,117320.0,2026-04-22,187612335,348,Brilliant Securities Pvt. Ltd.,Imperial Securities Company Pvt. Ltd.,2026-04-22 14:59:29.589476,Citizens Bank International Limited
2026042201063821,CZBIL,8,1,1000,209.6,209600.0,2026-04-22,187612337,348,Brilliant Securities Pvt. Ltd.,Kumari Securities Private Limited,2026-04-22 14:59:29.589551,Citizens Bank International Limited
2026042201063822,CZBIL,8,49,4000,209.8,839200.0,2026-04-22,187612339,348,Brilliant Securities Pvt. Ltd.,Online Securities Pvt. Ltd.,2026-04-22 14:59:29.589624,Citizens Bank International Limited
2026042201063823,CZBIL,8,14,60,210.0,12600.0,2026-04-22,187612341,348,Brilliant Securities Pvt. Ltd.,Nepal Stock House (PVT) Ltd.,2026-04-22 14:59:29.589696,Citizens Bank International Limited
2026042201063824,CZBIL,8,50,730,210.0,153300.0,2026-04-22,187612344,348,Brilliant Securities Pvt. Ltd.,Cristal Kanchanjanga Securites Pvt. Ltd.,2026-04-22 14:59:29.589766,Citizens Bank International Limited
2026042201064178,CZBIL,8,50,270,210.0,56700.0,2026-04-22,187614089,348,Brilliant Securities Pvt. Ltd.,Cristal Kanchanjanga Securites Pvt. Ltd.,2026-04-22 14:59:57.045130,Citizens Bank International Limited
2026042201064179,CZBIL,8,58,250,210.9,52725.0,2026-04-22,187614091,348,Brilliant Securities Pvt. Ltd.,Naasa Securities Co. Ltd.,2026-04-22 14:59:57.045160,Citizens Bank International Limited
2026042201064180,CZBIL,8,62,500,211.0,105500.0,2026-04-22,187614093,348,Brilliant Securities Pvt. Ltd.,Capital Max Securities Ltd,2026-04-22 14:59:57.045202,Citizens Bank International Limited
2026042201064181,CZBIL,8,22,100,211.0,21100.0,2026-04-22,187614095,348,Brilliant Securities Pvt. Ltd.,Siprabi Securities Pvt. Ltd.,2026-04-22 14:59:57.045226,Citizens Bank International Limited
2026042201064182,CZBIL,8,57,300,211.0,63300.0,2026-04-22,187614097,348,Brilliant Securities Pvt. Ltd.,Aryatara Investment & Securities,2026-04-22 14:59:57.045251,Citizens Bank International Limited
2026042201064183,CZBIL,8,29,200,211.0,42200.0,2026-04-22,187614099,348,Brilliant Securities Pvt. Ltd.,Trisul Securities & Invt. Ltd.,2026-04-22 14:59:57.045273,Citizens Bank International Limited
2026042201064184,CZBIL,8,54,100,211.1,21110.0,2026-04-22,187614101,348,Brilliant Securities Pvt. Ltd.,Sewa Securities Pvt. Ltd.,2026-04-22 14:59:57.045296,Citizens Bank International Limited
2026042201064185,CZBIL,8,49,1000,211.1,211100.0,2026-04-22,187614103,348,Brilliant Securities Pvt. Ltd.,Online Securities Pvt. Ltd.,2026-04-22 14:59:57.045315,Citizens Bank International Limited
2026042201064186,CZBIL,8,34,1280,211.9,271232.0,2026-04-22,187614106,348,Brilliant Securities Pvt. Ltd.,Vision Securities Pvt. Ltd,2026-04-22 14:59:57.045338,Citizens Bank International Limited
