contract_id,symbol,buyer_member_id,seller_member_id,volume,price,amount,buyer_broker,seller_broker,transaction_time
2026042204002325,DHPL,45,47,76,300.3,22822.8,Imperial Securities Company Pvt. Ltd.,Neev Securities Pvt. Ltd.,2026-04-22 11:23:38.531062
2026042204002326,DHPL,49,47,500,300.2,150100.0,Online Securities Pvt. Ltd.,Neev Securities Pvt. Ltd.,2026-04-22 11:23:38.531120
2026042204002327,DHPL,37,47,424,300.0,127200.0,Swarna Laxmi Securities Pvt. Ltd.,Neev Securities Pvt. Ltd.,2026-04-22 11:23:38.531179
2026042204002412,DHPL,37,29,76,300.0,22800.0,Swarna Laxmi Securities Pvt. Ltd.,Trisul Securities & Invt. Ltd.,2026-04-22 11:24:32.507821
2026042204002413,DHPL,8,29,17,300.0,5100.0,Brilliant Securities Pvt. Ltd.,Trisul Securities & Invt. Ltd.,2026-04-22 11:24:32.507940
2026042204002708,DHPL,45,29,20,300.0,6000.0,Imperial Securities Company Pvt. Ltd.,Trisul Securities & Invt. Ltd.,2026-04-22 11:28:00.197325
2026042204002820,DHPL,56,48,10,300.0,3000.0,Sri Hari Securities Pvt. Ltd.,Trishakti Securities Public Limited,2026-04-22 11:29:06.619822
2026042204002824,DHPL,56,29,187,300.0,56100.0,Sri Hari Securities Pvt. Ltd.,Trisul Securities & Invt. Ltd.,2026-04-22 11:29:15.666385
2026042204003003,DHPL,28,29,100,299.9,29990.0,Shree Krishna Securities Ltd.,Trisul Securities & Invt. Ltd.,2026-04-22 11:31:51.615457
2026042204003803,DHPL,58,45,50,300.0,15000.0,Naasa Securities Co. Ltd.,Imperial Securities Company Pvt. Ltd.,2026-04-22 11:42:05.657003
2026042204003804,DHPL,67,45,20,300.0,6000.0,Property Wiard Limited,Imperial Securities Company Pvt. Ltd.,2026-04-22 11:42:05.657105
2026042204003812,DHPL,34,28,10,306.0,3060.0,Vision Securities Pvt. Ltd,Shree Krishna Securities Ltd.,2026-04-22 11:42:07.015832
2026042204004015,DHPL,19,28,20,306.0,6120.0,Nepal Investment And Securities Trading Private Limited,Shree Krishna Securities Ltd.,2026-04-22 11:43:50.449631
2026042204007054,DHPL,13,25,56,301.0,16856.0,Thrive Brokerage House Pvt. Ltd,Sweta Securities Private Limited,2026-04-22 12:13:56.319002
2026042204007143,DHPL,13,14,44,301.0,13244.0,Thrive Brokerage House Pvt. Ltd,Nepal Stock House (PVT) Ltd.,2026-04-22 12:14:31.936393
2026042204007144,DHPL,14,14,50,300.0,15000.0,Nepal Stock House (PVT) Ltd.,Nepal Stock House (PVT) Ltd.,2026-04-22 12:14:31.936429
2026042204007145,DHPL,1,14,30,300.0,9000.0,Kumari Securities Private Limited,Nepal Stock House (PVT) Ltd.,2026-04-22 12:14:31.936453
2026042204007146,DHPL,7,14,176,299.9,52782.4,J.F. Securites (PVT) Ltd.,Nepal Stock House (PVT) Ltd.,2026-04-22 12:14:31.936478
2026042204008320,DHPL,36,42,134,300.0,40200.0,Secured Securities Ltd.,Sani Securities Company Ltd.,2026-04-22 12:27:12.810475
2026042204008440,DHPL,36,58,66,300.0,19800.0,Secured Securities Ltd.,Naasa Securities Co. Ltd.,2026-04-22 12:28:18.349304
2026042204008441,DHPL,28,58,14,300.0,4200.0,Shree Krishna Securities Ltd.,Naasa Securities Co. Ltd.,2026-04-22 12:28:18.349407
2026042204010294,DHPL,32,48,10,300.2,3002.0,Premier Securities Company Ltd.,Trishakti Securities Public Limited,2026-04-22 12:48:09.924460
2026042204010518,DHPL,54,8,70,300.8,21056.0,Sewa Securities Pvt. Ltd.,Brilliant Securities Pvt. Ltd.,2026-04-22 12:51:14.094670
2026042204010519,DHPL,32,8,930,300.2,279186.0,Premier Securities Company Ltd.,Brilliant Securities Pvt. Ltd.,2026-04-22 12:51:14.094770
2026042204010836,DHPL,32,58,50,300.2,15010.0,Premier Securities Company Ltd.,Naasa Securities Co. Ltd.,2026-04-22 12:55:42.328248
2026042204011272,DHPL,42,48,200,303.0,60600.0,Sani Securities Company Ltd.,Trishakti Securities Public Limited,2026-04-22 13:05:58.708839
2026042204012418,DHPL,34,48,500,303.0,151500.0,Vision Securities Pvt. Ltd,Trishakti Securities Public Limited,2026-04-22 13:22:54.990650
2026042204013575,DHPL,28,48,11,303.0,3333.0,Shree Krishna Securities Ltd.,Trishakti Securities Public Limited,2026-04-22 13:40:03.270729
2026042204013773,DHPL,52,42,25,301.0,7525.0,Sundhara Securities Limited,Sani Securities Company Ltd.,2026-04-22 13:43:32.540339
2026042204013774,DHPL,42,42,50,300.3,15015.0,Sani Securities Company Ltd.,Sani Securities Company Ltd.,2026-04-22 13:43:32.540518
2026042204013775,DHPL,32,42,10,300.2,3002.0,Premier Securities Company Ltd.,Sani Securities Company Ltd.,2026-04-22 13:43:32.540638
2026042204013776,DHPL,51,42,100,300.0,30000.0,Oxford Securities Pvt. Ltd.,Sani Securities Company Ltd.,2026-04-22 13:43:32.540753
2026042204013777,DHPL,46,42,50,300.0,15000.0,Kalika Securities Pvt. Ltd.,Sani Securities Company Ltd.,2026-04-22 13:43:32.540882
2026042204013778,DHPL,49,42,300,300.0,90000.0,Online Securities Pvt. Ltd.,Sani Securities Company Ltd.,2026-04-22 13:43:32.540989
2026042204013779,DHPL,11,42,30,300.0,9000.0,Malla & Malla Stock Broking Company Pvt. Limited,Sani Securities Company Ltd.,2026-04-22 13:43:32.541096
2026042204013780,DHPL,57,42,235,300.0,70500.0,Aryatara Investment & Securities,Sani Securities Company Ltd.,2026-04-22 13:43:32.541203
2026042204013924,DHPL,57,58,15,300.0,4500.0,Aryatara Investment & Securities,Naasa Securities Co. Ltd.,2026-04-22 13:47:37.740696
2026042204014978,DHPL,7,58,40,300.2,12008.0,J.F. Securites (PVT) Ltd.,Naasa Securities Co. Ltd.,2026-04-22 14:06:15.274782
2026042204015189,DHPL,58,48,200,302.9,60580.0,Naasa Securities Co. Ltd.,Trishakti Securities Public Limited,2026-04-22 14:10:13.014254
2026042204017432,DHPL,38,48,100,302.0,30200.0,Dipshikha Dhitopatra Karobar Co. Pvt Ltd.,Trishakti Securities Public Limited,2026-04-22 14:38:17.054528
2026042204017644,DHPL,57,48,300,302.0,90600.0,Aryatara Investment & Securities,Trishakti Securities Public Limited,2026-04-22 14:39:00.321386
2026042204017906,DHPL,90,35,70,301.4,21098.0,Sajilo Broker Limited,Kohinoor Investment & Securities Pvt. Ltd.,2026-04-22 14:39:48.681915
2026042204018760,DHPL,40,48,189,302.0,57078.0,Creative Securities Pvt Ltd,Trishakti Securities Public Limited,2026-04-22 14:42:43.722733
2026042204018761,DHPL,40,42,700,302.0,211400.0,Creative Securities Pvt Ltd,Sani Securities Company Ltd.,2026-04-22 14:42:43.722853
2026042204018914,DHPL,90,34,30,302.5,9075.0,Sajilo Broker Limited,Vision Securities Pvt. Ltd,2026-04-22 14:43:14.193888
2026042204018934,DHPL,91,34,300,302.5,90750.0,Citizens Share Broker Limited,Vision Securities Pvt. Ltd,2026-04-22 14:43:18.009651
2026042204019042,DHPL,90,34,100,302.5,30250.0,Sajilo Broker Limited,Vision Securities Pvt. Ltd,2026-04-22 14:43:48.133868
2026042204019085,DHPL,49,34,145,302.5,43862.5,Online Securities Pvt. Ltd.,Vision Securities Pvt. Ltd,2026-04-22 14:43:59.225152
2026042204019098,DHPL,25,34,1000,302.5,302500.0,Sweta Securities Private Limited,Vision Securities Pvt. Ltd,2026-04-22 14:44:01.631362
2026042204019138,DHPL,5,34,500,302.5,151250.0,Market Securities & Exchange (PVT) Ltd.,Vision Securities Pvt. Ltd,2026-04-22 14:44:11.496706
2026042204019171,DHPL,47,34,400,302.5,121000.0,Neev Securities Pvt. Ltd.,Vision Securities Pvt. Ltd,2026-04-22 14:44:20.631291
2026042204019260,DHPL,5,34,500,302.5,151250.0,Market Securities & Exchange (PVT) Ltd.,Vision Securities Pvt. Ltd,2026-04-22 14:44:36.720100
2026042204019378,DHPL,43,34,320,302.5,96800.0,South Asian Bulls Pvt. Ltd.,Vision Securities Pvt. Ltd,2026-04-22 14:45:07.132522
2026042204019437,DHPL,17,36,11,303.0,3333.0,ABC Securities Private Limited,Secured Securities Ltd.,2026-04-22 14:45:17.472713
2026042204019851,DHPL,58,25,60,304.0,18240.0,Naasa Securities Co. Ltd.,Sweta Securities Private Limited,2026-04-22 14:46:48.660573
2026042204019967,DHPL,26,25,440,304.0,133760.0,Asian Securities Private Ltd.,Sweta Securities Private Limited,2026-04-22 14:47:15.763896
2026042204020033,DHPL,59,34,300,305.0,91500.0,Deevyaa Securities & Stock House Pvt. Ltd,Vision Securities Pvt. Ltd,2026-04-22 14:47:31.177806
2026042204020108,DHPL,26,34,200,305.0,61000.0,Asian Securities Private Ltd.,Vision Securities Pvt. Ltd,2026-04-22 14:47:47.820009
2026042204020109,DHPL,26,26,45,305.0,13725.0,Asian Securities Private Ltd.,Asian Securities Private Ltd.,2026-04-22 14:47:47.820129
2026042204020110,DHPL,26,6,25,305.0,7625.0,Asian Securities Private Ltd.,Agrawal Securities (PVT) Ltd.,2026-04-22 14:47:47.820180
2026042204020244,DHPL,59,14,300,308.0,92400.0,Deevyaa Securities & Stock House Pvt. Ltd,Nepal Stock House (PVT) Ltd.,2026-04-22 14:48:32.897299
2026042204020754,DHPL,10,14,80,308.0,24640.0,Pragyan Securities (PVT) Ltd.,Nepal Stock House (PVT) Ltd.,2026-04-22 14:50:33.843672
2026042204020823,DHPL,58,45,30,310.0,9300.0,Naasa Securities Co. Ltd.,Imperial Securities Company Pvt. Ltd.,2026-04-22 14:50:56.081531
2026042204021083,DHPL,26,45,90,310.0,27900.0,Asian Securities Private Ltd.,Imperial Securities Company Pvt. Ltd.,2026-04-22 14:52:14.974441
2026042204021124,DHPL,10,45,190,310.0,58900.0,Pragyan Securities (PVT) Ltd.,Imperial Securities Company Pvt. Ltd.,2026-04-22 14:52:25.691120
2026042204021125,DHPL,10,48,100,310.0,31000.0,Pragyan Securities (PVT) Ltd.,Trishakti Securities Public Limited,2026-04-22 14:52:25.691211
2026042204021448,DHPL,57,43,300,314.0,94200.0,Aryatara Investment & Securities,South Asian Bulls Pvt. Ltd.,2026-04-22 14:53:52.452264
2026042204021449,DHPL,57,22,100,314.0,31400.0,Aryatara Investment & Securities,Siprabi Securities Pvt. Ltd.,2026-04-22 14:53:52.452462
2026042204021567,DHPL,57,34,1000,314.9,314900.0,Aryatara Investment & Securities,Vision Securities Pvt. Ltd,2026-04-22 14:54:35.575701
2026042204022051,DHPL,10,34,1130,310.0,350300.0,Pragyan Securities (PVT) Ltd.,Vision Securities Pvt. Ltd,2026-04-22 14:55:48.443224
2026042204022260,DHPL,42,34,80,312.0,24960.0,Sani Securities Company Ltd.,Vision Securities Pvt. Ltd,2026-04-22 14:56:28.328889
2026042204022413,DHPL,62,39,1000,308.0,308000.0,Capital Max Securities Ltd,Sumeru Securities Pvt. Ltd.,2026-04-22 14:56:55.747523
2026042204023103,DHPL,57,21,200,305.0,61000.0,Aryatara Investment & Securities,Midas Stock Broking Company Private Limited,2026-04-22 14:59:03.960951
