contract_id,symbol,buyer_member_id,seller_member_id,volume,price,amount,buyer_broker,seller_broker,transaction_time
2026042201000693,GBIME,21,25,10,235.0,2350.0,Midas Stock Broking Company Private Limited,Sweta Securities Private Limited,2026-04-22 11:03:11.760736
2026042201000694,GBIME,58,25,30,235.0,7050.0,Naasa Securities Co. Ltd.,Sweta Securities Private Limited,2026-04-22 11:03:11.760925
2026042201001186,GBIME,58,52,20,235.0,4700.0,Naasa Securities Co. Ltd.,Sundhara Securities Limited,2026-04-22 11:05:27.286229
2026042201001187,GBIME,35,52,100,235.0,23500.0,Kohinoor Investment & Securities Pvt. Ltd.,Sundhara Securities Limited,2026-04-22 11:05:27.286375
2026042201001188,GBIME,58,52,100,235.0,23500.0,Naasa Securities Co. Ltd.,Sundhara Securities Limited,2026-04-22 11:05:27.286493
2026042201001370,GBIME,44,54,300,234.3,70290.0,Dynamic Money Managers Securities Pvt. Ltd.,Sewa Securities Pvt. Ltd.,2026-04-22 11:06:01.518005
2026042201001514,GBIME,44,91,700,234.3,164010.0,Dynamic Money Managers Securities Pvt. Ltd.,Citizens Share Broker Limited,2026-04-22 11:06:38.157194
2026042201001515,GBIME,28,91,1000,234.2,234200.0,Shree Krishna Securities Ltd.,Citizens Share Broker Limited,2026-04-22 11:06:38.157275
2026042201001516,GBIME,28,91,1000,234.1,234100.0,Shree Krishna Securities Ltd.,Citizens Share Broker Limited,2026-04-22 11:06:38.157315
2026042201001517,GBIME,28,91,2000,234.0,468000.0,Shree Krishna Securities Ltd.,Citizens Share Broker Limited,2026-04-22 11:06:38.157351
2026042201001518,GBIME,17,91,40,234.0,9360.0,ABC Securities Private Limited,Citizens Share Broker Limited,2026-04-22 11:06:38.157381
2026042201001519,GBIME,42,91,30,234.0,7020.0,Sani Securities Company Ltd.,Citizens Share Broker Limited,2026-04-22 11:06:38.157423
2026042201001520,GBIME,35,91,100,234.0,23400.0,Kohinoor Investment & Securities Pvt. Ltd.,Citizens Share Broker Limited,2026-04-22 11:06:38.157456
2026042201001936,GBIME,29,26,150,233.5,35025.0,Trisul Securities & Invt. Ltd.,Asian Securities Private Ltd.,2026-04-22 11:08:09.769694
2026042201002039,GBIME,35,26,100,233.5,23350.0,Kohinoor Investment & Securities Pvt. Ltd.,Asian Securities Private Ltd.,2026-04-22 11:08:22.602825
2026042201002787,GBIME,22,25,30,233.4,7002.0,Siprabi Securities Pvt. Ltd.,Sweta Securities Private Limited,2026-04-22 11:10:13.189447
2026042201003297,GBIME,22,21,56,233.4,13070.4,Siprabi Securities Pvt. Ltd.,Midas Stock Broking Company Private Limited,2026-04-22 11:11:50.561231
2026042201003490,GBIME,46,45,200,233.5,46700.0,Kalika Securities Pvt. Ltd.,Imperial Securities Company Pvt. Ltd.,2026-04-22 11:12:08.944043
2026042201003921,GBIME,35,8,200,233.4,46680.0,Kohinoor Investment & Securities Pvt. Ltd.,Brilliant Securities Pvt. Ltd.,2026-04-22 11:13:00.690804
2026042201003922,GBIME,44,8,1000,233.3,233300.0,Dynamic Money Managers Securities Pvt. Ltd.,Brilliant Securities Pvt. Ltd.,2026-04-22 11:13:00.690967
2026042201003923,GBIME,8,8,100,233.0,23300.0,Brilliant Securities Pvt. Ltd.,Brilliant Securities Pvt. Ltd.,2026-04-22 11:13:00.691050
2026042201004141,GBIME,57,8,40,233.0,9320.0,Aryatara Investment & Securities,Brilliant Securities Pvt. Ltd.,2026-04-22 11:13:38.097718
2026042201004459,GBIME,36,8,50,233.0,11650.0,Secured Securities Ltd.,Brilliant Securities Pvt. Ltd.,2026-04-22 11:14:29.406848
2026042201004684,GBIME,35,25,41,232.5,9532.5,Kohinoor Investment & Securities Pvt. Ltd.,Sweta Securities Private Limited,2026-04-22 11:14:59.720813
2026042201005753,GBIME,58,38,50,232.6,11630.0,Naasa Securities Co. Ltd.,Dipshikha Dhitopatra Karobar Co. Pvt Ltd.,2026-04-22 11:17:16.869007
2026042201006022,GBIME,35,38,159,232.5,36967.5,Kohinoor Investment & Securities Pvt. Ltd.,Dipshikha Dhitopatra Karobar Co. Pvt Ltd.,2026-04-22 11:17:56.804626
2026042201006023,GBIME,26,38,129,232.5,29992.5,Asian Securities Private Ltd.,Dipshikha Dhitopatra Karobar Co. Pvt Ltd.,2026-04-22 11:17:56.804874
2026042201006084,GBIME,58,41,5,227.0,1135.0,Naasa Securities Co. Ltd.,Linch Stock Market Ltd.,2026-04-22 11:18:04.906050
2026042201006294,GBIME,75,8,10,233.0,2330.0,N.I.M.B. Stock Markets Limited,Brilliant Securities Pvt. Ltd.,2026-04-22 11:18:37.231850
2026042201006295,GBIME,75,35,10,233.0,2330.0,N.I.M.B. Stock Markets Limited,Kohinoor Investment & Securities Pvt. Ltd.,2026-04-22 11:18:37.231990
2026042201006328,GBIME,42,45,19,232.8,4423.2,Sani Securities Company Ltd.,Imperial Securities Company Pvt. Ltd.,2026-04-22 11:18:40.272623
2026042201006465,GBIME,58,42,7,232.0,1624.0,Naasa Securities Co. Ltd.,Sani Securities Company Ltd.,2026-04-22 11:18:57.202632
2026042201006762,GBIME,42,25,21,232.8,4888.8,Sani Securities Company Ltd.,Sweta Securities Private Limited,2026-04-22 11:19:30.598806
2026042201006977,GBIME,58,56,50,233.0,11650.0,Naasa Securities Co. Ltd.,Sri Hari Securities Pvt. Ltd.,2026-04-22 11:19:54.084730
2026042201007791,GBIME,59,56,70,232.9,16303.0,Deevyaa Securities & Stock House Pvt. Ltd,Sri Hari Securities Pvt. Ltd.,2026-04-22 11:21:15.811089
2026042201007811,GBIME,42,56,10,232.9,2329.0,Sani Securities Company Ltd.,Sri Hari Securities Pvt. Ltd.,2026-04-22 11:21:19.663709
2026042201008504,GBIME,34,56,50,232.9,11645.0,Vision Securities Pvt. Ltd,Sri Hari Securities Pvt. Ltd.,2026-04-22 11:23:02.751412
2026042201008798,GBIME,38,56,200,232.9,46580.0,Dipshikha Dhitopatra Karobar Co. Pvt Ltd.,Sri Hari Securities Pvt. Ltd.,2026-04-22 11:23:39.214377
2026042201009241,GBIME,42,56,500,232.9,116450.0,Sani Securities Company Ltd.,Sri Hari Securities Pvt. Ltd.,2026-04-22 11:24:44.488144
2026042201009557,GBIME,17,56,20,232.9,4658.0,ABC Securities Private Limited,Sri Hari Securities Pvt. Ltd.,2026-04-22 11:25:55.293434
2026042201009713,GBIME,47,56,100,232.9,23290.0,Neev Securities Pvt. Ltd.,Sri Hari Securities Pvt. Ltd.,2026-04-22 11:26:31.249436
2026042201009714,GBIME,47,45,295,232.9,68705.5,Neev Securities Pvt. Ltd.,Imperial Securities Company Pvt. Ltd.,2026-04-22 11:26:31.249595
2026042201010171,GBIME,17,91,12,234.0,2808.0,ABC Securities Private Limited,Citizens Share Broker Limited,2026-04-22 11:28:22.846255
2026042201010190,GBIME,42,91,50,234.0,11700.0,Sani Securities Company Ltd.,Citizens Share Broker Limited,2026-04-22 11:28:25.107126
2026042201010357,GBIME,35,91,10,234.0,2340.0,Kohinoor Investment & Securities Pvt. Ltd.,Citizens Share Broker Limited,2026-04-22 11:28:59.846310
2026042201010410,GBIME,42,91,58,234.0,13572.0,Sani Securities Company Ltd.,Citizens Share Broker Limited,2026-04-22 11:29:07.471606
2026042201010411,GBIME,42,25,100,234.0,23400.0,Sani Securities Company Ltd.,Sweta Securities Private Limited,2026-04-22 11:29:07.471888
2026042201010412,GBIME,42,58,642,234.0,150228.0,Sani Securities Company Ltd.,Naasa Securities Co. Ltd.,2026-04-22 11:29:07.472103
2026042201010620,GBIME,76,6,24,233.0,5592.0,Machhapuchchhre Securities Limited,Agrawal Securities (PVT) Ltd.,2026-04-22 11:29:42.600919
2026042201010838,GBIME,35,58,10,234.0,2340.0,Kohinoor Investment & Securities Pvt. Ltd.,Naasa Securities Co. Ltd.,2026-04-22 11:30:29.197851
2026042201011069,GBIME,57,58,230,234.0,53820.0,Aryatara Investment & Securities,Naasa Securities Co. Ltd.,2026-04-22 11:31:16.771110
2026042201011225,GBIME,45,58,115,234.0,26910.0,Imperial Securities Company Pvt. Ltd.,Naasa Securities Co. Ltd.,2026-04-22 11:31:49.953775
2026042201011428,GBIME,58,18,100,233.1,23310.0,Naasa Securities Co. Ltd.,Sagarmatha Securities Private Limited,2026-04-22 11:32:22.518918
2026042201011429,GBIME,76,18,26,233.0,6058.0,Machhapuchchhre Securities Limited,Sagarmatha Securities Private Limited,2026-04-22 11:32:22.519146
2026042201011430,GBIME,41,18,1000,233.0,233000.0,Linch Stock Market Ltd.,Sagarmatha Securities Private Limited,2026-04-22 11:32:22.519224
2026042201011431,GBIME,42,18,100,233.0,23300.0,Sani Securities Company Ltd.,Sagarmatha Securities Private Limited,2026-04-22 11:32:22.519299
2026042201012121,GBIME,45,52,10,235.0,2350.0,Imperial Securities Company Pvt. Ltd.,Sundhara Securities Limited,2026-04-22 11:34:22.192594
2026042201012899,GBIME,58,42,4,232.0,928.0,Naasa Securities Co. Ltd.,Sani Securities Company Ltd.,2026-04-22 11:36:46.655829
2026042201013092,GBIME,58,7,8,229.0,1832.0,Naasa Securities Co. Ltd.,J.F. Securites (PVT) Ltd.,2026-04-22 11:37:29.398729
2026042201013115,GBIME,26,20,30,233.2,6996.0,Asian Securities Private Ltd.,Sipla Securities Private Limited,2026-04-22 11:37:37.775629
2026042201013121,GBIME,88,18,100,234.0,23400.0,Blue Chip Securities Ltd,Sagarmatha Securities Private Limited,2026-04-22 11:37:38.860070
2026042201013141,GBIME,26,89,45,233.2,10494.0,Asian Securities Private Ltd.,Global IME Securities Limited,2026-04-22 11:37:42.646401
2026042201013499,GBIME,17,18,153,234.0,35802.0,ABC Securities Private Limited,Sagarmatha Securities Private Limited,2026-04-22 11:38:58.766688
2026042201013611,GBIME,49,18,25,234.0,5850.0,Online Securities Pvt. Ltd.,Sagarmatha Securities Private Limited,2026-04-22 11:39:25.408399
2026042201014055,GBIME,91,18,10,234.0,2340.0,Citizens Share Broker Limited,Sagarmatha Securities Private Limited,2026-04-22 11:41:09.639414
2026042201014241,GBIME,35,18,20,234.0,4680.0,Kohinoor Investment & Securities Pvt. Ltd.,Sagarmatha Securities Private Limited,2026-04-22 11:41:40.495389
2026042201014592,GBIME,26,49,96,233.2,22387.2,Asian Securities Private Ltd.,Online Securities Pvt. Ltd.,2026-04-22 11:43:07.523624
2026042201014593,GBIME,17,49,50,233.1,11655.0,ABC Securities Private Limited,Online Securities Pvt. Ltd.,2026-04-22 11:43:07.523877
2026042201014594,GBIME,42,49,100,233.0,23300.0,Sani Securities Company Ltd.,Online Securities Pvt. Ltd.,2026-04-22 11:43:07.523992
2026042201014595,GBIME,51,49,211,233.0,49163.0,Oxford Securities Pvt. Ltd.,Online Securities Pvt. Ltd.,2026-04-22 11:43:07.524106
2026042201014596,GBIME,45,49,30,233.0,6990.0,Imperial Securities Company Pvt. Ltd.,Online Securities Pvt. Ltd.,2026-04-22 11:43:07.524212
2026042201014597,GBIME,1,49,50,233.0,11650.0,Kumari Securities Private Limited,Online Securities Pvt. Ltd.,2026-04-22 11:43:07.524313
2026042201014598,GBIME,58,49,50,233.0,11650.0,Naasa Securities Co. Ltd.,Online Securities Pvt. Ltd.,2026-04-22 11:43:07.524421
2026042201014599,GBIME,32,49,500,233.0,116500.0,Premier Securities Company Ltd.,Online Securities Pvt. Ltd.,2026-04-22 11:43:07.524522
2026042201014600,GBIME,34,49,100,233.0,23300.0,Vision Securities Pvt. Ltd,Online Securities Pvt. Ltd.,2026-04-22 11:43:07.524623
2026042201014601,GBIME,1,49,20,233.0,4660.0,Kumari Securities Private Limited,Online Securities Pvt. Ltd.,2026-04-22 11:43:07.524728
2026042201014602,GBIME,34,49,1793,233.0,417769.0,Vision Securities Pvt. Ltd,Online Securities Pvt. Ltd.,2026-04-22 11:43:07.524961
2026042201014659,GBIME,34,26,2000,233.0,466000.0,Vision Securities Pvt. Ltd,Asian Securities Private Ltd.,2026-04-22 11:43:21.043936
2026042201015257,GBIME,45,52,52,233.9,12162.8,Imperial Securities Company Pvt. Ltd.,Sundhara Securities Limited,2026-04-22 11:45:18.805841
2026042201015287,GBIME,34,29,135,233.0,31455.0,Vision Securities Pvt. Ltd,Trisul Securities & Invt. Ltd.,2026-04-22 11:45:25.854273
2026042201015607,GBIME,34,42,1000,233.0,233000.0,Vision Securities Pvt. Ltd,Sani Securities Company Ltd.,2026-04-22 11:46:36.790748
2026042201015651,GBIME,34,58,40,233.0,9320.0,Vision Securities Pvt. Ltd,Naasa Securities Co. Ltd.,2026-04-22 11:46:49.908753
2026042201015683,GBIME,76,52,10,233.9,2339.0,Machhapuchchhre Securities Limited,Sundhara Securities Limited,2026-04-22 11:46:56.537978
2026042201015968,GBIME,65,52,10,233.9,2339.0,Sharepro Securities Private Limited,Sundhara Securities Limited,2026-04-22 11:47:41.744353
2026042201016251,GBIME,42,52,23,233.9,5379.7,Sani Securities Company Ltd.,Sundhara Securities Limited,2026-04-22 11:48:49.668572
2026042201016252,GBIME,42,18,12,234.0,2808.0,Sani Securities Company Ltd.,Sagarmatha Securities Private Limited,2026-04-22 11:48:49.668978
2026042201017179,GBIME,66,18,300,234.0,70200.0,Miyo Securities Pvt Ltd,Sagarmatha Securities Private Limited,2026-04-22 11:51:26.412278
2026042201017243,GBIME,58,18,144,234.0,33696.0,Naasa Securities Co. Ltd.,Sagarmatha Securities Private Limited,2026-04-22 11:51:38.920405
2026042201017314,GBIME,56,18,30,234.0,7020.0,Sri Hari Securities Pvt. Ltd.,Sagarmatha Securities Private Limited,2026-04-22 11:51:51.906851
2026042201017457,GBIME,42,18,25,234.0,5850.0,Sani Securities Company Ltd.,Sagarmatha Securities Private Limited,2026-04-22 11:52:11.737277
2026042201017908,GBIME,56,49,20,233.8,4676.0,Sri Hari Securities Pvt. Ltd.,Online Securities Pvt. Ltd.,2026-04-22 11:53:24.807039
2026042201018010,GBIME,21,49,12,233.8,2805.6,Midas Stock Broking Company Private Limited,Online Securities Pvt. Ltd.,2026-04-22 11:53:39.115041
2026042201018737,GBIME,22,54,20,233.5,4670.0,Siprabi Securities Pvt. Ltd.,Sewa Securities Pvt. Ltd.,2026-04-22 11:55:34.631422
2026042201018973,GBIME,17,54,50,233.1,11655.0,ABC Securities Private Limited,Sewa Securities Pvt. Ltd.,2026-04-22 11:56:15.301489
2026042201018974,GBIME,17,54,200,233.1,46620.0,ABC Securities Private Limited,Sewa Securities Pvt. Ltd.,2026-04-22 11:56:15.301712
2026042201019126,GBIME,34,54,32,233.0,7456.0,Vision Securities Pvt. Ltd,Sewa Securities Pvt. Ltd.,2026-04-22 11:56:37.688777
2026042201019127,GBIME,49,54,50,233.0,11650.0,Online Securities Pvt. Ltd.,Sewa Securities Pvt. Ltd.,2026-04-22 11:56:37.688972
2026042201019128,GBIME,42,54,20,233.0,4660.0,Sani Securities Company Ltd.,Sewa Securities Pvt. Ltd.,2026-04-22 11:56:37.689072
2026042201019129,GBIME,6,54,10,233.0,2330.0,Agrawal Securities (PVT) Ltd.,Sewa Securities Pvt. Ltd.,2026-04-22 11:56:37.689164
2026042201019130,GBIME,45,54,20,233.0,4660.0,Imperial Securities Company Pvt. Ltd.,Sewa Securities Pvt. Ltd.,2026-04-22 11:56:37.689259
2026042201019131,GBIME,1,54,1098,233.0,255834.0,Kumari Securities Private Limited,Sewa Securities Pvt. Ltd.,2026-04-22 11:56:37.689346
2026042201019164,GBIME,1,38,2000,233.0,466000.0,Kumari Securities Private Limited,Dipshikha Dhitopatra Karobar Co. Pvt Ltd.,2026-04-22 11:56:43.800197
2026042201019167,GBIME,1,94,1000,233.0,233000.0,Kumari Securities Private Limited,K.B.L. Securities Limited ,2026-04-22 11:56:43.896475
2026042201019516,GBIME,58,41,20,233.1,4662.0,Naasa Securities Co. Ltd.,Linch Stock Market Ltd.,2026-04-22 11:58:00.345864
2026042201019656,GBIME,1,41,102,233.1,23776.2,Kumari Securities Private Limited,Linch Stock Market Ltd.,2026-04-22 11:58:28.059009
2026042201019875,GBIME,58,54,10,233.0,2330.0,Naasa Securities Co. Ltd.,Sewa Securities Pvt. Ltd.,2026-04-22 11:59:15.319104
2026042201019876,GBIME,68,54,50,233.0,11650.0,Elite Stock House Limited,Sewa Securities Pvt. Ltd.,2026-04-22 11:59:15.319382
2026042201019877,GBIME,42,54,200,233.0,46600.0,Sani Securities Company Ltd.,Sewa Securities Pvt. Ltd.,2026-04-22 11:59:15.319483
2026042201020074,GBIME,47,13,100,232.9,23290.0,Neev Securities Pvt. Ltd.,Thrive Brokerage House Pvt. Ltd,2026-04-22 11:59:41.075187
2026042201020200,GBIME,4,54,43,233.0,10019.0,Opal Securities Investment (PVT) Ltd.,Sewa Securities Pvt. Ltd.,2026-04-22 12:00:01.626390
2026042201020201,GBIME,4,46,10,233.0,2330.0,Opal Securities Investment (PVT) Ltd.,Kalika Securities Pvt. Ltd.,2026-04-22 12:00:01.626521
2026042201020202,GBIME,4,41,128,233.1,29836.8,Opal Securities Investment (PVT) Ltd.,Linch Stock Market Ltd.,2026-04-22 12:00:01.626616
2026042201020203,GBIME,4,41,419,233.5,97836.5,Opal Securities Investment (PVT) Ltd.,Linch Stock Market Ltd.,2026-04-22 12:00:01.626710
2026042201020388,GBIME,4,49,84,233.8,19639.2,Opal Securities Investment (PVT) Ltd.,Online Securities Pvt. Ltd.,2026-04-22 12:00:36.282725
2026042201020389,GBIME,4,18,416,234.0,97344.0,Opal Securities Investment (PVT) Ltd.,Sagarmatha Securities Private Limited,2026-04-22 12:00:36.282793
2026042201020502,GBIME,38,18,100,234.0,23400.0,Dipshikha Dhitopatra Karobar Co. Pvt Ltd.,Sagarmatha Securities Private Limited,2026-04-22 12:01:00.160510
2026042201020650,GBIME,4,18,765,234.0,179010.0,Opal Securities Investment (PVT) Ltd.,Sagarmatha Securities Private Limited,2026-04-22 12:01:21.562676
2026042201020651,GBIME,4,77,20,234.0,4680.0,Opal Securities Investment (PVT) Ltd.,Nabil Stock Dealer Ltd.,2026-04-22 12:01:21.562713
2026042201020652,GBIME,4,58,11,234.0,2574.0,Opal Securities Investment (PVT) Ltd.,Naasa Securities Co. Ltd.,2026-04-22 12:01:21.562737
2026042201020653,GBIME,4,42,204,234.0,47736.0,Opal Securities Investment (PVT) Ltd.,Sani Securities Company Ltd.,2026-04-22 12:01:21.562760
2026042201021393,GBIME,42,94,20,232.8,4656.0,Sani Securities Company Ltd.,K.B.L. Securities Limited ,2026-04-22 12:03:58.075252
2026042201021394,GBIME,64,94,21,232.8,4888.8,SUN SECURITIES PVT LTD,K.B.L. Securities Limited ,2026-04-22 12:03:58.075736
2026042201021395,GBIME,34,94,500,232.8,116400.0,Vision Securities Pvt. Ltd,K.B.L. Securities Limited ,2026-04-22 12:03:58.076052
2026042201021745,GBIME,35,29,130,232.7,30251.0,Kohinoor Investment & Securities Pvt. Ltd.,Trisul Securities & Invt. Ltd.,2026-04-22 12:05:09.628539
2026042201022032,GBIME,28,59,2000,233.0,466000.0,Shree Krishna Securities Ltd.,Deevyaa Securities & Stock House Pvt. Ltd,2026-04-22 12:06:00.356403
2026042201022492,GBIME,58,59,51,233.0,11883.0,Naasa Securities Co. Ltd.,Deevyaa Securities & Stock House Pvt. Ltd,2026-04-22 12:07:23.474359
2026042201022994,GBIME,35,34,70,232.7,16289.0,Kohinoor Investment & Securities Pvt. Ltd.,Vision Securities Pvt. Ltd,2026-04-22 12:08:50.475199
2026042201022995,GBIME,7,34,31,232.7,7213.7,J.F. Securites (PVT) Ltd.,Vision Securities Pvt. Ltd,2026-04-22 12:08:50.475445
2026042201022998,GBIME,7,57,169,232.7,39326.3,J.F. Securites (PVT) Ltd.,Aryatara Investment & Securities,2026-04-22 12:08:51.240377
2026042201022999,GBIME,28,57,1000,232.7,232700.0,Shree Krishna Securities Ltd.,Aryatara Investment & Securities,2026-04-22 12:08:51.240855
2026042201023315,GBIME,45,57,40,232.7,9308.0,Imperial Securities Company Pvt. Ltd.,Aryatara Investment & Securities,2026-04-22 12:09:50.892554
2026042201023365,GBIME,85,63,300,232.6,69780.0,Capital Hub P. Ltd,Himalayan Brokerage Company Limited,2026-04-22 12:10:02.280838
2026042201023391,GBIME,85,21,10,232.6,2326.0,Capital Hub P. Ltd,Midas Stock Broking Company Private Limited,2026-04-22 12:10:08.409131
2026042201023455,GBIME,11,57,61,232.7,14194.7,Malla & Malla Stock Broking Company Pvt. Limited,Aryatara Investment & Securities,2026-04-22 12:10:23.201126
2026042201023531,GBIME,11,58,39,232.7,9075.3,Malla & Malla Stock Broking Company Pvt. Limited,Naasa Securities Co. Ltd.,2026-04-22 12:10:39.663349
2026042201023532,GBIME,85,58,146,232.6,33959.6,Capital Hub P. Ltd,Naasa Securities Co. Ltd.,2026-04-22 12:10:39.663798
2026042201023706,GBIME,85,21,500,232.6,116300.0,Capital Hub P. Ltd,Midas Stock Broking Company Private Limited,2026-04-22 12:11:24.556242
2026042201023933,GBIME,45,58,60,233.9,14034.0,Imperial Securities Company Pvt. Ltd.,Naasa Securities Co. Ltd.,2026-04-22 12:12:05.550100
2026042201024034,GBIME,71,58,240,233.9,56136.0,SHUBHAKAMANA SECURITIES PVT. LTD,Naasa Securities Co. Ltd.,2026-04-22 12:12:27.202423
2026042201024035,GBIME,71,42,96,234.0,22464.0,SHUBHAKAMANA SECURITIES PVT. LTD,Sani Securities Company Ltd.,2026-04-22 12:12:27.202457
2026042201024036,GBIME,71,18,164,234.0,38376.0,SHUBHAKAMANA SECURITIES PVT. LTD,Sagarmatha Securities Private Limited,2026-04-22 12:12:27.202482
2026042201024130,GBIME,71,18,500,234.0,117000.0,SHUBHAKAMANA SECURITIES PVT. LTD,Sagarmatha Securities Private Limited,2026-04-22 12:12:46.182247
2026042201025604,GBIME,57,25,10,232.7,2327.0,Aryatara Investment & Securities,Sweta Securities Private Limited,2026-04-22 12:18:10.552366
2026042201026030,GBIME,44,25,25,232.7,5817.5,Dynamic Money Managers Securities Pvt. Ltd.,Sweta Securities Private Limited,2026-04-22 12:19:38.594673
2026042201027124,GBIME,49,4,1,233.0,233.0,Online Securities Pvt. Ltd.,Opal Securities Investment (PVT) Ltd.,2026-04-22 12:23:19.123599
2026042201027350,GBIME,49,13,1000,232.6,232600.0,Online Securities Pvt. Ltd.,Thrive Brokerage House Pvt. Ltd,2026-04-22 12:24:10.756752
2026042201027405,GBIME,65,14,500,232.6,116300.0,Sharepro Securities Private Limited,Nepal Stock House (PVT) Ltd.,2026-04-22 12:24:24.783736
2026042201027407,GBIME,29,25,500,232.5,116250.0,Trisul Securities & Invt. Ltd.,Sweta Securities Private Limited,2026-04-22 12:24:24.969683
2026042201027408,GBIME,42,25,100,232.5,23250.0,Sani Securities Company Ltd.,Sweta Securities Private Limited,2026-04-22 12:24:24.969915
2026042201027409,GBIME,49,25,50,232.5,11625.0,Online Securities Pvt. Ltd.,Sweta Securities Private Limited,2026-04-22 12:24:24.970021
2026042201027635,GBIME,17,38,105,232.3,24391.5,ABC Securities Private Limited,Dipshikha Dhitopatra Karobar Co. Pvt Ltd.,2026-04-22 12:25:17.296042
2026042201027720,GBIME,17,25,630,232.3,146349.0,ABC Securities Private Limited,Sweta Securities Private Limited,2026-04-22 12:25:36.545983
2026042201027721,GBIME,52,25,185,232.3,42975.5,Sundhara Securities Limited,Sweta Securities Private Limited,2026-04-22 12:25:36.546243
2026042201028138,GBIME,52,35,29,232.3,6736.7,Sundhara Securities Limited,Kohinoor Investment & Securities Pvt. Ltd.,2026-04-22 12:26:37.898955
2026042201028334,GBIME,42,35,10,232.3,2323.0,Sani Securities Company Ltd.,Kohinoor Investment & Securities Pvt. Ltd.,2026-04-22 12:27:20.383213
2026042201028436,GBIME,14,14,235,232.2,54567.0,Nepal Stock House (PVT) Ltd.,Nepal Stock House (PVT) Ltd.,2026-04-22 12:27:38.463989
2026042201028853,GBIME,49,35,100,232.3,23230.0,Online Securities Pvt. Ltd.,Kohinoor Investment & Securities Pvt. Ltd.,2026-04-22 12:29:09.582161
2026042201029180,GBIME,58,35,20,232.3,4646.0,Naasa Securities Co. Ltd.,Kohinoor Investment & Securities Pvt. Ltd.,2026-04-22 12:30:01.474351
2026042201029259,GBIME,36,35,135,232.3,31360.5,Secured Securities Ltd.,Kohinoor Investment & Securities Pvt. Ltd.,2026-04-22 12:30:11.323585
2026042201029260,GBIME,36,58,100,232.3,23230.0,Secured Securities Ltd.,Naasa Securities Co. Ltd.,2026-04-22 12:30:11.324098
2026042201029379,GBIME,36,14,65,232.6,15119.0,Secured Securities Ltd.,Nepal Stock House (PVT) Ltd.,2026-04-22 12:30:36.422535
2026042201029906,GBIME,11,14,435,232.6,101181.0,Malla & Malla Stock Broking Company Pvt. Limited,Nepal Stock House (PVT) Ltd.,2026-04-22 12:31:53.429980
2026042201029907,GBIME,11,7,80,232.9,18632.0,Malla & Malla Stock Broking Company Pvt. Limited,J.F. Securites (PVT) Ltd.,2026-04-22 12:31:53.430292
2026042201029908,GBIME,11,58,485,233.0,113005.0,Malla & Malla Stock Broking Company Pvt. Limited,Naasa Securities Co. Ltd.,2026-04-22 12:31:53.430410
2026042201030429,GBIME,58,58,15,233.0,3495.0,Naasa Securities Co. Ltd.,Naasa Securities Co. Ltd.,2026-04-22 12:33:06.440551
2026042201031514,GBIME,42,22,200,233.0,46600.0,Sani Securities Company Ltd.,Siprabi Securities Pvt. Ltd.,2026-04-22 12:36:09.412064
2026042201031529,GBIME,59,22,121,233.0,28193.0,Deevyaa Securities & Stock House Pvt. Ltd,Siprabi Securities Pvt. Ltd.,2026-04-22 12:36:12.339813
2026042201031530,GBIME,59,21,200,233.0,46600.0,Deevyaa Securities & Stock House Pvt. Ltd,Midas Stock Broking Company Private Limited,2026-04-22 12:36:12.340083
2026042201031531,GBIME,59,7,179,233.0,41707.0,Deevyaa Securities & Stock House Pvt. Ltd,J.F. Securites (PVT) Ltd.,2026-04-22 12:36:12.340217
2026042201031819,GBIME,45,7,53,233.0,12349.0,Imperial Securities Company Pvt. Ltd.,J.F. Securites (PVT) Ltd.,2026-04-22 12:37:01.674372
2026042201031950,GBIME,59,7,250,233.0,58250.0,Deevyaa Securities & Stock House Pvt. Ltd,J.F. Securites (PVT) Ltd.,2026-04-22 12:37:24.308657
2026042201031980,GBIME,16,7,18,233.0,4194.0,Primo Securities (PVT) Ltd.,J.F. Securites (PVT) Ltd.,2026-04-22 12:37:35.467050
2026042201031981,GBIME,16,36,32,233.8,7481.6,Primo Securities (PVT) Ltd.,Secured Securities Ltd.,2026-04-22 12:37:35.467147
2026042201032592,GBIME,29,8,20,233.7,4674.0,Trisul Securities & Invt. Ltd.,Brilliant Securities Pvt. Ltd.,2026-04-22 12:40:05.889790
2026042201032601,GBIME,48,8,30,233.7,7011.0,Trishakti Securities Public Limited,Brilliant Securities Pvt. Ltd.,2026-04-22 12:40:08.375228
2026042201032623,GBIME,36,36,10,233.8,2338.0,Secured Securities Ltd.,Secured Securities Ltd.,2026-04-22 12:40:17.749461
2026042201032632,GBIME,48,94,20,233.7,4674.0,Trishakti Securities Public Limited,K.B.L. Securities Limited ,2026-04-22 12:40:21.107662
2026042201032822,GBIME,41,94,50,233.7,11685.0,Linch Stock Market Ltd.,K.B.L. Securities Limited ,2026-04-22 12:41:17.391527
2026042201033529,GBIME,38,8,500,233.0,116500.0,Dipshikha Dhitopatra Karobar Co. Pvt Ltd.,Brilliant Securities Pvt. Ltd.,2026-04-22 12:44:48.282224
2026042201033530,GBIME,3,8,100,233.0,23300.0,Arun Securities (PVT) Ltd.,Brilliant Securities Pvt. Ltd.,2026-04-22 12:44:48.282513
2026042201033594,GBIME,3,41,104,233.0,24232.0,Arun Securities (PVT) Ltd.,Linch Stock Market Ltd.,2026-04-22 12:45:13.590302
2026042201033659,GBIME,3,36,296,233.0,68968.0,Arun Securities (PVT) Ltd.,Secured Securities Ltd.,2026-04-22 12:45:34.518360
2026042201033660,GBIME,89,36,65,233.0,15145.0,Global IME Securities Limited,Secured Securities Ltd.,2026-04-22 12:45:34.518640
2026042201033661,GBIME,58,36,120,233.0,27960.0,Naasa Securities Co. Ltd.,Secured Securities Ltd.,2026-04-22 12:45:34.518766
2026042201033662,GBIME,49,36,100,233.0,23300.0,Online Securities Pvt. Ltd.,Secured Securities Ltd.,2026-04-22 12:45:34.518886
2026042201033901,GBIME,58,36,35,233.0,8155.0,Naasa Securities Co. Ltd.,Secured Securities Ltd.,2026-04-22 12:46:40.304469
2026042201033932,GBIME,58,19,10,232.8,2328.0,Naasa Securities Co. Ltd.,Nepal Investment And Securities Trading Private Limited,2026-04-22 12:46:53.360116
2026042201034073,GBIME,25,65,200,232.7,46540.0,Sweta Securities Private Limited,Sharepro Securities Private Limited,2026-04-22 12:47:54.181518
2026042201034074,GBIME,58,65,146,232.7,33974.2,Naasa Securities Co. Ltd.,Sharepro Securities Private Limited,2026-04-22 12:47:54.182103
2026042201034144,GBIME,38,19,85,232.8,19788.0,Dipshikha Dhitopatra Karobar Co. Pvt Ltd.,Nepal Investment And Securities Trading Private Limited,2026-04-22 12:48:33.934397
2026042201034713,GBIME,58,58,10,232.7,2327.0,Naasa Securities Co. Ltd.,Naasa Securities Co. Ltd.,2026-04-22 12:52:25.318657
2026042201034741,GBIME,21,41,3,233.0,699.0,Midas Stock Broking Company Private Limited,Linch Stock Market Ltd.,2026-04-22 12:52:40.366946
2026042201034769,GBIME,34,19,105,232.8,24444.0,Vision Securities Pvt. Ltd,Nepal Investment And Securities Trading Private Limited,2026-04-22 12:52:51.597995
2026042201034770,GBIME,34,36,210,233.0,48930.0,Vision Securities Pvt. Ltd,Secured Securities Ltd.,2026-04-22 12:52:51.598541
2026042201034889,GBIME,58,42,1,230.0,230.0,Naasa Securities Co. Ltd.,Sani Securities Company Ltd.,2026-04-22 12:53:46.559278
2026042201035020,GBIME,58,56,44,232.7,10238.8,Naasa Securities Co. Ltd.,Sri Hari Securities Pvt. Ltd.,2026-04-22 12:54:12.369383
2026042201035021,GBIME,25,56,36,232.7,8377.2,Sweta Securities Private Limited,Sri Hari Securities Pvt. Ltd.,2026-04-22 12:54:12.369685
2026042201035975,GBIME,49,8,10,232.7,2327.0,Online Securities Pvt. Ltd.,Brilliant Securities Pvt. Ltd.,2026-04-22 12:58:43.462416
2026042201036322,GBIME,96,36,130,233.0,30290.0,Himalayan Securities Limited,Secured Securities Ltd.,2026-04-22 13:01:08.855703
2026042201036769,GBIME,10,36,500,233.0,116500.0,Pragyan Securities (PVT) Ltd.,Secured Securities Ltd.,2026-04-22 13:02:55.763060
2026042201037052,GBIME,51,37,40,232.8,9312.0,Oxford Securities Pvt. Ltd.,Swarna Laxmi Securities Pvt. Ltd.,2026-04-22 13:05:02.901450
2026042201037053,GBIME,49,37,41,232.7,9540.7,Online Securities Pvt. Ltd.,Swarna Laxmi Securities Pvt. Ltd.,2026-04-22 13:05:02.901769
2026042201037054,GBIME,96,37,28,232.6,6512.8,Himalayan Securities Limited,Swarna Laxmi Securities Pvt. Ltd.,2026-04-22 13:05:02.901910
2026042201037110,GBIME,58,36,10,233.0,2330.0,Naasa Securities Co. Ltd.,Secured Securities Ltd.,2026-04-22 13:05:35.122547
2026042201037157,GBIME,96,50,72,232.6,16747.2,Himalayan Securities Limited,Cristal Kanchanjanga Securites Pvt. Ltd.,2026-04-22 13:06:00.092120
2026042201037158,GBIME,56,50,48,232.6,11164.8,Sri Hari Securities Pvt. Ltd.,Cristal Kanchanjanga Securites Pvt. Ltd.,2026-04-22 13:06:00.092651
2026042201037793,GBIME,49,57,80,232.7,18616.0,Online Securities Pvt. Ltd.,Aryatara Investment & Securities,2026-04-22 13:09:28.357144
2026042201038518,GBIME,49,34,20,232.7,4654.0,Online Securities Pvt. Ltd.,Vision Securities Pvt. Ltd,2026-04-22 13:13:31.829876
2026042201038519,GBIME,58,34,62,232.7,14427.4,Naasa Securities Co. Ltd.,Vision Securities Pvt. Ltd,2026-04-22 13:13:31.829942
2026042201038520,GBIME,56,34,131,232.6,30470.6,Sri Hari Securities Pvt. Ltd.,Vision Securities Pvt. Ltd,2026-04-22 13:13:31.829969
2026042201038619,GBIME,42,36,100,233.0,23300.0,Sani Securities Company Ltd.,Secured Securities Ltd.,2026-04-22 13:14:18.980579
2026042201038651,GBIME,56,14,321,232.6,74664.6,Sri Hari Securities Pvt. Ltd.,Nepal Stock House (PVT) Ltd.,2026-04-22 13:14:39.880472
2026042201038652,GBIME,45,14,10,232.6,2326.0,Imperial Securities Company Pvt. Ltd.,Nepal Stock House (PVT) Ltd.,2026-04-22 13:14:39.880794
2026042201038782,GBIME,58,36,10,233.0,2330.0,Naasa Securities Co. Ltd.,Secured Securities Ltd.,2026-04-22 13:15:54.817735
2026042201039128,GBIME,45,36,21,233.0,4893.0,Imperial Securities Company Pvt. Ltd.,Secured Securities Ltd.,2026-04-22 13:18:34.806623
2026042201039185,GBIME,51,26,30,232.6,6978.0,Oxford Securities Pvt. Ltd.,Asian Securities Private Ltd.,2026-04-22 13:19:00.180777
2026042201039189,GBIME,62,14,1,233.0,233.0,Capital Max Securities Ltd,Nepal Stock House (PVT) Ltd.,2026-04-22 13:19:02.225652
2026042201039315,GBIME,10,36,13,233.0,3029.0,Pragyan Securities (PVT) Ltd.,Secured Securities Ltd.,2026-04-22 13:19:41.397748
2026042201039492,GBIME,58,36,200,233.0,46600.0,Naasa Securities Co. Ltd.,Secured Securities Ltd.,2026-04-22 13:20:34.745663
2026042201039766,GBIME,54,36,148,233.0,34484.0,Sewa Securities Pvt. Ltd.,Secured Securities Ltd.,2026-04-22 13:22:02.611131
2026042201039889,GBIME,100,36,42,233.0,9786.0,Sunrise Securities Limited,Secured Securities Ltd.,2026-04-22 13:22:46.050044
2026042201039890,GBIME,100,41,10,233.0,2330.0,Sunrise Securities Limited,Linch Stock Market Ltd.,2026-04-22 13:22:46.050647
2026042201039891,GBIME,100,58,50,233.0,11650.0,Sunrise Securities Limited,Naasa Securities Co. Ltd.,2026-04-22 13:22:46.051082
2026042201040234,GBIME,90,42,200,233.0,46600.0,Sajilo Broker Limited,Sani Securities Company Ltd.,2026-04-22 13:24:37.624324
2026042201040300,GBIME,90,46,19,233.0,4427.0,Sajilo Broker Limited,Kalika Securities Pvt. Ltd.,2026-04-22 13:25:08.217791
2026042201040326,GBIME,90,58,21,233.0,4893.0,Sajilo Broker Limited,Naasa Securities Co. Ltd.,2026-04-22 13:25:12.446532
2026042201040389,GBIME,75,39,34,233.4,7935.6,N.I.M.B. Stock Markets Limited,Sumeru Securities Pvt. Ltd.,2026-04-22 13:25:30.990575
2026042201040521,GBIME,90,49,136,233.0,31688.0,Sajilo Broker Limited,Online Securities Pvt. Ltd.,2026-04-22 13:25:48.979929
2026042201040829,GBIME,90,49,500,233.0,116500.0,Sajilo Broker Limited,Online Securities Pvt. Ltd.,2026-04-22 13:27:13.740807
2026042201041018,GBIME,45,39,42,233.4,9802.8,Imperial Securities Company Pvt. Ltd.,Sumeru Securities Pvt. Ltd.,2026-04-22 13:28:24.593384
2026042201041124,GBIME,38,39,40,233.4,9336.0,Dipshikha Dhitopatra Karobar Co. Pvt Ltd.,Sumeru Securities Pvt. Ltd.,2026-04-22 13:29:27.230804
2026042201041636,GBIME,90,14,52,233.0,12116.0,Sajilo Broker Limited,Nepal Stock House (PVT) Ltd.,2026-04-22 13:33:12.132619
2026042201041685,GBIME,90,13,72,233.0,16776.0,Sajilo Broker Limited,Thrive Brokerage House Pvt. Ltd,2026-04-22 13:33:35.570397
2026042201041686,GBIME,4,13,12,233.0,2796.0,Opal Securities Investment (PVT) Ltd.,Thrive Brokerage House Pvt. Ltd,2026-04-22 13:33:35.571064
2026042201041687,GBIME,51,13,100,233.0,23300.0,Oxford Securities Pvt. Ltd.,Thrive Brokerage House Pvt. Ltd,2026-04-22 13:33:35.571491
2026042201041688,GBIME,57,13,816,232.7,189883.2,Aryatara Investment & Securities,Thrive Brokerage House Pvt. Ltd,2026-04-22 13:33:35.571923
2026042201041936,GBIME,57,58,100,232.7,23270.0,Aryatara Investment & Securities,Naasa Securities Co. Ltd.,2026-04-22 13:35:03.227250
2026042201042408,GBIME,57,58,84,232.7,19546.8,Aryatara Investment & Securities,Naasa Securities Co. Ltd.,2026-04-22 13:38:00.233834
2026042201042409,GBIME,7,58,148,232.7,34439.6,J.F. Securites (PVT) Ltd.,Naasa Securities Co. Ltd.,2026-04-22 13:38:00.234155
2026042201042649,GBIME,38,58,400,232.7,93080.0,Dipshikha Dhitopatra Karobar Co. Pvt Ltd.,Naasa Securities Co. Ltd.,2026-04-22 13:39:39.945545
2026042201042651,GBIME,49,58,200,232.7,46540.0,Online Securities Pvt. Ltd.,Naasa Securities Co. Ltd.,2026-04-22 13:39:41.829292
2026042201042706,GBIME,48,58,150,232.7,34905.0,Trishakti Securities Public Limited,Naasa Securities Co. Ltd.,2026-04-22 13:40:13.708478
2026042201043078,GBIME,51,58,170,232.6,39542.0,Oxford Securities Pvt. Ltd.,Naasa Securities Co. Ltd.,2026-04-22 13:42:30.691869
2026042201043079,GBIME,51,58,150,232.5,34875.0,Oxford Securities Pvt. Ltd.,Naasa Securities Co. Ltd.,2026-04-22 13:42:30.692522
2026042201043080,GBIME,42,58,200,232.5,46500.0,Sani Securities Company Ltd.,Naasa Securities Co. Ltd.,2026-04-22 13:42:30.692936
2026042201043081,GBIME,35,58,10,232.5,2325.0,Kohinoor Investment & Securities Pvt. Ltd.,Naasa Securities Co. Ltd.,2026-04-22 13:42:30.693361
2026042201043082,GBIME,42,58,100,232.5,23250.0,Sani Securities Company Ltd.,Naasa Securities Co. Ltd.,2026-04-22 13:42:30.693785
2026042201043083,GBIME,42,58,45,232.5,10462.5,Sani Securities Company Ltd.,Naasa Securities Co. Ltd.,2026-04-22 13:42:30.694202
2026042201043135,GBIME,42,3,53,232.5,12322.5,Sani Securities Company Ltd.,Arun Securities (PVT) Ltd.,2026-04-22 13:42:56.499099
2026042201043364,GBIME,42,58,102,232.5,23715.0,Sani Securities Company Ltd.,Naasa Securities Co. Ltd.,2026-04-22 13:44:49.884833
2026042201043534,GBIME,58,58,84,232.5,19530.0,Naasa Securities Co. Ltd.,Naasa Securities Co. Ltd.,2026-04-22 13:46:10.258823
2026042201043549,GBIME,88,58,100,232.5,23250.0,Blue Chip Securities Ltd,Naasa Securities Co. Ltd.,2026-04-22 13:46:16.792911
2026042201043650,GBIME,57,38,10,232.4,2324.0,Aryatara Investment & Securities,Dipshikha Dhitopatra Karobar Co. Pvt Ltd.,2026-04-22 13:47:03.573558
2026042201044263,GBIME,57,64,140,232.4,32536.0,Aryatara Investment & Securities,SUN SECURITIES PVT LTD,2026-04-22 13:50:19.330123
2026042201044264,GBIME,44,64,30,232.3,6969.0,Dynamic Money Managers Securities Pvt. Ltd.,SUN SECURITIES PVT LTD,2026-04-22 13:50:19.330740
2026042201044265,GBIME,49,64,40,232.3,9292.0,Online Securities Pvt. Ltd.,SUN SECURITIES PVT LTD,2026-04-22 13:50:19.331234
2026042201044266,GBIME,58,64,10,232.3,2323.0,Naasa Securities Co. Ltd.,SUN SECURITIES PVT LTD,2026-04-22 13:50:19.331753
2026042201044267,GBIME,3,64,100,232.3,23230.0,Arun Securities (PVT) Ltd.,SUN SECURITIES PVT LTD,2026-04-22 13:50:19.332303
2026042201044268,GBIME,50,64,380,232.3,88274.0,Cristal Kanchanjanga Securites Pvt. Ltd.,SUN SECURITIES PVT LTD,2026-04-22 13:50:19.332725
2026042201044540,GBIME,49,32,50,232.4,11620.0,Online Securities Pvt. Ltd.,Premier Securities Company Ltd.,2026-04-22 13:52:31.969439
2026042201044588,GBIME,42,32,150,232.4,34860.0,Sani Securities Company Ltd.,Premier Securities Company Ltd.,2026-04-22 13:52:56.391351
2026042201044646,GBIME,36,58,14,232.5,3255.0,Secured Securities Ltd.,Naasa Securities Co. Ltd.,2026-04-22 13:53:17.403111
2026042201044647,GBIME,36,42,66,232.5,15345.0,Secured Securities Ltd.,Sani Securities Company Ltd.,2026-04-22 13:53:17.403373
2026042201044661,GBIME,42,17,206,232.4,47874.4,Sani Securities Company Ltd.,ABC Securities Private Limited,2026-04-22 13:53:23.741256
2026042201045260,GBIME,42,42,10,232.5,2325.0,Sani Securities Company Ltd.,Sani Securities Company Ltd.,2026-04-22 13:57:10.235079
2026042201045274,GBIME,42,42,182,232.4,42296.8,Sani Securities Company Ltd.,Sani Securities Company Ltd.,2026-04-22 13:57:19.780710
2026042201045284,GBIME,58,42,50,232.5,11625.0,Naasa Securities Co. Ltd.,Sani Securities Company Ltd.,2026-04-22 13:57:21.334603
2026042201045434,GBIME,59,42,200,232.5,46500.0,Deevyaa Securities & Stock House Pvt. Ltd,Sani Securities Company Ltd.,2026-04-22 13:58:16.195260
2026042201045463,GBIME,74,42,10,232.5,2325.0,KALASH STOCK MARKET PVT. LTD.,Sani Securities Company Ltd.,2026-04-22 13:58:30.871881
2026042201045510,GBIME,58,42,10,232.5,2325.0,Naasa Securities Co. Ltd.,Sani Securities Company Ltd.,2026-04-22 13:58:46.234950
2026042201045549,GBIME,7,42,41,232.5,9532.5,J.F. Securites (PVT) Ltd.,Sani Securities Company Ltd.,2026-04-22 13:58:59.498221
2026042201045550,GBIME,7,59,70,232.5,16275.0,J.F. Securites (PVT) Ltd.,Deevyaa Securities & Stock House Pvt. Ltd,2026-04-22 13:58:59.498596
2026042201045604,GBIME,58,59,30,232.5,6975.0,Naasa Securities Co. Ltd.,Deevyaa Securities & Stock House Pvt. Ltd,2026-04-22 13:59:18.299076
2026042201045664,GBIME,26,59,62,232.5,14415.0,Asian Securities Private Ltd.,Deevyaa Securities & Stock House Pvt. Ltd,2026-04-22 13:59:39.140588
2026042201045938,GBIME,17,52,10,232.9,2329.0,ABC Securities Private Limited,Sundhara Securities Limited,2026-04-22 14:01:17.796757
2026042201045939,GBIME,17,13,60,233.0,13980.0,ABC Securities Private Limited,Thrive Brokerage House Pvt. Ltd,2026-04-22 14:01:17.797420
2026042201046531,GBIME,54,13,105,233.0,24465.0,Sewa Securities Pvt. Ltd.,Thrive Brokerage House Pvt. Ltd,2026-04-22 14:04:20.648422
2026042201046578,GBIME,26,1,188,232.5,43710.0,Asian Securities Private Ltd.,Kumari Securities Private Limited,2026-04-22 14:04:32.664781
2026042201046579,GBIME,57,1,412,232.5,95790.0,Aryatara Investment & Securities,Kumari Securities Private Limited,2026-04-22 14:04:32.665392
2026042201047164,GBIME,57,58,10,232.5,2325.0,Aryatara Investment & Securities,Naasa Securities Co. Ltd.,2026-04-22 14:08:05.248488
2026042201047170,GBIME,57,42,500,232.5,116250.0,Aryatara Investment & Securities,Sani Securities Company Ltd.,2026-04-22 14:08:08.611600
2026042201047266,GBIME,57,56,20,232.5,4650.0,Aryatara Investment & Securities,Sri Hari Securities Pvt. Ltd.,2026-04-22 14:08:43.798144
2026042201047269,GBIME,57,13,1000,232.5,232500.0,Aryatara Investment & Securities,Thrive Brokerage House Pvt. Ltd,2026-04-22 14:08:44.398421
2026042201047871,GBIME,57,42,58,232.5,13485.0,Aryatara Investment & Securities,Sani Securities Company Ltd.,2026-04-22 14:12:32.626845
2026042201047872,GBIME,49,42,100,232.5,23250.0,Online Securities Pvt. Ltd.,Sani Securities Company Ltd.,2026-04-22 14:12:32.627191
2026042201047873,GBIME,58,42,77,232.5,17902.5,Naasa Securities Co. Ltd.,Sani Securities Company Ltd.,2026-04-22 14:12:32.627342
2026042201047874,GBIME,45,42,40,232.5,9300.0,Imperial Securities Company Pvt. Ltd.,Sani Securities Company Ltd.,2026-04-22 14:12:32.627490
2026042201048003,GBIME,74,42,1225,232.5,284812.5,KALASH STOCK MARKET PVT. LTD.,Sani Securities Company Ltd.,2026-04-22 14:13:17.860751
2026042201048004,GBIME,74,13,835,233.0,194555.0,KALASH STOCK MARKET PVT. LTD.,Thrive Brokerage House Pvt. Ltd,2026-04-22 14:13:17.860790
2026042201048005,GBIME,74,68,600,233.0,139800.0,KALASH STOCK MARKET PVT. LTD.,Elite Stock House Limited,2026-04-22 14:13:17.860820
2026042201048006,GBIME,74,39,11,233.4,2567.4,KALASH STOCK MARKET PVT. LTD.,Sumeru Securities Pvt. Ltd.,2026-04-22 14:13:17.860848
2026042201048007,GBIME,74,39,319,233.4,74454.6,KALASH STOCK MARKET PVT. LTD.,Sumeru Securities Pvt. Ltd.,2026-04-22 14:13:17.860870
2026042201048008,GBIME,74,42,10,233.5,2335.0,KALASH STOCK MARKET PVT. LTD.,Sani Securities Company Ltd.,2026-04-22 14:13:17.860896
2026042201048408,GBIME,89,42,10,233.5,2335.0,Global IME Securities Limited,Sani Securities Company Ltd.,2026-04-22 14:15:46.464164
2026042201048640,GBIME,34,42,505,233.5,117917.5,Vision Securities Pvt. Ltd,Sani Securities Company Ltd.,2026-04-22 14:16:48.981349
2026042201049551,GBIME,45,38,1,233.0,233.0,Imperial Securities Company Pvt. Ltd.,Dipshikha Dhitopatra Karobar Co. Pvt Ltd.,2026-04-22 14:22:27.336474
2026042201049658,GBIME,22,56,100,233.4,23340.0,Siprabi Securities Pvt. Ltd.,Sri Hari Securities Pvt. Ltd.,2026-04-22 14:23:00.646567
2026042201050054,GBIME,22,5,200,233.1,46620.0,Siprabi Securities Pvt. Ltd.,Market Securities & Exchange (PVT) Ltd.,2026-04-22 14:25:14.590126
2026042201050201,GBIME,14,42,200,233.5,46700.0,Nepal Stock House (PVT) Ltd.,Sani Securities Company Ltd.,2026-04-22 14:26:00.950106
2026042201050600,GBIME,45,5,100,233.0,23300.0,Imperial Securities Company Pvt. Ltd.,Market Securities & Exchange (PVT) Ltd.,2026-04-22 14:27:16.988726
2026042201050601,GBIME,38,5,300,233.0,69900.0,Dipshikha Dhitopatra Karobar Co. Pvt Ltd.,Market Securities & Exchange (PVT) Ltd.,2026-04-22 14:27:16.989074
2026042201050973,GBIME,58,40,55,233.0,12815.0,Naasa Securities Co. Ltd.,Creative Securities Pvt Ltd,2026-04-22 14:28:49.975394
2026042201050974,GBIME,49,40,17,233.0,3961.0,Online Securities Pvt. Ltd.,Creative Securities Pvt Ltd,2026-04-22 14:28:49.975736
2026042201050975,GBIME,38,40,10,233.0,2330.0,Dipshikha Dhitopatra Karobar Co. Pvt Ltd.,Creative Securities Pvt Ltd,2026-04-22 14:28:49.975892
2026042201050976,GBIME,51,40,70,232.5,16275.0,Oxford Securities Pvt. Ltd.,Creative Securities Pvt Ltd,2026-04-22 14:28:49.976062
2026042201050977,GBIME,50,40,348,232.5,80910.0,Cristal Kanchanjanga Securites Pvt. Ltd.,Creative Securities Pvt Ltd,2026-04-22 14:28:49.976219
2026042201051216,GBIME,52,45,50,233.0,11650.0,Sundhara Securities Limited,Imperial Securities Company Pvt. Ltd.,2026-04-22 14:30:06.148241
2026042201051270,GBIME,62,58,10,232.6,2326.0,Capital Max Securities Ltd,Naasa Securities Co. Ltd.,2026-04-22 14:30:20.544619
2026042201051360,GBIME,62,62,14,232.6,3256.4,Capital Max Securities Ltd,Capital Max Securities Ltd,2026-04-22 14:30:46.521017
2026042201051379,GBIME,62,45,2000,233.0,466000.0,Capital Max Securities Ltd,Imperial Securities Company Pvt. Ltd.,2026-04-22 14:30:49.961448
2026042201051582,GBIME,38,45,30,233.0,6990.0,Dipshikha Dhitopatra Karobar Co. Pvt Ltd.,Imperial Securities Company Pvt. Ltd.,2026-04-22 14:31:49.169387
2026042201051609,GBIME,6,45,243,233.0,56619.0,Agrawal Securities (PVT) Ltd.,Imperial Securities Company Pvt. Ltd.,2026-04-22 14:31:57.280261
2026042201051610,GBIME,6,6,1000,233.0,233000.0,Agrawal Securities (PVT) Ltd.,Agrawal Securities (PVT) Ltd.,2026-04-22 14:31:57.280957
2026042201052567,GBIME,58,19,20,233.0,4660.0,Naasa Securities Co. Ltd.,Nepal Investment And Securities Trading Private Limited,2026-04-22 14:35:41.495437
2026042201052689,GBIME,50,19,10,233.0,2330.0,Cristal Kanchanjanga Securites Pvt. Ltd.,Nepal Investment And Securities Trading Private Limited,2026-04-22 14:36:00.458089
2026042201052691,GBIME,42,19,10,233.0,2330.0,Sani Securities Company Ltd.,Nepal Investment And Securities Trading Private Limited,2026-04-22 14:36:01.252450
2026042201052692,GBIME,42,42,119,233.5,27786.5,Sani Securities Company Ltd.,Sani Securities Company Ltd.,2026-04-22 14:36:01.252781
2026042201052693,GBIME,42,19,43,233.5,10040.5,Sani Securities Company Ltd.,Nepal Investment And Securities Trading Private Limited,2026-04-22 14:36:01.252949
2026042201052694,GBIME,42,35,328,233.5,76588.0,Sani Securities Company Ltd.,Kohinoor Investment & Securities Pvt. Ltd.,2026-04-22 14:36:01.253139
2026042201053237,GBIME,25,38,20,233.0,4660.0,Sweta Securities Private Limited,Dipshikha Dhitopatra Karobar Co. Pvt Ltd.,2026-04-22 14:38:19.877296
2026042201053238,GBIME,37,38,40,233.0,9320.0,Swarna Laxmi Securities Pvt. Ltd.,Dipshikha Dhitopatra Karobar Co. Pvt Ltd.,2026-04-22 14:38:19.877652
2026042201053688,GBIME,37,70,60,233.0,13980.0,Swarna Laxmi Securities Pvt. Ltd.,Infinity Securities Limited,2026-04-22 14:39:23.184075
2026042201053831,GBIME,58,70,12,233.0,2796.0,Naasa Securities Co. Ltd.,Infinity Securities Limited,2026-04-22 14:39:51.592594
2026042201054172,GBIME,21,70,100,233.0,23300.0,Midas Stock Broking Company Private Limited,Infinity Securities Limited,2026-04-22 14:40:26.787508
2026042201054217,GBIME,45,70,10,233.0,2330.0,Imperial Securities Company Pvt. Ltd.,Infinity Securities Limited,2026-04-22 14:40:36.693727
2026042201054349,GBIME,40,70,68,233.0,15844.0,Creative Securities Pvt Ltd,Infinity Securities Limited,2026-04-22 14:40:56.558400
2026042201054350,GBIME,40,42,13,233.0,3029.0,Creative Securities Pvt Ltd,Sani Securities Company Ltd.,2026-04-22 14:40:56.559047
2026042201055000,GBIME,14,35,67,233.5,15644.5,Nepal Stock House (PVT) Ltd.,Kohinoor Investment & Securities Pvt. Ltd.,2026-04-22 14:41:35.955927
2026042201055001,GBIME,14,11,100,233.5,23350.0,Nepal Stock House (PVT) Ltd.,Malla & Malla Stock Broking Company Pvt. Limited,2026-04-22 14:41:35.956256
2026042201055515,GBIME,14,45,55,233.5,12842.5,Nepal Stock House (PVT) Ltd.,Imperial Securities Company Pvt. Ltd.,2026-04-22 14:42:36.185586
2026042201055645,GBIME,39,41,800,233.6,186880.0,Sumeru Securities Pvt. Ltd.,Linch Stock Market Ltd.,2026-04-22 14:42:52.276540
2026042201055646,GBIME,39,94,889,233.7,207759.3,Sumeru Securities Pvt. Ltd.,K.B.L. Securities Limited ,2026-04-22 14:42:52.276859
2026042201055647,GBIME,39,13,311,233.7,72680.7,Sumeru Securities Pvt. Ltd.,Thrive Brokerage House Pvt. Ltd,2026-04-22 14:42:52.277016
2026042201055965,GBIME,22,13,689,233.7,161019.3,Siprabi Securities Pvt. Ltd.,Thrive Brokerage House Pvt. Ltd,2026-04-22 14:43:14.412364
2026042201055966,GBIME,22,36,1958,233.8,457780.4,Siprabi Securities Pvt. Ltd.,Secured Securities Ltd.,2026-04-22 14:43:14.412678
2026042201055967,GBIME,22,67,100,233.9,23390.0,Siprabi Securities Pvt. Ltd.,Property Wiard Limited,2026-04-22 14:43:14.412843
2026042201055968,GBIME,22,70,80,233.9,18712.0,Siprabi Securities Pvt. Ltd.,Infinity Securities Limited,2026-04-22 14:43:14.412996
2026042201055969,GBIME,22,8,200,233.9,46780.0,Siprabi Securities Pvt. Ltd.,Brilliant Securities Pvt. Ltd.,2026-04-22 14:43:14.413164
2026042201055970,GBIME,22,18,1436,234.0,336024.0,Siprabi Securities Pvt. Ltd.,Sagarmatha Securities Private Limited,2026-04-22 14:43:14.413317
2026042201055971,GBIME,22,41,581,234.0,135954.0,Siprabi Securities Pvt. Ltd.,Linch Stock Market Ltd.,2026-04-22 14:43:14.413473
2026042201055972,GBIME,22,42,20,234.0,4680.0,Siprabi Securities Pvt. Ltd.,Sani Securities Company Ltd.,2026-04-22 14:43:14.413624
2026042201055973,GBIME,22,7,500,234.0,117000.0,Siprabi Securities Pvt. Ltd.,J.F. Securites (PVT) Ltd.,2026-04-22 14:43:14.413779
2026042201055974,GBIME,22,38,500,234.0,117000.0,Siprabi Securities Pvt. Ltd.,Dipshikha Dhitopatra Karobar Co. Pvt Ltd.,2026-04-22 14:43:14.413937
2026042201055975,GBIME,22,11,936,234.0,219024.0,Siprabi Securities Pvt. Ltd.,Malla & Malla Stock Broking Company Pvt. Limited,2026-04-22 14:43:14.414097
2026042201056223,GBIME,46,11,64,234.0,14976.0,Kalika Securities Pvt. Ltd.,Malla & Malla Stock Broking Company Pvt. Limited,2026-04-22 14:43:46.421135
2026042201056224,GBIME,46,50,87,234.0,20358.0,Kalika Securities Pvt. Ltd.,Cristal Kanchanjanga Securites Pvt. Ltd.,2026-04-22 14:43:46.421422
2026042201056469,GBIME,45,42,3,232.2,696.6,Imperial Securities Company Pvt. Ltd.,Sani Securities Company Ltd.,2026-04-22 14:44:14.747889
2026042201056809,GBIME,43,52,100,233.7,23370.0,South Asian Bulls Pvt. Ltd.,Sundhara Securities Limited,2026-04-22 14:44:36.566235
2026042201056972,GBIME,43,25,100,234.1,23410.0,South Asian Bulls Pvt. Ltd.,Sweta Securities Private Limited,2026-04-22 14:44:52.332153
2026042201057327,GBIME,43,49,100,234.9,23490.0,South Asian Bulls Pvt. Ltd.,Online Securities Pvt. Ltd.,2026-04-22 14:45:17.499211
2026042201057328,GBIME,43,7,400,234.9,93960.0,South Asian Bulls Pvt. Ltd.,J.F. Securites (PVT) Ltd.,2026-04-22 14:45:17.499842
2026042201058043,GBIME,52,44,50,234.8,11740.0,Sundhara Securities Limited,Dynamic Money Managers Securities Pvt. Ltd.,2026-04-22 14:46:47.725644
2026042201058201,GBIME,38,19,50,234.1,11705.0,Dipshikha Dhitopatra Karobar Co. Pvt Ltd.,Nepal Investment And Securities Trading Private Limited,2026-04-22 14:46:59.618592
2026042201058367,GBIME,46,44,350,234.8,82180.0,Kalika Securities Pvt. Ltd.,Dynamic Money Managers Securities Pvt. Ltd.,2026-04-22 14:47:24.335117
2026042201058368,GBIME,46,7,600,234.9,140940.0,Kalika Securities Pvt. Ltd.,J.F. Securites (PVT) Ltd.,2026-04-22 14:47:24.335862
2026042201058369,GBIME,46,52,20,235.0,4700.0,Kalika Securities Pvt. Ltd.,Sundhara Securities Limited,2026-04-22 14:47:24.336574
2026042201058370,GBIME,46,22,10,235.0,2350.0,Kalika Securities Pvt. Ltd.,Siprabi Securities Pvt. Ltd.,2026-04-22 14:47:24.337174
2026042201058371,GBIME,46,58,20,235.0,4700.0,Kalika Securities Pvt. Ltd.,Naasa Securities Co. Ltd.,2026-04-22 14:47:24.337881
2026042201058656,GBIME,26,58,80,235.0,18800.0,Asian Securities Private Ltd.,Naasa Securities Co. Ltd.,2026-04-22 14:48:00.217466
2026042201058657,GBIME,26,45,1000,235.0,235000.0,Asian Securities Private Ltd.,Imperial Securities Company Pvt. Ltd.,2026-04-22 14:48:00.218068
2026042201058658,GBIME,26,18,920,235.0,216200.0,Asian Securities Private Ltd.,Sagarmatha Securities Private Limited,2026-04-22 14:48:00.218504
2026042201058659,GBIME,59,58,7,232.0,1624.0,Deevyaa Securities & Stock House Pvt. Ltd,Naasa Securities Co. Ltd.,2026-04-22 14:48:00.578150
2026042201058828,GBIME,8,18,1180,235.0,277300.0,Brilliant Securities Pvt. Ltd.,Sagarmatha Securities Private Limited,2026-04-22 14:48:14.594012
2026042201058829,GBIME,8,39,1000,235.0,235000.0,Brilliant Securities Pvt. Ltd.,Sumeru Securities Pvt. Ltd.,2026-04-22 14:48:14.594055
2026042201058830,GBIME,8,48,500,235.0,117500.0,Brilliant Securities Pvt. Ltd.,Trishakti Securities Public Limited,2026-04-22 14:48:14.594079
2026042201058831,GBIME,8,10,1000,235.0,235000.0,Brilliant Securities Pvt. Ltd.,Pragyan Securities (PVT) Ltd.,2026-04-22 14:48:14.594104
2026042201058832,GBIME,8,52,200,235.0,47000.0,Brilliant Securities Pvt. Ltd.,Sundhara Securities Limited,2026-04-22 14:48:14.594144
2026042201058833,GBIME,8,29,2500,235.0,587500.0,Brilliant Securities Pvt. Ltd.,Trisul Securities & Invt. Ltd.,2026-04-22 14:48:14.594167
2026042201058834,GBIME,8,16,348,235.0,81780.0,Brilliant Securities Pvt. Ltd.,Primo Securities (PVT) Ltd.,2026-04-22 14:48:14.594190
2026042201058835,GBIME,8,38,500,235.0,117500.0,Brilliant Securities Pvt. Ltd.,Dipshikha Dhitopatra Karobar Co. Pvt Ltd.,2026-04-22 14:48:14.594213
2026042201058836,GBIME,8,28,215,236.0,50740.0,Brilliant Securities Pvt. Ltd.,Shree Krishna Securities Ltd.,2026-04-22 14:48:14.594239
2026042201058837,GBIME,8,58,100,236.0,23600.0,Brilliant Securities Pvt. Ltd.,Naasa Securities Co. Ltd.,2026-04-22 14:48:14.594263
2026042201058838,GBIME,8,41,1000,236.0,236000.0,Brilliant Securities Pvt. Ltd.,Linch Stock Market Ltd.,2026-04-22 14:48:14.594284
2026042201058839,GBIME,8,18,1457,236.0,343852.0,Brilliant Securities Pvt. Ltd.,Sagarmatha Securities Private Limited,2026-04-22 14:48:14.594306
2026042201058943,GBIME,38,18,20,236.0,4720.0,Dipshikha Dhitopatra Karobar Co. Pvt Ltd.,Sagarmatha Securities Private Limited,2026-04-22 14:48:32.829004
2026042201059080,GBIME,4,18,623,236.0,147028.0,Opal Securities Investment (PVT) Ltd.,Sagarmatha Securities Private Limited,2026-04-22 14:48:51.704208
2026042201059081,GBIME,4,58,200,236.0,47200.0,Opal Securities Investment (PVT) Ltd.,Naasa Securities Co. Ltd.,2026-04-22 14:48:51.704833
2026042201060293,GBIME,34,58,7,231.0,1617.0,Vision Securities Pvt. Ltd,Naasa Securities Co. Ltd.,2026-04-22 14:51:53.288992
2026042201060305,GBIME,6,44,100,236.8,23680.0,Agrawal Securities (PVT) Ltd.,Dynamic Money Managers Securities Pvt. Ltd.,2026-04-22 14:51:54.978626
2026042201060333,GBIME,6,44,28,236.8,6630.4,Agrawal Securities (PVT) Ltd.,Dynamic Money Managers Securities Pvt. Ltd.,2026-04-22 14:52:00.678439
2026042201060419,GBIME,4,44,177,236.0,41772.0,Opal Securities Investment (PVT) Ltd.,Dynamic Money Managers Securities Pvt. Ltd.,2026-04-22 14:52:16.665539
2026042201060420,GBIME,58,44,10,236.0,2360.0,Naasa Securities Co. Ltd.,Dynamic Money Managers Securities Pvt. Ltd.,2026-04-22 14:52:16.665861
2026042201060421,GBIME,51,44,13,236.0,3068.0,Oxford Securities Pvt. Ltd.,Dynamic Money Managers Securities Pvt. Ltd.,2026-04-22 14:52:16.666015
2026042201060521,GBIME,4,44,400,236.7,94680.0,Opal Securities Investment (PVT) Ltd.,Dynamic Money Managers Securities Pvt. Ltd.,2026-04-22 14:52:39.290786
2026042201060522,GBIME,4,44,372,236.8,88089.6,Opal Securities Investment (PVT) Ltd.,Dynamic Money Managers Securities Pvt. Ltd.,2026-04-22 14:52:39.291487
2026042201060964,GBIME,4,57,200,236.9,47380.0,Opal Securities Investment (PVT) Ltd.,Aryatara Investment & Securities,2026-04-22 14:53:45.642813
2026042201060965,GBIME,4,67,28,236.9,6633.2,Opal Securities Investment (PVT) Ltd.,Property Wiard Limited,2026-04-22 14:53:45.643213
2026042201060989,GBIME,59,18,500,236.8,118400.0,Deevyaa Securities & Stock House Pvt. Ltd,Sagarmatha Securities Private Limited,2026-04-22 14:53:51.319996
2026042201060990,GBIME,36,18,30,236.0,7080.0,Secured Securities Ltd.,Sagarmatha Securities Private Limited,2026-04-22 14:53:51.320326
2026042201061042,GBIME,58,18,10,236.0,2360.0,Naasa Securities Co. Ltd.,Sagarmatha Securities Private Limited,2026-04-22 14:54:00.656218
2026042201061101,GBIME,45,18,675,236.0,159300.0,Imperial Securities Company Pvt. Ltd.,Sagarmatha Securities Private Limited,2026-04-22 14:54:11.480454
2026042201061336,GBIME,58,49,10,235.0,2350.0,Naasa Securities Co. Ltd.,Online Securities Pvt. Ltd.,2026-04-22 14:54:52.026469
2026042201061394,GBIME,58,57,46,235.0,10810.0,Naasa Securities Co. Ltd.,Aryatara Investment & Securities,2026-04-22 14:55:03.204619
2026042201061708,GBIME,36,18,885,236.0,208860.0,Secured Securities Ltd.,Sagarmatha Securities Private Limited,2026-04-22 14:55:39.488573
2026042201062081,GBIME,45,10,10,236.0,2360.0,Imperial Securities Company Pvt. Ltd.,Pragyan Securities (PVT) Ltd.,2026-04-22 14:56:25.892771
2026042201062486,GBIME,77,37,500,235.9,117950.0,Nabil Stock Dealer Ltd.,Swarna Laxmi Securities Pvt. Ltd.,2026-04-22 14:57:22.353114
2026042201062901,GBIME,45,4,100,235.0,23500.0,Imperial Securities Company Pvt. Ltd.,Opal Securities Investment (PVT) Ltd.,2026-04-22 14:57:55.870663
2026042201062902,GBIME,17,4,73,235.0,17155.0,ABC Securities Private Limited,Opal Securities Investment (PVT) Ltd.,2026-04-22 14:57:55.870968
2026042201062907,GBIME,17,59,227,235.0,53345.0,ABC Securities Private Limited,Deevyaa Securities & Stock House Pvt. Ltd,2026-04-22 14:57:56.721058
2026042201062908,GBIME,52,59,20,235.0,4700.0,Sundhara Securities Limited,Deevyaa Securities & Stock House Pvt. Ltd,2026-04-22 14:57:56.721355
2026042201063101,GBIME,40,58,90,234.1,21069.0,Creative Securities Pvt Ltd,Naasa Securities Co. Ltd.,2026-04-22 14:58:23.336909
