contractId,stockSymbol,buyerMemberId,sellerMemberId,quantity,rate,amount,businessDate,tradeBookId,stockId,buyerBrokerName,sellerBrokerName,transaction_time,securityName
2026042204000026,GLH,38,38,10,257.5,2575.0,2026-04-22,187372315,2924,Dipshikha Dhitopatra Karobar Co. Pvt Ltd.,Dipshikha Dhitopatra Karobar Co. Pvt Ltd.,2026-04-22 10:46:00.149238,GreenLife Hydropower Limited
2026042204000105,GLH,58,48,10,265.2,2652.0,2026-04-22,187373791,2924,Naasa Securities Co. Ltd.,Trishakti Securities Public Limited,2026-04-22 11:02:31.483681,GreenLife Hydropower Limited
2026042204000621,GLH,34,74,500,270.0,135000.0,2026-04-22,187378885,2924,Vision Securities Pvt. Ltd,KALASH STOCK MARKET PVT. LTD.,2026-04-22 11:07:54.511841,GreenLife Hydropower Limited
2026042204000660,GLH,58,21,200,268.7,53740.0,2026-04-22,187379332,2924,Naasa Securities Co. Ltd.,Midas Stock Broking Company Private Limited,2026-04-22 11:08:18.096592,GreenLife Hydropower Limited
2026042204000661,GLH,21,21,100,268.7,26870.0,2026-04-22,187379334,2924,Midas Stock Broking Company Private Limited,Midas Stock Broking Company Private Limited,2026-04-22 11:08:18.096667,GreenLife Hydropower Limited
2026042204000662,GLH,58,21,500,268.6,134300.0,2026-04-22,187379336,2924,Naasa Securities Co. Ltd.,Midas Stock Broking Company Private Limited,2026-04-22 11:08:18.096694,GreenLife Hydropower Limited
2026042204000663,GLH,41,21,1000,268.1,268100.0,2026-04-22,187379338,2924,Linch Stock Market Ltd.,Midas Stock Broking Company Private Limited,2026-04-22 11:08:18.096719,GreenLife Hydropower Limited
2026042204000664,GLH,1,21,1440,268.0,385920.0,2026-04-22,187379339,2924,Kumari Securities Private Limited,Midas Stock Broking Company Private Limited,2026-04-22 11:08:18.096742,GreenLife Hydropower Limited
2026042204000756,GLH,1,57,10,268.0,2680.0,2026-04-22,187380331,2924,Kumari Securities Private Limited,Aryatara Investment & Securities,2026-04-22 11:09:01.016287,GreenLife Hydropower Limited
2026042204000785,GLH,1,25,1500,268.0,402000.0,2026-04-22,187380441,2924,Kumari Securities Private Limited,Sweta Securities Private Limited,2026-04-22 11:09:05.869202,GreenLife Hydropower Limited
2026042204000823,GLH,58,32,40,272.0,10880.0,2026-04-22,187381000,2924,Naasa Securities Co. Ltd.,Premier Securities Company Ltd.,2026-04-22 11:09:29.043883,GreenLife Hydropower Limited
2026042204000983,GLH,57,49,35,268.1,9383.5,2026-04-22,187382887,2924,Aryatara Investment & Securities,Online Securities Pvt. Ltd.,2026-04-22 11:11:04.423781,GreenLife Hydropower Limited
2026042204001299,GLH,75,49,50,269.0,13450.0,2026-04-22,187387168,2924,N.I.M.B. Stock Markets Limited,Online Securities Pvt. Ltd.,2026-04-22 11:14:19.189376,GreenLife Hydropower Limited
2026042204001300,GLH,19,49,150,268.4,40260.0,2026-04-22,187387169,2924,Nepal Investment And Securities Trading Private Limited,Online Securities Pvt. Ltd.,2026-04-22 11:14:19.189564,GreenLife Hydropower Limited
2026042204001323,GLH,19,4,50,268.4,13420.0,2026-04-22,187387483,2924,Nepal Investment And Securities Trading Private Limited,Opal Securities Investment (PVT) Ltd.,2026-04-22 11:14:37.001280,GreenLife Hydropower Limited
2026042204001324,GLH,45,4,45,268.3,12073.5,2026-04-22,187387485,2924,Imperial Securities Company Pvt. Ltd.,Opal Securities Investment (PVT) Ltd.,2026-04-22 11:14:37.001332,GreenLife Hydropower Limited
2026042204001325,GLH,8,4,300,268.3,80490.0,2026-04-22,187387487,2924,Brilliant Securities Pvt. Ltd.,Opal Securities Investment (PVT) Ltd.,2026-04-22 11:14:37.001358,GreenLife Hydropower Limited
2026042204001326,GLH,7,4,20,268.2,5364.0,2026-04-22,187387489,2924,J.F. Securites (PVT) Ltd.,Opal Securities Investment (PVT) Ltd.,2026-04-22 11:14:37.001383,GreenLife Hydropower Limited
2026042204001327,GLH,57,4,15,268.1,4021.5,2026-04-22,187387491,2924,Aryatara Investment & Securities,Opal Securities Investment (PVT) Ltd.,2026-04-22 11:14:37.001409,GreenLife Hydropower Limited
2026042204001328,GLH,6,4,100,268.1,26810.0,2026-04-22,187387493,2924,Agrawal Securities (PVT) Ltd.,Opal Securities Investment (PVT) Ltd.,2026-04-22 11:14:37.001432,GreenLife Hydropower Limited
2026042204001329,GLH,1,4,50,268.0,13400.0,2026-04-22,187387495,2924,Kumari Securities Private Limited,Opal Securities Investment (PVT) Ltd.,2026-04-22 11:14:37.001456,GreenLife Hydropower Limited
2026042204001330,GLH,34,4,200,268.0,53600.0,2026-04-22,187387497,2924,Vision Securities Pvt. Ltd,Opal Securities Investment (PVT) Ltd.,2026-04-22 11:14:37.001480,GreenLife Hydropower Limited
2026042204001331,GLH,34,4,20,268.0,5360.0,2026-04-22,187387499,2924,Vision Securities Pvt. Ltd,Opal Securities Investment (PVT) Ltd.,2026-04-22 11:14:37.001505,GreenLife Hydropower Limited
2026042204001332,GLH,11,4,200,268.0,53600.0,2026-04-22,187387500,2924,Malla & Malla Stock Broking Company Pvt. Limited,Opal Securities Investment (PVT) Ltd.,2026-04-22 11:14:37.001528,GreenLife Hydropower Limited
2026042204001362,GLH,14,58,100,270.0,27000.0,2026-04-22,187387924,2924,Nepal Stock House (PVT) Ltd.,Naasa Securities Co. Ltd.,2026-04-22 11:14:51.779005,GreenLife Hydropower Limited
2026042204001432,GLH,38,49,46,268.1,12332.6,2026-04-22,187388850,2924,Dipshikha Dhitopatra Karobar Co. Pvt Ltd.,Online Securities Pvt. Ltd.,2026-04-22 11:15:32.324578,GreenLife Hydropower Limited
2026042204001433,GLH,11,49,100,268.0,26800.0,2026-04-22,187388852,2924,Malla & Malla Stock Broking Company Pvt. Limited,Online Securities Pvt. Ltd.,2026-04-22 11:15:32.325046,GreenLife Hydropower Limited
2026042204001434,GLH,53,49,154,268.0,41272.0,2026-04-22,187388853,2924,Investment Management Nepal Pvt. Ltd.,Online Securities Pvt. Ltd.,2026-04-22 11:15:32.325457,GreenLife Hydropower Limited
2026042204001737,GLH,57,45,10,268.1,2681.0,2026-04-22,187392421,2924,Aryatara Investment & Securities,Imperial Securities Company Pvt. Ltd.,2026-04-22 11:18:03.712114,GreenLife Hydropower Limited
2026042204001783,GLH,57,49,20,268.1,5362.0,2026-04-22,187392863,2924,Aryatara Investment & Securities,Online Securities Pvt. Ltd.,2026-04-22 11:18:18.810787,GreenLife Hydropower Limited
2026042204001784,GLH,53,49,46,268.0,12328.0,2026-04-22,187392865,2924,Investment Management Nepal Pvt. Ltd.,Online Securities Pvt. Ltd.,2026-04-22 11:18:18.810963,GreenLife Hydropower Limited
2026042204001785,GLH,57,49,20,268.0,5360.0,2026-04-22,187392867,2924,Aryatara Investment & Securities,Online Securities Pvt. Ltd.,2026-04-22 11:18:18.811046,GreenLife Hydropower Limited
2026042204001786,GLH,14,49,74,268.0,19832.0,2026-04-22,187392869,2924,Nepal Stock House (PVT) Ltd.,Online Securities Pvt. Ltd.,2026-04-22 11:18:18.811125,GreenLife Hydropower Limited
2026042204001787,GLH,52,49,100,268.0,26800.0,2026-04-22,187392871,2924,Sundhara Securities Limited,Online Securities Pvt. Ltd.,2026-04-22 11:18:18.811198,GreenLife Hydropower Limited
2026042204001788,GLH,33,49,100,268.0,26800.0,2026-04-22,187392873,2924,Dakshinkali Investment & Securities Pvt. Ltd.,Online Securities Pvt. Ltd.,2026-04-22 11:18:18.811286,GreenLife Hydropower Limited
2026042204001789,GLH,16,49,200,268.0,53600.0,2026-04-22,187392874,2924,Primo Securities (PVT) Ltd.,Online Securities Pvt. Ltd.,2026-04-22 11:18:18.811403,GreenLife Hydropower Limited
2026042204001917,GLH,10,49,20,267.5,5350.0,2026-04-22,187394928,2924,Pragyan Securities (PVT) Ltd.,Online Securities Pvt. Ltd.,2026-04-22 11:19:43.289182,GreenLife Hydropower Limited
2026042204001918,GLH,26,49,100,267.5,26750.0,2026-04-22,187394930,2924,Asian Securities Private Ltd.,Online Securities Pvt. Ltd.,2026-04-22 11:19:43.289370,GreenLife Hydropower Limited
2026042204001919,GLH,35,49,50,267.5,13375.0,2026-04-22,187394932,2924,Kohinoor Investment & Securities Pvt. Ltd.,Online Securities Pvt. Ltd.,2026-04-22 11:19:43.289447,GreenLife Hydropower Limited
2026042204001944,GLH,57,32,30,267.3,8019.0,2026-04-22,187395544,2924,Aryatara Investment & Securities,Premier Securities Company Ltd.,2026-04-22 11:19:58.719777,GreenLife Hydropower Limited
2026042204001999,GLH,7,32,20,267.3,5346.0,2026-04-22,187396082,2924,J.F. Securites (PVT) Ltd.,Premier Securities Company Ltd.,2026-04-22 11:20:17.947815,GreenLife Hydropower Limited
2026042204002003,GLH,34,6,50,267.2,13360.0,2026-04-22,187396155,2924,Vision Securities Pvt. Ltd,Agrawal Securities (PVT) Ltd.,2026-04-22 11:20:20.830808,GreenLife Hydropower Limited
2026042204002005,GLH,13,32,200,267.3,53460.0,2026-04-22,187396187,2924,Thrive Brokerage House Pvt. Ltd,Premier Securities Company Ltd.,2026-04-22 11:20:21.888734,GreenLife Hydropower Limited
2026042204002057,GLH,13,45,10,267.3,2673.0,2026-04-22,187396763,2924,Thrive Brokerage House Pvt. Ltd,Imperial Securities Company Pvt. Ltd.,2026-04-22 11:20:39.817951,GreenLife Hydropower Limited
2026042204002059,GLH,57,49,20,267.5,5350.0,2026-04-22,187396840,2924,Aryatara Investment & Securities,Online Securities Pvt. Ltd.,2026-04-22 11:20:43.742757,GreenLife Hydropower Limited
2026042204002066,GLH,13,58,50,267.3,13365.0,2026-04-22,187396963,2924,Thrive Brokerage House Pvt. Ltd,Naasa Securities Co. Ltd.,2026-04-22 11:20:49.137729,GreenLife Hydropower Limited
2026042204002093,GLH,36,49,49,267.5,13107.5,2026-04-22,187397214,2924,Secured Securities Ltd.,Online Securities Pvt. Ltd.,2026-04-22 11:20:59.181289,GreenLife Hydropower Limited
2026042204002145,GLH,83,49,50,267.5,13375.0,2026-04-22,187398008,2924,Sanima Securities Limited,Online Securities Pvt. Ltd.,2026-04-22 11:21:36.303360,GreenLife Hydropower Limited
2026042204002146,GLH,69,49,11,267.5,2942.5,2026-04-22,187398019,2924,INDEX SECURITIES LIMITED,Online Securities Pvt. Ltd.,2026-04-22 11:21:36.938734,GreenLife Hydropower Limited
2026042204002149,GLH,69,88,10,267.5,2675.0,2026-04-22,187398061,2924,INDEX SECURITIES LIMITED,Blue Chip Securities Ltd,2026-04-22 11:21:38.477285,GreenLife Hydropower Limited
2026042204002427,GLH,29,49,40,271.0,10840.0,2026-04-22,187401957,2924,Trisul Securities & Invt. Ltd.,Online Securities Pvt. Ltd.,2026-04-22 11:24:39.055627,GreenLife Hydropower Limited
2026042204002428,GLH,29,32,10,272.0,2720.0,2026-04-22,187401960,2924,Trisul Securities & Invt. Ltd.,Premier Securities Company Ltd.,2026-04-22 11:24:39.055986,GreenLife Hydropower Limited
2026042204002455,GLH,7,32,20,272.0,5440.0,2026-04-22,187402376,2924,J.F. Securites (PVT) Ltd.,Premier Securities Company Ltd.,2026-04-22 11:25:04.070718,GreenLife Hydropower Limited
2026042204002650,GLH,32,56,40,271.9,10876.0,2026-04-22,187404468,2924,Premier Securities Company Ltd.,Sri Hari Securities Pvt. Ltd.,2026-04-22 11:27:14.630819,GreenLife Hydropower Limited
2026042204002942,GLH,45,45,10,271.0,2710.0,2026-04-22,187407691,2924,Imperial Securities Company Pvt. Ltd.,Imperial Securities Company Pvt. Ltd.,2026-04-22 11:30:15.947747,GreenLife Hydropower Limited
2026042204002944,GLH,22,38,10,271.0,2710.0,2026-04-22,187407714,2924,Siprabi Securities Pvt. Ltd.,Dipshikha Dhitopatra Karobar Co. Pvt Ltd.,2026-04-22 11:30:17.176935,GreenLife Hydropower Limited
2026042204003072,GLH,51,51,20,270.0,5400.0,2026-04-22,187410435,2924,Oxford Securities Pvt. Ltd.,Oxford Securities Pvt. Ltd.,2026-04-22 11:33:05.350809,GreenLife Hydropower Limited
2026042204003252,GLH,58,51,40,270.0,10800.0,2026-04-22,187412898,2924,Naasa Securities Co. Ltd.,Oxford Securities Pvt. Ltd.,2026-04-22 11:35:28.284638,GreenLife Hydropower Limited
2026042204003470,GLH,40,4,10,269.0,2690.0,2026-04-22,187415783,2924,Creative Securities Pvt Ltd,Opal Securities Investment (PVT) Ltd.,2026-04-22 11:38:16.946739,GreenLife Hydropower Limited
2026042204003540,GLH,40,8,490,269.0,131810.0,2026-04-22,187416754,2924,Creative Securities Pvt Ltd,Brilliant Securities Pvt. Ltd.,2026-04-22 11:39:20.001121,GreenLife Hydropower Limited
2026042204003541,GLH,8,8,10,269.0,2690.0,2026-04-22,187416755,2924,Brilliant Securities Pvt. Ltd.,Brilliant Securities Pvt. Ltd.,2026-04-22 11:39:20.001578,GreenLife Hydropower Limited
2026042204003624,GLH,43,56,20,269.1,5382.0,2026-04-22,187417913,2924,South Asian Bulls Pvt. Ltd.,Sri Hari Securities Pvt. Ltd.,2026-04-22 11:40:36.864867,GreenLife Hydropower Limited
2026042204003699,GLH,43,45,180,269.1,48438.0,2026-04-22,187418762,2924,South Asian Bulls Pvt. Ltd.,Imperial Securities Company Pvt. Ltd.,2026-04-22 11:41:17.412133,GreenLife Hydropower Limited
2026042204003700,GLH,8,45,90,269.0,24210.0,2026-04-22,187418764,2924,Brilliant Securities Pvt. Ltd.,Imperial Securities Company Pvt. Ltd.,2026-04-22 11:41:17.412598,GreenLife Hydropower Limited
2026042204003701,GLH,39,45,100,269.0,26900.0,2026-04-22,187418766,2924,Sumeru Securities Pvt. Ltd.,Imperial Securities Company Pvt. Ltd.,2026-04-22 11:41:17.412873,GreenLife Hydropower Limited
2026042204003702,GLH,8,45,200,268.3,53660.0,2026-04-22,187418768,2924,Brilliant Securities Pvt. Ltd.,Imperial Securities Company Pvt. Ltd.,2026-04-22 11:41:17.413134,GreenLife Hydropower Limited
2026042204003703,GLH,7,45,100,268.2,26820.0,2026-04-22,187418770,2924,J.F. Securites (PVT) Ltd.,Imperial Securities Company Pvt. Ltd.,2026-04-22 11:41:17.413412,GreenLife Hydropower Limited
2026042204003704,GLH,13,45,240,268.2,64368.0,2026-04-22,187418772,2924,Thrive Brokerage House Pvt. Ltd,Imperial Securities Company Pvt. Ltd.,2026-04-22 11:41:17.413702,GreenLife Hydropower Limited
2026042204003705,GLH,50,45,627,268.1,168098.7,2026-04-22,187418774,2924,Cristal Kanchanjanga Securites Pvt. Ltd.,Imperial Securities Company Pvt. Ltd.,2026-04-22 11:41:17.413963,GreenLife Hydropower Limited
2026042204003706,GLH,42,45,300,268.1,80430.0,2026-04-22,187418776,2924,Sani Securities Company Ltd.,Imperial Securities Company Pvt. Ltd.,2026-04-22 11:41:17.414209,GreenLife Hydropower Limited
2026042204003707,GLH,43,45,100,268.0,26800.0,2026-04-22,187418778,2924,South Asian Bulls Pvt. Ltd.,Imperial Securities Company Pvt. Ltd.,2026-04-22 11:41:17.414515,GreenLife Hydropower Limited
2026042204003708,GLH,42,45,63,268.0,16884.0,2026-04-22,187418779,2924,Sani Securities Company Ltd.,Imperial Securities Company Pvt. Ltd.,2026-04-22 11:41:17.414777,GreenLife Hydropower Limited
2026042204003930,GLH,14,11,100,269.0,26900.0,2026-04-22,187420578,2924,Nepal Stock House (PVT) Ltd.,Malla & Malla Stock Broking Company Pvt. Limited,2026-04-22 11:43:07.372779,GreenLife Hydropower Limited
2026042204003931,GLH,42,11,137,268.0,36716.0,2026-04-22,187420580,2924,Sani Securities Company Ltd.,Malla & Malla Stock Broking Company Pvt. Limited,2026-04-22 11:43:07.373065,GreenLife Hydropower Limited
2026042204003932,GLH,65,11,100,268.0,26800.0,2026-04-22,187420582,2924,Sharepro Securities Private Limited,Malla & Malla Stock Broking Company Pvt. Limited,2026-04-22 11:43:07.373158,GreenLife Hydropower Limited
2026042204003933,GLH,32,11,100,267.9,26790.0,2026-04-22,187420584,2924,Premier Securities Company Ltd.,Malla & Malla Stock Broking Company Pvt. Limited,2026-04-22 11:43:07.373248,GreenLife Hydropower Limited
2026042204003934,GLH,32,11,100,267.8,26780.0,2026-04-22,187420586,2924,Premier Securities Company Ltd.,Malla & Malla Stock Broking Company Pvt. Limited,2026-04-22 11:43:07.373350,GreenLife Hydropower Limited
2026042204003935,GLH,32,11,100,267.7,26770.0,2026-04-22,187420588,2924,Premier Securities Company Ltd.,Malla & Malla Stock Broking Company Pvt. Limited,2026-04-22 11:43:07.373439,GreenLife Hydropower Limited
2026042204003936,GLH,34,11,200,267.6,53520.0,2026-04-22,187420590,2924,Vision Securities Pvt. Ltd,Malla & Malla Stock Broking Company Pvt. Limited,2026-04-22 11:43:07.373526,GreenLife Hydropower Limited
2026042204003937,GLH,69,11,163,267.4,43586.2,2026-04-22,187420591,2924,INDEX SECURITIES LIMITED,Malla & Malla Stock Broking Company Pvt. Limited,2026-04-22 11:43:07.373615,GreenLife Hydropower Limited
2026042204004026,GLH,49,49,331,268.0,88708.0,2026-04-22,187421720,2924,Online Securities Pvt. Ltd.,Online Securities Pvt. Ltd.,2026-04-22 11:44:07.630616,GreenLife Hydropower Limited
2026042204004027,GLH,51,49,1169,267.5,312707.5,2026-04-22,187421721,2924,Oxford Securities Pvt. Ltd.,Online Securities Pvt. Ltd.,2026-04-22 11:44:07.630859,GreenLife Hydropower Limited
2026042204004430,GLH,65,45,100,267.7,26770.0,2026-04-22,187426536,2924,Sharepro Securities Private Limited,Imperial Securities Company Pvt. Ltd.,2026-04-22 11:49:13.575230,GreenLife Hydropower Limited
2026042204004431,GLH,33,45,300,267.7,80310.0,2026-04-22,187426537,2924,Dakshinkali Investment & Securities Pvt. Ltd.,Imperial Securities Company Pvt. Ltd.,2026-04-22 11:49:13.575481,GreenLife Hydropower Limited
2026042204004526,GLH,14,45,2000,267.6,535200.0,2026-04-22,187428057,2924,Nepal Stock House (PVT) Ltd.,Imperial Securities Company Pvt. Ltd.,2026-04-22 11:50:27.591930,GreenLife Hydropower Limited
2026042204004606,GLH,51,58,500,267.5,133750.0,2026-04-22,187428859,2924,Oxford Securities Pvt. Ltd.,Naasa Securities Co. Ltd.,2026-04-22 11:51:17.011585,GreenLife Hydropower Limited
2026042204004612,GLH,51,56,19,267.5,5082.5,2026-04-22,187429121,2924,Oxford Securities Pvt. Ltd.,Sri Hari Securities Pvt. Ltd.,2026-04-22 11:51:27.276022,GreenLife Hydropower Limited
2026042204004758,GLH,14,51,100,268.0,26800.0,2026-04-22,187430996,2924,Nepal Stock House (PVT) Ltd.,Oxford Securities Pvt. Ltd.,2026-04-22 11:52:52.837093,GreenLife Hydropower Limited
2026042204004759,GLH,21,51,170,267.6,45492.0,2026-04-22,187430997,2924,Midas Stock Broking Company Private Limited,Oxford Securities Pvt. Ltd.,2026-04-22 11:52:52.837149,GreenLife Hydropower Limited
2026042204004858,GLH,21,58,10,267.6,2676.0,2026-04-22,187432957,2924,Midas Stock Broking Company Private Limited,Naasa Securities Co. Ltd.,2026-04-22 11:54:26.916241,GreenLife Hydropower Limited
2026042204005208,GLH,21,50,20,267.6,5352.0,2026-04-22,187436802,2924,Midas Stock Broking Company Private Limited,Cristal Kanchanjanga Securites Pvt. Ltd.,2026-04-22 11:57:31.427339,GreenLife Hydropower Limited
2026042204005209,GLH,51,50,112,267.5,29960.0,2026-04-22,187436804,2924,Oxford Securities Pvt. Ltd.,Cristal Kanchanjanga Securites Pvt. Ltd.,2026-04-22 11:57:31.427845,GreenLife Hydropower Limited
2026042204005210,GLH,65,50,100,267.5,26750.0,2026-04-22,187436806,2924,Sharepro Securities Private Limited,Cristal Kanchanjanga Securites Pvt. Ltd.,2026-04-22 11:57:31.428352,GreenLife Hydropower Limited
2026042204005211,GLH,69,50,337,267.4,90113.8,2026-04-22,187436808,2924,INDEX SECURITIES LIMITED,Cristal Kanchanjanga Securites Pvt. Ltd.,2026-04-22 11:57:31.428784,GreenLife Hydropower Limited
2026042204005212,GLH,32,50,58,267.3,15503.4,2026-04-22,187436809,2924,Premier Securities Company Ltd.,Cristal Kanchanjanga Securites Pvt. Ltd.,2026-04-22 11:57:31.429227,GreenLife Hydropower Limited
2026042204005408,GLH,32,28,140,267.3,37422.0,2026-04-22,187439505,2924,Premier Securities Company Ltd.,Shree Krishna Securities Ltd.,2026-04-22 11:59:45.782282,GreenLife Hydropower Limited
2026042204005531,GLH,54,7,200,267.3,53460.0,2026-04-22,187441026,2924,Sewa Securities Pvt. Ltd.,J.F. Securites (PVT) Ltd.,2026-04-22 12:00:52.790394,GreenLife Hydropower Limited
2026042204005532,GLH,58,7,150,267.1,40065.0,2026-04-22,187441027,2924,Naasa Securities Co. Ltd.,J.F. Securites (PVT) Ltd.,2026-04-22 12:00:52.790675,GreenLife Hydropower Limited
2026042204005963,GLH,65,56,35,268.0,9380.0,2026-04-22,187444684,2924,Sharepro Securities Private Limited,Sri Hari Securities Pvt. Ltd.,2026-04-22 12:04:00.875525,GreenLife Hydropower Limited
2026042204006192,GLH,14,57,100,267.5,26750.0,2026-04-22,187447408,2924,Nepal Stock House (PVT) Ltd.,Aryatara Investment & Securities,2026-04-22 12:06:22.602917,GreenLife Hydropower Limited
2026042204006193,GLH,10,57,300,267.3,80190.0,2026-04-22,187447410,2924,Pragyan Securities (PVT) Ltd.,Aryatara Investment & Securities,2026-04-22 12:06:22.603162,GreenLife Hydropower Limited
2026042204006194,GLH,57,57,300,267.2,80160.0,2026-04-22,187447411,2924,Aryatara Investment & Securities,Aryatara Investment & Securities,2026-04-22 12:06:22.603272,GreenLife Hydropower Limited
2026042204006210,GLH,57,99,10,267.2,2672.0,2026-04-22,187447499,2924,Aryatara Investment & Securities,Prabhu Stock Market Limited,2026-04-22 12:06:28.447410,GreenLife Hydropower Limited
2026042204006303,GLH,57,1,10,267.2,2672.0,2026-04-22,187448475,2924,Aryatara Investment & Securities,Kumari Securities Private Limited,2026-04-22 12:07:14.405279,GreenLife Hydropower Limited
2026042204006701,GLH,58,62,15,267.5,4012.5,2026-04-22,187452916,2924,Naasa Securities Co. Ltd.,Capital Max Securities Ltd,2026-04-22 12:11:11.909828,GreenLife Hydropower Limited
2026042204006702,GLH,57,62,680,267.2,181696.0,2026-04-22,187452918,2924,Aryatara Investment & Securities,Capital Max Securities Ltd,2026-04-22 12:11:11.909945,GreenLife Hydropower Limited
2026042204006703,GLH,58,62,350,267.1,93485.0,2026-04-22,187452920,2924,Naasa Securities Co. Ltd.,Capital Max Securities Ltd,2026-04-22 12:11:11.910031,GreenLife Hydropower Limited
2026042204006704,GLH,21,62,100,267.1,26710.0,2026-04-22,187452922,2924,Midas Stock Broking Company Private Limited,Capital Max Securities Ltd,2026-04-22 12:11:11.910100,GreenLife Hydropower Limited
2026042204006705,GLH,45,62,35,267.1,9348.5,2026-04-22,187452924,2924,Imperial Securities Company Pvt. Ltd.,Capital Max Securities Ltd,2026-04-22 12:11:11.910165,GreenLife Hydropower Limited
2026042204006706,GLH,34,62,25,267.1,6677.5,2026-04-22,187452926,2924,Vision Securities Pvt. Ltd,Capital Max Securities Ltd,2026-04-22 12:11:11.910233,GreenLife Hydropower Limited
2026042204006707,GLH,17,62,745,267.0,198915.0,2026-04-22,187452927,2924,ABC Securities Private Limited,Capital Max Securities Ltd,2026-04-22 12:11:11.910302,GreenLife Hydropower Limited
2026042204006866,GLH,17,49,200,267.0,53400.0,2026-04-22,187454427,2924,ABC Securities Private Limited,Online Securities Pvt. Ltd.,2026-04-22 12:12:25.206413,GreenLife Hydropower Limited
2026042204006867,GLH,17,48,55,267.0,14685.0,2026-04-22,187454496,2924,ABC Securities Private Limited,Trishakti Securities Public Limited,2026-04-22 12:12:27.399973,GreenLife Hydropower Limited
2026042204006868,GLH,59,48,100,267.0,26700.0,2026-04-22,187454498,2924,Deevyaa Securities & Stock House Pvt. Ltd,Trishakti Securities Public Limited,2026-04-22 12:12:27.400477,GreenLife Hydropower Limited
2026042204006869,GLH,29,48,15,267.0,4005.0,2026-04-22,187454500,2924,Trisul Securities & Invt. Ltd.,Trishakti Securities Public Limited,2026-04-22 12:12:27.400799,GreenLife Hydropower Limited
2026042204006870,GLH,11,48,30,267.0,8010.0,2026-04-22,187454501,2924,Malla & Malla Stock Broking Company Pvt. Limited,Trishakti Securities Public Limited,2026-04-22 12:12:27.401117,GreenLife Hydropower Limited
2026042204006883,GLH,44,44,10,268.0,2680.0,2026-04-22,187454651,2924,Dynamic Money Managers Securities Pvt. Ltd.,Dynamic Money Managers Securities Pvt. Ltd.,2026-04-22 12:12:36.614287,GreenLife Hydropower Limited
2026042204006884,GLH,44,34,990,269.0,266310.0,2026-04-22,187454654,2924,Dynamic Money Managers Securities Pvt. Ltd.,Vision Securities Pvt. Ltd,2026-04-22 12:12:36.614580,GreenLife Hydropower Limited
2026042204006975,GLH,35,48,50,268.0,13400.0,2026-04-22,187455428,2924,Kohinoor Investment & Securities Pvt. Ltd.,Trishakti Securities Public Limited,2026-04-22 12:13:12.578369,GreenLife Hydropower Limited
2026042204007186,GLH,57,45,30,267.1,8013.0,2026-04-22,187457452,2924,Aryatara Investment & Securities,Imperial Securities Company Pvt. Ltd.,2026-04-22 12:15:09.120433,GreenLife Hydropower Limited
2026042204007187,GLH,11,45,10,267.0,2670.0,2026-04-22,187457454,2924,Malla & Malla Stock Broking Company Pvt. Limited,Imperial Securities Company Pvt. Ltd.,2026-04-22 12:15:09.120733,GreenLife Hydropower Limited
2026042204007188,GLH,39,45,50,267.0,13350.0,2026-04-22,187457456,2924,Sumeru Securities Pvt. Ltd.,Imperial Securities Company Pvt. Ltd.,2026-04-22 12:15:09.120850,GreenLife Hydropower Limited
2026042204007189,GLH,54,45,150,267.0,40050.0,2026-04-22,187457458,2924,Sewa Securities Pvt. Ltd.,Imperial Securities Company Pvt. Ltd.,2026-04-22 12:15:09.120960,GreenLife Hydropower Limited
2026042204007190,GLH,38,45,40,267.0,10680.0,2026-04-22,187457459,2924,Dipshikha Dhitopatra Karobar Co. Pvt Ltd.,Imperial Securities Company Pvt. Ltd.,2026-04-22 12:15:09.121069,GreenLife Hydropower Limited
2026042204007273,GLH,4,48,10,268.0,2680.0,2026-04-22,187458220,2924,Opal Securities Investment (PVT) Ltd.,Trishakti Securities Public Limited,2026-04-22 12:15:54.645577,GreenLife Hydropower Limited
2026042204007331,GLH,53,38,40,267.1,10684.0,2026-04-22,187458868,2924,Investment Management Nepal Pvt. Ltd.,Dipshikha Dhitopatra Karobar Co. Pvt Ltd.,2026-04-22 12:16:29.232286,GreenLife Hydropower Limited
2026042204007364,GLH,38,58,40,267.0,10680.0,2026-04-22,187459165,2924,Dipshikha Dhitopatra Karobar Co. Pvt Ltd.,Naasa Securities Co. Ltd.,2026-04-22 12:16:45.035995,GreenLife Hydropower Limited
2026042204007398,GLH,38,58,20,267.0,5340.0,2026-04-22,187459574,2924,Dipshikha Dhitopatra Karobar Co. Pvt Ltd.,Naasa Securities Co. Ltd.,2026-04-22 12:17:06.062219,GreenLife Hydropower Limited
2026042204007399,GLH,45,58,10,267.0,2670.0,2026-04-22,187459575,2924,Imperial Securities Company Pvt. Ltd.,Naasa Securities Co. Ltd.,2026-04-22 12:17:06.062502,GreenLife Hydropower Limited
2026042204007408,GLH,57,38,35,267.1,9348.5,2026-04-22,187459616,2924,Aryatara Investment & Securities,Dipshikha Dhitopatra Karobar Co. Pvt Ltd.,2026-04-22 12:17:10.220928,GreenLife Hydropower Limited
2026042204007497,GLH,57,45,20,266.8,5336.0,2026-04-22,187460652,2924,Aryatara Investment & Securities,Imperial Securities Company Pvt. Ltd.,2026-04-22 12:18:09.309677,GreenLife Hydropower Limited
2026042204007498,GLH,16,45,980,266.7,261366.0,2026-04-22,187460653,2924,Primo Securities (PVT) Ltd.,Imperial Securities Company Pvt. Ltd.,2026-04-22 12:18:09.310270,GreenLife Hydropower Limited
2026042204007605,GLH,16,6,10,266.7,2667.0,2026-04-22,187461815,2924,Primo Securities (PVT) Ltd.,Agrawal Securities (PVT) Ltd.,2026-04-22 12:19:16.688372,GreenLife Hydropower Limited
2026042204007958,GLH,74,48,1200,268.0,321600.0,2026-04-22,187465596,2924,KALASH STOCK MARKET PVT. LTD.,Trishakti Securities Public Limited,2026-04-22 12:22:28.751776,GreenLife Hydropower Limited
2026042204008209,GLH,65,17,100,266.2,26620.0,2026-04-22,187469126,2924,Sharepro Securities Private Limited,ABC Securities Private Limited,2026-04-22 12:25:40.322210,GreenLife Hydropower Limited
2026042204008210,GLH,17,17,100,266.2,26620.0,2026-04-22,187469128,2924,ABC Securities Private Limited,ABC Securities Private Limited,2026-04-22 12:25:40.322499,GreenLife Hydropower Limited
2026042204008285,GLH,1,17,300,266.2,79860.0,2026-04-22,187470360,2924,Kumari Securities Private Limited,ABC Securities Private Limited,2026-04-22 12:26:41.620738,GreenLife Hydropower Limited
2026042204008287,GLH,35,45,10,266.1,2661.0,2026-04-22,187470387,2924,Kohinoor Investment & Securities Pvt. Ltd.,Imperial Securities Company Pvt. Ltd.,2026-04-22 12:26:43.317805,GreenLife Hydropower Limited
2026042204008434,GLH,35,25,35,266.1,9313.5,2026-04-22,187472053,2924,Kohinoor Investment & Securities Pvt. Ltd.,Sweta Securities Private Limited,2026-04-22 12:28:11.173739,GreenLife Hydropower Limited
2026042204008495,GLH,25,81,50,267.0,13350.0,2026-04-22,187472857,2924,Sweta Securities Private Limited,Aakashbhairab Securities Ltd.,2026-04-22 12:29:00.577139,GreenLife Hydropower Limited
2026042204008636,GLH,22,29,50,267.9,13395.0,2026-04-22,187474304,2924,Siprabi Securities Pvt. Ltd.,Trisul Securities & Invt. Ltd.,2026-04-22 12:30:06.843869,GreenLife Hydropower Limited
2026042204008680,GLH,25,58,10,267.0,2670.0,2026-04-22,187474927,2924,Sweta Securities Private Limited,Naasa Securities Co. Ltd.,2026-04-22 12:30:38.327733,GreenLife Hydropower Limited
2026042204008687,GLH,38,58,30,267.8,8034.0,2026-04-22,187474985,2924,Dipshikha Dhitopatra Karobar Co. Pvt Ltd.,Naasa Securities Co. Ltd.,2026-04-22 12:30:41.043028,GreenLife Hydropower Limited
2026042204008688,GLH,38,44,10,267.8,2678.0,2026-04-22,187474987,2924,Dipshikha Dhitopatra Karobar Co. Pvt Ltd.,Dynamic Money Managers Securities Pvt. Ltd.,2026-04-22 12:30:41.043276,GreenLife Hydropower Limited
2026042204008689,GLH,38,29,210,267.9,56259.0,2026-04-22,187474990,2924,Dipshikha Dhitopatra Karobar Co. Pvt Ltd.,Trisul Securities & Invt. Ltd.,2026-04-22 12:30:41.043403,GreenLife Hydropower Limited
2026042204008753,GLH,25,29,60,267.9,16074.0,2026-04-22,187475940,2924,Sweta Securities Private Limited,Trisul Securities & Invt. Ltd.,2026-04-22 12:31:21.661518,GreenLife Hydropower Limited
2026042204008891,GLH,17,29,999,267.9,267632.1,2026-04-22,187478180,2924,ABC Securities Private Limited,Trisul Securities & Invt. Ltd.,2026-04-22 12:33:09.347451,GreenLife Hydropower Limited
2026042204009012,GLH,45,29,400,267.9,107160.0,2026-04-22,187479376,2924,Imperial Securities Company Pvt. Ltd.,Trisul Securities & Invt. Ltd.,2026-04-22 12:34:05.681439,GreenLife Hydropower Limited
2026042204009025,GLH,21,28,50,267.1,13355.0,2026-04-22,187479556,2924,Midas Stock Broking Company Private Limited,Shree Krishna Securities Ltd.,2026-04-22 12:34:17.444914,GreenLife Hydropower Limited
2026042204009026,GLH,48,28,50,267.0,13350.0,2026-04-22,187479558,2924,Trishakti Securities Public Limited,Shree Krishna Securities Ltd.,2026-04-22 12:34:17.445192,GreenLife Hydropower Limited
2026042204009027,GLH,17,28,444,267.0,118548.0,2026-04-22,187479560,2924,ABC Securities Private Limited,Shree Krishna Securities Ltd.,2026-04-22 12:34:17.445320,GreenLife Hydropower Limited
2026042204009116,GLH,34,28,20,267.0,5340.0,2026-04-22,187480518,2924,Vision Securities Pvt. Ltd,Shree Krishna Securities Ltd.,2026-04-22 12:35:08.128346,GreenLife Hydropower Limited
2026042204009128,GLH,17,28,36,267.0,9612.0,2026-04-22,187480665,2924,ABC Securities Private Limited,Shree Krishna Securities Ltd.,2026-04-22 12:35:18.234488,GreenLife Hydropower Limited
2026042204009147,GLH,11,29,81,267.9,21699.9,2026-04-22,187480801,2924,Malla & Malla Stock Broking Company Pvt. Limited,Trisul Securities & Invt. Ltd.,2026-04-22 12:35:29.685666,GreenLife Hydropower Limited
2026042204009148,GLH,11,48,19,268.0,5092.0,2026-04-22,187480804,2924,Malla & Malla Stock Broking Company Pvt. Limited,Trishakti Securities Public Limited,2026-04-22 12:35:29.686162,GreenLife Hydropower Limited
2026042204009468,GLH,49,38,100,267.1,26710.0,2026-04-22,187484904,2924,Online Securities Pvt. Ltd.,Dipshikha Dhitopatra Karobar Co. Pvt Ltd.,2026-04-22 12:39:33.734117,GreenLife Hydropower Limited
2026042204009469,GLH,21,38,400,267.0,106800.0,2026-04-22,187484905,2924,Midas Stock Broking Company Private Limited,Dipshikha Dhitopatra Karobar Co. Pvt Ltd.,2026-04-22 12:39:33.734186,GreenLife Hydropower Limited
2026042204009505,GLH,11,48,30,268.0,8040.0,2026-04-22,187485286,2924,Malla & Malla Stock Broking Company Pvt. Limited,Trishakti Securities Public Limited,2026-04-22 12:40:03.991004,GreenLife Hydropower Limited
2026042204009647,GLH,21,58,10,267.0,2670.0,2026-04-22,187486707,2924,Midas Stock Broking Company Private Limited,Naasa Securities Co. Ltd.,2026-04-22 12:41:54.624907,GreenLife Hydropower Limited
2026042204009735,GLH,11,36,300,267.5,80250.0,2026-04-22,187487117,2924,Malla & Malla Stock Broking Company Pvt. Limited,Secured Securities Ltd.,2026-04-22 12:42:26.547250,GreenLife Hydropower Limited
2026042204009862,GLH,11,45,100,267.5,26750.0,2026-04-22,187488166,2924,Malla & Malla Stock Broking Company Pvt. Limited,Imperial Securities Company Pvt. Ltd.,2026-04-22 12:43:37.947304,GreenLife Hydropower Limited
2026042204009863,GLH,21,45,182,267.0,48594.0,2026-04-22,187488167,2924,Midas Stock Broking Company Private Limited,Imperial Securities Company Pvt. Ltd.,2026-04-22 12:43:37.947599,GreenLife Hydropower Limited
2026042204009968,GLH,21,16,408,267.0,108936.0,2026-04-22,187489284,2924,Midas Stock Broking Company Private Limited,Primo Securities (PVT) Ltd.,2026-04-22 12:44:34.999504,GreenLife Hydropower Limited
2026042204009969,GLH,14,16,100,267.0,26700.0,2026-04-22,187489286,2924,Nepal Stock House (PVT) Ltd.,Primo Securities (PVT) Ltd.,2026-04-22 12:44:35.000230,GreenLife Hydropower Limited
2026042204009970,GLH,17,16,37,267.0,9879.0,2026-04-22,187489288,2924,ABC Securities Private Limited,Primo Securities (PVT) Ltd.,2026-04-22 12:44:35.000898,GreenLife Hydropower Limited
2026042204009971,GLH,34,16,200,267.0,53400.0,2026-04-22,187489290,2924,Vision Securities Pvt. Ltd,Primo Securities (PVT) Ltd.,2026-04-22 12:44:35.001533,GreenLife Hydropower Limited
2026042204009972,GLH,34,16,25,267.0,6675.0,2026-04-22,187489292,2924,Vision Securities Pvt. Ltd,Primo Securities (PVT) Ltd.,2026-04-22 12:44:35.002121,GreenLife Hydropower Limited
2026042204009973,GLH,49,16,500,267.0,133500.0,2026-04-22,187489294,2924,Online Securities Pvt. Ltd.,Primo Securities (PVT) Ltd.,2026-04-22 12:44:35.002749,GreenLife Hydropower Limited
2026042204009974,GLH,7,16,300,267.0,80100.0,2026-04-22,187489296,2924,J.F. Securites (PVT) Ltd.,Primo Securities (PVT) Ltd.,2026-04-22 12:44:35.003344,GreenLife Hydropower Limited
2026042204009975,GLH,45,16,430,267.0,114810.0,2026-04-22,187489297,2924,Imperial Securities Company Pvt. Ltd.,Primo Securities (PVT) Ltd.,2026-04-22 12:44:35.003926,GreenLife Hydropower Limited
2026042204010076,GLH,45,41,10,267.0,2670.0,2026-04-22,187490223,2924,Imperial Securities Company Pvt. Ltd.,Linch Stock Market Ltd.,2026-04-22 12:45:43.278122,GreenLife Hydropower Limited
2026042204010404,GLH,45,48,10,267.0,2670.0,2026-04-22,187493235,2924,Imperial Securities Company Pvt. Ltd.,Trishakti Securities Public Limited,2026-04-22 12:49:48.002853,GreenLife Hydropower Limited
2026042204010583,GLH,47,48,1000,267.2,267200.0,2026-04-22,187494724,2924,Neev Securities Pvt. Ltd.,Trishakti Securities Public Limited,2026-04-22 12:52:13.213568,GreenLife Hydropower Limited
2026042204010584,GLH,47,48,891,267.0,237897.0,2026-04-22,187494725,2924,Neev Securities Pvt. Ltd.,Trishakti Securities Public Limited,2026-04-22 12:52:13.214216,GreenLife Hydropower Limited
2026042204010664,GLH,61,58,500,267.1,133550.0,2026-04-22,187495272,2924,BHOLE GANESH SECURITIES LTD,Naasa Securities Co. Ltd.,2026-04-22 12:52:59.955029,GreenLife Hydropower Limited
2026042204010665,GLH,47,58,609,267.0,162603.0,2026-04-22,187495274,2924,Neev Securities Pvt. Ltd.,Naasa Securities Co. Ltd.,2026-04-22 12:52:59.955154,GreenLife Hydropower Limited
2026042204010666,GLH,45,58,200,267.0,53400.0,2026-04-22,187495276,2924,Imperial Securities Company Pvt. Ltd.,Naasa Securities Co. Ltd.,2026-04-22 12:52:59.955220,GreenLife Hydropower Limited
2026042204010667,GLH,42,58,1123,267.0,299841.0,2026-04-22,187495278,2924,Sani Securities Company Ltd.,Naasa Securities Co. Ltd.,2026-04-22 12:52:59.955287,GreenLife Hydropower Limited
2026042204010668,GLH,34,58,80,267.0,21360.0,2026-04-22,187495280,2924,Vision Securities Pvt. Ltd,Naasa Securities Co. Ltd.,2026-04-22 12:52:59.955413,GreenLife Hydropower Limited
2026042204010669,GLH,41,58,150,267.0,40050.0,2026-04-22,187495282,2924,Linch Stock Market Ltd.,Naasa Securities Co. Ltd.,2026-04-22 12:52:59.955480,GreenLife Hydropower Limited
2026042204010670,GLH,21,58,838,266.7,223494.6,2026-04-22,187495283,2924,Midas Stock Broking Company Private Limited,Naasa Securities Co. Ltd.,2026-04-22 12:52:59.955550,GreenLife Hydropower Limited
2026042204010717,GLH,21,50,10,266.7,2667.0,2026-04-22,187495611,2924,Midas Stock Broking Company Private Limited,Cristal Kanchanjanga Securites Pvt. Ltd.,2026-04-22 12:53:31.700640,GreenLife Hydropower Limited
2026042204010751,GLH,17,58,10,266.9,2669.0,2026-04-22,187496187,2924,ABC Securities Private Limited,Naasa Securities Co. Ltd.,2026-04-22 12:54:16.593046,GreenLife Hydropower Limited
2026042204010752,GLH,17,58,57,267.0,15219.0,2026-04-22,187496190,2924,ABC Securities Private Limited,Naasa Securities Co. Ltd.,2026-04-22 12:54:16.593341,GreenLife Hydropower Limited
2026042204010776,GLH,21,4,1102,266.7,293903.4,2026-04-22,187496544,2924,Midas Stock Broking Company Private Limited,Opal Securities Investment (PVT) Ltd.,2026-04-22 12:54:52.888930,GreenLife Hydropower Limited
2026042204010777,GLH,32,4,250,266.6,66650.0,2026-04-22,187496546,2924,Premier Securities Company Ltd.,Opal Securities Investment (PVT) Ltd.,2026-04-22 12:54:52.889524,GreenLife Hydropower Limited
2026042204010778,GLH,21,4,60,266.3,15978.0,2026-04-22,187496548,2924,Midas Stock Broking Company Private Limited,Opal Securities Investment (PVT) Ltd.,2026-04-22 12:54:52.889912,GreenLife Hydropower Limited
2026042204010779,GLH,52,4,100,266.2,26620.0,2026-04-22,187496550,2924,Sundhara Securities Limited,Opal Securities Investment (PVT) Ltd.,2026-04-22 12:54:52.890289,GreenLife Hydropower Limited
2026042204010780,GLH,58,4,22,266.2,5856.4,2026-04-22,187496552,2924,Naasa Securities Co. Ltd.,Opal Securities Investment (PVT) Ltd.,2026-04-22 12:54:52.890691,GreenLife Hydropower Limited
2026042204010781,GLH,35,4,955,266.1,254125.5,2026-04-22,187496554,2924,Kohinoor Investment & Securities Pvt. Ltd.,Opal Securities Investment (PVT) Ltd.,2026-04-22 12:54:52.891089,GreenLife Hydropower Limited
2026042204010782,GLH,34,4,11,266.1,2927.1,2026-04-22,187496555,2924,Vision Securities Pvt. Ltd,Opal Securities Investment (PVT) Ltd.,2026-04-22 12:54:52.891467,GreenLife Hydropower Limited
2026042204010794,GLH,34,21,10,266.1,2661.0,2026-04-22,187496797,2924,Vision Securities Pvt. Ltd,Midas Stock Broking Company Private Limited,2026-04-22 12:55:14.054265,GreenLife Hydropower Limited
2026042204010812,GLH,34,4,79,266.1,21021.9,2026-04-22,187496896,2924,Vision Securities Pvt. Ltd,Opal Securities Investment (PVT) Ltd.,2026-04-22 12:55:23.211685,GreenLife Hydropower Limited
2026042204010813,GLH,34,4,1500,266.0,399000.0,2026-04-22,187496898,2924,Vision Securities Pvt. Ltd,Opal Securities Investment (PVT) Ltd.,2026-04-22 12:55:23.212398,GreenLife Hydropower Limited
2026042204010814,GLH,74,4,20,266.0,5320.0,2026-04-22,187496900,2924,KALASH STOCK MARKET PVT. LTD.,Opal Securities Investment (PVT) Ltd.,2026-04-22 12:55:23.212995,GreenLife Hydropower Limited
2026042204010815,GLH,11,4,40,266.0,10640.0,2026-04-22,187496902,2924,Malla & Malla Stock Broking Company Pvt. Limited,Opal Securities Investment (PVT) Ltd.,2026-04-22 12:55:23.213540,GreenLife Hydropower Limited
2026042204010816,GLH,17,4,200,266.0,53200.0,2026-04-22,187496904,2924,ABC Securities Private Limited,Opal Securities Investment (PVT) Ltd.,2026-04-22 12:55:23.214104,GreenLife Hydropower Limited
2026042204010817,GLH,45,4,10,266.0,2660.0,2026-04-22,187496906,2924,Imperial Securities Company Pvt. Ltd.,Opal Securities Investment (PVT) Ltd.,2026-04-22 12:55:23.214665,GreenLife Hydropower Limited
2026042204010818,GLH,58,4,200,266.0,53200.0,2026-04-22,187496908,2924,Naasa Securities Co. Ltd.,Opal Securities Investment (PVT) Ltd.,2026-04-22 12:55:23.215219,GreenLife Hydropower Limited
2026042204010819,GLH,77,4,375,266.0,99750.0,2026-04-22,187496910,2924,Nabil Stock Dealer Ltd.,Opal Securities Investment (PVT) Ltd.,2026-04-22 12:55:23.215776,GreenLife Hydropower Limited
2026042204010820,GLH,44,4,10,266.0,2660.0,2026-04-22,187496912,2924,Dynamic Money Managers Securities Pvt. Ltd.,Opal Securities Investment (PVT) Ltd.,2026-04-22 12:55:23.216331,GreenLife Hydropower Limited
2026042204010827,GLH,38,4,66,266.0,17556.0,2026-04-22,187497047,2924,Dipshikha Dhitopatra Karobar Co. Pvt Ltd.,Opal Securities Investment (PVT) Ltd.,2026-04-22 12:55:33.065240,GreenLife Hydropower Limited
2026042204010840,GLH,48,4,100,266.0,26600.0,2026-04-22,187497212,2924,Trishakti Securities Public Limited,Opal Securities Investment (PVT) Ltd.,2026-04-22 12:55:50.412857,GreenLife Hydropower Limited
2026042204010852,GLH,84,32,100,265.5,26550.0,2026-04-22,187497434,2924,MILKY WAY SHARE BROKER COMPANY LTD ,Premier Securities Company Ltd.,2026-04-22 12:56:13.214273,GreenLife Hydropower Limited
2026042204010862,GLH,38,32,200,265.5,53100.0,2026-04-22,187497687,2924,Dipshikha Dhitopatra Karobar Co. Pvt Ltd.,Premier Securities Company Ltd.,2026-04-22 12:56:36.669745,GreenLife Hydropower Limited
2026042204010863,GLH,38,34,10,265.5,2655.0,2026-04-22,187497689,2924,Dipshikha Dhitopatra Karobar Co. Pvt Ltd.,Vision Securities Pvt. Ltd,2026-04-22 12:56:36.670005,GreenLife Hydropower Limited
2026042204010892,GLH,38,4,724,266.0,192584.0,2026-04-22,187498262,2924,Dipshikha Dhitopatra Karobar Co. Pvt Ltd.,Opal Securities Investment (PVT) Ltd.,2026-04-22 12:57:18.411663,GreenLife Hydropower Limited
2026042204010910,GLH,38,8,100,265.5,26550.0,2026-04-22,187498587,2924,Dipshikha Dhitopatra Karobar Co. Pvt Ltd.,Brilliant Securities Pvt. Ltd.,2026-04-22 12:57:45.058628,GreenLife Hydropower Limited
2026042204010988,GLH,35,4,110,266.0,29260.0,2026-04-22,187499463,2924,Kohinoor Investment & Securities Pvt. Ltd.,Opal Securities Investment (PVT) Ltd.,2026-04-22 12:58:59.076084,GreenLife Hydropower Limited
2026042204010989,GLH,35,21,190,266.0,50540.0,2026-04-22,187499466,2924,Kohinoor Investment & Securities Pvt. Ltd.,Midas Stock Broking Company Private Limited,2026-04-22 12:58:59.076396,GreenLife Hydropower Limited
2026042204010991,GLH,57,21,60,266.0,15960.0,2026-04-22,187499582,2924,Aryatara Investment & Securities,Midas Stock Broking Company Private Limited,2026-04-22 12:59:12.836354,GreenLife Hydropower Limited
2026042204011096,GLH,44,62,100,266.1,26610.0,2026-04-22,187501098,2924,Dynamic Money Managers Securities Pvt. Ltd.,Capital Max Securities Ltd,2026-04-22 13:01:53.764193,GreenLife Hydropower Limited
2026042204011097,GLH,28,62,200,266.0,53200.0,2026-04-22,187501100,2924,Shree Krishna Securities Ltd.,Capital Max Securities Ltd,2026-04-22 13:01:53.764521,GreenLife Hydropower Limited
2026042204011098,GLH,14,62,100,266.0,26600.0,2026-04-22,187501102,2924,Nepal Stock House (PVT) Ltd.,Capital Max Securities Ltd,2026-04-22 13:01:53.764649,GreenLife Hydropower Limited
2026042204011099,GLH,21,62,65,266.0,17290.0,2026-04-22,187501104,2924,Midas Stock Broking Company Private Limited,Capital Max Securities Ltd,2026-04-22 13:01:53.764798,GreenLife Hydropower Limited
2026042204011115,GLH,57,62,834,266.0,221844.0,2026-04-22,187501358,2924,Aryatara Investment & Securities,Capital Max Securities Ltd,2026-04-22 13:02:27.818155,GreenLife Hydropower Limited
2026042204011217,GLH,44,62,500,266.0,133000.0,2026-04-22,187502866,2924,Dynamic Money Managers Securities Pvt. Ltd.,Capital Max Securities Ltd,2026-04-22 13:04:46.268865,GreenLife Hydropower Limited
2026042204011249,GLH,58,62,100,266.0,26600.0,2026-04-22,187503248,2924,Naasa Securities Co. Ltd.,Capital Max Securities Ltd,2026-04-22 13:05:25.313660,GreenLife Hydropower Limited
2026042204011252,GLH,38,62,101,266.0,26866.0,2026-04-22,187503317,2924,Dipshikha Dhitopatra Karobar Co. Pvt Ltd.,Capital Max Securities Ltd,2026-04-22 13:05:37.413205,GreenLife Hydropower Limited
2026042204011278,GLH,38,62,399,266.0,106134.0,2026-04-22,187503532,2924,Dipshikha Dhitopatra Karobar Co. Pvt Ltd.,Capital Max Securities Ltd,2026-04-22 13:06:05.501923,GreenLife Hydropower Limited
2026042204011308,GLH,39,62,100,266.0,26600.0,2026-04-22,187504264,2924,Sumeru Securities Pvt. Ltd.,Capital Max Securities Ltd,2026-04-22 13:06:42.808801,GreenLife Hydropower Limited
2026042204011309,GLH,38,62,500,266.0,133000.0,2026-04-22,187504270,2924,Dipshikha Dhitopatra Karobar Co. Pvt Ltd.,Capital Max Securities Ltd,2026-04-22 13:06:43.354232,GreenLife Hydropower Limited
2026042204011311,GLH,49,49,10,265.9,2659.0,2026-04-22,187504281,2924,Online Securities Pvt. Ltd.,Online Securities Pvt. Ltd.,2026-04-22 13:06:44.082939,GreenLife Hydropower Limited
2026042204011361,GLH,32,6,2,267.3,534.6,2026-04-22,187504721,2924,Premier Securities Company Ltd.,Agrawal Securities (PVT) Ltd.,2026-04-22 13:07:35.309606,GreenLife Hydropower Limited
2026042204011621,GLH,8,42,10,268.0,2680.0,2026-04-22,187507407,2924,Brilliant Securities Pvt. Ltd.,Sani Securities Company Ltd.,2026-04-22 13:11:53.290086,GreenLife Hydropower Limited
2026042204011622,GLH,8,34,10,269.0,2690.0,2026-04-22,187507409,2924,Brilliant Securities Pvt. Ltd.,Vision Securities Pvt. Ltd,2026-04-22 13:11:53.290699,GreenLife Hydropower Limited
2026042204011623,GLH,8,49,10,269.0,2690.0,2026-04-22,187507411,2924,Brilliant Securities Pvt. Ltd.,Online Securities Pvt. Ltd.,2026-04-22 13:11:53.291121,GreenLife Hydropower Limited
2026042204011624,GLH,8,74,10,269.9,2699.0,2026-04-22,187507414,2924,Brilliant Securities Pvt. Ltd.,KALASH STOCK MARKET PVT. LTD.,2026-04-22 13:11:53.291534,GreenLife Hydropower Limited
2026042204012399,GLH,70,62,10,269.0,2690.0,2026-04-22,187513769,2924,Infinity Securities Limited,Capital Max Securities Ltd,2026-04-22 13:22:32.049619,GreenLife Hydropower Limited
2026042204012430,GLH,70,3,40,269.0,10760.0,2026-04-22,187514163,2924,Infinity Securities Limited,Arun Securities (PVT) Ltd.,2026-04-22 13:23:03.360255,GreenLife Hydropower Limited
2026042204012598,GLH,26,44,10,268.1,2681.0,2026-04-22,187515483,2924,Asian Securities Private Ltd.,Dynamic Money Managers Securities Pvt. Ltd.,2026-04-22 13:25:03.402236,GreenLife Hydropower Limited
2026042204013038,GLH,58,3,100,268.5,26850.0,2026-04-22,187519351,2924,Naasa Securities Co. Ltd.,Arun Securities (PVT) Ltd.,2026-04-22 13:30:38.447745,GreenLife Hydropower Limited
2026042204013111,GLH,16,51,10,268.2,2682.0,2026-04-22,187520223,2924,Primo Securities (PVT) Ltd.,Oxford Securities Pvt. Ltd.,2026-04-22 13:32:00.246230,GreenLife Hydropower Limited
2026042204013152,GLH,16,51,20,268.2,5364.0,2026-04-22,187520676,2924,Primo Securities (PVT) Ltd.,Oxford Securities Pvt. Ltd.,2026-04-22 13:32:45.913523,GreenLife Hydropower Limited
2026042204013153,GLH,26,51,190,268.1,50939.0,2026-04-22,187520678,2924,Asian Securities Private Ltd.,Oxford Securities Pvt. Ltd.,2026-04-22 13:32:45.913592,GreenLife Hydropower Limited
2026042204013154,GLH,45,51,500,268.0,134000.0,2026-04-22,187520680,2924,Imperial Securities Company Pvt. Ltd.,Oxford Securities Pvt. Ltd.,2026-04-22 13:32:45.913623,GreenLife Hydropower Limited
2026042204013155,GLH,57,51,110,268.0,29480.0,2026-04-22,187520682,2924,Aryatara Investment & Securities,Oxford Securities Pvt. Ltd.,2026-04-22 13:32:45.913645,GreenLife Hydropower Limited
2026042204013156,GLH,21,51,500,267.0,133500.0,2026-04-22,187520684,2924,Midas Stock Broking Company Private Limited,Oxford Securities Pvt. Ltd.,2026-04-22 13:32:45.913670,GreenLife Hydropower Limited
2026042204013157,GLH,17,51,500,266.3,133150.0,2026-04-22,187520686,2924,ABC Securities Private Limited,Oxford Securities Pvt. Ltd.,2026-04-22 13:32:45.913696,GreenLife Hydropower Limited
2026042204013158,GLH,1,51,100,266.2,26620.0,2026-04-22,187520688,2924,Kumari Securities Private Limited,Oxford Securities Pvt. Ltd.,2026-04-22 13:32:45.913729,GreenLife Hydropower Limited
2026042204013159,GLH,39,51,80,266.1,21288.0,2026-04-22,187520689,2924,Sumeru Securities Pvt. Ltd.,Oxford Securities Pvt. Ltd.,2026-04-22 13:32:45.913753,GreenLife Hydropower Limited
2026042204013198,GLH,39,49,20,266.1,5322.0,2026-04-22,187521158,2924,Sumeru Securities Pvt. Ltd.,Online Securities Pvt. Ltd.,2026-04-22 13:33:24.697963,GreenLife Hydropower Limited
2026042204013199,GLH,36,49,250,266.0,66500.0,2026-04-22,187521160,2924,Secured Securities Ltd.,Online Securities Pvt. Ltd.,2026-04-22 13:33:24.698112,GreenLife Hydropower Limited
2026042204013200,GLH,54,49,30,266.0,7980.0,2026-04-22,187521162,2924,Sewa Securities Pvt. Ltd.,Online Securities Pvt. Ltd.,2026-04-22 13:33:24.698192,GreenLife Hydropower Limited
2026042204013201,GLH,22,49,100,266.0,26600.0,2026-04-22,187521164,2924,Siprabi Securities Pvt. Ltd.,Online Securities Pvt. Ltd.,2026-04-22 13:33:24.698269,GreenLife Hydropower Limited
2026042204013202,GLH,44,49,100,265.8,26580.0,2026-04-22,187521166,2924,Dynamic Money Managers Securities Pvt. Ltd.,Online Securities Pvt. Ltd.,2026-04-22 13:33:24.698360,GreenLife Hydropower Limited
2026042204013203,GLH,57,49,30,265.7,7971.0,2026-04-22,187521168,2924,Aryatara Investment & Securities,Online Securities Pvt. Ltd.,2026-04-22 13:33:24.698434,GreenLife Hydropower Limited
2026042204013204,GLH,44,49,10,265.7,2657.0,2026-04-22,187521170,2924,Dynamic Money Managers Securities Pvt. Ltd.,Online Securities Pvt. Ltd.,2026-04-22 13:33:24.698523,GreenLife Hydropower Limited
2026042204013205,GLH,7,49,100,265.6,26560.0,2026-04-22,187521172,2924,J.F. Securites (PVT) Ltd.,Online Securities Pvt. Ltd.,2026-04-22 13:33:24.698602,GreenLife Hydropower Limited
2026042204013206,GLH,57,49,50,265.5,13275.0,2026-04-22,187521174,2924,Aryatara Investment & Securities,Online Securities Pvt. Ltd.,2026-04-22 13:33:24.698692,GreenLife Hydropower Limited
2026042204013207,GLH,54,49,150,265.5,39825.0,2026-04-22,187521176,2924,Sewa Securities Pvt. Ltd.,Online Securities Pvt. Ltd.,2026-04-22 13:33:24.698774,GreenLife Hydropower Limited
2026042204013208,GLH,58,49,25,265.4,6635.0,2026-04-22,187521178,2924,Naasa Securities Co. Ltd.,Online Securities Pvt. Ltd.,2026-04-22 13:33:24.698873,GreenLife Hydropower Limited
2026042204013209,GLH,58,49,135,265.2,35802.0,2026-04-22,187521179,2924,Naasa Securities Co. Ltd.,Online Securities Pvt. Ltd.,2026-04-22 13:33:24.698979,GreenLife Hydropower Limited
2026042204013329,GLH,58,66,10,266.1,2661.0,2026-04-22,187522553,2924,Naasa Securities Co. Ltd.,Miyo Securities Pvt Ltd,2026-04-22 13:35:51.910895,GreenLife Hydropower Limited
2026042204013968,GLH,4,45,10,266.2,2662.0,2026-04-22,187529488,2924,Opal Securities Investment (PVT) Ltd.,Imperial Securities Company Pvt. Ltd.,2026-04-22 13:48:33.787035,GreenLife Hydropower Limited
2026042204014193,GLH,48,49,10,267.0,2670.0,2026-04-22,187532281,2924,Trishakti Securities Public Limited,Online Securities Pvt. Ltd.,2026-04-22 13:53:25.728344,GreenLife Hydropower Limited
2026042204014216,GLH,48,59,10,267.0,2670.0,2026-04-22,187532440,2924,Trishakti Securities Public Limited,Deevyaa Securities & Stock House Pvt. Ltd,2026-04-22 13:53:38.107930,GreenLife Hydropower Limited
2026042204014322,GLH,58,49,100,266.5,26650.0,2026-04-22,187533274,2924,Naasa Securities Co. Ltd.,Online Securities Pvt. Ltd.,2026-04-22 13:55:05.733301,GreenLife Hydropower Limited
2026042204014323,GLH,58,49,43,266.3,11450.9,2026-04-22,187533276,2924,Naasa Securities Co. Ltd.,Online Securities Pvt. Ltd.,2026-04-22 13:55:05.733665,GreenLife Hydropower Limited
2026042204014340,GLH,58,49,357,266.3,95069.1,2026-04-22,187533447,2924,Naasa Securities Co. Ltd.,Online Securities Pvt. Ltd.,2026-04-22 13:55:19.551080,GreenLife Hydropower Limited
2026042204014341,GLH,58,59,990,266.9,264231.0,2026-04-22,187533449,2924,Naasa Securities Co. Ltd.,Deevyaa Securities & Stock House Pvt. Ltd,2026-04-22 13:55:19.551470,GreenLife Hydropower Limited
2026042204014342,GLH,58,38,10,266.9,2669.0,2026-04-22,187533451,2924,Naasa Securities Co. Ltd.,Dipshikha Dhitopatra Karobar Co. Pvt Ltd.,2026-04-22 13:55:19.551615,GreenLife Hydropower Limited
2026042204014751,GLH,21,29,130,268.5,34905.0,2026-04-22,187537704,2924,Midas Stock Broking Company Private Limited,Trisul Securities & Invt. Ltd.,2026-04-22 14:02:30.062539,GreenLife Hydropower Limited
2026042204014757,GLH,67,29,60,268.5,16110.0,2026-04-22,187537768,2924,Property Wiard Limited,Trisul Securities & Invt. Ltd.,2026-04-22 14:02:38.505214,GreenLife Hydropower Limited
2026042204014765,GLH,4,39,10,267.1,2671.0,2026-04-22,187537839,2924,Opal Securities Investment (PVT) Ltd.,Sumeru Securities Pvt. Ltd.,2026-04-22 14:02:45.898887,GreenLife Hydropower Limited
2026042204014815,GLH,58,45,300,267.0,80100.0,2026-04-22,187538427,2924,Naasa Securities Co. Ltd.,Imperial Securities Company Pvt. Ltd.,2026-04-22 14:03:47.004934,GreenLife Hydropower Limited
2026042204014845,GLH,22,38,10,267.1,2671.0,2026-04-22,187538715,2924,Siprabi Securities Pvt. Ltd.,Dipshikha Dhitopatra Karobar Co. Pvt Ltd.,2026-04-22 14:04:05.269259,GreenLife Hydropower Limited
2026042204014888,GLH,4,33,16,268.0,4288.0,2026-04-22,187539600,2924,Opal Securities Investment (PVT) Ltd.,Dakshinkali Investment & Securities Pvt. Ltd.,2026-04-22 14:05:14.057398,GreenLife Hydropower Limited
2026042204015043,GLH,22,29,190,267.5,50825.0,2026-04-22,187541188,2924,Siprabi Securities Pvt. Ltd.,Trisul Securities & Invt. Ltd.,2026-04-22 14:08:15.816827,GreenLife Hydropower Limited
2026042204015044,GLH,34,29,10,267.3,2673.0,2026-04-22,187541190,2924,Vision Securities Pvt. Ltd,Trisul Securities & Invt. Ltd.,2026-04-22 14:08:15.817199,GreenLife Hydropower Limited
2026042204015045,GLH,34,29,10,267.2,2672.0,2026-04-22,187541192,2924,Vision Securities Pvt. Ltd,Trisul Securities & Invt. Ltd.,2026-04-22 14:08:15.817358,GreenLife Hydropower Limited
2026042204015046,GLH,34,29,10,267.1,2671.0,2026-04-22,187541194,2924,Vision Securities Pvt. Ltd,Trisul Securities & Invt. Ltd.,2026-04-22 14:08:15.817505,GreenLife Hydropower Limited
2026042204015047,GLH,58,29,343,267.0,91581.0,2026-04-22,187541196,2924,Naasa Securities Co. Ltd.,Trisul Securities & Invt. Ltd.,2026-04-22 14:08:15.817685,GreenLife Hydropower Limited
2026042204015048,GLH,50,29,437,267.0,116679.0,2026-04-22,187541197,2924,Cristal Kanchanjanga Securites Pvt. Ltd.,Trisul Securities & Invt. Ltd.,2026-04-22 14:08:15.817863,GreenLife Hydropower Limited
2026042204015087,GLH,50,29,63,267.0,16821.0,2026-04-22,187541492,2924,Cristal Kanchanjanga Securites Pvt. Ltd.,Trisul Securities & Invt. Ltd.,2026-04-22 14:08:38.698118,GreenLife Hydropower Limited
2026042204015088,GLH,54,29,10,266.3,2663.0,2026-04-22,187541494,2924,Sewa Securities Pvt. Ltd.,Trisul Securities & Invt. Ltd.,2026-04-22 14:08:38.698796,GreenLife Hydropower Limited
2026042204015089,GLH,22,29,500,266.2,133100.0,2026-04-22,187541496,2924,Siprabi Securities Pvt. Ltd.,Trisul Securities & Invt. Ltd.,2026-04-22 14:08:38.699264,GreenLife Hydropower Limited
2026042204015113,GLH,58,29,57,266.1,15167.7,2026-04-22,187541693,2924,Naasa Securities Co. Ltd.,Trisul Securities & Invt. Ltd.,2026-04-22 14:08:58.358069,GreenLife Hydropower Limited
2026042204015146,GLH,42,33,64,268.0,17152.0,2026-04-22,187541964,2924,Sani Securities Company Ltd.,Dakshinkali Investment & Securities Pvt. Ltd.,2026-04-22 14:09:18.760910,GreenLife Hydropower Limited
2026042204015311,GLH,34,13,10,266.6,2666.0,2026-04-22,187543871,2924,Vision Securities Pvt. Ltd,Thrive Brokerage House Pvt. Ltd,2026-04-22 14:12:40.494070,GreenLife Hydropower Limited
2026042204015498,GLH,58,100,433,267.1,115654.3,2026-04-22,187546468,2924,Naasa Securities Co. Ltd.,Sunrise Securities Limited,2026-04-22 14:16:38.466469,GreenLife Hydropower Limited
2026042204015499,GLH,8,100,567,267.0,151389.0,2026-04-22,187546469,2924,Brilliant Securities Pvt. Ltd.,Sunrise Securities Limited,2026-04-22 14:16:38.466823,GreenLife Hydropower Limited
2026042204015785,GLH,57,14,10,267.1,2671.0,2026-04-22,187549235,2924,Aryatara Investment & Securities,Nepal Stock House (PVT) Ltd.,2026-04-22 14:20:33.010893,GreenLife Hydropower Limited
2026042204015970,GLH,48,41,10,268.4,2684.0,2026-04-22,187551384,2924,Trishakti Securities Public Limited,Linch Stock Market Ltd.,2026-04-22 14:23:16.596610,GreenLife Hydropower Limited
2026042204016124,GLH,39,41,490,268.4,131516.0,2026-04-22,187553081,2924,Sumeru Securities Pvt. Ltd.,Linch Stock Market Ltd.,2026-04-22 14:25:41.192133,GreenLife Hydropower Limited
2026042204016173,GLH,11,29,300,268.5,80550.0,2026-04-22,187553770,2924,Malla & Malla Stock Broking Company Pvt. Limited,Trisul Securities & Invt. Ltd.,2026-04-22 14:26:27.844376,GreenLife Hydropower Limited
2026042204016243,GLH,39,74,10,268.4,2684.0,2026-04-22,187555020,2924,Sumeru Securities Pvt. Ltd.,KALASH STOCK MARKET PVT. LTD.,2026-04-22 14:27:49.384752,GreenLife Hydropower Limited
2026042204016244,GLH,42,74,280,268.0,75040.0,2026-04-22,187555021,2924,Sani Securities Company Ltd.,KALASH STOCK MARKET PVT. LTD.,2026-04-22 14:27:49.385126,GreenLife Hydropower Limited
2026042204016249,GLH,58,29,510,268.5,136935.0,2026-04-22,187555052,2924,Naasa Securities Co. Ltd.,Trisul Securities & Invt. Ltd.,2026-04-22 14:27:50.813128,GreenLife Hydropower Limited
2026042204016497,GLH,34,58,20,268.5,5370.0,2026-04-22,187557762,2924,Vision Securities Pvt. Ltd,Naasa Securities Co. Ltd.,2026-04-22 14:30:57.441619,GreenLife Hydropower Limited
2026042204016521,GLH,58,38,490,268.1,131369.0,2026-04-22,187557952,2924,Naasa Securities Co. Ltd.,Dipshikha Dhitopatra Karobar Co. Pvt Ltd.,2026-04-22 14:31:12.673615,GreenLife Hydropower Limited
2026042204016522,GLH,42,38,220,268.0,58960.0,2026-04-22,187557954,2924,Sani Securities Company Ltd.,Dipshikha Dhitopatra Karobar Co. Pvt Ltd.,2026-04-22 14:31:12.673988,GreenLife Hydropower Limited
2026042204016635,GLH,45,38,890,268.0,238520.0,2026-04-22,187558959,2924,Imperial Securities Company Pvt. Ltd.,Dipshikha Dhitopatra Karobar Co. Pvt Ltd.,2026-04-22 14:32:22.789016,GreenLife Hydropower Limited
2026042204016636,GLH,45,25,500,268.0,134000.0,2026-04-22,187558961,2924,Imperial Securities Company Pvt. Ltd.,Sweta Securities Private Limited,2026-04-22 14:32:22.789400,GreenLife Hydropower Limited
2026042204016710,GLH,45,21,600,268.0,160800.0,2026-04-22,187559531,2924,Imperial Securities Company Pvt. Ltd.,Midas Stock Broking Company Private Limited,2026-04-22 14:33:01.099452,GreenLife Hydropower Limited
2026042204016721,GLH,45,25,10,268.0,2680.0,2026-04-22,187559696,2924,Imperial Securities Company Pvt. Ltd.,Sweta Securities Private Limited,2026-04-22 14:33:09.393638,GreenLife Hydropower Limited
2026042204016908,GLH,44,25,400,268.0,107200.0,2026-04-22,187561742,2924,Dynamic Money Managers Securities Pvt. Ltd.,Sweta Securities Private Limited,2026-04-22 14:34:49.815047,GreenLife Hydropower Limited
2026042204016928,GLH,44,25,90,268.0,24120.0,2026-04-22,187561893,2924,Dynamic Money Managers Securities Pvt. Ltd.,Sweta Securities Private Limited,2026-04-22 14:34:59.676627,GreenLife Hydropower Limited
2026042204016929,GLH,44,56,10,268.0,2680.0,2026-04-22,187561896,2924,Dynamic Money Managers Securities Pvt. Ltd.,Sri Hari Securities Pvt. Ltd.,2026-04-22 14:34:59.677282,GreenLife Hydropower Limited
2026042204016941,GLH,44,58,140,268.5,37590.0,2026-04-22,187562046,2924,Dynamic Money Managers Securities Pvt. Ltd.,Naasa Securities Co. Ltd.,2026-04-22 14:35:14.402434,GreenLife Hydropower Limited
2026042204016992,GLH,44,29,1000,269.1,269100.0,2026-04-22,187562374,2924,Dynamic Money Managers Securities Pvt. Ltd.,Trisul Securities & Invt. Ltd.,2026-04-22 14:35:43.073700,GreenLife Hydropower Limited
2026042204017029,GLH,44,80,75,268.7,20152.5,2026-04-22,187562689,2924,Dynamic Money Managers Securities Pvt. Ltd.,Indira securities pvt. ltd,2026-04-22 14:35:55.582682,GreenLife Hydropower Limited
2026042204017030,GLH,44,41,925,269.2,249010.0,2026-04-22,187562692,2924,Dynamic Money Managers Securities Pvt. Ltd.,Linch Stock Market Ltd.,2026-04-22 14:35:55.583022,GreenLife Hydropower Limited
2026042204017058,GLH,44,41,70,269.2,18844.0,2026-04-22,187562886,2924,Dynamic Money Managers Securities Pvt. Ltd.,Linch Stock Market Ltd.,2026-04-22 14:36:08.532675,GreenLife Hydropower Limited
2026042204017113,GLH,88,32,50,267.5,13375.0,2026-04-22,187563176,2924,Blue Chip Securities Ltd,Premier Securities Company Ltd.,2026-04-22 14:36:19.405096,GreenLife Hydropower Limited
2026042204017114,GLH,49,32,300,267.4,80220.0,2026-04-22,187563178,2924,Online Securities Pvt. Ltd.,Premier Securities Company Ltd.,2026-04-22 14:36:19.405260,GreenLife Hydropower Limited
2026042204017115,GLH,42,32,500,267.3,133650.0,2026-04-22,187563180,2924,Sani Securities Company Ltd.,Premier Securities Company Ltd.,2026-04-22 14:36:19.405366,GreenLife Hydropower Limited
2026042204017116,GLH,74,32,100,267.3,26730.0,2026-04-22,187563182,2924,KALASH STOCK MARKET PVT. LTD.,Premier Securities Company Ltd.,2026-04-22 14:36:19.405443,GreenLife Hydropower Limited
2026042204017117,GLH,32,32,50,267.3,13365.0,2026-04-22,187563183,2924,Premier Securities Company Ltd.,Premier Securities Company Ltd.,2026-04-22 14:36:19.405547,GreenLife Hydropower Limited
2026042204017136,GLH,44,29,410,269.4,110454.0,2026-04-22,187563356,2924,Dynamic Money Managers Securities Pvt. Ltd.,Trisul Securities & Invt. Ltd.,2026-04-22 14:36:29.624588,GreenLife Hydropower Limited
2026042204017161,GLH,44,22,10,269.9,2699.0,2026-04-22,187563590,2924,Dynamic Money Managers Securities Pvt. Ltd.,Siprabi Securities Pvt. Ltd.,2026-04-22 14:36:43.244354,GreenLife Hydropower Limited
2026042204017283,GLH,44,51,130,270.0,35100.0,2026-04-22,187564483,2924,Dynamic Money Managers Securities Pvt. Ltd.,Oxford Securities Pvt. Ltd.,2026-04-22 14:37:37.051653,GreenLife Hydropower Limited
2026042204017284,GLH,44,49,300,270.0,81000.0,2026-04-22,187564485,2924,Dynamic Money Managers Securities Pvt. Ltd.,Online Securities Pvt. Ltd.,2026-04-22 14:37:37.051996,GreenLife Hydropower Limited
2026042204017285,GLH,44,69,870,270.0,234900.0,2026-04-22,187564488,2924,Dynamic Money Managers Securities Pvt. Ltd.,INDEX SECURITIES LIMITED,2026-04-22 14:37:37.052154,GreenLife Hydropower Limited
2026042204017305,GLH,74,58,10,270.0,2700.0,2026-04-22,187564601,2924,KALASH STOCK MARKET PVT. LTD.,Naasa Securities Co. Ltd.,2026-04-22 14:37:44.233654,GreenLife Hydropower Limited
2026042204017393,GLH,44,58,100,271.0,27100.0,2026-04-22,187565042,2924,Dynamic Money Managers Securities Pvt. Ltd.,Naasa Securities Co. Ltd.,2026-04-22 14:38:05.170766,GreenLife Hydropower Limited
2026042204017467,GLH,44,56,10,271.9,2719.0,2026-04-22,187565785,2924,Dynamic Money Managers Securities Pvt. Ltd.,Sri Hari Securities Pvt. Ltd.,2026-04-22 14:38:28.560655,GreenLife Hydropower Limited
2026042204017468,GLH,44,36,10,271.9,2719.0,2026-04-22,187565788,2924,Dynamic Money Managers Securities Pvt. Ltd.,Secured Securities Ltd.,2026-04-22 14:38:28.561470,GreenLife Hydropower Limited
2026042204017623,GLH,44,32,430,272.0,116960.0,2026-04-22,187566497,2924,Dynamic Money Managers Securities Pvt. Ltd.,Premier Securities Company Ltd.,2026-04-22 14:38:57.317834,GreenLife Hydropower Limited
2026042204017624,GLH,44,58,10,272.0,2720.0,2026-04-22,187566499,2924,Dynamic Money Managers Securities Pvt. Ltd.,Naasa Securities Co. Ltd.,2026-04-22 14:38:57.318539,GreenLife Hydropower Limited
2026042204017625,GLH,44,36,300,272.0,81600.0,2026-04-22,187566501,2924,Dynamic Money Managers Securities Pvt. Ltd.,Secured Securities Ltd.,2026-04-22 14:38:57.319049,GreenLife Hydropower Limited
2026042204017626,GLH,44,58,960,272.0,261120.0,2026-04-22,187566504,2924,Dynamic Money Managers Securities Pvt. Ltd.,Naasa Securities Co. Ltd.,2026-04-22 14:38:57.319579,GreenLife Hydropower Limited
2026042204017776,GLH,44,58,20,272.0,5440.0,2026-04-22,187567410,2924,Dynamic Money Managers Securities Pvt. Ltd.,Naasa Securities Co. Ltd.,2026-04-22 14:39:21.382533,GreenLife Hydropower Limited
2026042204017804,GLH,13,49,500,272.1,136050.0,2026-04-22,187567704,2924,Thrive Brokerage House Pvt. Ltd,Online Securities Pvt. Ltd.,2026-04-22 14:39:30.105355,GreenLife Hydropower Limited
2026042204017805,GLH,22,49,200,272.1,54420.0,2026-04-22,187567708,2924,Siprabi Securities Pvt. Ltd.,Online Securities Pvt. Ltd.,2026-04-22 14:39:30.343144,GreenLife Hydropower Limited
2026042204017843,GLH,44,49,300,272.1,81630.0,2026-04-22,187568065,2924,Dynamic Money Managers Securities Pvt. Ltd.,Online Securities Pvt. Ltd.,2026-04-22 14:39:39.417964,GreenLife Hydropower Limited
2026042204017993,GLH,44,32,750,272.9,204675.0,2026-04-22,187568929,2924,Dynamic Money Managers Securities Pvt. Ltd.,Premier Securities Company Ltd.,2026-04-22 14:40:03.197361,GreenLife Hydropower Limited
2026042204017994,GLH,44,49,1000,272.9,272900.0,2026-04-22,187568932,2924,Dynamic Money Managers Securities Pvt. Ltd.,Online Securities Pvt. Ltd.,2026-04-22 14:40:03.197660,GreenLife Hydropower Limited
2026042204018224,GLH,13,34,300,273.0,81900.0,2026-04-22,187570466,2924,Thrive Brokerage House Pvt. Ltd,Vision Securities Pvt. Ltd,2026-04-22 14:40:44.685215,GreenLife Hydropower Limited
2026042204018267,GLH,44,34,200,273.0,54600.0,2026-04-22,187570679,2924,Dynamic Money Managers Securities Pvt. Ltd.,Vision Securities Pvt. Ltd,2026-04-22 14:40:51.371933,GreenLife Hydropower Limited
2026042204018268,GLH,44,34,100,273.0,27300.0,2026-04-22,187570681,2924,Dynamic Money Managers Securities Pvt. Ltd.,Vision Securities Pvt. Ltd,2026-04-22 14:40:51.372300,GreenLife Hydropower Limited
2026042204018269,GLH,44,47,100,273.0,27300.0,2026-04-22,187570683,2924,Dynamic Money Managers Securities Pvt. Ltd.,Neev Securities Pvt. Ltd.,2026-04-22 14:40:51.372586,GreenLife Hydropower Limited
2026042204018270,GLH,44,58,10,273.0,2730.0,2026-04-22,187570685,2924,Dynamic Money Managers Securities Pvt. Ltd.,Naasa Securities Co. Ltd.,2026-04-22 14:40:51.372839,GreenLife Hydropower Limited
2026042204018271,GLH,44,41,3500,273.0,955500.0,2026-04-22,187570687,2924,Dynamic Money Managers Securities Pvt. Ltd.,Linch Stock Market Ltd.,2026-04-22 14:40:51.373043,GreenLife Hydropower Limited
2026042204018272,GLH,44,62,500,273.0,136500.0,2026-04-22,187570689,2924,Dynamic Money Managers Securities Pvt. Ltd.,Capital Max Securities Ltd,2026-04-22 14:40:51.373210,GreenLife Hydropower Limited
2026042204018273,GLH,44,8,200,273.0,54600.0,2026-04-22,187570691,2924,Dynamic Money Managers Securities Pvt. Ltd.,Brilliant Securities Pvt. Ltd.,2026-04-22 14:40:51.373389,GreenLife Hydropower Limited
2026042204018374,GLH,44,45,200,274.0,54800.0,2026-04-22,187571826,2924,Dynamic Money Managers Securities Pvt. Ltd.,Imperial Securities Company Pvt. Ltd.,2026-04-22 14:41:17.615945,GreenLife Hydropower Limited
2026042204018438,GLH,44,57,100,274.8,27480.0,2026-04-22,187572763,2924,Dynamic Money Managers Securities Pvt. Ltd.,Aryatara Investment & Securities,2026-04-22 14:41:29.610489,GreenLife Hydropower Limited
2026042204018439,GLH,44,19,500,274.9,137450.0,2026-04-22,187572765,2924,Dynamic Money Managers Securities Pvt. Ltd.,Nepal Investment And Securities Trading Private Limited,2026-04-22 14:41:29.610814,GreenLife Hydropower Limited
2026042204018440,GLH,44,38,900,274.9,247410.0,2026-04-22,187572768,2924,Dynamic Money Managers Securities Pvt. Ltd.,Dipshikha Dhitopatra Karobar Co. Pvt Ltd.,2026-04-22 14:41:29.610990,GreenLife Hydropower Limited
2026042204018454,GLH,54,38,100,274.9,27490.0,2026-04-22,187572815,2924,Sewa Securities Pvt. Ltd.,Dipshikha Dhitopatra Karobar Co. Pvt Ltd.,2026-04-22 14:41:31.683746,GreenLife Hydropower Limited
2026042204018557,GLH,54,25,10,275.0,2750.0,2026-04-22,187573525,2924,Sewa Securities Pvt. Ltd.,Sweta Securities Private Limited,2026-04-22 14:41:50.576115,GreenLife Hydropower Limited
2026042204018558,GLH,54,50,200,275.0,55000.0,2026-04-22,187573527,2924,Sewa Securities Pvt. Ltd.,Cristal Kanchanjanga Securites Pvt. Ltd.,2026-04-22 14:41:50.576436,GreenLife Hydropower Limited
2026042204018559,GLH,54,22,100,275.0,27500.0,2026-04-22,187573529,2924,Sewa Securities Pvt. Ltd.,Siprabi Securities Pvt. Ltd.,2026-04-22 14:41:50.576594,GreenLife Hydropower Limited
2026042204018560,GLH,54,48,90,275.0,24750.0,2026-04-22,187573532,2924,Sewa Securities Pvt. Ltd.,Trishakti Securities Public Limited,2026-04-22 14:41:50.576754,GreenLife Hydropower Limited
2026042204018599,GLH,44,48,210,275.0,57750.0,2026-04-22,187573875,2924,Dynamic Money Managers Securities Pvt. Ltd.,Trishakti Securities Public Limited,2026-04-22 14:41:57.299139,GreenLife Hydropower Limited
2026042204018608,GLH,44,38,390,275.0,107250.0,2026-04-22,187573990,2924,Dynamic Money Managers Securities Pvt. Ltd.,Dipshikha Dhitopatra Karobar Co. Pvt Ltd.,2026-04-22 14:42:01.942444,GreenLife Hydropower Limited
2026042204018679,GLH,44,38,10,274.9,2749.0,2026-04-22,187574575,2924,Dynamic Money Managers Securities Pvt. Ltd.,Dipshikha Dhitopatra Karobar Co. Pvt Ltd.,2026-04-22 14:42:19.996272,GreenLife Hydropower Limited
2026042204018680,GLH,44,39,300,275.1,82530.0,2026-04-22,187574577,2924,Dynamic Money Managers Securities Pvt. Ltd.,Sumeru Securities Pvt. Ltd.,2026-04-22 14:42:19.996899,GreenLife Hydropower Limited
2026042204018681,GLH,44,26,290,275.1,79779.0,2026-04-22,187574580,2924,Dynamic Money Managers Securities Pvt. Ltd.,Asian Securities Private Ltd.,2026-04-22 14:42:19.997423,GreenLife Hydropower Limited
2026042204018732,GLH,44,26,10,275.1,2751.0,2026-04-22,187575144,2924,Dynamic Money Managers Securities Pvt. Ltd.,Asian Securities Private Ltd.,2026-04-22 14:42:35.093502,GreenLife Hydropower Limited
2026042204018826,GLH,5,42,800,276.0,220800.0,2026-04-22,187575905,2924,Market Securities & Exchange (PVT) Ltd.,Sani Securities Company Ltd.,2026-04-22 14:42:58.846657,GreenLife Hydropower Limited
2026042204018827,GLH,5,49,10,276.0,2760.0,2026-04-22,187575907,2924,Market Securities & Exchange (PVT) Ltd.,Online Securities Pvt. Ltd.,2026-04-22 14:42:58.846997,GreenLife Hydropower Limited
2026042204018828,GLH,5,45,35,276.9,9691.5,2026-04-22,187575909,2924,Market Securities & Exchange (PVT) Ltd.,Imperial Securities Company Pvt. Ltd.,2026-04-22 14:42:58.847159,GreenLife Hydropower Limited
2026042204018922,GLH,5,52,500,280.0,140000.0,2026-04-22,187576991,2924,Market Securities & Exchange (PVT) Ltd.,Sundhara Securities Limited,2026-04-22 14:43:16.242111,GreenLife Hydropower Limited
2026042204018923,GLH,5,58,2500,280.0,700000.0,2026-04-22,187576994,2924,Market Securities & Exchange (PVT) Ltd.,Naasa Securities Co. Ltd.,2026-04-22 14:43:16.242405,GreenLife Hydropower Limited
2026042204018980,GLH,34,58,500,280.0,140000.0,2026-04-22,187577426,2924,Vision Securities Pvt. Ltd,Naasa Securities Co. Ltd.,2026-04-22 14:43:28.775250,GreenLife Hydropower Limited
2026042204019066,GLH,44,13,810,276.0,223560.0,2026-04-22,187578399,2924,Dynamic Money Managers Securities Pvt. Ltd.,Thrive Brokerage House Pvt. Ltd,2026-04-22 14:43:54.748299,GreenLife Hydropower Limited
2026042204019545,GLH,16,28,100,279.9,27990.0,2026-04-22,187583259,2924,Primo Securities (PVT) Ltd.,Shree Krishna Securities Ltd.,2026-04-22 14:45:42.510480,GreenLife Hydropower Limited
2026042204019546,GLH,16,38,400,279.9,111960.0,2026-04-22,187583262,2924,Primo Securities (PVT) Ltd.,Dipshikha Dhitopatra Karobar Co. Pvt Ltd.,2026-04-22 14:45:42.511107,GreenLife Hydropower Limited
2026042204019547,GLH,16,62,1000,279.9,279900.0,2026-04-22,187583265,2924,Primo Securities (PVT) Ltd.,Capital Max Securities Ltd,2026-04-22 14:45:42.511583,GreenLife Hydropower Limited
2026042204019681,GLH,49,58,1000,280.0,280000.0,2026-04-22,187584390,2924,Online Securities Pvt. Ltd.,Naasa Securities Co. Ltd.,2026-04-22 14:46:14.645307,GreenLife Hydropower Limited
2026042204019702,GLH,44,58,1000,280.0,280000.0,2026-04-22,187584523,2924,Dynamic Money Managers Securities Pvt. Ltd.,Naasa Securities Co. Ltd.,2026-04-22 14:46:18.510988,GreenLife Hydropower Limited
2026042204019703,GLH,44,38,40,280.0,11200.0,2026-04-22,187584525,2924,Dynamic Money Managers Securities Pvt. Ltd.,Dipshikha Dhitopatra Karobar Co. Pvt Ltd.,2026-04-22 14:46:18.511306,GreenLife Hydropower Limited
2026042204019704,GLH,44,11,100,280.0,28000.0,2026-04-22,187584527,2924,Dynamic Money Managers Securities Pvt. Ltd.,Malla & Malla Stock Broking Company Pvt. Limited,2026-04-22 14:46:18.511503,GreenLife Hydropower Limited
2026042204019705,GLH,44,56,100,280.0,28000.0,2026-04-22,187584529,2924,Dynamic Money Managers Securities Pvt. Ltd.,Sri Hari Securities Pvt. Ltd.,2026-04-22 14:46:18.511664,GreenLife Hydropower Limited
2026042204019722,GLH,44,45,50,280.0,14000.0,2026-04-22,187584701,2924,Dynamic Money Managers Securities Pvt. Ltd.,Imperial Securities Company Pvt. Ltd.,2026-04-22 14:46:22.043181,GreenLife Hydropower Limited
2026042204019782,GLH,44,49,500,280.0,140000.0,2026-04-22,187584997,2924,Dynamic Money Managers Securities Pvt. Ltd.,Online Securities Pvt. Ltd.,2026-04-22 14:46:31.845070,GreenLife Hydropower Limited
2026042204019797,GLH,44,13,210,280.0,58800.0,2026-04-22,187585230,2924,Dynamic Money Managers Securities Pvt. Ltd.,Thrive Brokerage House Pvt. Ltd,2026-04-22 14:46:35.843509,GreenLife Hydropower Limited
2026042204019858,GLH,16,53,50,279.9,13995.0,2026-04-22,187585655,2924,Primo Securities (PVT) Ltd.,Investment Management Nepal Pvt. Ltd.,2026-04-22 14:46:50.049103,GreenLife Hydropower Limited
2026042204019872,GLH,16,45,100,279.9,27990.0,2026-04-22,187585953,2924,Primo Securities (PVT) Ltd.,Imperial Securities Company Pvt. Ltd.,2026-04-22 14:46:55.277764,GreenLife Hydropower Limited
2026042204019931,GLH,16,34,350,279.9,97965.0,2026-04-22,187586414,2924,Primo Securities (PVT) Ltd.,Vision Securities Pvt. Ltd,2026-04-22 14:47:08.325905,GreenLife Hydropower Limited
2026042204020100,GLH,26,38,58,279.8,16228.4,2026-04-22,187587634,2924,Asian Securities Private Ltd.,Dipshikha Dhitopatra Karobar Co. Pvt Ltd.,2026-04-22 14:47:42.360265,GreenLife Hydropower Limited
2026042204020192,GLH,58,38,20,279.8,5596.0,2026-04-22,187589038,2924,Naasa Securities Co. Ltd.,Dipshikha Dhitopatra Karobar Co. Pvt Ltd.,2026-04-22 14:48:20.128825,GreenLife Hydropower Limited
2026042204020598,GLH,25,34,200,277.2,55440.0,2026-04-22,187591990,2924,Sweta Securities Private Limited,Vision Securities Pvt. Ltd,2026-04-22 14:49:51.057688,GreenLife Hydropower Limited
2026042204020599,GLH,58,34,80,277.1,22168.0,2026-04-22,187591992,2924,Naasa Securities Co. Ltd.,Vision Securities Pvt. Ltd,2026-04-22 14:49:51.058010,GreenLife Hydropower Limited
2026042204020600,GLH,69,34,800,277.0,221600.0,2026-04-22,187591993,2924,INDEX SECURITIES LIMITED,Vision Securities Pvt. Ltd,2026-04-22 14:49:51.058165,GreenLife Hydropower Limited
2026042204020786,GLH,13,34,100,277.2,27720.0,2026-04-22,187593298,2924,Thrive Brokerage House Pvt. Ltd,Vision Securities Pvt. Ltd,2026-04-22 14:50:41.430274,GreenLife Hydropower Limited
2026042204020787,GLH,69,34,100,277.0,27700.0,2026-04-22,187593299,2924,INDEX SECURITIES LIMITED,Vision Securities Pvt. Ltd,2026-04-22 14:50:41.430607,GreenLife Hydropower Limited
2026042204020860,GLH,5,10,30,277.2,8316.0,2026-04-22,187594375,2924,Market Securities & Exchange (PVT) Ltd.,Pragyan Securities (PVT) Ltd.,2026-04-22 14:51:09.439373,GreenLife Hydropower Limited
2026042204021080,GLH,50,1,500,279.0,139500.0,2026-04-22,187596170,2924,Cristal Kanchanjanga Securites Pvt. Ltd.,Kumari Securities Private Limited,2026-04-22 14:52:13.609633,GreenLife Hydropower Limited
2026042204021107,GLH,45,58,500,279.0,139500.0,2026-04-22,187596336,2924,Imperial Securities Company Pvt. Ltd.,Naasa Securities Co. Ltd.,2026-04-22 14:52:20.224309,GreenLife Hydropower Limited
2026042204021174,GLH,49,58,40,279.0,11160.0,2026-04-22,187596672,2924,Online Securities Pvt. Ltd.,Naasa Securities Co. Ltd.,2026-04-22 14:52:34.819928,GreenLife Hydropower Limited
2026042204021196,GLH,21,32,10,277.3,2773.0,2026-04-22,187596931,2924,Midas Stock Broking Company Private Limited,Premier Securities Company Ltd.,2026-04-22 14:52:42.082903,GreenLife Hydropower Limited
2026042204021217,GLH,44,11,200,278.0,55600.0,2026-04-22,187597111,2924,Dynamic Money Managers Securities Pvt. Ltd.,Malla & Malla Stock Broking Company Pvt. Limited,2026-04-22 14:52:47.485658,GreenLife Hydropower Limited
2026042204021218,GLH,44,58,300,279.0,83700.0,2026-04-22,187597114,2924,Dynamic Money Managers Securities Pvt. Ltd.,Naasa Securities Co. Ltd.,2026-04-22 14:52:47.486021,GreenLife Hydropower Limited
2026042204021287,GLH,44,58,60,279.0,16740.0,2026-04-22,187597705,2924,Dynamic Money Managers Securities Pvt. Ltd.,Naasa Securities Co. Ltd.,2026-04-22 14:53:08.630345,GreenLife Hydropower Limited
2026042204021288,GLH,44,3,100,279.0,27900.0,2026-04-22,187597708,2924,Dynamic Money Managers Securities Pvt. Ltd.,Arun Securities (PVT) Ltd.,2026-04-22 14:53:08.631038,GreenLife Hydropower Limited
2026042204021337,GLH,84,62,200,277.5,55500.0,2026-04-22,187598008,2924,MILKY WAY SHARE BROKER COMPANY LTD ,Capital Max Securities Ltd,2026-04-22 14:53:21.030236,GreenLife Hydropower Limited
2026042204021338,GLH,21,62,96,277.3,26620.8,2026-04-22,187598010,2924,Midas Stock Broking Company Private Limited,Capital Max Securities Ltd,2026-04-22 14:53:21.030937,GreenLife Hydropower Limited
2026042204021339,GLH,5,62,44,277.2,12196.8,2026-04-22,187598011,2924,Market Securities & Exchange (PVT) Ltd.,Capital Max Securities Ltd,2026-04-22 14:53:21.031419,GreenLife Hydropower Limited
2026042204021520,GLH,69,45,10,277.0,2770.0,2026-04-22,187599531,2924,INDEX SECURITIES LIMITED,Imperial Securities Company Pvt. Ltd.,2026-04-22 14:54:19.794688,GreenLife Hydropower Limited
2026042204021676,GLH,34,62,400,279.0,111600.0,2026-04-22,187600589,2924,Vision Securities Pvt. Ltd,Capital Max Securities Ltd,2026-04-22 14:54:55.964961,GreenLife Hydropower Limited
2026042204021677,GLH,34,34,200,279.8,55960.0,2026-04-22,187600591,2924,Vision Securities Pvt. Ltd,Vision Securities Pvt. Ltd,2026-04-22 14:54:55.965283,GreenLife Hydropower Limited
2026042204021678,GLH,34,38,212,279.9,59338.8,2026-04-22,187600593,2924,Vision Securities Pvt. Ltd,Dipshikha Dhitopatra Karobar Co. Pvt Ltd.,2026-04-22 14:54:55.965455,GreenLife Hydropower Limited
2026042204021679,GLH,34,6,100,279.9,27990.0,2026-04-22,187600595,2924,Vision Securities Pvt. Ltd,Agrawal Securities (PVT) Ltd.,2026-04-22 14:54:55.965608,GreenLife Hydropower Limited
2026042204021680,GLH,34,41,500,280.0,140000.0,2026-04-22,187600597,2924,Vision Securities Pvt. Ltd,Linch Stock Market Ltd.,2026-04-22 14:54:55.965764,GreenLife Hydropower Limited
2026042204021681,GLH,34,48,500,280.0,140000.0,2026-04-22,187600599,2924,Vision Securities Pvt. Ltd,Trishakti Securities Public Limited,2026-04-22 14:54:55.965916,GreenLife Hydropower Limited
2026042204021682,GLH,34,58,200,280.0,56000.0,2026-04-22,187600601,2924,Vision Securities Pvt. Ltd,Naasa Securities Co. Ltd.,2026-04-22 14:54:55.966061,GreenLife Hydropower Limited
2026042204021683,GLH,34,57,300,280.0,84000.0,2026-04-22,187600603,2924,Vision Securities Pvt. Ltd,Aryatara Investment & Securities,2026-04-22 14:54:55.966205,GreenLife Hydropower Limited
2026042204021684,GLH,34,33,588,280.0,164640.0,2026-04-22,187600606,2924,Vision Securities Pvt. Ltd,Dakshinkali Investment & Securities Pvt. Ltd.,2026-04-22 14:54:55.966361,GreenLife Hydropower Limited
2026042204021688,GLH,45,65,300,277.4,83220.0,2026-04-22,187600651,2924,Imperial Securities Company Pvt. Ltd.,Sharepro Securities Private Limited,2026-04-22 14:54:58.669893,GreenLife Hydropower Limited
2026042204022071,GLH,69,62,50,277.0,13850.0,2026-04-22,187602817,2924,INDEX SECURITIES LIMITED,Capital Max Securities Ltd,2026-04-22 14:55:51.491542,GreenLife Hydropower Limited
2026042204022123,GLH,69,74,40,277.0,11080.0,2026-04-22,187603226,2924,INDEX SECURITIES LIMITED,KALASH STOCK MARKET PVT. LTD.,2026-04-22 14:56:02.708412,GreenLife Hydropower Limited
2026042204022124,GLH,45,74,200,277.0,55400.0,2026-04-22,187603228,2924,Imperial Securities Company Pvt. Ltd.,KALASH STOCK MARKET PVT. LTD.,2026-04-22 14:56:02.708454,GreenLife Hydropower Limited
2026042204022125,GLH,44,74,100,277.0,27700.0,2026-04-22,187603230,2924,Dynamic Money Managers Securities Pvt. Ltd.,KALASH STOCK MARKET PVT. LTD.,2026-04-22 14:56:02.708497,GreenLife Hydropower Limited
2026042204022126,GLH,21,74,78,275.0,21450.0,2026-04-22,187603232,2924,Midas Stock Broking Company Private Limited,KALASH STOCK MARKET PVT. LTD.,2026-04-22 14:56:02.708529,GreenLife Hydropower Limited
2026042204022127,GLH,33,74,200,275.0,55000.0,2026-04-22,187603234,2924,Dakshinkali Investment & Securities Pvt. Ltd.,KALASH STOCK MARKET PVT. LTD.,2026-04-22 14:56:02.708562,GreenLife Hydropower Limited
2026042204022128,GLH,36,74,200,274.1,54820.0,2026-04-22,187603236,2924,Secured Securities Ltd.,KALASH STOCK MARKET PVT. LTD.,2026-04-22 14:56:02.708586,GreenLife Hydropower Limited
2026042204022129,GLH,40,74,182,274.0,49868.0,2026-04-22,187603237,2924,Creative Securities Pvt Ltd,KALASH STOCK MARKET PVT. LTD.,2026-04-22 14:56:02.708613,GreenLife Hydropower Limited
2026042204022276,GLH,40,34,50,274.0,13700.0,2026-04-22,187604409,2924,Creative Securities Pvt Ltd,Vision Securities Pvt. Ltd,2026-04-22 14:56:31.267708,GreenLife Hydropower Limited
2026042204022362,GLH,38,62,1,266.0,266.0,2026-04-22,187605017,2924,Dipshikha Dhitopatra Karobar Co. Pvt Ltd.,Capital Max Securities Ltd,2026-04-22 14:56:48.933691,GreenLife Hydropower Limited
2026042204022448,GLH,38,6,1,267.0,267.0,2026-04-22,187605609,2924,Dipshikha Dhitopatra Karobar Co. Pvt Ltd.,Agrawal Securities (PVT) Ltd.,2026-04-22 14:57:03.447627,GreenLife Hydropower Limited
2026042204022471,GLH,45,34,10,274.0,2740.0,2026-04-22,187605827,2924,Imperial Securities Company Pvt. Ltd.,Vision Securities Pvt. Ltd,2026-04-22 14:57:08.907118,GreenLife Hydropower Limited
2026042204022488,GLH,45,45,10,274.0,2740.0,2026-04-22,187605927,2924,Imperial Securities Company Pvt. Ltd.,Imperial Securities Company Pvt. Ltd.,2026-04-22 14:57:11.470088,GreenLife Hydropower Limited
2026042204022503,GLH,38,58,9,267.0,2403.0,2026-04-22,187606079,2924,Dipshikha Dhitopatra Karobar Co. Pvt Ltd.,Naasa Securities Co. Ltd.,2026-04-22 14:57:14.695655,GreenLife Hydropower Limited
2026042204022636,GLH,45,5,200,274.0,54800.0,2026-04-22,187607419,2924,Imperial Securities Company Pvt. Ltd.,Market Securities & Exchange (PVT) Ltd.,2026-04-22 14:57:41.398990,GreenLife Hydropower Limited
2026042204022865,GLH,45,57,280,274.0,76720.0,2026-04-22,187609124,2924,Imperial Securities Company Pvt. Ltd.,Aryatara Investment & Securities,2026-04-22 14:58:18.392619,GreenLife Hydropower Limited
2026042204022891,GLH,44,33,290,273.0,79170.0,2026-04-22,187609330,2924,Dynamic Money Managers Securities Pvt. Ltd.,Dakshinkali Investment & Securities Pvt. Ltd.,2026-04-22 14:58:22.510337,GreenLife Hydropower Limited
2026042204022892,GLH,54,33,922,273.0,251706.0,2026-04-22,187609331,2924,Sewa Securities Pvt. Ltd.,Dakshinkali Investment & Securities Pvt. Ltd.,2026-04-22 14:58:22.510978,GreenLife Hydropower Limited
2026042204023269,GLH,52,57,100,274.0,27400.0,2026-04-22,187612468,2924,Sundhara Securities Limited,Aryatara Investment & Securities,2026-04-22 14:59:32.093284,GreenLife Hydropower Limited
2026042204023409,GLH,54,57,620,274.0,169880.0,2026-04-22,187613619,2924,Sewa Securities Pvt. Ltd.,Aryatara Investment & Securities,2026-04-22 14:59:51.165828,GreenLife Hydropower Limited
2026042204023479,GLH,54,21,2000,274.0,548000.0,2026-04-22,187614027,2924,Sewa Securities Pvt. Ltd.,Midas Stock Broking Company Private Limited,2026-04-22 14:59:56.385472,GreenLife Hydropower Limited
2026042204023497,GLH,13,39,10,277.0,2770.0,2026-04-22,187614190,2924,Thrive Brokerage House Pvt. Ltd,Sumeru Securities Pvt. Ltd.,2026-04-22 14:59:57.770243,GreenLife Hydropower Limited
2026042204023536,GLH,54,38,100,274.0,27400.0,2026-04-22,187614578,2924,Sewa Securities Pvt. Ltd.,Dipshikha Dhitopatra Karobar Co. Pvt Ltd.,2026-04-22 14:59:58.559533,GreenLife Hydropower Limited
