contract_id,symbol,buyer_member_id,seller_member_id,volume,price,amount,buyer_broker,seller_broker,transaction_time
2026042201000117,HBL,56,51,10,208.8,2088.0,Sri Hari Securities Pvt. Ltd.,Oxford Securities Pvt. Ltd.,2026-04-22 11:00:39.789242
2026042201000290,HBL,56,32,10,208.8,2088.0,Sri Hari Securities Pvt. Ltd.,Premier Securities Company Ltd.,2026-04-22 11:01:26.754445
2026042201000293,HBL,56,58,10,208.8,2088.0,Sri Hari Securities Pvt. Ltd.,Naasa Securities Co. Ltd.,2026-04-22 11:01:29.223986
2026042201000314,HBL,56,58,10,208.8,2088.0,Sri Hari Securities Pvt. Ltd.,Naasa Securities Co. Ltd.,2026-04-22 11:01:35.209300
2026042201000324,HBL,56,4,10,208.8,2088.0,Sri Hari Securities Pvt. Ltd.,Opal Securities Investment (PVT) Ltd.,2026-04-22 11:01:39.717840
2026042201000334,HBL,56,45,10,208.8,2088.0,Sri Hari Securities Pvt. Ltd.,Imperial Securities Company Pvt. Ltd.,2026-04-22 11:01:44.289569
2026042201000534,HBL,56,42,10,208.8,2088.0,Sri Hari Securities Pvt. Ltd.,Sani Securities Company Ltd.,2026-04-22 11:02:35.617878
2026042201000547,HBL,56,49,10,208.8,2088.0,Sri Hari Securities Pvt. Ltd.,Online Securities Pvt. Ltd.,2026-04-22 11:02:39.824920
2026042201000716,HBL,56,58,10,208.8,2088.0,Sri Hari Securities Pvt. Ltd.,Naasa Securities Co. Ltd.,2026-04-22 11:03:17.937868
2026042201000833,HBL,56,47,10,208.8,2088.0,Sri Hari Securities Pvt. Ltd.,Neev Securities Pvt. Ltd.,2026-04-22 11:03:47.665425
2026042201000883,HBL,56,32,10,208.8,2088.0,Sri Hari Securities Pvt. Ltd.,Premier Securities Company Ltd.,2026-04-22 11:04:00.388499
2026042201000953,HBL,11,42,10,209.0,2090.0,Malla & Malla Stock Broking Company Pvt. Limited,Sani Securities Company Ltd.,2026-04-22 11:04:19.871313
2026042201001050,HBL,56,35,120,208.8,25056.0,Sri Hari Securities Pvt. Ltd.,Kohinoor Investment & Securities Pvt. Ltd.,2026-04-22 11:04:45.001499
2026042201001051,HBL,53,35,180,208.8,37584.0,Investment Management Nepal Pvt. Ltd.,Kohinoor Investment & Securities Pvt. Ltd.,2026-04-22 11:04:45.001565
2026042201001134,HBL,53,4,10,208.8,2088.0,Investment Management Nepal Pvt. Ltd.,Opal Securities Investment (PVT) Ltd.,2026-04-22 11:05:14.708607
2026042201001165,HBL,53,51,10,208.8,2088.0,Investment Management Nepal Pvt. Ltd.,Oxford Securities Pvt. Ltd.,2026-04-22 11:05:16.748512
2026042201001198,HBL,53,57,10,208.8,2088.0,Investment Management Nepal Pvt. Ltd.,Aryatara Investment & Securities,2026-04-22 11:05:29.806655
2026042201001209,HBL,53,56,10,208.8,2088.0,Investment Management Nepal Pvt. Ltd.,Sri Hari Securities Pvt. Ltd.,2026-04-22 11:05:32.831592
2026042201001277,HBL,53,58,10,208.8,2088.0,Investment Management Nepal Pvt. Ltd.,Naasa Securities Co. Ltd.,2026-04-22 11:05:47.184492
2026042201001299,HBL,53,58,10,208.8,2088.0,Investment Management Nepal Pvt. Ltd.,Naasa Securities Co. Ltd.,2026-04-22 11:05:52.553433
2026042201001300,HBL,53,21,10,208.8,2088.0,Investment Management Nepal Pvt. Ltd.,Midas Stock Broking Company Private Limited,2026-04-22 11:05:52.731866
2026042201001432,HBL,53,54,12,208.8,2505.6,Investment Management Nepal Pvt. Ltd.,Sewa Securities Pvt. Ltd.,2026-04-22 11:06:15.412632
2026042201001433,HBL,56,54,20,208.8,4176.0,Sri Hari Securities Pvt. Ltd.,Sewa Securities Pvt. Ltd.,2026-04-22 11:06:15.412719
2026042201001434,HBL,58,54,40,208.0,8320.0,Naasa Securities Co. Ltd.,Sewa Securities Pvt. Ltd.,2026-04-22 11:06:15.412785
2026042201001435,HBL,58,54,22,208.0,4576.0,Naasa Securities Co. Ltd.,Sewa Securities Pvt. Ltd.,2026-04-22 11:06:15.412829
2026042201001573,HBL,57,35,100,207.5,20750.0,Aryatara Investment & Securities,Kohinoor Investment & Securities Pvt. Ltd.,2026-04-22 11:06:51.210521
2026042201001574,HBL,43,35,100,207.0,20700.0,South Asian Bulls Pvt. Ltd.,Kohinoor Investment & Securities Pvt. Ltd.,2026-04-22 11:06:51.210624
2026042201001609,HBL,43,49,300,207.0,62100.0,South Asian Bulls Pvt. Ltd.,Online Securities Pvt. Ltd.,2026-04-22 11:07:00.661862
2026042201001610,HBL,53,49,10,207.0,2070.0,Investment Management Nepal Pvt. Ltd.,Online Securities Pvt. Ltd.,2026-04-22 11:07:00.661960
2026042201001807,HBL,35,41,10,206.0,2060.0,Kohinoor Investment & Securities Pvt. Ltd.,Linch Stock Market Ltd.,2026-04-22 11:07:40.227375
2026042201001845,HBL,51,1,10,205.0,2050.0,Oxford Securities Pvt. Ltd.,Kumari Securities Private Limited,2026-04-22 11:07:48.835711
2026042201001883,HBL,6,58,10,206.0,2060.0,Agrawal Securities (PVT) Ltd.,Naasa Securities Co. Ltd.,2026-04-22 11:07:57.344718
2026042201001884,HBL,6,58,10,206.0,2060.0,Agrawal Securities (PVT) Ltd.,Naasa Securities Co. Ltd.,2026-04-22 11:07:57.344928
2026042201001885,HBL,6,58,37,206.0,7622.0,Agrawal Securities (PVT) Ltd.,Naasa Securities Co. Ltd.,2026-04-22 11:07:57.345088
2026042201001888,HBL,6,58,10,206.0,2060.0,Agrawal Securities (PVT) Ltd.,Naasa Securities Co. Ltd.,2026-04-22 11:07:57.674959
2026042201001903,HBL,6,91,10,206.0,2060.0,Agrawal Securities (PVT) Ltd.,Citizens Share Broker Limited,2026-04-22 11:08:00.147745
2026042201001929,HBL,6,50,10,206.0,2060.0,Agrawal Securities (PVT) Ltd.,Cristal Kanchanjanga Securites Pvt. Ltd.,2026-04-22 11:08:06.977288
2026042201001931,HBL,6,68,13,206.0,2678.0,Agrawal Securities (PVT) Ltd.,Elite Stock House Limited,2026-04-22 11:08:07.804002
2026042201001992,HBL,41,58,100,205.0,20500.0,Linch Stock Market Ltd.,Naasa Securities Co. Ltd.,2026-04-22 11:08:15.148400
2026042201001993,HBL,41,58,320,205.0,65600.0,Linch Stock Market Ltd.,Naasa Securities Co. Ltd.,2026-04-22 11:08:15.148583
2026042201002044,HBL,17,58,160,204.7,32752.0,ABC Securities Private Limited,Naasa Securities Co. Ltd.,2026-04-22 11:08:23.043834
2026042201002102,HBL,11,46,10,205.0,2050.0,Malla & Malla Stock Broking Company Pvt. Limited,Kalika Securities Pvt. Ltd.,2026-04-22 11:08:31.899145
2026042201002164,HBL,75,37,10,206.5,2065.0,N.I.M.B. Stock Markets Limited,Swarna Laxmi Securities Pvt. Ltd.,2026-04-22 11:08:39.831454
2026042201002165,HBL,75,49,190,207.0,39330.0,N.I.M.B. Stock Markets Limited,Online Securities Pvt. Ltd.,2026-04-22 11:08:39.831547
2026042201002166,HBL,75,58,800,207.0,165600.0,N.I.M.B. Stock Markets Limited,Naasa Securities Co. Ltd.,2026-04-22 11:08:39.831599
2026042201002241,HBL,42,58,10,207.0,2070.0,Sani Securities Company Ltd.,Naasa Securities Co. Ltd.,2026-04-22 11:08:46.497693
2026042201002272,HBL,17,46,83,204.7,16990.1,ABC Securities Private Limited,Kalika Securities Pvt. Ltd.,2026-04-22 11:08:52.699196
2026042201002313,HBL,17,58,10,204.7,2047.0,ABC Securities Private Limited,Naasa Securities Co. Ltd.,2026-04-22 11:08:58.946190
2026042201002426,HBL,11,58,10,205.0,2050.0,Malla & Malla Stock Broking Company Pvt. Limited,Naasa Securities Co. Ltd.,2026-04-22 11:09:20.403786
2026042201002468,HBL,26,57,10,205.0,2050.0,Asian Securities Private Ltd.,Aryatara Investment & Securities,2026-04-22 11:09:26.199865
2026042201002650,HBL,11,51,10,205.0,2050.0,Malla & Malla Stock Broking Company Pvt. Limited,Oxford Securities Pvt. Ltd.,2026-04-22 11:09:47.914177
2026042201002725,HBL,75,58,10,205.0,2050.0,N.I.M.B. Stock Markets Limited,Naasa Securities Co. Ltd.,2026-04-22 11:10:03.628328
2026042201002726,HBL,75,58,990,205.0,202950.0,N.I.M.B. Stock Markets Limited,Naasa Securities Co. Ltd.,2026-04-22 11:10:03.628508
2026042201002732,HBL,17,42,10,204.7,2047.0,ABC Securities Private Limited,Sani Securities Company Ltd.,2026-04-22 11:10:04.469926
2026042201002814,HBL,17,7,10,204.7,2047.0,ABC Securities Private Limited,J.F. Securites (PVT) Ltd.,2026-04-22 11:10:20.658813
2026042201002842,HBL,17,48,10,204.7,2047.0,ABC Securities Private Limited,Trishakti Securities Public Limited,2026-04-22 11:10:25.736345
2026042201002846,HBL,42,58,10,205.0,2050.0,Sani Securities Company Ltd.,Naasa Securities Co. Ltd.,2026-04-22 11:10:26.021559
2026042201002865,HBL,13,35,10,204.8,2048.0,Thrive Brokerage House Pvt. Ltd,Kohinoor Investment & Securities Pvt. Ltd.,2026-04-22 11:10:33.028554
2026042201002932,HBL,13,63,490,204.8,100352.0,Thrive Brokerage House Pvt. Ltd,Himalayan Brokerage Company Limited,2026-04-22 11:10:45.068147
2026042201002933,HBL,17,63,10,204.7,2047.0,ABC Securities Private Limited,Himalayan Brokerage Company Limited,2026-04-22 11:10:45.068273
2026042201002954,HBL,17,58,10,204.7,2047.0,ABC Securities Private Limited,Naasa Securities Co. Ltd.,2026-04-22 11:10:49.054363
2026042201003006,HBL,11,58,60,205.0,12300.0,Malla & Malla Stock Broking Company Pvt. Limited,Naasa Securities Co. Ltd.,2026-04-22 11:10:56.445618
2026042201003144,HBL,17,58,10,204.7,2047.0,ABC Securities Private Limited,Naasa Securities Co. Ltd.,2026-04-22 11:11:19.010296
2026042201003146,HBL,17,63,187,204.7,38278.9,ABC Securities Private Limited,Himalayan Brokerage Company Limited,2026-04-22 11:11:19.733638
2026042201003147,HBL,34,63,100,204.7,20470.0,Vision Securities Pvt. Ltd,Himalayan Brokerage Company Limited,2026-04-22 11:11:19.733753
2026042201003148,HBL,50,63,500,204.7,102350.0,Cristal Kanchanjanga Securites Pvt. Ltd.,Himalayan Brokerage Company Limited,2026-04-22 11:11:19.733817
2026042201003301,HBL,42,63,13,204.7,2661.1,Sani Securities Company Ltd.,Himalayan Brokerage Company Limited,2026-04-22 11:11:50.635979
2026042201003302,HBL,42,4,10,204.7,2047.0,Sani Securities Company Ltd.,Opal Securities Investment (PVT) Ltd.,2026-04-22 11:11:50.636117
2026042201003319,HBL,42,22,10,204.7,2047.0,Sani Securities Company Ltd.,Siprabi Securities Pvt. Ltd.,2026-04-22 11:11:53.658934
2026042201003350,HBL,38,58,50,205.0,10250.0,Dipshikha Dhitopatra Karobar Co. Pvt Ltd.,Naasa Securities Co. Ltd.,2026-04-22 11:11:56.698283
2026042201003415,HBL,42,58,10,204.7,2047.0,Sani Securities Company Ltd.,Naasa Securities Co. Ltd.,2026-04-22 11:12:01.024099
2026042201003619,HBL,42,4,10,204.7,2047.0,Sani Securities Company Ltd.,Opal Securities Investment (PVT) Ltd.,2026-04-22 11:12:18.857113
2026042201003658,HBL,1,32,10,204.8,2048.0,Kumari Securities Private Limited,Premier Securities Company Ltd.,2026-04-22 11:12:27.016861
2026042201003660,HBL,42,58,10,204.7,2047.0,Sani Securities Company Ltd.,Naasa Securities Co. Ltd.,2026-04-22 11:12:27.029826
2026042201003778,HBL,42,57,10,204.7,2047.0,Sani Securities Company Ltd.,Aryatara Investment & Securities,2026-04-22 11:12:42.037991
2026042201003814,HBL,42,48,10,204.7,2047.0,Sani Securities Company Ltd.,Trishakti Securities Public Limited,2026-04-22 11:12:49.183913
2026042201003872,HBL,42,58,10,204.7,2047.0,Sani Securities Company Ltd.,Naasa Securities Co. Ltd.,2026-04-22 11:12:56.560332
2026042201003940,HBL,42,58,10,205.0,2050.0,Sani Securities Company Ltd.,Naasa Securities Co. Ltd.,2026-04-22 11:13:02.253382
2026042201003974,HBL,3,36,10,204.8,2048.0,Arun Securities (PVT) Ltd.,Secured Securities Ltd.,2026-04-22 11:13:07.848646
2026042201003977,HBL,49,58,80,205.0,16400.0,Online Securities Pvt. Ltd.,Naasa Securities Co. Ltd.,2026-04-22 11:13:08.239599
2026042201004061,HBL,42,58,100,205.0,20500.0,Sani Securities Company Ltd.,Naasa Securities Co. Ltd.,2026-04-22 11:13:21.949064
2026042201004084,HBL,3,11,10,204.8,2048.0,Arun Securities (PVT) Ltd.,Malla & Malla Stock Broking Company Pvt. Limited,2026-04-22 11:13:25.687010
2026042201004087,HBL,25,58,190,205.0,38950.0,Sweta Securities Private Limited,Naasa Securities Co. Ltd.,2026-04-22 11:13:27.635196
2026042201004088,HBL,25,49,10,205.0,2050.0,Sweta Securities Private Limited,Online Securities Pvt. Ltd.,2026-04-22 11:13:27.635323
2026042201004139,HBL,3,34,10,204.8,2048.0,Arun Securities (PVT) Ltd.,Vision Securities Pvt. Ltd,2026-04-22 11:13:37.601889
2026042201004199,HBL,3,35,10,204.8,2048.0,Arun Securities (PVT) Ltd.,Kohinoor Investment & Securities Pvt. Ltd.,2026-04-22 11:13:44.149569
2026042201004245,HBL,58,51,10,205.0,2050.0,Naasa Securities Co. Ltd.,Oxford Securities Pvt. Ltd.,2026-04-22 11:13:50.782450
2026042201004246,HBL,58,57,10,205.0,2050.0,Naasa Securities Co. Ltd.,Aryatara Investment & Securities,2026-04-22 11:13:50.782618
2026042201004247,HBL,58,46,70,205.0,14350.0,Naasa Securities Co. Ltd.,Kalika Securities Pvt. Ltd.,2026-04-22 11:13:50.782687
2026042201004248,HBL,58,54,10,205.0,2050.0,Naasa Securities Co. Ltd.,Sewa Securities Pvt. Ltd.,2026-04-22 11:13:50.782748
2026042201004280,HBL,58,54,390,205.0,79950.0,Naasa Securities Co. Ltd.,Sewa Securities Pvt. Ltd.,2026-04-22 11:13:54.481804
2026042201004281,HBL,58,58,10,205.0,2050.0,Naasa Securities Co. Ltd.,Naasa Securities Co. Ltd.,2026-04-22 11:13:54.481966
2026042201004400,HBL,58,35,10,205.0,2050.0,Naasa Securities Co. Ltd.,Kohinoor Investment & Securities Pvt. Ltd.,2026-04-22 11:14:12.524056
2026042201004540,HBL,58,52,10,205.0,2050.0,Naasa Securities Co. Ltd.,Sundhara Securities Limited,2026-04-22 11:14:42.251423
2026042201004611,HBL,58,38,10,205.0,2050.0,Naasa Securities Co. Ltd.,Dipshikha Dhitopatra Karobar Co. Pvt Ltd.,2026-04-22 11:14:46.194242
2026042201004638,HBL,58,58,10,205.0,2050.0,Naasa Securities Co. Ltd.,Naasa Securities Co. Ltd.,2026-04-22 11:14:49.912703
2026042201004674,HBL,58,49,10,205.0,2050.0,Naasa Securities Co. Ltd.,Online Securities Pvt. Ltd.,2026-04-22 11:14:56.864394
2026042201004841,HBL,57,16,10,205.1,2051.0,Aryatara Investment & Securities,Primo Securities (PVT) Ltd.,2026-04-22 11:15:20.266602
2026042201004998,HBL,11,22,10,206.0,2060.0,Malla & Malla Stock Broking Company Pvt. Limited,Siprabi Securities Pvt. Ltd.,2026-04-22 11:15:38.697660
2026042201004999,HBL,11,49,190,206.0,39140.0,Malla & Malla Stock Broking Company Pvt. Limited,Online Securities Pvt. Ltd.,2026-04-22 11:15:38.697808
2026042201005012,HBL,57,11,10,205.1,2051.0,Aryatara Investment & Securities,Malla & Malla Stock Broking Company Pvt. Limited,2026-04-22 11:15:41.908574
2026042201005035,HBL,58,49,31,206.0,6386.0,Naasa Securities Co. Ltd.,Online Securities Pvt. Ltd.,2026-04-22 11:15:45.469393
2026042201005092,HBL,57,35,10,205.1,2051.0,Aryatara Investment & Securities,Kohinoor Investment & Securities Pvt. Ltd.,2026-04-22 11:15:48.090150
2026042201005175,HBL,57,42,10,205.1,2051.0,Aryatara Investment & Securities,Sani Securities Company Ltd.,2026-04-22 11:16:00.840771
2026042201005252,HBL,57,6,10,205.1,2051.0,Aryatara Investment & Securities,Agrawal Securities (PVT) Ltd.,2026-04-22 11:16:07.902718
2026042201005300,HBL,57,42,10,205.1,2051.0,Aryatara Investment & Securities,Sani Securities Company Ltd.,2026-04-22 11:16:16.265513
2026042201005414,HBL,45,45,10,205.2,2052.0,Imperial Securities Company Pvt. Ltd.,Imperial Securities Company Pvt. Ltd.,2026-04-22 11:16:34.993012
2026042201005438,HBL,45,52,10,205.2,2052.0,Imperial Securities Company Pvt. Ltd.,Sundhara Securities Limited,2026-04-22 11:16:39.738266
2026042201005463,HBL,45,49,10,205.2,2052.0,Imperial Securities Company Pvt. Ltd.,Online Securities Pvt. Ltd.,2026-04-22 11:16:42.693923
2026042201005510,HBL,45,48,10,205.2,2052.0,Imperial Securities Company Pvt. Ltd.,Trishakti Securities Public Limited,2026-04-22 11:16:48.473433
2026042201005525,HBL,45,21,10,205.2,2052.0,Imperial Securities Company Pvt. Ltd.,Midas Stock Broking Company Private Limited,2026-04-22 11:16:49.269776
2026042201005541,HBL,45,4,10,205.2,2052.0,Imperial Securities Company Pvt. Ltd.,Opal Securities Investment (PVT) Ltd.,2026-04-22 11:16:51.705310
2026042201005548,HBL,45,7,10,205.2,2052.0,Imperial Securities Company Pvt. Ltd.,J.F. Securites (PVT) Ltd.,2026-04-22 11:16:52.856908
2026042201005583,HBL,45,59,10,205.2,2052.0,Imperial Securities Company Pvt. Ltd.,Deevyaa Securities & Stock House Pvt. Ltd,2026-04-22 11:16:57.613435
2026042201005596,HBL,45,56,10,205.2,2052.0,Imperial Securities Company Pvt. Ltd.,Sri Hari Securities Pvt. Ltd.,2026-04-22 11:16:58.826503
2026042201005727,HBL,58,59,10,206.0,2060.0,Naasa Securities Co. Ltd.,Deevyaa Securities & Stock House Pvt. Ltd,2026-04-22 11:17:13.333865
2026042201005728,HBL,58,46,10,206.0,2060.0,Naasa Securities Co. Ltd.,Kalika Securities Pvt. Ltd.,2026-04-22 11:17:13.334188
2026042201005729,HBL,58,44,10,206.0,2060.0,Naasa Securities Co. Ltd.,Dynamic Money Managers Securities Pvt. Ltd.,2026-04-22 11:17:13.334413
2026042201005730,HBL,58,41,10,206.0,2060.0,Naasa Securities Co. Ltd.,Linch Stock Market Ltd.,2026-04-22 11:17:13.334621
2026042201005731,HBL,45,49,10,205.2,2052.0,Imperial Securities Company Pvt. Ltd.,Online Securities Pvt. Ltd.,2026-04-22 11:17:13.611595
2026042201005792,HBL,45,58,10,205.2,2052.0,Imperial Securities Company Pvt. Ltd.,Naasa Securities Co. Ltd.,2026-04-22 11:17:21.745241
2026042201005805,HBL,45,42,10,205.2,2052.0,Imperial Securities Company Pvt. Ltd.,Sani Securities Company Ltd.,2026-04-22 11:17:23.249936
2026042201005847,HBL,45,58,10,205.2,2052.0,Imperial Securities Company Pvt. Ltd.,Naasa Securities Co. Ltd.,2026-04-22 11:17:26.970745
2026042201005864,HBL,45,58,10,205.2,2052.0,Imperial Securities Company Pvt. Ltd.,Naasa Securities Co. Ltd.,2026-04-22 11:17:32.909434
2026042201005865,HBL,45,57,10,205.2,2052.0,Imperial Securities Company Pvt. Ltd.,Aryatara Investment & Securities,2026-04-22 11:17:33.130359
2026042201006003,HBL,51,58,10,205.3,2053.0,Oxford Securities Pvt. Ltd.,Naasa Securities Co. Ltd.,2026-04-22 11:17:53.417584
2026042201006013,HBL,51,58,10,205.3,2053.0,Oxford Securities Pvt. Ltd.,Naasa Securities Co. Ltd.,2026-04-22 11:17:54.506068
2026042201006016,HBL,51,49,10,205.3,2053.0,Oxford Securities Pvt. Ltd.,Online Securities Pvt. Ltd.,2026-04-22 11:17:55.689230
2026042201006057,HBL,3,58,10,206.0,2060.0,Arun Securities (PVT) Ltd.,Naasa Securities Co. Ltd.,2026-04-22 11:18:00.474576
2026042201006058,HBL,3,58,10,206.0,2060.0,Arun Securities (PVT) Ltd.,Naasa Securities Co. Ltd.,2026-04-22 11:18:00.474724
2026042201006059,HBL,3,50,10,206.0,2060.0,Arun Securities (PVT) Ltd.,Cristal Kanchanjanga Securites Pvt. Ltd.,2026-04-22 11:18:00.474794
2026042201006060,HBL,3,49,10,206.9,2069.0,Arun Securities (PVT) Ltd.,Online Securities Pvt. Ltd.,2026-04-22 11:18:00.474868
2026042201006061,HBL,3,58,2740,207.0,567180.0,Arun Securities (PVT) Ltd.,Naasa Securities Co. Ltd.,2026-04-22 11:18:00.474939
2026042201006062,HBL,3,45,10,207.0,2070.0,Arun Securities (PVT) Ltd.,Imperial Securities Company Pvt. Ltd.,2026-04-22 11:18:00.475009
2026042201006063,HBL,3,46,2573,207.0,532611.0,Arun Securities (PVT) Ltd.,Kalika Securities Pvt. Ltd.,2026-04-22 11:18:00.475098
2026042201006072,HBL,51,58,10,205.3,2053.0,Oxford Securities Pvt. Ltd.,Naasa Securities Co. Ltd.,2026-04-22 11:18:03.679542
2026042201006167,HBL,58,58,10,206.0,2060.0,Naasa Securities Co. Ltd.,Naasa Securities Co. Ltd.,2026-04-22 11:18:16.870128
2026042201006202,HBL,51,36,10,205.3,2053.0,Oxford Securities Pvt. Ltd.,Secured Securities Ltd.,2026-04-22 11:18:21.688099
2026042201006223,HBL,51,13,50,205.3,10265.0,Oxford Securities Pvt. Ltd.,Thrive Brokerage House Pvt. Ltd,2026-04-22 11:18:26.554146
2026042201006255,HBL,45,14,10,205.2,2052.0,Imperial Securities Company Pvt. Ltd.,Nepal Stock House (PVT) Ltd.,2026-04-22 11:18:32.643344
2026042201006258,HBL,3,45,10,205.3,2053.0,Arun Securities (PVT) Ltd.,Imperial Securities Company Pvt. Ltd.,2026-04-22 11:18:32.921612
2026042201006515,HBL,50,58,10,205.4,2054.0,Cristal Kanchanjanga Securites Pvt. Ltd.,Naasa Securities Co. Ltd.,2026-04-22 11:19:01.107667
2026042201006709,HBL,50,58,20,205.4,4108.0,Cristal Kanchanjanga Securites Pvt. Ltd.,Naasa Securities Co. Ltd.,2026-04-22 11:19:25.344577
2026042201006794,HBL,50,58,10,205.4,2054.0,Cristal Kanchanjanga Securites Pvt. Ltd.,Naasa Securities Co. Ltd.,2026-04-22 11:19:36.287256
2026042201006950,HBL,50,14,10,205.4,2054.0,Cristal Kanchanjanga Securites Pvt. Ltd.,Nepal Stock House (PVT) Ltd.,2026-04-22 11:19:49.360490
2026042201007124,HBL,50,91,50,205.4,10270.0,Cristal Kanchanjanga Securites Pvt. Ltd.,Citizens Share Broker Limited,2026-04-22 11:19:57.894292
2026042201007125,HBL,41,91,50,205.4,10270.0,Linch Stock Market Ltd.,Citizens Share Broker Limited,2026-04-22 11:19:57.894430
2026042201007160,HBL,41,58,110,205.4,22594.0,Linch Stock Market Ltd.,Naasa Securities Co. Ltd.,2026-04-22 11:20:01.392208
2026042201007174,HBL,41,45,10,205.4,2054.0,Linch Stock Market Ltd.,Imperial Securities Company Pvt. Ltd.,2026-04-22 11:20:03.285052
2026042201007229,HBL,41,47,10,205.4,2054.0,Linch Stock Market Ltd.,Neev Securities Pvt. Ltd.,2026-04-22 11:20:12.182529
2026042201007296,HBL,41,11,200,205.4,41080.0,Linch Stock Market Ltd.,Malla & Malla Stock Broking Company Pvt. Limited,2026-04-22 11:20:18.604481
2026042201007411,HBL,58,41,10,205.5,2055.0,Naasa Securities Co. Ltd.,Linch Stock Market Ltd.,2026-04-22 11:20:29.682687
2026042201007435,HBL,58,34,10,205.5,2055.0,Naasa Securities Co. Ltd.,Vision Securities Pvt. Ltd,2026-04-22 11:20:34.257775
2026042201007588,HBL,58,45,10,205.5,2055.0,Naasa Securities Co. Ltd.,Imperial Securities Company Pvt. Ltd.,2026-04-22 11:20:51.078359
2026042201007600,HBL,58,45,10,205.5,2055.0,Naasa Securities Co. Ltd.,Imperial Securities Company Pvt. Ltd.,2026-04-22 11:20:53.517829
2026042201007678,HBL,58,90,10,205.5,2055.0,Naasa Securities Co. Ltd.,Sajilo Broker Limited,2026-04-22 11:20:59.263716
2026042201007800,HBL,41,35,10,205.4,2054.0,Linch Stock Market Ltd.,Kohinoor Investment & Securities Pvt. Ltd.,2026-04-22 11:21:17.537991
2026042201007888,HBL,58,90,43,205.5,8836.5,Naasa Securities Co. Ltd.,Sajilo Broker Limited,2026-04-22 11:21:30.131849
2026042201007907,HBL,41,45,10,205.4,2054.0,Linch Stock Market Ltd.,Imperial Securities Company Pvt. Ltd.,2026-04-22 11:21:32.733385
2026042201007937,HBL,94,90,90,205.5,18495.0,K.B.L. Securities Limited ,Sajilo Broker Limited,2026-04-22 11:21:36.866433
2026042201007989,HBL,52,90,257,205.5,52813.5,Sundhara Securities Limited,Sajilo Broker Limited,2026-04-22 11:21:44.735531
2026042201008096,HBL,52,7,10,205.5,2055.0,Sundhara Securities Limited,J.F. Securites (PVT) Ltd.,2026-04-22 11:21:54.030783
2026042201008134,HBL,52,35,10,205.5,2055.0,Sundhara Securities Limited,Kohinoor Investment & Securities Pvt. Ltd.,2026-04-22 11:21:59.329216
2026042201008246,HBL,52,4,10,205.5,2055.0,Sundhara Securities Limited,Opal Securities Investment (PVT) Ltd.,2026-04-22 11:22:20.105819
2026042201008266,HBL,52,42,13,205.5,2671.5,Sundhara Securities Limited,Sani Securities Company Ltd.,2026-04-22 11:22:23.743489
2026042201008267,HBL,58,42,200,205.5,41100.0,Naasa Securities Co. Ltd.,Sani Securities Company Ltd.,2026-04-22 11:22:23.743862
2026042201008310,HBL,41,41,10,205.4,2054.0,Linch Stock Market Ltd.,Linch Stock Market Ltd.,2026-04-22 11:22:30.518858
2026042201008330,HBL,41,45,10,205.4,2054.0,Linch Stock Market Ltd.,Imperial Securities Company Pvt. Ltd.,2026-04-22 11:22:36.108948
2026042201008368,HBL,41,65,10,205.4,2054.0,Linch Stock Market Ltd.,Sharepro Securities Private Limited,2026-04-22 11:22:39.649741
2026042201008404,HBL,41,58,10,205.4,2054.0,Linch Stock Market Ltd.,Naasa Securities Co. Ltd.,2026-04-22 11:22:45.000006
2026042201008407,HBL,41,49,10,205.4,2054.0,Linch Stock Market Ltd.,Online Securities Pvt. Ltd.,2026-04-22 11:22:45.619713
2026042201008443,HBL,41,52,10,205.4,2054.0,Linch Stock Market Ltd.,Sundhara Securities Limited,2026-04-22 11:22:53.543337
2026042201008642,HBL,58,42,22,205.5,4521.0,Naasa Securities Co. Ltd.,Sani Securities Company Ltd.,2026-04-22 11:23:19.647640
2026042201008768,HBL,41,38,10,205.4,2054.0,Linch Stock Market Ltd.,Dipshikha Dhitopatra Karobar Co. Pvt Ltd.,2026-04-22 11:23:34.836208
2026042201008806,HBL,41,58,30,205.4,6162.0,Linch Stock Market Ltd.,Naasa Securities Co. Ltd.,2026-04-22 11:23:41.264595
2026042201008807,HBL,58,58,70,205.4,14378.0,Naasa Securities Co. Ltd.,Naasa Securities Co. Ltd.,2026-04-22 11:23:41.264813
2026042201008821,HBL,58,50,10,205.4,2054.0,Naasa Securities Co. Ltd.,Cristal Kanchanjanga Securites Pvt. Ltd.,2026-04-22 11:23:42.512229
2026042201008910,HBL,58,90,10,205.4,2054.0,Naasa Securities Co. Ltd.,Sajilo Broker Limited,2026-04-22 11:23:45.008668
2026042201008997,HBL,58,77,10,205.4,2054.0,Naasa Securities Co. Ltd.,Nabil Stock Dealer Ltd.,2026-04-22 11:23:59.329633
2026042201009036,HBL,58,57,10,205.4,2054.0,Naasa Securities Co. Ltd.,Aryatara Investment & Securities,2026-04-22 11:24:04.725701
2026042201009058,HBL,58,42,185,205.5,38017.5,Naasa Securities Co. Ltd.,Sani Securities Company Ltd.,2026-04-22 11:24:08.249228
2026042201009059,HBL,58,53,10,205.5,2055.0,Naasa Securities Co. Ltd.,Investment Management Nepal Pvt. Ltd.,2026-04-22 11:24:08.249414
2026042201009060,HBL,3,35,10,205.3,2053.0,Arun Securities (PVT) Ltd.,Kohinoor Investment & Securities Pvt. Ltd.,2026-04-22 11:24:08.580975
2026042201009100,HBL,3,40,10,205.3,2053.0,Arun Securities (PVT) Ltd.,Creative Securities Pvt Ltd,2026-04-22 11:24:17.793352
2026042201009192,HBL,50,50,10,206.0,2060.0,Cristal Kanchanjanga Securites Pvt. Ltd.,Cristal Kanchanjanga Securites Pvt. Ltd.,2026-04-22 11:24:35.983467
2026042201009193,HBL,50,58,10,206.0,2060.0,Cristal Kanchanjanga Securites Pvt. Ltd.,Naasa Securities Co. Ltd.,2026-04-22 11:24:35.983861
2026042201009194,HBL,50,35,10,206.0,2060.0,Cristal Kanchanjanga Securites Pvt. Ltd.,Kohinoor Investment & Securities Pvt. Ltd.,2026-04-22 11:24:35.984128
2026042201009195,HBL,50,96,10,206.0,2060.0,Cristal Kanchanjanga Securites Pvt. Ltd.,Himalayan Securities Limited,2026-04-22 11:24:35.984498
2026042201009196,HBL,50,33,10,206.0,2060.0,Cristal Kanchanjanga Securites Pvt. Ltd.,Dakshinkali Investment & Securities Pvt. Ltd.,2026-04-22 11:24:35.984788
2026042201009197,HBL,50,6,10,206.0,2060.0,Cristal Kanchanjanga Securites Pvt. Ltd.,Agrawal Securities (PVT) Ltd.,2026-04-22 11:24:35.985077
2026042201009198,HBL,50,47,10,206.0,2060.0,Cristal Kanchanjanga Securites Pvt. Ltd.,Neev Securities Pvt. Ltd.,2026-04-22 11:24:35.985421
2026042201009199,HBL,50,58,350,206.0,72100.0,Cristal Kanchanjanga Securites Pvt. Ltd.,Naasa Securities Co. Ltd.,2026-04-22 11:24:35.985683
2026042201009247,HBL,50,16,10,206.0,2060.0,Cristal Kanchanjanga Securites Pvt. Ltd.,Primo Securities (PVT) Ltd.,2026-04-22 11:24:46.165438
2026042201009259,HBL,50,4,10,206.0,2060.0,Cristal Kanchanjanga Securites Pvt. Ltd.,Opal Securities Investment (PVT) Ltd.,2026-04-22 11:24:48.824147
2026042201009296,HBL,50,97,10,206.0,2060.0,Cristal Kanchanjanga Securites Pvt. Ltd.,R.B.B. Securities Company Ltd,2026-04-22 11:24:56.664964
2026042201009309,HBL,50,35,10,206.0,2060.0,Cristal Kanchanjanga Securites Pvt. Ltd.,Kohinoor Investment & Securities Pvt. Ltd.,2026-04-22 11:24:58.855425
2026042201009509,HBL,50,21,10,206.0,2060.0,Cristal Kanchanjanga Securites Pvt. Ltd.,Midas Stock Broking Company Private Limited,2026-04-22 11:25:41.233111
2026042201009558,HBL,50,28,10,206.0,2060.0,Cristal Kanchanjanga Securites Pvt. Ltd.,Shree Krishna Securities Ltd.,2026-04-22 11:25:55.810502
2026042201009704,HBL,50,74,10,206.0,2060.0,Cristal Kanchanjanga Securites Pvt. Ltd.,KALASH STOCK MARKET PVT. LTD.,2026-04-22 11:26:28.567537
2026042201009821,HBL,50,35,10,206.0,2060.0,Cristal Kanchanjanga Securites Pvt. Ltd.,Kohinoor Investment & Securities Pvt. Ltd.,2026-04-22 11:26:59.880986
2026042201009896,HBL,58,21,10,205.5,2055.0,Naasa Securities Co. Ltd.,Midas Stock Broking Company Private Limited,2026-04-22 11:27:17.910574
2026042201010022,HBL,3,58,10,205.3,2053.0,Arun Securities (PVT) Ltd.,Naasa Securities Co. Ltd.,2026-04-22 11:27:46.300217
2026042201010147,HBL,58,26,20,205.4,4108.0,Naasa Securities Co. Ltd.,Asian Securities Private Ltd.,2026-04-22 11:28:17.452928
2026042201010148,HBL,3,26,2920,205.3,599476.0,Arun Securities (PVT) Ltd.,Asian Securities Private Ltd.,2026-04-22 11:28:17.453146
2026042201010149,HBL,49,26,100,205.3,20530.0,Online Securities Pvt. Ltd.,Asian Securities Private Ltd.,2026-04-22 11:28:17.453241
2026042201010150,HBL,58,26,250,205.3,51325.0,Naasa Securities Co. Ltd.,Asian Securities Private Ltd.,2026-04-22 11:28:17.453332
2026042201010172,HBL,58,29,240,205.3,49272.0,Naasa Securities Co. Ltd.,Trisul Securities & Invt. Ltd.,2026-04-22 11:28:22.874105
2026042201010240,HBL,7,91,10,206.0,2060.0,J.F. Securites (PVT) Ltd.,Citizens Share Broker Limited,2026-04-22 11:28:34.223601
2026042201010241,HBL,7,39,10,206.0,2060.0,J.F. Securites (PVT) Ltd.,Sumeru Securities Pvt. Ltd.,2026-04-22 11:28:34.223822
2026042201010242,HBL,7,63,20,206.0,4120.0,J.F. Securites (PVT) Ltd.,Himalayan Brokerage Company Limited,2026-04-22 11:28:34.223930
2026042201010303,HBL,58,49,10,205.3,2053.0,Naasa Securities Co. Ltd.,Online Securities Pvt. Ltd.,2026-04-22 11:28:47.470551
2026042201010349,HBL,58,49,10,205.3,2053.0,Naasa Securities Co. Ltd.,Online Securities Pvt. Ltd.,2026-04-22 11:28:58.329647
2026042201010362,HBL,58,57,10,205.3,2053.0,Naasa Securities Co. Ltd.,Aryatara Investment & Securities,2026-04-22 11:29:01.145526
2026042201010397,HBL,58,63,80,205.3,16424.0,Naasa Securities Co. Ltd.,Himalayan Brokerage Company Limited,2026-04-22 11:29:06.061136
2026042201010426,HBL,41,51,4,200.0,800.0,Linch Stock Market Ltd.,Oxford Securities Pvt. Ltd.,2026-04-22 11:29:09.598286
2026042201010484,HBL,42,59,10,205.5,2055.0,Sani Securities Company Ltd.,Deevyaa Securities & Stock House Pvt. Ltd,2026-04-22 11:29:19.135895
2026042201010673,HBL,7,57,10,205.5,2055.0,J.F. Securites (PVT) Ltd.,Aryatara Investment & Securities,2026-04-22 11:29:51.834743
2026042201010680,HBL,58,42,17,205.3,3490.1,Naasa Securities Co. Ltd.,Sani Securities Company Ltd.,2026-04-22 11:29:54.808601
2026042201010898,HBL,58,58,10,205.3,2053.0,Naasa Securities Co. Ltd.,Naasa Securities Co. Ltd.,2026-04-22 11:30:38.214638
2026042201010933,HBL,58,57,10,205.3,2053.0,Naasa Securities Co. Ltd.,Aryatara Investment & Securities,2026-04-22 11:30:45.752450
2026042201010944,HBL,58,52,10,205.3,2053.0,Naasa Securities Co. Ltd.,Sundhara Securities Limited,2026-04-22 11:30:47.805485
2026042201010968,HBL,58,17,10,205.3,2053.0,Naasa Securities Co. Ltd.,ABC Securities Private Limited,2026-04-22 11:30:50.808588
2026042201010998,HBL,58,58,15,205.5,3082.5,Naasa Securities Co. Ltd.,Naasa Securities Co. Ltd.,2026-04-22 11:30:58.559782
2026042201011050,HBL,38,58,23,205.5,4726.5,Dipshikha Dhitopatra Karobar Co. Pvt Ltd.,Naasa Securities Co. Ltd.,2026-04-22 11:31:11.917163
2026042201011090,HBL,38,4,10,205.5,2055.0,Dipshikha Dhitopatra Karobar Co. Pvt Ltd.,Opal Securities Investment (PVT) Ltd.,2026-04-22 11:31:23.567785
2026042201011133,HBL,38,57,10,205.5,2055.0,Dipshikha Dhitopatra Karobar Co. Pvt Ltd.,Aryatara Investment & Securities,2026-04-22 11:31:32.600620
2026042201011136,HBL,38,96,10,205.5,2055.0,Dipshikha Dhitopatra Karobar Co. Pvt Ltd.,Himalayan Securities Limited,2026-04-22 11:31:33.679379
2026042201011188,HBL,38,49,10,205.5,2055.0,Dipshikha Dhitopatra Karobar Co. Pvt Ltd.,Online Securities Pvt. Ltd.,2026-04-22 11:31:42.780873
2026042201011233,HBL,42,57,10,205.4,2054.0,Sani Securities Company Ltd.,Aryatara Investment & Securities,2026-04-22 11:31:51.682767
2026042201011284,HBL,42,74,10,205.4,2054.0,Sani Securities Company Ltd.,KALASH STOCK MARKET PVT. LTD.,2026-04-22 11:32:01.765548
2026042201011288,HBL,42,4,10,205.4,2054.0,Sani Securities Company Ltd.,Opal Securities Investment (PVT) Ltd.,2026-04-22 11:32:02.865741
2026042201011295,HBL,42,57,10,205.4,2054.0,Sani Securities Company Ltd.,Aryatara Investment & Securities,2026-04-22 11:32:05.955015
2026042201011346,HBL,45,44,10,205.5,2055.0,Imperial Securities Company Pvt. Ltd.,Dynamic Money Managers Securities Pvt. Ltd.,2026-04-22 11:32:08.666008
2026042201011376,HBL,45,21,10,205.5,2055.0,Imperial Securities Company Pvt. Ltd.,Midas Stock Broking Company Private Limited,2026-04-22 11:32:11.999741
2026042201011422,HBL,45,58,10,205.5,2055.0,Imperial Securities Company Pvt. Ltd.,Naasa Securities Co. Ltd.,2026-04-22 11:32:20.464484
2026042201011482,HBL,38,59,10,206.0,2060.0,Dipshikha Dhitopatra Karobar Co. Pvt Ltd.,Deevyaa Securities & Stock House Pvt. Ltd,2026-04-22 11:32:29.542355
2026042201011483,HBL,38,45,10,206.0,2060.0,Dipshikha Dhitopatra Karobar Co. Pvt Ltd.,Imperial Securities Company Pvt. Ltd.,2026-04-22 11:32:29.542562
2026042201011484,HBL,38,4,10,206.0,2060.0,Dipshikha Dhitopatra Karobar Co. Pvt Ltd.,Opal Securities Investment (PVT) Ltd.,2026-04-22 11:32:29.542664
2026042201011485,HBL,38,38,10,206.0,2060.0,Dipshikha Dhitopatra Karobar Co. Pvt Ltd.,Dipshikha Dhitopatra Karobar Co. Pvt Ltd.,2026-04-22 11:32:29.542779
2026042201011486,HBL,38,49,10,206.0,2060.0,Dipshikha Dhitopatra Karobar Co. Pvt Ltd.,Online Securities Pvt. Ltd.,2026-04-22 11:32:29.542905
2026042201011505,HBL,45,50,10,205.5,2055.0,Imperial Securities Company Pvt. Ltd.,Cristal Kanchanjanga Securites Pvt. Ltd.,2026-04-22 11:32:31.642036
2026042201011567,HBL,45,34,10,205.5,2055.0,Imperial Securities Company Pvt. Ltd.,Vision Securities Pvt. Ltd,2026-04-22 11:32:35.596681
2026042201011579,HBL,45,58,10,205.5,2055.0,Imperial Securities Company Pvt. Ltd.,Naasa Securities Co. Ltd.,2026-04-22 11:32:38.308162
2026042201011589,HBL,45,45,10,205.5,2055.0,Imperial Securities Company Pvt. Ltd.,Imperial Securities Company Pvt. Ltd.,2026-04-22 11:32:41.868775
2026042201011651,HBL,45,58,10,205.5,2055.0,Imperial Securities Company Pvt. Ltd.,Naasa Securities Co. Ltd.,2026-04-22 11:32:55.013019
2026042201011673,HBL,45,51,10,205.5,2055.0,Imperial Securities Company Pvt. Ltd.,Oxford Securities Pvt. Ltd.,2026-04-22 11:33:01.799593
2026042201011761,HBL,45,3,10,205.5,2055.0,Imperial Securities Company Pvt. Ltd.,Arun Securities (PVT) Ltd.,2026-04-22 11:33:17.932145
2026042201011778,HBL,48,58,10,205.5,2055.0,Trishakti Securities Public Limited,Naasa Securities Co. Ltd.,2026-04-22 11:33:20.199050
2026042201011791,HBL,48,42,10,205.5,2055.0,Trishakti Securities Public Limited,Sani Securities Company Ltd.,2026-04-22 11:33:23.551497
2026042201011813,HBL,48,4,10,205.5,2055.0,Trishakti Securities Public Limited,Opal Securities Investment (PVT) Ltd.,2026-04-22 11:33:28.893899
2026042201011837,HBL,42,58,10,205.4,2054.0,Sani Securities Company Ltd.,Naasa Securities Co. Ltd.,2026-04-22 11:33:33.408925
2026042201011911,HBL,64,38,10,206.0,2060.0,SUN SECURITIES PVT LTD,Dipshikha Dhitopatra Karobar Co. Pvt Ltd.,2026-04-22 11:33:52.242540
2026042201011995,HBL,64,28,10,206.0,2060.0,SUN SECURITIES PVT LTD,Shree Krishna Securities Ltd.,2026-04-22 11:34:04.259231
2026042201012106,HBL,64,49,10,206.0,2060.0,SUN SECURITIES PVT LTD,Online Securities Pvt. Ltd.,2026-04-22 11:34:17.079102
2026042201012111,HBL,64,11,10,206.0,2060.0,SUN SECURITIES PVT LTD,Malla & Malla Stock Broking Company Pvt. Limited,2026-04-22 11:34:19.628365
2026042201012135,HBL,64,49,940,206.0,193640.0,SUN SECURITIES PVT LTD,Online Securities Pvt. Ltd.,2026-04-22 11:34:26.486633
2026042201012251,HBL,58,49,10,206.0,2060.0,Naasa Securities Co. Ltd.,Online Securities Pvt. Ltd.,2026-04-22 11:34:46.548244
2026042201012293,HBL,21,11,10,205.6,2056.0,Midas Stock Broking Company Private Limited,Malla & Malla Stock Broking Company Pvt. Limited,2026-04-22 11:34:53.810149
2026042201012366,HBL,21,11,10,205.6,2056.0,Midas Stock Broking Company Private Limited,Malla & Malla Stock Broking Company Pvt. Limited,2026-04-22 11:35:07.303420
2026042201012370,HBL,21,45,10,205.6,2056.0,Midas Stock Broking Company Private Limited,Imperial Securities Company Pvt. Ltd.,2026-04-22 11:35:07.648031
2026042201012420,HBL,21,66,10,205.6,2056.0,Midas Stock Broking Company Private Limited,Miyo Securities Pvt Ltd,2026-04-22 11:35:23.038499
2026042201012466,HBL,21,57,10,205.6,2056.0,Midas Stock Broking Company Private Limited,Aryatara Investment & Securities,2026-04-22 11:35:32.790757
2026042201012579,HBL,1,57,10,205.7,2057.0,Kumari Securities Private Limited,Aryatara Investment & Securities,2026-04-22 11:35:47.734815
2026042201012796,HBL,6,49,10,206.0,2060.0,Agrawal Securities (PVT) Ltd.,Online Securities Pvt. Ltd.,2026-04-22 11:36:31.621867
2026042201012797,HBL,6,94,10,206.0,2060.0,Agrawal Securities (PVT) Ltd.,K.B.L. Securities Limited ,2026-04-22 11:36:31.622133
2026042201012798,HBL,6,17,341,206.0,70246.0,Agrawal Securities (PVT) Ltd.,ABC Securities Private Limited,2026-04-22 11:36:31.622302
2026042201012799,HBL,6,46,427,207.0,88389.0,Agrawal Securities (PVT) Ltd.,Kalika Securities Pvt. Ltd.,2026-04-22 11:36:31.622413
2026042201012800,HBL,6,58,23,207.0,4761.0,Agrawal Securities (PVT) Ltd.,Naasa Securities Co. Ltd.,2026-04-22 11:36:31.622524
2026042201012801,HBL,6,45,10,207.0,2070.0,Agrawal Securities (PVT) Ltd.,Imperial Securities Company Pvt. Ltd.,2026-04-22 11:36:31.622644
2026042201012802,HBL,6,42,10,207.0,2070.0,Agrawal Securities (PVT) Ltd.,Sani Securities Company Ltd.,2026-04-22 11:36:31.622753
2026042201012803,HBL,6,54,10,207.0,2070.0,Agrawal Securities (PVT) Ltd.,Sewa Securities Pvt. Ltd.,2026-04-22 11:36:31.622861
2026042201012804,HBL,6,46,10,207.0,2070.0,Agrawal Securities (PVT) Ltd.,Kalika Securities Pvt. Ltd.,2026-04-22 11:36:31.622969
2026042201012805,HBL,6,4,10,207.0,2070.0,Agrawal Securities (PVT) Ltd.,Opal Securities Investment (PVT) Ltd.,2026-04-22 11:36:31.623083
2026042201012806,HBL,6,51,10,207.0,2070.0,Agrawal Securities (PVT) Ltd.,Oxford Securities Pvt. Ltd.,2026-04-22 11:36:31.623193
2026042201012807,HBL,6,17,129,208.0,26832.0,Agrawal Securities (PVT) Ltd.,ABC Securities Private Limited,2026-04-22 11:36:31.623307
2026042201012835,HBL,32,38,10,205.8,2058.0,Premier Securities Company Ltd.,Dipshikha Dhitopatra Karobar Co. Pvt Ltd.,2026-04-22 11:36:33.954415
2026042201012846,HBL,38,50,10,206.0,2060.0,Dipshikha Dhitopatra Karobar Co. Pvt Ltd.,Cristal Kanchanjanga Securites Pvt. Ltd.,2026-04-22 11:36:37.885090
2026042201012936,HBL,38,6,10,206.0,2060.0,Dipshikha Dhitopatra Karobar Co. Pvt Ltd.,Agrawal Securities (PVT) Ltd.,2026-04-22 11:36:59.836240
2026042201012968,HBL,38,57,10,206.0,2060.0,Dipshikha Dhitopatra Karobar Co. Pvt Ltd.,Aryatara Investment & Securities,2026-04-22 11:37:08.101191
2026042201012987,HBL,32,63,10,205.8,2058.0,Premier Securities Company Ltd.,Himalayan Brokerage Company Limited,2026-04-22 11:37:13.195844
2026042201013005,HBL,32,11,10,205.8,2058.0,Premier Securities Company Ltd.,Malla & Malla Stock Broking Company Pvt. Limited,2026-04-22 11:37:20.402195
2026042201013087,HBL,32,63,10,205.8,2058.0,Premier Securities Company Ltd.,Himalayan Brokerage Company Limited,2026-04-22 11:37:28.453525
2026042201013122,HBL,32,80,10,205.8,2058.0,Premier Securities Company Ltd.,Indira securities pvt. ltd,2026-04-22 11:37:39.214335
2026042201013204,HBL,1,58,10,205.7,2057.0,Kumari Securities Private Limited,Naasa Securities Co. Ltd.,2026-04-22 11:37:55.040886
2026042201013228,HBL,1,49,10,205.7,2057.0,Kumari Securities Private Limited,Online Securities Pvt. Ltd.,2026-04-22 11:37:59.186933
2026042201013291,HBL,1,49,40,205.7,8228.0,Kumari Securities Private Limited,Online Securities Pvt. Ltd.,2026-04-22 11:38:12.448110
2026042201013293,HBL,57,51,10,205.8,2058.0,Aryatara Investment & Securities,Oxford Securities Pvt. Ltd.,2026-04-22 11:38:13.275802
2026042201013322,HBL,38,58,10,206.0,2060.0,Dipshikha Dhitopatra Karobar Co. Pvt Ltd.,Naasa Securities Co. Ltd.,2026-04-22 11:38:19.349495
2026042201013323,HBL,38,58,10,206.0,2060.0,Dipshikha Dhitopatra Karobar Co. Pvt Ltd.,Naasa Securities Co. Ltd.,2026-04-22 11:38:19.349753
2026042201013351,HBL,57,49,10,205.8,2058.0,Aryatara Investment & Securities,Online Securities Pvt. Ltd.,2026-04-22 11:38:24.299120
2026042201013384,HBL,57,89,80,205.8,16464.0,Aryatara Investment & Securities,Global IME Securities Limited,2026-04-22 11:38:31.408727
2026042201013385,HBL,1,89,20,205.7,4114.0,Kumari Securities Private Limited,Global IME Securities Limited,2026-04-22 11:38:31.409283
2026042201013407,HBL,44,45,10,205.8,2058.0,Dynamic Money Managers Securities Pvt. Ltd.,Imperial Securities Company Pvt. Ltd.,2026-04-22 11:38:38.622411
2026042201013408,HBL,44,19,10,205.8,2058.0,Dynamic Money Managers Securities Pvt. Ltd.,Nepal Investment And Securities Trading Private Limited,2026-04-22 11:38:38.622688
2026042201013409,HBL,44,58,10,206.0,2060.0,Dynamic Money Managers Securities Pvt. Ltd.,Naasa Securities Co. Ltd.,2026-04-22 11:38:38.622806
2026042201013417,HBL,44,38,10,206.0,2060.0,Dynamic Money Managers Securities Pvt. Ltd.,Dipshikha Dhitopatra Karobar Co. Pvt Ltd.,2026-04-22 11:38:41.311717
2026042201013461,HBL,44,58,10,206.0,2060.0,Dynamic Money Managers Securities Pvt. Ltd.,Naasa Securities Co. Ltd.,2026-04-22 11:38:50.689704
2026042201013482,HBL,44,47,10,206.0,2060.0,Dynamic Money Managers Securities Pvt. Ltd.,Neev Securities Pvt. Ltd.,2026-04-22 11:38:53.803073
2026042201013512,HBL,44,53,10,206.0,2060.0,Dynamic Money Managers Securities Pvt. Ltd.,Investment Management Nepal Pvt. Ltd.,2026-04-22 11:39:01.512057
2026042201013530,HBL,44,26,10,206.0,2060.0,Dynamic Money Managers Securities Pvt. Ltd.,Asian Securities Private Ltd.,2026-04-22 11:39:04.991525
2026042201013532,HBL,44,52,10,206.0,2060.0,Dynamic Money Managers Securities Pvt. Ltd.,Sundhara Securities Limited,2026-04-22 11:39:05.604299
2026042201013557,HBL,44,41,10,206.0,2060.0,Dynamic Money Managers Securities Pvt. Ltd.,Linch Stock Market Ltd.,2026-04-22 11:39:14.065246
2026042201013664,HBL,41,51,1,199.9,199.9,Linch Stock Market Ltd.,Oxford Securities Pvt. Ltd.,2026-04-22 11:39:39.886602
2026042201013737,HBL,44,57,10,206.0,2060.0,Dynamic Money Managers Securities Pvt. Ltd.,Aryatara Investment & Securities,2026-04-22 11:40:00.292463
2026042201013738,HBL,58,57,10,206.0,2060.0,Naasa Securities Co. Ltd.,Aryatara Investment & Securities,2026-04-22 11:40:00.292979
2026042201013739,HBL,51,57,13,206.0,2678.0,Oxford Securities Pvt. Ltd.,Aryatara Investment & Securities,2026-04-22 11:40:00.293365
2026042201013813,HBL,51,38,10,206.0,2060.0,Oxford Securities Pvt. Ltd.,Dipshikha Dhitopatra Karobar Co. Pvt Ltd.,2026-04-22 11:40:18.160591
2026042201013955,HBL,51,75,10,206.0,2060.0,Oxford Securities Pvt. Ltd.,N.I.M.B. Stock Markets Limited,2026-04-22 11:40:48.321464
2026042201013996,HBL,51,58,10,206.0,2060.0,Oxford Securities Pvt. Ltd.,Naasa Securities Co. Ltd.,2026-04-22 11:40:56.462687
2026042201014047,HBL,51,35,10,206.0,2060.0,Oxford Securities Pvt. Ltd.,Kohinoor Investment & Securities Pvt. Ltd.,2026-04-22 11:41:08.573896
2026042201014163,HBL,51,58,10,206.0,2060.0,Oxford Securities Pvt. Ltd.,Naasa Securities Co. Ltd.,2026-04-22 11:41:23.957943
2026042201014169,HBL,51,35,37,206.0,7622.0,Oxford Securities Pvt. Ltd.,Kohinoor Investment & Securities Pvt. Ltd.,2026-04-22 11:41:24.909039
2026042201014310,HBL,1,35,10,205.7,2057.0,Kumari Securities Private Limited,Kohinoor Investment & Securities Pvt. Ltd.,2026-04-22 11:41:59.503749
2026042201014338,HBL,1,89,10,205.7,2057.0,Kumari Securities Private Limited,Global IME Securities Limited,2026-04-22 11:42:09.085316
2026042201014353,HBL,1,38,10,205.7,2057.0,Kumari Securities Private Limited,Dipshikha Dhitopatra Karobar Co. Pvt Ltd.,2026-04-22 11:42:11.322537
2026042201014419,HBL,1,74,10,205.7,2057.0,Kumari Securities Private Limited,KALASH STOCK MARKET PVT. LTD.,2026-04-22 11:42:24.554817
2026042201014440,HBL,1,29,300,205.7,61710.0,Kumari Securities Private Limited,Trisul Securities & Invt. Ltd.,2026-04-22 11:42:32.232368
2026042201014441,HBL,21,29,1155,205.6,237468.0,Midas Stock Broking Company Private Limited,Trisul Securities & Invt. Ltd.,2026-04-22 11:42:32.232456
2026042201014498,HBL,21,6,10,205.6,2056.0,Midas Stock Broking Company Private Limited,Agrawal Securities (PVT) Ltd.,2026-04-22 11:42:44.671166
2026042201014590,HBL,21,48,10,205.6,2056.0,Midas Stock Broking Company Private Limited,Trishakti Securities Public Limited,2026-04-22 11:43:07.100601
2026042201014608,HBL,21,42,10,205.6,2056.0,Midas Stock Broking Company Private Limited,Sani Securities Company Ltd.,2026-04-22 11:43:09.404052
2026042201014709,HBL,21,58,10,205.6,2056.0,Midas Stock Broking Company Private Limited,Naasa Securities Co. Ltd.,2026-04-22 11:43:30.859411
2026042201014846,HBL,21,96,10,205.6,2056.0,Midas Stock Broking Company Private Limited,Himalayan Securities Limited,2026-04-22 11:43:52.189403
2026042201015038,HBL,21,74,10,205.6,2056.0,Midas Stock Broking Company Private Limited,KALASH STOCK MARKET PVT. LTD.,2026-04-22 11:44:36.029560
2026042201015075,HBL,21,49,10,205.6,2056.0,Midas Stock Broking Company Private Limited,Online Securities Pvt. Ltd.,2026-04-22 11:44:45.091709
2026042201015119,HBL,21,4,10,205.6,2056.0,Midas Stock Broking Company Private Limited,Opal Securities Investment (PVT) Ltd.,2026-04-22 11:44:55.876357
2026042201015121,HBL,21,38,30,205.6,6168.0,Midas Stock Broking Company Private Limited,Dipshikha Dhitopatra Karobar Co. Pvt Ltd.,2026-04-22 11:44:57.101339
2026042201015170,HBL,21,44,10,205.6,2056.0,Midas Stock Broking Company Private Limited,Dynamic Money Managers Securities Pvt. Ltd.,2026-04-22 11:45:04.329795
2026042201015178,HBL,21,50,10,205.6,2056.0,Midas Stock Broking Company Private Limited,Cristal Kanchanjanga Securites Pvt. Ltd.,2026-04-22 11:45:05.484677
2026042201015199,HBL,21,52,10,205.6,2056.0,Midas Stock Broking Company Private Limited,Sundhara Securities Limited,2026-04-22 11:45:06.987783
2026042201015225,HBL,21,22,10,205.6,2056.0,Midas Stock Broking Company Private Limited,Siprabi Securities Pvt. Ltd.,2026-04-22 11:45:14.126238
2026042201015230,HBL,21,94,10,205.6,2056.0,Midas Stock Broking Company Private Limited,K.B.L. Securities Limited ,2026-04-22 11:45:14.776674
2026042201015294,HBL,21,35,10,205.6,2056.0,Midas Stock Broking Company Private Limited,Kohinoor Investment & Securities Pvt. Ltd.,2026-04-22 11:45:26.940852
2026042201015373,HBL,21,48,10,205.6,2056.0,Midas Stock Broking Company Private Limited,Trishakti Securities Public Limited,2026-04-22 11:45:45.007730
2026042201015441,HBL,21,42,10,205.6,2056.0,Midas Stock Broking Company Private Limited,Sani Securities Company Ltd.,2026-04-22 11:45:53.443092
2026042201015443,HBL,21,49,10,205.6,2056.0,Midas Stock Broking Company Private Limited,Online Securities Pvt. Ltd.,2026-04-22 11:45:53.688625
2026042201015505,HBL,21,32,10,205.6,2056.0,Midas Stock Broking Company Private Limited,Premier Securities Company Ltd.,2026-04-22 11:46:07.962815
2026042201015671,HBL,21,1,10,205.6,2056.0,Midas Stock Broking Company Private Limited,Kumari Securities Private Limited,2026-04-22 11:46:54.038485
2026042201015672,HBL,21,42,10,205.6,2056.0,Midas Stock Broking Company Private Limited,Sani Securities Company Ltd.,2026-04-22 11:46:54.291186
2026042201015675,HBL,21,58,10,205.6,2056.0,Midas Stock Broking Company Private Limited,Naasa Securities Co. Ltd.,2026-04-22 11:46:55.157211
2026042201015699,HBL,21,4,10,205.6,2056.0,Midas Stock Broking Company Private Limited,Opal Securities Investment (PVT) Ltd.,2026-04-22 11:47:00.931238
2026042201015750,HBL,21,58,45,205.6,9252.0,Midas Stock Broking Company Private Limited,Naasa Securities Co. Ltd.,2026-04-22 11:47:07.771455
2026042201015751,HBL,1,58,45,205.6,9252.0,Kumari Securities Private Limited,Naasa Securities Co. Ltd.,2026-04-22 11:47:07.771772
2026042201015765,HBL,1,58,10,205.6,2056.0,Kumari Securities Private Limited,Naasa Securities Co. Ltd.,2026-04-22 11:47:09.841804
2026042201015777,HBL,1,32,445,205.6,91492.0,Kumari Securities Private Limited,Premier Securities Company Ltd.,2026-04-22 11:47:12.160364
2026042201015778,HBL,69,32,100,205.5,20550.0,INDEX SECURITIES LIMITED,Premier Securities Company Ltd.,2026-04-22 11:47:12.160754
2026042201015779,HBL,26,32,50,205.5,10275.0,Asian Securities Private Ltd.,Premier Securities Company Ltd.,2026-04-22 11:47:12.161043
2026042201015780,HBL,57,32,150,205.5,30825.0,Aryatara Investment & Securities,Premier Securities Company Ltd.,2026-04-22 11:47:12.161325
2026042201015781,HBL,42,32,200,205.4,41080.0,Sani Securities Company Ltd.,Premier Securities Company Ltd.,2026-04-22 11:47:12.161601
2026042201015846,HBL,58,44,10,205.3,2053.0,Naasa Securities Co. Ltd.,Dynamic Money Managers Securities Pvt. Ltd.,2026-04-22 11:47:22.402089
2026042201015904,HBL,58,32,63,205.3,12933.9,Naasa Securities Co. Ltd.,Premier Securities Company Ltd.,2026-04-22 11:47:30.851221
2026042201015905,HBL,49,32,15,205.3,3079.5,Online Securities Pvt. Ltd.,Premier Securities Company Ltd.,2026-04-22 11:47:30.851445
2026042201015906,HBL,45,32,340,205.2,69768.0,Imperial Securities Company Pvt. Ltd.,Premier Securities Company Ltd.,2026-04-22 11:47:30.851583
2026042201015907,HBL,57,32,140,205.1,28714.0,Aryatara Investment & Securities,Premier Securities Company Ltd.,2026-04-22 11:47:30.851925
2026042201015908,HBL,58,32,64,205.1,13126.4,Naasa Securities Co. Ltd.,Premier Securities Company Ltd.,2026-04-22 11:47:30.852353
2026042201015924,HBL,58,39,10,205.1,2051.0,Naasa Securities Co. Ltd.,Sumeru Securities Pvt. Ltd.,2026-04-22 11:47:34.157422
2026042201015928,HBL,58,28,10,205.1,2051.0,Naasa Securities Co. Ltd.,Shree Krishna Securities Ltd.,2026-04-22 11:47:34.960011
2026042201015979,HBL,58,11,10,205.1,2051.0,Naasa Securities Co. Ltd.,Malla & Malla Stock Broking Company Pvt. Limited,2026-04-22 11:47:43.584660
2026042201016045,HBL,58,75,10,205.1,2051.0,Naasa Securities Co. Ltd.,N.I.M.B. Stock Markets Limited,2026-04-22 11:47:58.781939
2026042201016086,HBL,32,45,10,205.6,2056.0,Premier Securities Company Ltd.,Imperial Securities Company Pvt. Ltd.,2026-04-22 11:48:12.702779
2026042201016184,HBL,32,11,10,205.6,2056.0,Premier Securities Company Ltd.,Malla & Malla Stock Broking Company Pvt. Limited,2026-04-22 11:48:31.894232
2026042201016195,HBL,32,52,10,205.6,2056.0,Premier Securities Company Ltd.,Sundhara Securities Limited,2026-04-22 11:48:33.201787
2026042201016218,HBL,32,49,10,205.6,2056.0,Premier Securities Company Ltd.,Online Securities Pvt. Ltd.,2026-04-22 11:48:39.371663
2026042201016249,HBL,32,48,10,205.6,2056.0,Premier Securities Company Ltd.,Trishakti Securities Public Limited,2026-04-22 11:48:48.936342
2026042201016302,HBL,58,45,10,205.1,2051.0,Naasa Securities Co. Ltd.,Imperial Securities Company Pvt. Ltd.,2026-04-22 11:48:59.472904
2026042201016395,HBL,58,80,10,205.1,2051.0,Naasa Securities Co. Ltd.,Indira securities pvt. ltd,2026-04-22 11:49:17.936054
2026042201016497,HBL,58,58,10,205.1,2051.0,Naasa Securities Co. Ltd.,Naasa Securities Co. Ltd.,2026-04-22 11:49:21.113484
2026042201016529,HBL,58,35,10,205.1,2051.0,Naasa Securities Co. Ltd.,Kohinoor Investment & Securities Pvt. Ltd.,2026-04-22 11:49:27.106480
2026042201016534,HBL,58,44,10,205.1,2051.0,Naasa Securities Co. Ltd.,Dynamic Money Managers Securities Pvt. Ltd.,2026-04-22 11:49:28.583453
2026042201016577,HBL,58,35,10,205.1,2051.0,Naasa Securities Co. Ltd.,Kohinoor Investment & Securities Pvt. Ltd.,2026-04-22 11:49:39.950820
2026042201016677,HBL,58,13,10,205.1,2051.0,Naasa Securities Co. Ltd.,Thrive Brokerage House Pvt. Ltd,2026-04-22 11:49:56.314544
2026042201016791,HBL,58,49,10,205.1,2051.0,Naasa Securities Co. Ltd.,Online Securities Pvt. Ltd.,2026-04-22 11:50:15.544476
2026042201016822,HBL,58,58,10,205.1,2051.0,Naasa Securities Co. Ltd.,Naasa Securities Co. Ltd.,2026-04-22 11:50:20.993083
2026042201016918,HBL,58,17,10,205.1,2051.0,Naasa Securities Co. Ltd.,ABC Securities Private Limited,2026-04-22 11:50:42.408684
2026042201017123,HBL,58,58,10,205.1,2051.0,Naasa Securities Co. Ltd.,Naasa Securities Co. Ltd.,2026-04-22 11:51:18.985618
2026042201017228,HBL,58,58,10,205.1,2051.0,Naasa Securities Co. Ltd.,Naasa Securities Co. Ltd.,2026-04-22 11:51:36.252240
2026042201017283,HBL,57,58,10,205.2,2052.0,Aryatara Investment & Securities,Naasa Securities Co. Ltd.,2026-04-22 11:51:46.216795
2026042201017306,HBL,57,34,10,205.2,2052.0,Aryatara Investment & Securities,Vision Securities Pvt. Ltd,2026-04-22 11:51:50.838244
2026042201017331,HBL,57,58,10,205.2,2052.0,Aryatara Investment & Securities,Naasa Securities Co. Ltd.,2026-04-22 11:51:54.881559
2026042201017429,HBL,57,35,10,205.2,2052.0,Aryatara Investment & Securities,Kohinoor Investment & Securities Pvt. Ltd.,2026-04-22 11:52:07.349078
2026042201017541,HBL,57,35,10,205.2,2052.0,Aryatara Investment & Securities,Kohinoor Investment & Securities Pvt. Ltd.,2026-04-22 11:52:26.928262
2026042201017584,HBL,57,8,10,205.2,2052.0,Aryatara Investment & Securities,Brilliant Securities Pvt. Ltd.,2026-04-22 11:52:35.519481
2026042201017647,HBL,57,38,10,205.2,2052.0,Aryatara Investment & Securities,Dipshikha Dhitopatra Karobar Co. Pvt Ltd.,2026-04-22 11:52:48.893993
2026042201017700,HBL,57,26,10,205.2,2052.0,Aryatara Investment & Securities,Asian Securities Private Ltd.,2026-04-22 11:52:53.879553
2026042201017855,HBL,58,8,10,205.1,2051.0,Naasa Securities Co. Ltd.,Brilliant Securities Pvt. Ltd.,2026-04-22 11:53:15.740359
2026042201017875,HBL,58,35,10,205.1,2051.0,Naasa Securities Co. Ltd.,Kohinoor Investment & Securities Pvt. Ltd.,2026-04-22 11:53:20.683704
2026042201017878,HBL,58,42,10,205.1,2051.0,Naasa Securities Co. Ltd.,Sani Securities Company Ltd.,2026-04-22 11:53:20.786522
2026042201018031,HBL,58,50,46,205.1,9434.6,Naasa Securities Co. Ltd.,Cristal Kanchanjanga Securites Pvt. Ltd.,2026-04-22 11:53:40.873321
2026042201018032,HBL,1,50,500,205.1,102550.0,Kumari Securities Private Limited,Cristal Kanchanjanga Securites Pvt. Ltd.,2026-04-22 11:53:40.873614
2026042201018033,HBL,57,50,20,205.1,4102.0,Aryatara Investment & Securities,Cristal Kanchanjanga Securites Pvt. Ltd.,2026-04-22 11:53:40.873756
2026042201018034,HBL,58,50,100,205.0,20500.0,Naasa Securities Co. Ltd.,Cristal Kanchanjanga Securites Pvt. Ltd.,2026-04-22 11:53:40.873893
2026042201018035,HBL,11,50,150,205.0,30750.0,Malla & Malla Stock Broking Company Pvt. Limited,Cristal Kanchanjanga Securites Pvt. Ltd.,2026-04-22 11:53:40.874036
2026042201018036,HBL,39,50,100,205.0,20500.0,Sumeru Securities Pvt. Ltd.,Cristal Kanchanjanga Securites Pvt. Ltd.,2026-04-22 11:53:40.874173
2026042201018037,HBL,22,50,35,205.0,7175.0,Siprabi Securities Pvt. Ltd.,Cristal Kanchanjanga Securites Pvt. Ltd.,2026-04-22 11:53:40.874307
2026042201018038,HBL,14,50,10,205.0,2050.0,Nepal Stock House (PVT) Ltd.,Cristal Kanchanjanga Securites Pvt. Ltd.,2026-04-22 11:53:40.874443
2026042201018039,HBL,52,50,194,205.0,39770.0,Sundhara Securities Limited,Cristal Kanchanjanga Securites Pvt. Ltd.,2026-04-22 11:53:40.874580
2026042201018149,HBL,52,64,160,205.0,32800.0,Sundhara Securities Limited,SUN SECURITIES PVT LTD,2026-04-22 11:53:54.851519
2026042201018157,HBL,52,57,10,205.0,2050.0,Sundhara Securities Limited,Aryatara Investment & Securities,2026-04-22 11:53:56.018681
2026042201018186,HBL,52,35,10,205.0,2050.0,Sundhara Securities Limited,Kohinoor Investment & Securities Pvt. Ltd.,2026-04-22 11:54:02.680252
2026042201018233,HBL,52,29,10,205.0,2050.0,Sundhara Securities Limited,Trisul Securities & Invt. Ltd.,2026-04-22 11:54:12.330844
2026042201018284,HBL,52,4,10,205.0,2050.0,Sundhara Securities Limited,Opal Securities Investment (PVT) Ltd.,2026-04-22 11:54:22.427674
2026042201018294,HBL,52,67,100,205.0,20500.0,Sundhara Securities Limited,Property Wiard Limited,2026-04-22 11:54:23.939941
2026042201018470,HBL,6,58,20,205.0,4100.0,Agrawal Securities (PVT) Ltd.,Naasa Securities Co. Ltd.,2026-04-22 11:54:41.561900
2026042201018494,HBL,6,58,10,205.0,2050.0,Agrawal Securities (PVT) Ltd.,Naasa Securities Co. Ltd.,2026-04-22 11:54:45.791911
2026042201018525,HBL,6,54,10,205.0,2050.0,Agrawal Securities (PVT) Ltd.,Sewa Securities Pvt. Ltd.,2026-04-22 11:54:52.184541
2026042201018552,HBL,6,42,10,205.0,2050.0,Agrawal Securities (PVT) Ltd.,Sani Securities Company Ltd.,2026-04-22 11:54:57.858394
2026042201018586,HBL,6,6,10,205.0,2050.0,Agrawal Securities (PVT) Ltd.,Agrawal Securities (PVT) Ltd.,2026-04-22 11:55:02.148143
2026042201018633,HBL,14,45,10,205.2,2052.0,Nepal Stock House (PVT) Ltd.,Imperial Securities Company Pvt. Ltd.,2026-04-22 11:55:14.328825
2026042201018649,HBL,6,34,53,205.0,10865.0,Agrawal Securities (PVT) Ltd.,Vision Securities Pvt. Ltd,2026-04-22 11:55:18.439848
2026042201018697,HBL,6,51,10,205.0,2050.0,Agrawal Securities (PVT) Ltd.,Oxford Securities Pvt. Ltd.,2026-04-22 11:55:25.721792
2026042201018758,HBL,6,35,10,205.0,2050.0,Agrawal Securities (PVT) Ltd.,Kohinoor Investment & Securities Pvt. Ltd.,2026-04-22 11:55:39.210543
2026042201018767,HBL,53,80,10,205.2,2052.0,Investment Management Nepal Pvt. Ltd.,Indira securities pvt. ltd,2026-04-22 11:55:41.948340
2026042201018786,HBL,53,41,10,205.2,2052.0,Investment Management Nepal Pvt. Ltd.,Linch Stock Market Ltd.,2026-04-22 11:55:45.475586
2026042201018803,HBL,53,35,10,205.2,2052.0,Investment Management Nepal Pvt. Ltd.,Kohinoor Investment & Securities Pvt. Ltd.,2026-04-22 11:55:50.018141
2026042201018856,HBL,53,44,10,205.2,2052.0,Investment Management Nepal Pvt. Ltd.,Dynamic Money Managers Securities Pvt. Ltd.,2026-04-22 11:55:58.688874
2026042201018918,HBL,53,35,10,205.2,2052.0,Investment Management Nepal Pvt. Ltd.,Kohinoor Investment & Securities Pvt. Ltd.,2026-04-22 11:56:07.440767
2026042201018980,HBL,53,19,10,205.2,2052.0,Investment Management Nepal Pvt. Ltd.,Nepal Investment And Securities Trading Private Limited,2026-04-22 11:56:16.304611
2026042201019006,HBL,53,35,10,205.2,2052.0,Investment Management Nepal Pvt. Ltd.,Kohinoor Investment & Securities Pvt. Ltd.,2026-04-22 11:56:19.324258
2026042201019019,HBL,53,67,30,205.2,6156.0,Investment Management Nepal Pvt. Ltd.,Property Wiard Limited,2026-04-22 11:56:21.831175
2026042201019020,HBL,10,67,40,205.2,8208.0,Pragyan Securities (PVT) Ltd.,Property Wiard Limited,2026-04-22 11:56:21.831268
2026042201019021,HBL,6,67,20,205.0,4100.0,Agrawal Securities (PVT) Ltd.,Property Wiard Limited,2026-04-22 11:56:21.831336
2026042201019083,HBL,6,35,10,205.0,2050.0,Agrawal Securities (PVT) Ltd.,Kohinoor Investment & Securities Pvt. Ltd.,2026-04-22 11:56:31.445348
2026042201019195,HBL,6,50,10,205.0,2050.0,Agrawal Securities (PVT) Ltd.,Cristal Kanchanjanga Securites Pvt. Ltd.,2026-04-22 11:56:50.050284
2026042201019211,HBL,6,14,10,205.0,2050.0,Agrawal Securities (PVT) Ltd.,Nepal Stock House (PVT) Ltd.,2026-04-22 11:56:55.671903
2026042201019222,HBL,6,67,30,205.0,6150.0,Agrawal Securities (PVT) Ltd.,Property Wiard Limited,2026-04-22 11:56:58.756899
2026042201019329,HBL,6,19,10,205.0,2050.0,Agrawal Securities (PVT) Ltd.,Nepal Investment And Securities Trading Private Limited,2026-04-22 11:57:23.653807
2026042201019456,HBL,6,58,10,205.0,2050.0,Agrawal Securities (PVT) Ltd.,Naasa Securities Co. Ltd.,2026-04-22 11:57:49.379322
2026042201019477,HBL,6,6,10,205.0,2050.0,Agrawal Securities (PVT) Ltd.,Agrawal Securities (PVT) Ltd.,2026-04-22 11:57:54.197385
2026042201019574,HBL,6,45,10,205.0,2050.0,Agrawal Securities (PVT) Ltd.,Imperial Securities Company Pvt. Ltd.,2026-04-22 11:58:12.670198
2026042201019607,HBL,6,48,10,205.0,2050.0,Agrawal Securities (PVT) Ltd.,Trishakti Securities Public Limited,2026-04-22 11:58:18.479294
2026042201019744,HBL,34,19,10,205.1,2051.0,Vision Securities Pvt. Ltd,Nepal Investment And Securities Trading Private Limited,2026-04-22 11:58:48.975002
2026042201019755,HBL,34,58,10,205.1,2051.0,Vision Securities Pvt. Ltd,Naasa Securities Co. Ltd.,2026-04-22 11:58:51.519191
2026042201019784,HBL,34,34,230,205.1,47173.0,Vision Securities Pvt. Ltd,Vision Securities Pvt. Ltd,2026-04-22 11:58:55.917843
2026042201019785,HBL,6,34,580,205.0,118900.0,Agrawal Securities (PVT) Ltd.,Vision Securities Pvt. Ltd,2026-04-22 11:58:55.918440
2026042201019893,HBL,6,46,10,205.0,2050.0,Agrawal Securities (PVT) Ltd.,Kalika Securities Pvt. Ltd.,2026-04-22 11:59:17.960316
2026042201019965,HBL,41,17,1,200.0,200.0,Linch Stock Market Ltd.,ABC Securities Private Limited,2026-04-22 11:59:19.505829
2026042201019971,HBL,6,58,10,205.0,2050.0,Agrawal Securities (PVT) Ltd.,Naasa Securities Co. Ltd.,2026-04-22 11:59:20.088952
2026042201019981,HBL,6,88,10,205.0,2050.0,Agrawal Securities (PVT) Ltd.,Blue Chip Securities Ltd,2026-04-22 11:59:22.475854
2026042201020100,HBL,58,42,10,205.1,2051.0,Naasa Securities Co. Ltd.,Sani Securities Company Ltd.,2026-04-22 11:59:48.102089
2026042201020168,HBL,58,58,10,205.1,2051.0,Naasa Securities Co. Ltd.,Naasa Securities Co. Ltd.,2026-04-22 11:59:56.228256
2026042201020184,HBL,58,35,10,205.1,2051.0,Naasa Securities Co. Ltd.,Kohinoor Investment & Securities Pvt. Ltd.,2026-04-22 11:59:58.011897
2026042201020211,HBL,58,45,10,205.1,2051.0,Naasa Securities Co. Ltd.,Imperial Securities Company Pvt. Ltd.,2026-04-22 12:00:04.661865
2026042201020213,HBL,58,49,10,205.1,2051.0,Naasa Securities Co. Ltd.,Online Securities Pvt. Ltd.,2026-04-22 12:00:04.978147
2026042201020406,HBL,58,58,10,205.1,2051.0,Naasa Securities Co. Ltd.,Naasa Securities Co. Ltd.,2026-04-22 12:00:40.578678
2026042201020407,HBL,50,58,10,205.1,2051.0,Cristal Kanchanjanga Securites Pvt. Ltd.,Naasa Securities Co. Ltd.,2026-04-22 12:00:40.763481
2026042201020425,HBL,50,22,10,205.1,2051.0,Cristal Kanchanjanga Securites Pvt. Ltd.,Siprabi Securities Pvt. Ltd.,2026-04-22 12:00:44.484358
2026042201020427,HBL,50,36,1000,205.1,205100.0,Cristal Kanchanjanga Securites Pvt. Ltd.,Secured Securities Ltd.,2026-04-22 12:00:44.550483
2026042201020435,HBL,50,49,10,205.1,2051.0,Cristal Kanchanjanga Securites Pvt. Ltd.,Online Securities Pvt. Ltd.,2026-04-22 12:00:45.784719
2026042201020540,HBL,50,42,10,205.1,2051.0,Cristal Kanchanjanga Securites Pvt. Ltd.,Sani Securities Company Ltd.,2026-04-22 12:01:08.093981
2026042201020597,HBL,50,35,10,205.1,2051.0,Cristal Kanchanjanga Securites Pvt. Ltd.,Kohinoor Investment & Securities Pvt. Ltd.,2026-04-22 12:01:16.104816
2026042201020647,HBL,50,29,10,205.1,2051.0,Cristal Kanchanjanga Securites Pvt. Ltd.,Trisul Securities & Invt. Ltd.,2026-04-22 12:01:20.854645
2026042201020654,HBL,45,34,10,205.2,2052.0,Imperial Securities Company Pvt. Ltd.,Vision Securities Pvt. Ltd,2026-04-22 12:01:21.584126
2026042201020731,HBL,50,58,10,205.1,2051.0,Cristal Kanchanjanga Securites Pvt. Ltd.,Naasa Securities Co. Ltd.,2026-04-22 12:01:35.846326
2026042201020737,HBL,50,38,10,205.1,2051.0,Cristal Kanchanjanga Securites Pvt. Ltd.,Dipshikha Dhitopatra Karobar Co. Pvt Ltd.,2026-04-22 12:01:38.581860
2026042201020758,HBL,42,44,10,205.2,2052.0,Sani Securities Company Ltd.,Dynamic Money Managers Securities Pvt. Ltd.,2026-04-22 12:01:41.805884
2026042201020771,HBL,50,57,10,205.1,2051.0,Cristal Kanchanjanga Securites Pvt. Ltd.,Aryatara Investment & Securities,2026-04-22 12:01:44.458184
2026042201020788,HBL,50,58,10,205.1,2051.0,Cristal Kanchanjanga Securites Pvt. Ltd.,Naasa Securities Co. Ltd.,2026-04-22 12:01:47.101361
2026042201020792,HBL,50,57,10,205.1,2051.0,Cristal Kanchanjanga Securites Pvt. Ltd.,Aryatara Investment & Securities,2026-04-22 12:01:47.699088
2026042201020882,HBL,50,35,10,205.1,2051.0,Cristal Kanchanjanga Securites Pvt. Ltd.,Kohinoor Investment & Securities Pvt. Ltd.,2026-04-22 12:02:00.186822
2026042201020886,HBL,50,57,10,205.1,2051.0,Cristal Kanchanjanga Securites Pvt. Ltd.,Aryatara Investment & Securities,2026-04-22 12:02:01.926897
2026042201020953,HBL,50,67,10,205.1,2051.0,Cristal Kanchanjanga Securites Pvt. Ltd.,Property Wiard Limited,2026-04-22 12:02:16.690135
2026042201021012,HBL,40,36,300,205.3,61590.0,Creative Securities Pvt Ltd,Secured Securities Ltd.,2026-04-22 12:02:33.266808
2026042201021030,HBL,50,4,10,205.1,2051.0,Cristal Kanchanjanga Securites Pvt. Ltd.,Opal Securities Investment (PVT) Ltd.,2026-04-22 12:02:37.310531
2026042201021104,HBL,50,35,10,205.1,2051.0,Cristal Kanchanjanga Securites Pvt. Ltd.,Kohinoor Investment & Securities Pvt. Ltd.,2026-04-22 12:02:50.463713
2026042201021107,HBL,50,43,10,205.1,2051.0,Cristal Kanchanjanga Securites Pvt. Ltd.,South Asian Bulls Pvt. Ltd.,2026-04-22 12:02:51.334752
2026042201021143,HBL,50,57,10,205.1,2051.0,Cristal Kanchanjanga Securites Pvt. Ltd.,Aryatara Investment & Securities,2026-04-22 12:03:00.911347
2026042201021174,HBL,50,58,10,205.1,2051.0,Cristal Kanchanjanga Securites Pvt. Ltd.,Naasa Securities Co. Ltd.,2026-04-22 12:03:09.726887
2026042201021278,HBL,50,44,10,205.1,2051.0,Cristal Kanchanjanga Securites Pvt. Ltd.,Dynamic Money Managers Securities Pvt. Ltd.,2026-04-22 12:03:37.766337
2026042201021301,HBL,50,22,10,205.1,2051.0,Cristal Kanchanjanga Securites Pvt. Ltd.,Siprabi Securities Pvt. Ltd.,2026-04-22 12:03:39.505247
2026042201021386,HBL,50,32,10,205.1,2051.0,Cristal Kanchanjanga Securites Pvt. Ltd.,Premier Securities Company Ltd.,2026-04-22 12:03:56.835514
2026042201021484,HBL,50,45,10,205.1,2051.0,Cristal Kanchanjanga Securites Pvt. Ltd.,Imperial Securities Company Pvt. Ltd.,2026-04-22 12:04:17.486480
2026042201021518,HBL,34,58,10,205.2,2052.0,Vision Securities Pvt. Ltd,Naasa Securities Co. Ltd.,2026-04-22 12:04:25.349078
2026042201021531,HBL,43,52,10,205.4,2054.0,South Asian Bulls Pvt. Ltd.,Sundhara Securities Limited,2026-04-22 12:04:27.463083
2026042201021532,HBL,43,38,10,205.4,2054.0,South Asian Bulls Pvt. Ltd.,Dipshikha Dhitopatra Karobar Co. Pvt Ltd.,2026-04-22 12:04:27.463730
2026042201021533,HBL,43,58,10,205.5,2055.0,South Asian Bulls Pvt. Ltd.,Naasa Securities Co. Ltd.,2026-04-22 12:04:27.464218
2026042201021534,HBL,43,58,10,205.5,2055.0,South Asian Bulls Pvt. Ltd.,Naasa Securities Co. Ltd.,2026-04-22 12:04:27.464701
2026042201021535,HBL,43,58,10,205.6,2056.0,South Asian Bulls Pvt. Ltd.,Naasa Securities Co. Ltd.,2026-04-22 12:04:27.465174
2026042201021553,HBL,34,49,10,205.2,2052.0,Vision Securities Pvt. Ltd,Online Securities Pvt. Ltd.,2026-04-22 12:04:30.531450
2026042201021593,HBL,34,61,10,205.2,2052.0,Vision Securities Pvt. Ltd,BHOLE GANESH SECURITIES LTD,2026-04-22 12:04:40.441388
2026042201021730,HBL,34,58,30,205.2,6156.0,Vision Securities Pvt. Ltd,Naasa Securities Co. Ltd.,2026-04-22 12:05:05.386822
2026042201021801,HBL,34,34,10,205.2,2052.0,Vision Securities Pvt. Ltd,Vision Securities Pvt. Ltd,2026-04-22 12:05:26.274519
2026042201021940,HBL,34,45,10,205.2,2052.0,Vision Securities Pvt. Ltd,Imperial Securities Company Pvt. Ltd.,2026-04-22 12:05:49.165292
2026042201021956,HBL,34,58,10,205.2,2052.0,Vision Securities Pvt. Ltd,Naasa Securities Co. Ltd.,2026-04-22 12:05:52.717559
2026042201022045,HBL,34,50,160,205.2,32832.0,Vision Securities Pvt. Ltd,Cristal Kanchanjanga Securites Pvt. Ltd.,2026-04-22 12:06:02.259894
2026042201022046,HBL,33,50,100,205.2,20520.0,Dakshinkali Investment & Securities Pvt. Ltd.,Cristal Kanchanjanga Securites Pvt. Ltd.,2026-04-22 12:06:02.260232
2026042201022122,HBL,50,29,10,205.1,2051.0,Cristal Kanchanjanga Securites Pvt. Ltd.,Trisul Securities & Invt. Ltd.,2026-04-22 12:06:17.177617
2026042201022131,HBL,50,16,103,205.1,21125.3,Cristal Kanchanjanga Securites Pvt. Ltd.,Primo Securities (PVT) Ltd.,2026-04-22 12:06:18.056776
2026042201022153,HBL,50,35,10,205.1,2051.0,Cristal Kanchanjanga Securites Pvt. Ltd.,Kohinoor Investment & Securities Pvt. Ltd.,2026-04-22 12:06:21.628330
2026042201022168,HBL,50,75,10,205.1,2051.0,Cristal Kanchanjanga Securites Pvt. Ltd.,N.I.M.B. Stock Markets Limited,2026-04-22 12:06:25.888642
2026042201022170,HBL,50,49,10,205.1,2051.0,Cristal Kanchanjanga Securites Pvt. Ltd.,Online Securities Pvt. Ltd.,2026-04-22 12:06:27.231532
2026042201022263,HBL,50,49,10,205.1,2051.0,Cristal Kanchanjanga Securites Pvt. Ltd.,Online Securities Pvt. Ltd.,2026-04-22 12:06:41.185643
2026042201022282,HBL,50,46,10,205.1,2051.0,Cristal Kanchanjanga Securites Pvt. Ltd.,Kalika Securities Pvt. Ltd.,2026-04-22 12:06:45.587006
2026042201022301,HBL,50,44,10,205.1,2051.0,Cristal Kanchanjanga Securites Pvt. Ltd.,Dynamic Money Managers Securities Pvt. Ltd.,2026-04-22 12:06:46.697866
2026042201022535,HBL,50,58,10,205.1,2051.0,Cristal Kanchanjanga Securites Pvt. Ltd.,Naasa Securities Co. Ltd.,2026-04-22 12:07:33.969534
2026042201022542,HBL,50,64,10,205.1,2051.0,Cristal Kanchanjanga Securites Pvt. Ltd.,SUN SECURITIES PVT LTD,2026-04-22 12:07:37.121329
2026042201022606,HBL,50,35,10,205.1,2051.0,Cristal Kanchanjanga Securites Pvt. Ltd.,Kohinoor Investment & Securities Pvt. Ltd.,2026-04-22 12:07:47.952862
2026042201022724,HBL,43,50,40,205.2,8208.0,South Asian Bulls Pvt. Ltd.,Cristal Kanchanjanga Securites Pvt. Ltd.,2026-04-22 12:08:04.855916
2026042201022725,HBL,43,25,10,205.2,2052.0,South Asian Bulls Pvt. Ltd.,Sweta Securities Private Limited,2026-04-22 12:08:04.856610
2026042201022753,HBL,50,58,20,205.1,4102.0,Cristal Kanchanjanga Securites Pvt. Ltd.,Naasa Securities Co. Ltd.,2026-04-22 12:08:12.657896
2026042201022810,HBL,50,49,10,205.1,2051.0,Cristal Kanchanjanga Securites Pvt. Ltd.,Online Securities Pvt. Ltd.,2026-04-22 12:08:17.411732
2026042201022851,HBL,50,4,37,205.1,7588.7,Cristal Kanchanjanga Securites Pvt. Ltd.,Opal Securities Investment (PVT) Ltd.,2026-04-22 12:08:28.684456
2026042201022852,HBL,58,4,17,205.1,3486.7,Naasa Securities Co. Ltd.,Opal Securities Investment (PVT) Ltd.,2026-04-22 12:08:28.684826
2026042201022853,HBL,1,4,168,205.1,34456.8,Kumari Securities Private Limited,Opal Securities Investment (PVT) Ltd.,2026-04-22 12:08:28.685015
2026042201022862,HBL,1,56,10,205.1,2051.0,Kumari Securities Private Limited,Sri Hari Securities Pvt. Ltd.,2026-04-22 12:08:30.610481
2026042201022884,HBL,1,29,822,205.1,168592.2,Kumari Securities Private Limited,Trisul Securities & Invt. Ltd.,2026-04-22 12:08:34.626404
2026042201022885,HBL,58,29,300,205.1,61530.0,Naasa Securities Co. Ltd.,Trisul Securities & Invt. Ltd.,2026-04-22 12:08:34.626766
2026042201022886,HBL,6,29,127,205.0,26035.0,Agrawal Securities (PVT) Ltd.,Trisul Securities & Invt. Ltd.,2026-04-22 12:08:34.626948
2026042201022887,HBL,46,29,50,205.0,10250.0,Kalika Securities Pvt. Ltd.,Trisul Securities & Invt. Ltd.,2026-04-22 12:08:34.627140
2026042201022888,HBL,58,29,40,205.0,8200.0,Naasa Securities Co. Ltd.,Trisul Securities & Invt. Ltd.,2026-04-22 12:08:34.627308
2026042201022889,HBL,41,29,20,205.0,4100.0,Linch Stock Market Ltd.,Trisul Securities & Invt. Ltd.,2026-04-22 12:08:34.627472
2026042201022890,HBL,41,29,50,205.0,10250.0,Linch Stock Market Ltd.,Trisul Securities & Invt. Ltd.,2026-04-22 12:08:34.627645
2026042201022891,HBL,22,29,20,205.0,4100.0,Siprabi Securities Pvt. Ltd.,Trisul Securities & Invt. Ltd.,2026-04-22 12:08:34.627814
2026042201022892,HBL,49,29,17,205.0,3485.0,Online Securities Pvt. Ltd.,Trisul Securities & Invt. Ltd.,2026-04-22 12:08:34.628035
2026042201022893,HBL,59,29,50,205.0,10250.0,Deevyaa Securities & Stock House Pvt. Ltd,Trisul Securities & Invt. Ltd.,2026-04-22 12:08:34.628195
2026042201022894,HBL,49,29,60,205.0,12300.0,Online Securities Pvt. Ltd.,Trisul Securities & Invt. Ltd.,2026-04-22 12:08:34.628355
2026042201022895,HBL,10,29,100,205.0,20500.0,Pragyan Securities (PVT) Ltd.,Trisul Securities & Invt. Ltd.,2026-04-22 12:08:34.628515
2026042201022896,HBL,45,29,200,205.0,41000.0,Imperial Securities Company Pvt. Ltd.,Trisul Securities & Invt. Ltd.,2026-04-22 12:08:34.628673
2026042201022897,HBL,41,29,500,205.0,102500.0,Linch Stock Market Ltd.,Trisul Securities & Invt. Ltd.,2026-04-22 12:08:34.628833
2026042201022898,HBL,58,29,69,205.0,14145.0,Naasa Securities Co. Ltd.,Trisul Securities & Invt. Ltd.,2026-04-22 12:08:34.628990
2026042201022899,HBL,1,29,40,205.0,8200.0,Kumari Securities Private Limited,Trisul Securities & Invt. Ltd.,2026-04-22 12:08:34.629150
2026042201022900,HBL,49,29,485,205.0,99425.0,Online Securities Pvt. Ltd.,Trisul Securities & Invt. Ltd.,2026-04-22 12:08:34.629309
2026042201022901,HBL,38,29,1000,205.0,205000.0,Dipshikha Dhitopatra Karobar Co. Pvt Ltd.,Trisul Securities & Invt. Ltd.,2026-04-22 12:08:34.629468
2026042201022902,HBL,58,29,200,205.0,41000.0,Naasa Securities Co. Ltd.,Trisul Securities & Invt. Ltd.,2026-04-22 12:08:34.629626
2026042201022903,HBL,6,29,480,205.0,98400.0,Agrawal Securities (PVT) Ltd.,Trisul Securities & Invt. Ltd.,2026-04-22 12:08:34.629785
2026042201022904,HBL,58,29,30,205.0,6150.0,Naasa Securities Co. Ltd.,Trisul Securities & Invt. Ltd.,2026-04-22 12:08:34.629940
2026042201022905,HBL,32,29,500,205.0,102500.0,Premier Securities Company Ltd.,Trisul Securities & Invt. Ltd.,2026-04-22 12:08:34.630111
2026042201022906,HBL,59,29,486,205.0,99630.0,Deevyaa Securities & Stock House Pvt. Ltd,Trisul Securities & Invt. Ltd.,2026-04-22 12:08:34.630300
2026042201022907,HBL,48,29,20,205.0,4100.0,Trishakti Securities Public Limited,Trisul Securities & Invt. Ltd.,2026-04-22 12:08:34.630465
2026042201022908,HBL,48,29,500,205.0,102500.0,Trishakti Securities Public Limited,Trisul Securities & Invt. Ltd.,2026-04-22 12:08:34.630619
2026042201022909,HBL,42,29,1020,205.0,209100.0,Sani Securities Company Ltd.,Trisul Securities & Invt. Ltd.,2026-04-22 12:08:34.630794
2026042201022910,HBL,42,29,100,205.0,20500.0,Sani Securities Company Ltd.,Trisul Securities & Invt. Ltd.,2026-04-22 12:08:34.630967
2026042201023126,HBL,51,49,10,204.9,2049.0,Oxford Securities Pvt. Ltd.,Online Securities Pvt. Ltd.,2026-04-22 12:09:18.484676
2026042201023178,HBL,51,45,10,204.9,2049.0,Oxford Securities Pvt. Ltd.,Imperial Securities Company Pvt. Ltd.,2026-04-22 12:09:27.139599
2026042201023219,HBL,17,42,30,205.0,6150.0,ABC Securities Private Limited,Sani Securities Company Ltd.,2026-04-22 12:09:34.646553
2026042201023221,HBL,51,57,10,204.9,2049.0,Oxford Securities Pvt. Ltd.,Aryatara Investment & Securities,2026-04-22 12:09:35.070738
2026042201023397,HBL,51,57,10,204.9,2049.0,Oxford Securities Pvt. Ltd.,Aryatara Investment & Securities,2026-04-22 12:10:09.896084
2026042201023457,HBL,51,45,10,204.9,2049.0,Oxford Securities Pvt. Ltd.,Imperial Securities Company Pvt. Ltd.,2026-04-22 12:10:23.551624
2026042201023468,HBL,51,4,10,204.9,2049.0,Oxford Securities Pvt. Ltd.,Opal Securities Investment (PVT) Ltd.,2026-04-22 12:10:26.681348
2026042201023471,HBL,51,49,10,204.9,2049.0,Oxford Securities Pvt. Ltd.,Online Securities Pvt. Ltd.,2026-04-22 12:10:27.817985
2026042201023487,HBL,51,89,10,204.9,2049.0,Oxford Securities Pvt. Ltd.,Global IME Securities Limited,2026-04-22 12:10:31.478119
2026042201023552,HBL,51,49,10,204.9,2049.0,Oxford Securities Pvt. Ltd.,Online Securities Pvt. Ltd.,2026-04-22 12:10:45.142622
2026042201023558,HBL,51,57,10,204.9,2049.0,Oxford Securities Pvt. Ltd.,Aryatara Investment & Securities,2026-04-22 12:10:47.315834
2026042201023629,HBL,38,16,10,204.9,2049.0,Dipshikha Dhitopatra Karobar Co. Pvt Ltd.,Primo Securities (PVT) Ltd.,2026-04-22 12:11:02.342064
2026042201023658,HBL,38,74,10,204.9,2049.0,Dipshikha Dhitopatra Karobar Co. Pvt Ltd.,KALASH STOCK MARKET PVT. LTD.,2026-04-22 12:11:10.970244
2026042201023697,HBL,38,51,10,204.9,2049.0,Dipshikha Dhitopatra Karobar Co. Pvt Ltd.,Oxford Securities Pvt. Ltd.,2026-04-22 12:11:22.084605
2026042201023820,HBL,38,16,10,204.9,2049.0,Dipshikha Dhitopatra Karobar Co. Pvt Ltd.,Primo Securities (PVT) Ltd.,2026-04-22 12:11:42.536641
2026042201023828,HBL,17,42,20,205.0,4100.0,ABC Securities Private Limited,Sani Securities Company Ltd.,2026-04-22 12:11:44.404609
2026042201023923,HBL,58,42,160,205.0,32800.0,Naasa Securities Co. Ltd.,Sani Securities Company Ltd.,2026-04-22 12:12:03.604551
2026042201023924,HBL,58,19,10,205.0,2050.0,Naasa Securities Co. Ltd.,Nepal Investment And Securities Trading Private Limited,2026-04-22 12:12:03.604890
2026042201023925,HBL,58,47,10,205.0,2050.0,Naasa Securities Co. Ltd.,Neev Securities Pvt. Ltd.,2026-04-22 12:12:03.605070
2026042201023926,HBL,58,36,10,205.0,2050.0,Naasa Securities Co. Ltd.,Secured Securities Ltd.,2026-04-22 12:12:03.605239
2026042201023927,HBL,58,58,10,205.0,2050.0,Naasa Securities Co. Ltd.,Naasa Securities Co. Ltd.,2026-04-22 12:12:03.605399
2026042201023980,HBL,53,47,10,204.9,2049.0,Investment Management Nepal Pvt. Ltd.,Neev Securities Pvt. Ltd.,2026-04-22 12:12:14.175579
2026042201024110,HBL,53,17,10,204.9,2049.0,Investment Management Nepal Pvt. Ltd.,ABC Securities Private Limited,2026-04-22 12:12:43.127955
2026042201024440,HBL,53,7,10,204.9,2049.0,Investment Management Nepal Pvt. Ltd.,J.F. Securites (PVT) Ltd.,2026-04-22 12:13:42.744121
2026042201024452,HBL,53,42,10,204.9,2049.0,Investment Management Nepal Pvt. Ltd.,Sani Securities Company Ltd.,2026-04-22 12:13:44.857696
2026042201024458,HBL,53,34,10,204.9,2049.0,Investment Management Nepal Pvt. Ltd.,Vision Securities Pvt. Ltd,2026-04-22 12:13:46.680665
2026042201024489,HBL,17,40,10,204.8,2048.0,ABC Securities Private Limited,Creative Securities Pvt Ltd,2026-04-22 12:13:56.649232
2026042201024606,HBL,17,57,10,204.8,2048.0,ABC Securities Private Limited,Aryatara Investment & Securities,2026-04-22 12:14:29.151672
2026042201024740,HBL,17,29,480,204.8,98304.0,ABC Securities Private Limited,Trisul Securities & Invt. Ltd.,2026-04-22 12:14:59.699980
2026042201024741,HBL,42,29,392,204.7,80242.4,Sani Securities Company Ltd.,Trisul Securities & Invt. Ltd.,2026-04-22 12:14:59.700359
2026042201024742,HBL,38,29,145,204.7,29681.5,Dipshikha Dhitopatra Karobar Co. Pvt Ltd.,Trisul Securities & Invt. Ltd.,2026-04-22 12:14:59.700549
2026042201024743,HBL,42,29,100,204.7,20470.0,Sani Securities Company Ltd.,Trisul Securities & Invt. Ltd.,2026-04-22 12:14:59.700719
2026042201024744,HBL,52,29,70,204.7,14329.0,Sundhara Securities Limited,Trisul Securities & Invt. Ltd.,2026-04-22 12:14:59.700885
2026042201024745,HBL,52,29,180,204.5,36810.0,Sundhara Securities Limited,Trisul Securities & Invt. Ltd.,2026-04-22 12:14:59.701058
2026042201024746,HBL,41,29,18,204.5,3681.0,Linch Stock Market Ltd.,Trisul Securities & Invt. Ltd.,2026-04-22 12:14:59.701224
2026042201024747,HBL,35,29,100,204.5,20450.0,Kohinoor Investment & Securities Pvt. Ltd.,Trisul Securities & Invt. Ltd.,2026-04-22 12:14:59.701388
2026042201024748,HBL,10,29,150,204.5,30675.0,Pragyan Securities (PVT) Ltd.,Trisul Securities & Invt. Ltd.,2026-04-22 12:14:59.701558
2026042201024749,HBL,58,29,10,204.5,2045.0,Naasa Securities Co. Ltd.,Trisul Securities & Invt. Ltd.,2026-04-22 12:14:59.701723
2026042201024750,HBL,21,29,385,204.1,78578.5,Midas Stock Broking Company Private Limited,Trisul Securities & Invt. Ltd.,2026-04-22 12:14:59.701885
2026042201024751,HBL,1,29,1000,204.1,204100.0,Kumari Securities Private Limited,Trisul Securities & Invt. Ltd.,2026-04-22 12:14:59.702056
2026042201024752,HBL,11,29,200,204.0,40800.0,Malla & Malla Stock Broking Company Pvt. Limited,Trisul Securities & Invt. Ltd.,2026-04-22 12:14:59.702222
2026042201024753,HBL,50,29,500,204.0,102000.0,Cristal Kanchanjanga Securites Pvt. Ltd.,Trisul Securities & Invt. Ltd.,2026-04-22 12:14:59.702393
2026042201024754,HBL,42,29,15,204.0,3060.0,Sani Securities Company Ltd.,Trisul Securities & Invt. Ltd.,2026-04-22 12:14:59.702576
2026042201024755,HBL,50,29,200,204.0,40800.0,Cristal Kanchanjanga Securites Pvt. Ltd.,Trisul Securities & Invt. Ltd.,2026-04-22 12:14:59.702738
2026042201024756,HBL,52,29,200,204.0,40800.0,Sundhara Securities Limited,Trisul Securities & Invt. Ltd.,2026-04-22 12:14:59.702914
2026042201024757,HBL,57,29,800,204.0,163200.0,Aryatara Investment & Securities,Trisul Securities & Invt. Ltd.,2026-04-22 12:14:59.703076
2026042201024758,HBL,45,29,100,204.0,20400.0,Imperial Securities Company Pvt. Ltd.,Trisul Securities & Invt. Ltd.,2026-04-22 12:14:59.703237
2026042201024759,HBL,58,29,100,204.0,20400.0,Naasa Securities Co. Ltd.,Trisul Securities & Invt. Ltd.,2026-04-22 12:14:59.703396
2026042201024760,HBL,10,29,770,204.0,157080.0,Pragyan Securities (PVT) Ltd.,Trisul Securities & Invt. Ltd.,2026-04-22 12:14:59.703572
2026042201024761,HBL,58,29,48,204.0,9792.0,Naasa Securities Co. Ltd.,Trisul Securities & Invt. Ltd.,2026-04-22 12:14:59.703729
2026042201024762,HBL,29,29,200,204.0,40800.0,Trisul Securities & Invt. Ltd.,Trisul Securities & Invt. Ltd.,2026-04-22 12:14:59.703890
2026042201024763,HBL,11,29,50,204.0,10200.0,Malla & Malla Stock Broking Company Pvt. Limited,Trisul Securities & Invt. Ltd.,2026-04-22 12:14:59.704081
2026042201024764,HBL,45,29,250,204.0,51000.0,Imperial Securities Company Pvt. Ltd.,Trisul Securities & Invt. Ltd.,2026-04-22 12:14:59.704246
2026042201024765,HBL,59,29,20,204.0,4080.0,Deevyaa Securities & Stock House Pvt. Ltd,Trisul Securities & Invt. Ltd.,2026-04-22 12:14:59.704404
2026042201024766,HBL,34,29,50,204.0,10200.0,Vision Securities Pvt. Ltd,Trisul Securities & Invt. Ltd.,2026-04-22 12:14:59.704561
2026042201024767,HBL,74,29,500,204.0,102000.0,KALASH STOCK MARKET PVT. LTD.,Trisul Securities & Invt. Ltd.,2026-04-22 12:14:59.704728
2026042201024768,HBL,42,29,20,204.0,4080.0,Sani Securities Company Ltd.,Trisul Securities & Invt. Ltd.,2026-04-22 12:14:59.704882
2026042201024769,HBL,58,29,130,204.0,26520.0,Naasa Securities Co. Ltd.,Trisul Securities & Invt. Ltd.,2026-04-22 12:14:59.705041
2026042201024770,HBL,38,29,200,204.0,40800.0,Dipshikha Dhitopatra Karobar Co. Pvt Ltd.,Trisul Securities & Invt. Ltd.,2026-04-22 12:14:59.705217
2026042201024771,HBL,33,29,200,204.0,40800.0,Dakshinkali Investment & Securities Pvt. Ltd.,Trisul Securities & Invt. Ltd.,2026-04-22 12:14:59.705381
2026042201024772,HBL,42,29,2417,204.0,493068.0,Sani Securities Company Ltd.,Trisul Securities & Invt. Ltd.,2026-04-22 12:14:59.705535
2026042201024775,HBL,42,79,10,204.0,2040.0,Sani Securities Company Ltd.,pahiinvestment,2026-04-22 12:15:00.183957
2026042201024851,HBL,42,50,23,204.0,4692.0,Sani Securities Company Ltd.,Cristal Kanchanjanga Securites Pvt. Ltd.,2026-04-22 12:15:21.231100
2026042201024852,HBL,42,50,477,204.0,97308.0,Sani Securities Company Ltd.,Cristal Kanchanjanga Securites Pvt. Ltd.,2026-04-22 12:15:21.231381
2026042201024867,HBL,42,35,10,204.0,2040.0,Sani Securities Company Ltd.,Kohinoor Investment & Securities Pvt. Ltd.,2026-04-22 12:15:26.533670
2026042201024875,HBL,42,45,10,204.0,2040.0,Sani Securities Company Ltd.,Imperial Securities Company Pvt. Ltd.,2026-04-22 12:15:28.335540
2026042201024887,HBL,42,35,10,204.0,2040.0,Sani Securities Company Ltd.,Kohinoor Investment & Securities Pvt. Ltd.,2026-04-22 12:15:30.250791
2026042201024927,HBL,7,58,10,205.0,2050.0,J.F. Securites (PVT) Ltd.,Naasa Securities Co. Ltd.,2026-04-22 12:15:38.827344
2026042201024932,HBL,42,22,10,204.0,2040.0,Sani Securities Company Ltd.,Siprabi Securities Pvt. Ltd.,2026-04-22 12:15:39.994599
2026042201024982,HBL,42,43,10,204.0,2040.0,Sani Securities Company Ltd.,South Asian Bulls Pvt. Ltd.,2026-04-22 12:15:52.004138
2026042201025055,HBL,42,58,80,205.0,16400.0,Sani Securities Company Ltd.,Naasa Securities Co. Ltd.,2026-04-22 12:16:06.939892
2026042201025056,HBL,42,58,10,205.0,2050.0,Sani Securities Company Ltd.,Naasa Securities Co. Ltd.,2026-04-22 12:16:06.940513
2026042201025057,HBL,42,4,10,205.0,2050.0,Sani Securities Company Ltd.,Opal Securities Investment (PVT) Ltd.,2026-04-22 12:16:06.940986
2026042201025058,HBL,42,70,10,205.0,2050.0,Sani Securities Company Ltd.,Infinity Securities Limited,2026-04-22 12:16:06.941430
2026042201025097,HBL,42,58,10,205.0,2050.0,Sani Securities Company Ltd.,Naasa Securities Co. Ltd.,2026-04-22 12:16:17.966865
2026042201025112,HBL,42,4,10,205.0,2050.0,Sani Securities Company Ltd.,Opal Securities Investment (PVT) Ltd.,2026-04-22 12:16:21.825839
2026042201025113,HBL,51,49,10,205.1,2051.0,Oxford Securities Pvt. Ltd.,Online Securities Pvt. Ltd.,2026-04-22 12:16:22.159704
2026042201025114,HBL,51,17,10,205.1,2051.0,Oxford Securities Pvt. Ltd.,ABC Securities Private Limited,2026-04-22 12:16:22.388358
2026042201025120,HBL,51,42,10,205.1,2051.0,Oxford Securities Pvt. Ltd.,Sani Securities Company Ltd.,2026-04-22 12:16:24.166345
2026042201025169,HBL,51,8,10,205.1,2051.0,Oxford Securities Pvt. Ltd.,Brilliant Securities Pvt. Ltd.,2026-04-22 12:16:35.381006
2026042201025175,HBL,51,49,10,205.1,2051.0,Oxford Securities Pvt. Ltd.,Online Securities Pvt. Ltd.,2026-04-22 12:16:37.678550
2026042201025195,HBL,51,29,50,205.1,10255.0,Oxford Securities Pvt. Ltd.,Trisul Securities & Invt. Ltd.,2026-04-22 12:16:43.642808
2026042201025196,HBL,38,29,10,205.1,2051.0,Dipshikha Dhitopatra Karobar Co. Pvt Ltd.,Trisul Securities & Invt. Ltd.,2026-04-22 12:16:43.643097
2026042201025197,HBL,42,29,370,205.0,75850.0,Sani Securities Company Ltd.,Trisul Securities & Invt. Ltd.,2026-04-22 12:16:43.643257
2026042201025198,HBL,42,29,158,204.5,32311.0,Sani Securities Company Ltd.,Trisul Securities & Invt. Ltd.,2026-04-22 12:16:43.643410
2026042201025199,HBL,42,29,423,204.0,86292.0,Sani Securities Company Ltd.,Trisul Securities & Invt. Ltd.,2026-04-22 12:16:43.643562
2026042201025200,HBL,58,29,45,204.0,9180.0,Naasa Securities Co. Ltd.,Trisul Securities & Invt. Ltd.,2026-04-22 12:16:43.643713
2026042201025201,HBL,42,29,10,204.0,2040.0,Sani Securities Company Ltd.,Trisul Securities & Invt. Ltd.,2026-04-22 12:16:43.643859
2026042201025202,HBL,7,29,100,204.0,20400.0,J.F. Securites (PVT) Ltd.,Trisul Securities & Invt. Ltd.,2026-04-22 12:16:43.644008
2026042201025203,HBL,42,29,225,204.0,45900.0,Sani Securities Company Ltd.,Trisul Securities & Invt. Ltd.,2026-04-22 12:16:43.644162
2026042201025204,HBL,58,29,100,204.0,20400.0,Naasa Securities Co. Ltd.,Trisul Securities & Invt. Ltd.,2026-04-22 12:16:43.644312
2026042201025205,HBL,58,29,100,204.0,20400.0,Naasa Securities Co. Ltd.,Trisul Securities & Invt. Ltd.,2026-04-22 12:16:43.644511
2026042201025206,HBL,58,29,294,203.1,59711.4,Naasa Securities Co. Ltd.,Trisul Securities & Invt. Ltd.,2026-04-22 12:16:43.644661
2026042201025244,HBL,58,32,10,203.1,2031.0,Naasa Securities Co. Ltd.,Premier Securities Company Ltd.,2026-04-22 12:16:48.104118
2026042201025328,HBL,36,41,21,205.0,4305.0,Secured Securities Ltd.,Linch Stock Market Ltd.,2026-04-22 12:17:12.266339
2026042201025383,HBL,58,4,10,203.1,2031.0,Naasa Securities Co. Ltd.,Opal Securities Investment (PVT) Ltd.,2026-04-22 12:17:31.325274
2026042201025542,HBL,77,53,10,204.5,2045.0,Nabil Stock Dealer Ltd.,Investment Management Nepal Pvt. Ltd.,2026-04-22 12:17:55.595496
2026042201025612,HBL,77,34,10,204.5,2045.0,Nabil Stock Dealer Ltd.,Vision Securities Pvt. Ltd,2026-04-22 12:18:13.234603
2026042201025852,HBL,77,62,10,204.5,2045.0,Nabil Stock Dealer Ltd.,Capital Max Securities Ltd,2026-04-22 12:18:57.075345
2026042201025898,HBL,77,34,10,204.5,2045.0,Nabil Stock Dealer Ltd.,Vision Securities Pvt. Ltd,2026-04-22 12:19:11.924671
2026042201025964,HBL,77,32,250,204.5,51125.0,Nabil Stock Dealer Ltd.,Premier Securities Company Ltd.,2026-04-22 12:19:27.040060
2026042201026017,HBL,77,49,10,204.5,2045.0,Nabil Stock Dealer Ltd.,Online Securities Pvt. Ltd.,2026-04-22 12:19:36.452006
2026042201026104,HBL,22,51,10,204.0,2040.0,Siprabi Securities Pvt. Ltd.,Oxford Securities Pvt. Ltd.,2026-04-22 12:19:54.295804
2026042201026203,HBL,58,49,10,204.0,2040.0,Naasa Securities Co. Ltd.,Online Securities Pvt. Ltd.,2026-04-22 12:20:10.523996
2026042201026235,HBL,58,34,10,204.0,2040.0,Naasa Securities Co. Ltd.,Vision Securities Pvt. Ltd,2026-04-22 12:20:14.757872
2026042201026512,HBL,58,49,10,204.0,2040.0,Naasa Securities Co. Ltd.,Online Securities Pvt. Ltd.,2026-04-22 12:21:11.237222
2026042201026555,HBL,58,37,10,204.0,2040.0,Naasa Securities Co. Ltd.,Swarna Laxmi Securities Pvt. Ltd.,2026-04-22 12:21:23.563894
2026042201026655,HBL,58,58,30,204.0,6120.0,Naasa Securities Co. Ltd.,Naasa Securities Co. Ltd.,2026-04-22 12:21:43.329497
2026042201026794,HBL,58,7,10,204.0,2040.0,Naasa Securities Co. Ltd.,J.F. Securites (PVT) Ltd.,2026-04-22 12:22:13.573647
2026042201026905,HBL,58,38,10,204.1,2041.0,Naasa Securities Co. Ltd.,Dipshikha Dhitopatra Karobar Co. Pvt Ltd.,2026-04-22 12:22:31.822601
2026042201026989,HBL,58,58,10,204.1,2041.0,Naasa Securities Co. Ltd.,Naasa Securities Co. Ltd.,2026-04-22 12:22:53.806605
2026042201026995,HBL,58,35,10,204.1,2041.0,Naasa Securities Co. Ltd.,Kohinoor Investment & Securities Pvt. Ltd.,2026-04-22 12:22:55.479538
2026042201026997,HBL,58,34,10,204.1,2041.0,Naasa Securities Co. Ltd.,Vision Securities Pvt. Ltd,2026-04-22 12:22:55.884570
2026042201027030,HBL,58,14,10,204.1,2041.0,Naasa Securities Co. Ltd.,Nepal Stock House (PVT) Ltd.,2026-04-22 12:23:03.104824
2026042201027033,HBL,58,58,10,204.1,2041.0,Naasa Securities Co. Ltd.,Naasa Securities Co. Ltd.,2026-04-22 12:23:03.420608
2026042201027084,HBL,58,42,10,204.1,2041.0,Naasa Securities Co. Ltd.,Sani Securities Company Ltd.,2026-04-22 12:23:11.740929
2026042201027173,HBL,58,22,10,204.1,2041.0,Naasa Securities Co. Ltd.,Siprabi Securities Pvt. Ltd.,2026-04-22 12:23:27.609996
2026042201027207,HBL,58,19,10,204.1,2041.0,Naasa Securities Co. Ltd.,Nepal Investment And Securities Trading Private Limited,2026-04-22 12:23:33.951090
2026042201027238,HBL,58,58,10,204.1,2041.0,Naasa Securities Co. Ltd.,Naasa Securities Co. Ltd.,2026-04-22 12:23:40.377630
2026042201027311,HBL,58,42,10,204.1,2041.0,Naasa Securities Co. Ltd.,Sani Securities Company Ltd.,2026-04-22 12:23:57.660388
2026042201027374,HBL,58,58,200,204.1,40820.0,Naasa Securities Co. Ltd.,Naasa Securities Co. Ltd.,2026-04-22 12:24:16.685185
2026042201027421,HBL,58,34,10,204.1,2041.0,Naasa Securities Co. Ltd.,Vision Securities Pvt. Ltd,2026-04-22 12:24:27.103752
2026042201027605,HBL,6,42,10,204.2,2042.0,Agrawal Securities (PVT) Ltd.,Sani Securities Company Ltd.,2026-04-22 12:25:10.455596
2026042201027673,HBL,6,29,10,204.2,2042.0,Agrawal Securities (PVT) Ltd.,Trisul Securities & Invt. Ltd.,2026-04-22 12:25:29.403218
2026042201027722,HBL,6,63,70,204.2,14294.0,Agrawal Securities (PVT) Ltd.,Himalayan Brokerage Company Limited,2026-04-22 12:25:36.940338
2026042201027723,HBL,58,63,680,204.1,138788.0,Naasa Securities Co. Ltd.,Himalayan Brokerage Company Limited,2026-04-22 12:25:36.940439
2026042201027724,HBL,42,63,55,204.1,11225.5,Sani Securities Company Ltd.,Himalayan Brokerage Company Limited,2026-04-22 12:25:36.940508
2026042201027725,HBL,42,63,30,204.0,6120.0,Sani Securities Company Ltd.,Himalayan Brokerage Company Limited,2026-04-22 12:25:36.940585
2026042201027726,HBL,13,63,500,204.0,102000.0,Thrive Brokerage House Pvt. Ltd,Himalayan Brokerage Company Limited,2026-04-22 12:25:36.940661
2026042201027727,HBL,35,63,675,204.0,137700.0,Kohinoor Investment & Securities Pvt. Ltd.,Himalayan Brokerage Company Limited,2026-04-22 12:25:36.940734
2026042201027770,HBL,35,32,10,204.0,2040.0,Kohinoor Investment & Securities Pvt. Ltd.,Premier Securities Company Ltd.,2026-04-22 12:25:42.971694
2026042201028166,HBL,35,42,10,204.0,2040.0,Kohinoor Investment & Securities Pvt. Ltd.,Sani Securities Company Ltd.,2026-04-22 12:26:43.140149
2026042201028189,HBL,35,58,10,204.0,2040.0,Kohinoor Investment & Securities Pvt. Ltd.,Naasa Securities Co. Ltd.,2026-04-22 12:26:47.253619
2026042201028249,HBL,35,7,10,204.0,2040.0,Kohinoor Investment & Securities Pvt. Ltd.,J.F. Securites (PVT) Ltd.,2026-04-22 12:27:03.617992
2026042201028253,HBL,35,34,10,204.0,2040.0,Kohinoor Investment & Securities Pvt. Ltd.,Vision Securities Pvt. Ltd,2026-04-22 12:27:04.457373
2026042201028258,HBL,35,14,10,204.0,2040.0,Kohinoor Investment & Securities Pvt. Ltd.,Nepal Stock House (PVT) Ltd.,2026-04-22 12:27:05.592633
2026042201028312,HBL,35,95,10,204.0,2040.0,Kohinoor Investment & Securities Pvt. Ltd.,Magnet Securities and Investment Company Private Limited,2026-04-22 12:27:16.127419
2026042201028372,HBL,35,41,10,204.0,2040.0,Kohinoor Investment & Securities Pvt. Ltd.,Linch Stock Market Ltd.,2026-04-22 12:27:28.194039
2026042201028476,HBL,35,58,10,204.0,2040.0,Kohinoor Investment & Securities Pvt. Ltd.,Naasa Securities Co. Ltd.,2026-04-22 12:27:47.282433
2026042201028493,HBL,35,49,10,204.0,2040.0,Kohinoor Investment & Securities Pvt. Ltd.,Online Securities Pvt. Ltd.,2026-04-22 12:27:50.195696
2026042201028593,HBL,33,90,500,204.5,102250.0,Dakshinkali Investment & Securities Pvt. Ltd.,Sajilo Broker Limited,2026-04-22 12:28:13.789065
2026042201028625,HBL,35,14,10,204.0,2040.0,Kohinoor Investment & Securities Pvt. Ltd.,Nepal Stock House (PVT) Ltd.,2026-04-22 12:28:25.359519
2026042201028668,HBL,35,37,10,204.0,2040.0,Kohinoor Investment & Securities Pvt. Ltd.,Swarna Laxmi Securities Pvt. Ltd.,2026-04-22 12:28:38.692860
2026042201029165,HBL,35,38,10,204.0,2040.0,Kohinoor Investment & Securities Pvt. Ltd.,Dipshikha Dhitopatra Karobar Co. Pvt Ltd.,2026-04-22 12:29:57.315668
2026042201029177,HBL,35,58,10,204.0,2040.0,Kohinoor Investment & Securities Pvt. Ltd.,Naasa Securities Co. Ltd.,2026-04-22 12:30:00.864066
2026042201029308,HBL,85,63,10,204.1,2041.0,Capital Hub P. Ltd,Himalayan Brokerage Company Limited,2026-04-22 12:30:24.064493
2026042201029411,HBL,85,45,10,204.1,2041.0,Capital Hub P. Ltd,Imperial Securities Company Pvt. Ltd.,2026-04-22 12:30:41.586590
2026042201029488,HBL,85,48,10,204.1,2041.0,Capital Hub P. Ltd,Trishakti Securities Public Limited,2026-04-22 12:30:58.861013
2026042201029638,HBL,85,14,10,204.1,2041.0,Capital Hub P. Ltd,Nepal Stock House (PVT) Ltd.,2026-04-22 12:31:09.722399
2026042201029639,HBL,57,14,300,204.1,61230.0,Aryatara Investment & Securities,Nepal Stock House (PVT) Ltd.,2026-04-22 12:31:09.722800
2026042201029812,HBL,35,57,10,204.0,2040.0,Kohinoor Investment & Securities Pvt. Ltd.,Aryatara Investment & Securities,2026-04-22 12:31:34.527132
2026042201029831,HBL,35,90,175,204.0,35700.0,Kohinoor Investment & Securities Pvt. Ltd.,Sajilo Broker Limited,2026-04-22 12:31:38.389927
2026042201029832,HBL,43,90,100,204.0,20400.0,South Asian Bulls Pvt. Ltd.,Sajilo Broker Limited,2026-04-22 12:31:38.390712
2026042201029833,HBL,13,90,100,204.0,20400.0,Thrive Brokerage House Pvt. Ltd,Sajilo Broker Limited,2026-04-22 12:31:38.391293
2026042201029834,HBL,75,90,100,204.0,20400.0,N.I.M.B. Stock Markets Limited,Sajilo Broker Limited,2026-04-22 12:31:38.391844
2026042201029835,HBL,6,90,25,204.0,5100.0,Agrawal Securities (PVT) Ltd.,Sajilo Broker Limited,2026-04-22 12:31:38.392408
2026042201029914,HBL,6,45,10,204.0,2040.0,Agrawal Securities (PVT) Ltd.,Imperial Securities Company Pvt. Ltd.,2026-04-22 12:31:55.076554
2026042201029976,HBL,6,44,10,204.0,2040.0,Agrawal Securities (PVT) Ltd.,Dynamic Money Managers Securities Pvt. Ltd.,2026-04-22 12:32:07.134381
2026042201030416,HBL,6,58,10,204.0,2040.0,Agrawal Securities (PVT) Ltd.,Naasa Securities Co. Ltd.,2026-04-22 12:33:04.771990
2026042201030524,HBL,62,14,690,204.1,140829.0,Capital Max Securities Ltd,Nepal Stock House (PVT) Ltd.,2026-04-22 12:33:16.688669
2026042201030571,HBL,6,7,10,204.0,2040.0,Agrawal Securities (PVT) Ltd.,J.F. Securites (PVT) Ltd.,2026-04-22 12:33:20.298998
2026042201030724,HBL,6,56,10,204.0,2040.0,Agrawal Securities (PVT) Ltd.,Sri Hari Securities Pvt. Ltd.,2026-04-22 12:33:40.571880
2026042201030838,HBL,6,19,10,204.0,2040.0,Agrawal Securities (PVT) Ltd.,Nepal Investment And Securities Trading Private Limited,2026-04-22 12:34:02.395011
2026042201030870,HBL,6,58,10,204.0,2040.0,Agrawal Securities (PVT) Ltd.,Naasa Securities Co. Ltd.,2026-04-22 12:34:12.240584
2026042201031067,HBL,70,14,300,204.2,61260.0,Infinity Securities Limited,Nepal Stock House (PVT) Ltd.,2026-04-22 12:34:36.270352
2026042201031068,HBL,1,14,3210,204.1,655161.0,Kumari Securities Private Limited,Nepal Stock House (PVT) Ltd.,2026-04-22 12:34:36.271208
2026042201031093,HBL,1,58,10,204.1,2041.0,Kumari Securities Private Limited,Naasa Securities Co. Ltd.,2026-04-22 12:34:45.220066
2026042201031174,HBL,1,58,10,204.1,2041.0,Kumari Securities Private Limited,Naasa Securities Co. Ltd.,2026-04-22 12:35:05.625188
2026042201031184,HBL,1,57,10,204.1,2041.0,Kumari Securities Private Limited,Aryatara Investment & Securities,2026-04-22 12:35:10.517717
2026042201031201,HBL,1,49,10,204.1,2041.0,Kumari Securities Private Limited,Online Securities Pvt. Ltd.,2026-04-22 12:35:11.650306
2026042201031219,HBL,1,22,10,204.1,2041.0,Kumari Securities Private Limited,Siprabi Securities Pvt. Ltd.,2026-04-22 12:35:15.715165
2026042201031528,HBL,57,39,10,204.5,2045.0,Aryatara Investment & Securities,Sumeru Securities Pvt. Ltd.,2026-04-22 12:36:12.207019
2026042201031599,HBL,57,58,10,204.5,2045.0,Aryatara Investment & Securities,Naasa Securities Co. Ltd.,2026-04-22 12:36:34.090185
2026042201031852,HBL,57,4,10,204.5,2045.0,Aryatara Investment & Securities,Opal Securities Investment (PVT) Ltd.,2026-04-22 12:37:07.631538
2026042201031866,HBL,62,42,10,204.5,2045.0,Capital Max Securities Ltd,Sani Securities Company Ltd.,2026-04-22 12:37:13.990143
2026042201032165,HBL,96,45,10,204.7,2047.0,Himalayan Securities Limited,Imperial Securities Company Pvt. Ltd.,2026-04-22 12:38:19.033241
2026042201032198,HBL,96,38,10,204.7,2047.0,Himalayan Securities Limited,Dipshikha Dhitopatra Karobar Co. Pvt Ltd.,2026-04-22 12:38:24.682463
2026042201032239,HBL,49,41,10,205.0,2050.0,Online Securities Pvt. Ltd.,Linch Stock Market Ltd.,2026-04-22 12:38:37.233785
2026042201032243,HBL,45,41,200,205.0,41000.0,Imperial Securities Company Pvt. Ltd.,Linch Stock Market Ltd.,2026-04-22 12:38:38.960530
2026042201032455,HBL,17,41,10,205.0,2050.0,ABC Securities Private Limited,Linch Stock Market Ltd.,2026-04-22 12:39:18.682288
2026042201032463,HBL,42,41,100,205.0,20500.0,Sani Securities Company Ltd.,Linch Stock Market Ltd.,2026-04-22 12:39:23.646394
2026042201032487,HBL,53,41,30,205.0,6150.0,Investment Management Nepal Pvt. Ltd.,Linch Stock Market Ltd.,2026-04-22 12:39:30.914212
2026042201032492,HBL,57,41,250,205.0,51250.0,Aryatara Investment & Securities,Linch Stock Market Ltd.,2026-04-22 12:39:32.830519
2026042201032525,HBL,42,41,100,205.0,20500.0,Sani Securities Company Ltd.,Linch Stock Market Ltd.,2026-04-22 12:39:48.378973
2026042201032557,HBL,1,41,279,205.0,57195.0,Kumari Securities Private Limited,Linch Stock Market Ltd.,2026-04-22 12:39:58.327086
2026042201032558,HBL,1,38,10,205.0,2050.0,Kumari Securities Private Limited,Dipshikha Dhitopatra Karobar Co. Pvt Ltd.,2026-04-22 12:39:58.327900
2026042201032559,HBL,1,7,10,205.0,2050.0,Kumari Securities Private Limited,J.F. Securites (PVT) Ltd.,2026-04-22 12:39:58.328481
2026042201032560,HBL,1,58,10,205.0,2050.0,Kumari Securities Private Limited,Naasa Securities Co. Ltd.,2026-04-22 12:39:58.329042
2026042201032561,HBL,1,42,10,205.0,2050.0,Kumari Securities Private Limited,Sani Securities Company Ltd.,2026-04-22 12:39:58.329587
2026042201032562,HBL,1,19,10,205.0,2050.0,Kumari Securities Private Limited,Nepal Investment And Securities Trading Private Limited,2026-04-22 12:39:58.330144
2026042201032563,HBL,1,22,10,205.0,2050.0,Kumari Securities Private Limited,Siprabi Securities Pvt. Ltd.,2026-04-22 12:39:58.330690
2026042201032564,HBL,1,36,40,205.0,8200.0,Kumari Securities Private Limited,Secured Securities Ltd.,2026-04-22 12:39:58.331248
2026042201032565,HBL,1,7,10,205.0,2050.0,Kumari Securities Private Limited,J.F. Securites (PVT) Ltd.,2026-04-22 12:39:58.331787
2026042201032566,HBL,1,89,10,205.0,2050.0,Kumari Securities Private Limited,Global IME Securities Limited,2026-04-22 12:39:58.332343
2026042201032567,HBL,1,38,10,205.0,2050.0,Kumari Securities Private Limited,Dipshikha Dhitopatra Karobar Co. Pvt Ltd.,2026-04-22 12:39:58.332886
2026042201032568,HBL,1,41,400,205.0,82000.0,Kumari Securities Private Limited,Linch Stock Market Ltd.,2026-04-22 12:39:58.333440
2026042201032569,HBL,1,19,10,205.0,2050.0,Kumari Securities Private Limited,Nepal Investment And Securities Trading Private Limited,2026-04-22 12:39:58.333980
2026042201032570,HBL,1,35,10,205.0,2050.0,Kumari Securities Private Limited,Kohinoor Investment & Securities Pvt. Ltd.,2026-04-22 12:39:58.334522
2026042201032571,HBL,1,33,10,205.0,2050.0,Kumari Securities Private Limited,Dakshinkali Investment & Securities Pvt. Ltd.,2026-04-22 12:39:58.335094
2026042201032572,HBL,1,58,10,205.0,2050.0,Kumari Securities Private Limited,Naasa Securities Co. Ltd.,2026-04-22 12:39:58.335669
2026042201032573,HBL,1,8,10,205.0,2050.0,Kumari Securities Private Limited,Brilliant Securities Pvt. Ltd.,2026-04-22 12:39:58.855148
2026042201032622,HBL,1,58,10,205.0,2050.0,Kumari Securities Private Limited,Naasa Securities Co. Ltd.,2026-04-22 12:40:17.009589
2026042201032631,HBL,1,44,10,205.0,2050.0,Kumari Securities Private Limited,Dynamic Money Managers Securities Pvt. Ltd.,2026-04-22 12:40:20.767266
2026042201032687,HBL,1,34,10,205.0,2050.0,Kumari Securities Private Limited,Vision Securities Pvt. Ltd,2026-04-22 12:40:37.864099
2026042201032751,HBL,1,4,10,205.0,2050.0,Kumari Securities Private Limited,Opal Securities Investment (PVT) Ltd.,2026-04-22 12:41:01.742477
2026042201032778,HBL,58,25,100,205.9,20590.0,Naasa Securities Co. Ltd.,Sweta Securities Private Limited,2026-04-22 12:41:09.163151
2026042201032779,HBL,58,57,10,205.9,2059.0,Naasa Securities Co. Ltd.,Aryatara Investment & Securities,2026-04-22 12:41:09.163529
2026042201032819,HBL,1,58,10,205.0,2050.0,Kumari Securities Private Limited,Naasa Securities Co. Ltd.,2026-04-22 12:41:15.005535
2026042201032872,HBL,1,1,270,205.0,55350.0,Kumari Securities Private Limited,Kumari Securities Private Limited,2026-04-22 12:41:36.179706
2026042201032895,HBL,1,42,20,205.0,4100.0,Kumari Securities Private Limited,Sani Securities Company Ltd.,2026-04-22 12:41:38.036394
2026042201033007,HBL,1,34,10,205.0,2050.0,Kumari Securities Private Limited,Vision Securities Pvt. Ltd,2026-04-22 12:42:39.007855
