contractId,stockSymbol,buyerMemberId,sellerMemberId,quantity,rate,amount,businessDate,tradeBookId,stockId,buyerBrokerName,sellerBrokerName,transaction_time,securityName
2026042204000101,HURJA,50,47,200,262.0,52400.0,2026-04-22,187373760,2824,Cristal Kanchanjanga Securites Pvt. Ltd.,Neev Securities Pvt. Ltd.,2026-04-22 11:02:29.400099,Himalaya Urja Bikas Company Limited
2026042204000102,HURJA,74,47,300,262.0,78600.0,2026-04-22,187373761,2824,KALASH STOCK MARKET PVT. LTD.,Neev Securities Pvt. Ltd.,2026-04-22 11:02:29.400163,Himalaya Urja Bikas Company Limited
2026042204000111,HURJA,74,54,200,262.0,52400.0,2026-04-22,187373849,2824,KALASH STOCK MARKET PVT. LTD.,Sewa Securities Pvt. Ltd.,2026-04-22 11:02:37.113726,Himalaya Urja Bikas Company Limited
2026042204000123,HURJA,74,22,1000,262.0,262000.0,2026-04-22,187374104,2824,KALASH STOCK MARKET PVT. LTD.,Siprabi Securities Pvt. Ltd.,2026-04-22 11:03:00.769070,Himalaya Urja Bikas Company Limited
2026042204000233,HURJA,19,13,20,260.0,5200.0,2026-04-22,187375542,2824,Nepal Investment And Securities Trading Private Limited,Thrive Brokerage House Pvt. Ltd,2026-04-22 11:04:41.616995,Himalaya Urja Bikas Company Limited
2026042204000546,HURJA,57,36,100,258.2,25820.0,2026-04-22,187378356,2824,Aryatara Investment & Securities,Secured Securities Ltd.,2026-04-22 11:07:32.674369,Himalaya Urja Bikas Company Limited
2026042204000547,HURJA,50,36,100,258.1,25810.0,2026-04-22,187378358,2824,Cristal Kanchanjanga Securites Pvt. Ltd.,Secured Securities Ltd.,2026-04-22 11:07:32.674473,Himalaya Urja Bikas Company Limited
2026042204000548,HURJA,65,36,65,258.1,16776.5,2026-04-22,187378360,2824,Sharepro Securities Private Limited,Secured Securities Ltd.,2026-04-22 11:07:32.674509,Himalaya Urja Bikas Company Limited
2026042204000549,HURJA,45,36,30,258.0,7740.0,2026-04-22,187378362,2824,Imperial Securities Company Pvt. Ltd.,Secured Securities Ltd.,2026-04-22 11:07:32.674544,Himalaya Urja Bikas Company Limited
2026042204000550,HURJA,84,36,500,258.0,129000.0,2026-04-22,187378364,2824,MILKY WAY SHARE BROKER COMPANY LTD ,Secured Securities Ltd.,2026-04-22 11:07:32.674577,Himalaya Urja Bikas Company Limited
2026042204000551,HURJA,52,36,100,258.0,25800.0,2026-04-22,187378366,2824,Sundhara Securities Limited,Secured Securities Ltd.,2026-04-22 11:07:32.674642,Himalaya Urja Bikas Company Limited
2026042204000571,HURJA,45,36,90,258.0,23220.0,2026-04-22,187378630,2824,Imperial Securities Company Pvt. Ltd.,Secured Securities Ltd.,2026-04-22 11:07:43.898299,Himalaya Urja Bikas Company Limited
2026042204000880,HURJA,26,36,15,258.0,3870.0,2026-04-22,187381738,2824,Asian Securities Private Ltd.,Secured Securities Ltd.,2026-04-22 11:10:04.373472,Himalaya Urja Bikas Company Limited
2026042204000967,HURJA,53,22,1389,258.0,358362.0,2026-04-22,187382705,2824,Investment Management Nepal Pvt. Ltd.,Siprabi Securities Pvt. Ltd.,2026-04-22 11:10:57.413964,Himalaya Urja Bikas Company Limited
2026042204001005,HURJA,19,14,50,258.1,12905.0,2026-04-22,187383085,2824,Nepal Investment And Securities Trading Private Limited,Nepal Stock House (PVT) Ltd.,2026-04-22 11:11:14.813878,Himalaya Urja Bikas Company Limited
2026042204001222,HURJA,83,36,500,258.6,129300.0,2026-04-22,187385885,2824,Sanima Securities Limited,Secured Securities Ltd.,2026-04-22 11:13:16.958223,Himalaya Urja Bikas Company Limited
2026042204001229,HURJA,45,62,200,258.5,51700.0,2026-04-22,187386043,2824,Imperial Securities Company Pvt. Ltd.,Capital Max Securities Ltd,2026-04-22 11:13:23.422042,Himalaya Urja Bikas Company Limited
2026042204001235,HURJA,59,10,20,259.0,5180.0,2026-04-22,187386087,2824,Deevyaa Securities & Stock House Pvt. Ltd,Pragyan Securities (PVT) Ltd.,2026-04-22 11:13:26.724058,Himalaya Urja Bikas Company Limited
2026042204001276,HURJA,59,51,40,259.5,10380.0,2026-04-22,187386756,2824,Deevyaa Securities & Stock House Pvt. Ltd,Oxford Securities Pvt. Ltd.,2026-04-22 11:14:00.264940,Himalaya Urja Bikas Company Limited
2026042204001301,HURJA,45,49,20,259.4,5188.0,2026-04-22,187387178,2824,Imperial Securities Company Pvt. Ltd.,Online Securities Pvt. Ltd.,2026-04-22 11:14:20.062100,Himalaya Urja Bikas Company Limited
2026042204001396,HURJA,34,49,50,259.4,12970.0,2026-04-22,187388526,2824,Vision Securities Pvt. Ltd,Online Securities Pvt. Ltd.,2026-04-22 11:15:20.705998,Himalaya Urja Bikas Company Limited
2026042204001409,HURJA,57,49,100,259.4,25940.0,2026-04-22,187388638,2824,Aryatara Investment & Securities,Online Securities Pvt. Ltd.,2026-04-22 11:15:24.430321,Himalaya Urja Bikas Company Limited
2026042204001467,HURJA,64,49,10,259.4,2594.0,2026-04-22,187389329,2824,SUN SECURITIES PVT LTD,Online Securities Pvt. Ltd.,2026-04-22 11:15:52.387452,Himalaya Urja Bikas Company Limited
2026042204001469,HURJA,57,51,320,259.5,83040.0,2026-04-22,187389427,2824,Aryatara Investment & Securities,Oxford Securities Pvt. Ltd.,2026-04-22 11:15:57.317825,Himalaya Urja Bikas Company Limited
2026042204001470,HURJA,57,62,72,259.5,18684.0,2026-04-22,187389429,2824,Aryatara Investment & Securities,Capital Max Securities Ltd,2026-04-22 11:15:57.318040,Himalaya Urja Bikas Company Limited
2026042204001471,HURJA,57,13,108,260.0,28080.0,2026-04-22,187389432,2824,Aryatara Investment & Securities,Thrive Brokerage House Pvt. Ltd,2026-04-22 11:15:57.318190,Himalaya Urja Bikas Company Limited
2026042204001556,HURJA,45,80,59,259.0,15281.0,2026-04-22,187390453,2824,Imperial Securities Company Pvt. Ltd.,Indira securities pvt. ltd,2026-04-22 11:16:42.456977,Himalaya Urja Bikas Company Limited
2026042204001609,HURJA,45,64,141,259.0,36519.0,2026-04-22,187390978,2824,Imperial Securities Company Pvt. Ltd.,SUN SECURITIES PVT LTD,2026-04-22 11:17:01.549121,Himalaya Urja Bikas Company Limited
2026042204001610,HURJA,26,64,100,259.0,25900.0,2026-04-22,187390980,2824,Asian Securities Private Ltd.,SUN SECURITIES PVT LTD,2026-04-22 11:17:01.549264,Himalaya Urja Bikas Company Limited
2026042204001611,HURJA,84,64,50,259.0,12950.0,2026-04-22,187390982,2824,MILKY WAY SHARE BROKER COMPANY LTD ,SUN SECURITIES PVT LTD,2026-04-22 11:17:01.549321,Himalaya Urja Bikas Company Limited
2026042204001612,HURJA,49,64,10,258.6,2586.0,2026-04-22,187390984,2824,Online Securities Pvt. Ltd.,SUN SECURITIES PVT LTD,2026-04-22 11:17:01.549370,Himalaya Urja Bikas Company Limited
2026042204001613,HURJA,7,64,200,258.5,51700.0,2026-04-22,187390986,2824,J.F. Securites (PVT) Ltd.,SUN SECURITIES PVT LTD,2026-04-22 11:17:01.549416,Himalaya Urja Bikas Company Limited
2026042204001614,HURJA,40,64,350,258.5,90475.0,2026-04-22,187390988,2824,Creative Securities Pvt Ltd,SUN SECURITIES PVT LTD,2026-04-22 11:17:01.549462,Himalaya Urja Bikas Company Limited
2026042204001615,HURJA,59,64,29,258.2,7487.8,2026-04-22,187390989,2824,Deevyaa Securities & Stock House Pvt. Ltd,SUN SECURITIES PVT LTD,2026-04-22 11:17:01.549509,Himalaya Urja Bikas Company Limited
2026042204001825,HURJA,94,39,1910,259.0,494690.0,2026-04-22,187393255,2824,K.B.L. Securities Limited ,Sumeru Securities Pvt. Ltd.,2026-04-22 11:18:38.430828,Himalaya Urja Bikas Company Limited
2026042204001925,HURJA,94,66,90,259.0,23310.0,2026-04-22,187395053,2824,K.B.L. Securities Limited ,Miyo Securities Pvt Ltd,2026-04-22 11:19:48.448544,Himalaya Urja Bikas Company Limited
2026042204001966,HURJA,26,62,100,258.5,25850.0,2026-04-22,187395882,2824,Asian Securities Private Ltd.,Capital Max Securities Ltd,2026-04-22 11:20:11.909232,Himalaya Urja Bikas Company Limited
2026042204001967,HURJA,52,62,300,258.5,77550.0,2026-04-22,187395884,2824,Sundhara Securities Limited,Capital Max Securities Ltd,2026-04-22 11:20:11.909416,Himalaya Urja Bikas Company Limited
2026042204001968,HURJA,45,62,500,258.2,129100.0,2026-04-22,187395886,2824,Imperial Securities Company Pvt. Ltd.,Capital Max Securities Ltd,2026-04-22 11:20:11.909479,Himalaya Urja Bikas Company Limited
2026042204001969,HURJA,19,62,50,258.1,12905.0,2026-04-22,187395888,2824,Nepal Investment And Securities Trading Private Limited,Capital Max Securities Ltd,2026-04-22 11:20:11.909536,Himalaya Urja Bikas Company Limited
2026042204001970,HURJA,13,62,850,258.1,219385.0,2026-04-22,187395890,2824,Thrive Brokerage House Pvt. Ltd,Capital Max Securities Ltd,2026-04-22 11:20:11.909591,Himalaya Urja Bikas Company Limited
2026042204001971,HURJA,6,62,50,258.1,12905.0,2026-04-22,187395892,2824,Agrawal Securities (PVT) Ltd.,Capital Max Securities Ltd,2026-04-22 11:20:11.909646,Himalaya Urja Bikas Company Limited
2026042204001972,HURJA,4,62,10,258.1,2581.0,2026-04-22,187395894,2824,Opal Securities Investment (PVT) Ltd.,Capital Max Securities Ltd,2026-04-22 11:20:11.909700,Himalaya Urja Bikas Company Limited
2026042204001973,HURJA,53,62,3611,258.0,931638.0,2026-04-22,187395896,2824,Investment Management Nepal Pvt. Ltd.,Capital Max Securities Ltd,2026-04-22 11:20:11.909771,Himalaya Urja Bikas Company Limited
2026042204001974,HURJA,44,62,100,258.0,25800.0,2026-04-22,187395898,2824,Dynamic Money Managers Securities Pvt. Ltd.,Capital Max Securities Ltd,2026-04-22 11:20:11.909834,Himalaya Urja Bikas Company Limited
2026042204001975,HURJA,32,62,100,258.0,25800.0,2026-04-22,187395900,2824,Premier Securities Company Ltd.,Capital Max Securities Ltd,2026-04-22 11:20:11.909887,Himalaya Urja Bikas Company Limited
2026042204001976,HURJA,32,62,500,258.0,129000.0,2026-04-22,187395902,2824,Premier Securities Company Ltd.,Capital Max Securities Ltd,2026-04-22 11:20:11.909934,Himalaya Urja Bikas Company Limited
2026042204001977,HURJA,38,62,3000,258.0,774000.0,2026-04-22,187395904,2824,Dipshikha Dhitopatra Karobar Co. Pvt Ltd.,Capital Max Securities Ltd,2026-04-22 11:20:11.909985,Himalaya Urja Bikas Company Limited
2026042204001978,HURJA,64,62,40,258.0,10320.0,2026-04-22,187395906,2824,SUN SECURITIES PVT LTD,Capital Max Securities Ltd,2026-04-22 11:20:11.910035,Himalaya Urja Bikas Company Limited
2026042204001979,HURJA,67,62,50,258.0,12900.0,2026-04-22,187395908,2824,Property Wiard Limited,Capital Max Securities Ltd,2026-04-22 11:20:11.910083,Himalaya Urja Bikas Company Limited
2026042204001980,HURJA,54,62,115,258.0,29670.0,2026-04-22,187395910,2824,Sewa Securities Pvt. Ltd.,Capital Max Securities Ltd,2026-04-22 11:20:11.910130,Himalaya Urja Bikas Company Limited
2026042204002186,HURJA,59,32,21,259.9,5457.9,2026-04-22,187398520,2824,Deevyaa Securities & Stock House Pvt. Ltd,Premier Securities Company Ltd.,2026-04-22 11:21:55.436677,Himalaya Urja Bikas Company Limited
2026042204002223,HURJA,35,32,400,259.9,103960.0,2026-04-22,187398970,2824,Kohinoor Investment & Securities Pvt. Ltd.,Premier Securities Company Ltd.,2026-04-22 11:22:16.227738,Himalaya Urja Bikas Company Limited
2026042204002265,HURJA,45,32,79,259.9,20532.1,2026-04-22,187399723,2824,Imperial Securities Company Pvt. Ltd.,Premier Securities Company Ltd.,2026-04-22 11:22:54.839478,Himalaya Urja Bikas Company Limited
2026042204002266,HURJA,45,13,59,260.0,15340.0,2026-04-22,187399725,2824,Imperial Securities Company Pvt. Ltd.,Thrive Brokerage House Pvt. Ltd,2026-04-22 11:22:54.839620,Himalaya Urja Bikas Company Limited
2026042204002267,HURJA,45,72,54,260.0,14040.0,2026-04-22,187399728,2824,Imperial Securities Company Pvt. Ltd.,Hatemalo Financial Services Private Limited,2026-04-22 11:22:54.839689,Himalaya Urja Bikas Company Limited
2026042204002313,HURJA,45,72,500,260.0,130000.0,2026-04-22,187400376,2824,Imperial Securities Company Pvt. Ltd.,Hatemalo Financial Services Private Limited,2026-04-22 11:23:25.691628,Himalaya Urja Bikas Company Limited
2026042204002342,HURJA,48,72,300,260.0,78000.0,2026-04-22,187401072,2824,Trishakti Securities Public Limited,Hatemalo Financial Services Private Limited,2026-04-22 11:23:50.510659,Himalaya Urja Bikas Company Limited
2026042204002348,HURJA,29,72,200,260.0,52000.0,2026-04-22,187401134,2824,Trisul Securities & Invt. Ltd.,Hatemalo Financial Services Private Limited,2026-04-22 11:23:53.794457,Himalaya Urja Bikas Company Limited
2026042204002354,HURJA,41,72,555,260.0,144300.0,2026-04-22,187401180,2824,Linch Stock Market Ltd.,Hatemalo Financial Services Private Limited,2026-04-22 11:23:56.659052,Himalaya Urja Bikas Company Limited
2026042204002370,HURJA,17,72,391,260.0,101660.0,2026-04-22,187401385,2824,ABC Securities Private Limited,Hatemalo Financial Services Private Limited,2026-04-22 11:24:07.143944,Himalaya Urja Bikas Company Limited
2026042204002390,HURJA,45,45,200,260.0,52000.0,2026-04-22,187401646,2824,Imperial Securities Company Pvt. Ltd.,Imperial Securities Company Pvt. Ltd.,2026-04-22 11:24:22.618153,Himalaya Urja Bikas Company Limited
2026042204002391,HURJA,26,45,95,260.0,24700.0,2026-04-22,187401652,2824,Asian Securities Private Ltd.,Imperial Securities Company Pvt. Ltd.,2026-04-22 11:24:22.755048,Himalaya Urja Bikas Company Limited
2026042204002398,HURJA,64,45,105,260.0,27300.0,2026-04-22,187401683,2824,SUN SECURITIES PVT LTD,Imperial Securities Company Pvt. Ltd.,2026-04-22 11:24:24.411592,Himalaya Urja Bikas Company Limited
2026042204002399,HURJA,64,58,450,260.0,117000.0,2026-04-22,187401685,2824,SUN SECURITIES PVT LTD,Naasa Securities Co. Ltd.,2026-04-22 11:24:24.411722,Himalaya Urja Bikas Company Limited
2026042204002400,HURJA,64,57,15,260.0,3900.0,2026-04-22,187401687,2824,SUN SECURITIES PVT LTD,Aryatara Investment & Securities,2026-04-22 11:24:24.411776,Himalaya Urja Bikas Company Limited
2026042204002401,HURJA,64,62,124,260.0,32240.0,2026-04-22,187401689,2824,SUN SECURITIES PVT LTD,Capital Max Securities Ltd,2026-04-22 11:24:24.411831,Himalaya Urja Bikas Company Limited
2026042204002418,HURJA,6,88,990,261.0,258390.0,2026-04-22,187401873,2824,Agrawal Securities (PVT) Ltd.,Blue Chip Securities Ltd,2026-04-22 11:24:34.862395,Himalaya Urja Bikas Company Limited
2026042204002419,HURJA,6,41,80,261.0,20880.0,2026-04-22,187401875,2824,Agrawal Securities (PVT) Ltd.,Linch Stock Market Ltd.,2026-04-22 11:24:34.862521,Himalaya Urja Bikas Company Limited
2026042204002464,HURJA,42,66,100,263.0,26300.0,2026-04-22,187402454,2824,Sani Securities Company Ltd.,Miyo Securities Pvt Ltd,2026-04-22 11:25:10.970478,Himalaya Urja Bikas Company Limited
2026042204002584,HURJA,80,66,100,263.4,26340.0,2026-04-22,187403977,2824,Indira securities pvt. ltd,Miyo Securities Pvt Ltd,2026-04-22 11:26:43.853779,Himalaya Urja Bikas Company Limited
2026042204002585,HURJA,80,70,70,263.5,18445.0,2026-04-22,187403980,2824,Indira securities pvt. ltd,Infinity Securities Limited,2026-04-22 11:26:43.853905,Himalaya Urja Bikas Company Limited
2026042204003048,HURJA,57,50,300,263.4,79020.0,2026-04-22,187410098,2824,Aryatara Investment & Securities,Cristal Kanchanjanga Securites Pvt. Ltd.,2026-04-22 11:32:43.861582,Himalaya Urja Bikas Company Limited
2026042204003145,HURJA,42,38,500,262.0,131000.0,2026-04-22,187411544,2824,Sani Securities Company Ltd.,Dipshikha Dhitopatra Karobar Co. Pvt Ltd.,2026-04-22 11:34:08.692411,Himalaya Urja Bikas Company Limited
2026042204003181,HURJA,14,38,500,262.0,131000.0,2026-04-22,187412276,2824,Nepal Stock House (PVT) Ltd.,Dipshikha Dhitopatra Karobar Co. Pvt Ltd.,2026-04-22 11:34:50.536786,Himalaya Urja Bikas Company Limited
2026042204003209,HURJA,58,50,200,263.4,52680.0,2026-04-22,187412583,2824,Naasa Securities Co. Ltd.,Cristal Kanchanjanga Securites Pvt. Ltd.,2026-04-22 11:35:07.789981,Himalaya Urja Bikas Company Limited
2026042204003210,HURJA,58,51,50,263.4,13170.0,2026-04-22,187412585,2824,Naasa Securities Co. Ltd.,Oxford Securities Pvt. Ltd.,2026-04-22 11:35:07.790150,Himalaya Urja Bikas Company Limited
2026042204003211,HURJA,58,74,400,263.4,105360.0,2026-04-22,187412587,2824,Naasa Securities Co. Ltd.,KALASH STOCK MARKET PVT. LTD.,2026-04-22 11:35:07.790220,Himalaya Urja Bikas Company Limited
2026042204003212,HURJA,58,6,200,263.4,52680.0,2026-04-22,187412589,2824,Naasa Securities Co. Ltd.,Agrawal Securities (PVT) Ltd.,2026-04-22 11:35:07.790287,Himalaya Urja Bikas Company Limited
2026042204003213,HURJA,58,70,130,263.5,34255.0,2026-04-22,187412591,2824,Naasa Securities Co. Ltd.,Infinity Securities Limited,2026-04-22 11:35:07.790365,Himalaya Urja Bikas Company Limited
2026042204003214,HURJA,58,35,820,263.5,216070.0,2026-04-22,187412594,2824,Naasa Securities Co. Ltd.,Kohinoor Investment & Securities Pvt. Ltd.,2026-04-22 11:35:07.790429,Himalaya Urja Bikas Company Limited
2026042204003237,HURJA,46,35,1500,263.5,395250.0,2026-04-22,187412822,2824,Kalika Securities Pvt. Ltd.,Kohinoor Investment & Securities Pvt. Ltd.,2026-04-22 11:35:23.526028,Himalaya Urja Bikas Company Limited
2026042204003260,HURJA,40,16,500,261.7,130850.0,2026-04-22,187413154,2824,Creative Securities Pvt Ltd,Primo Securities (PVT) Ltd.,2026-04-22 11:35:36.673528,Himalaya Urja Bikas Company Limited
2026042204003295,HURJA,58,16,15,261.7,3925.5,2026-04-22,187413628,2824,Naasa Securities Co. Ltd.,Primo Securities (PVT) Ltd.,2026-04-22 11:36:07.406091,Himalaya Urja Bikas Company Limited
2026042204003379,HURJA,46,16,485,261.7,126924.5,2026-04-22,187414617,2824,Kalika Securities Pvt. Ltd.,Primo Securities (PVT) Ltd.,2026-04-22 11:37:10.971591,Himalaya Urja Bikas Company Limited
2026042204003475,HURJA,46,8,1000,263.7,263700.0,2026-04-22,187415854,2824,Kalika Securities Pvt. Ltd.,Brilliant Securities Pvt. Ltd.,2026-04-22 11:38:22.468437,Himalaya Urja Bikas Company Limited
2026042204003495,HURJA,46,8,1015,263.7,267655.5,2026-04-22,187416152,2824,Kalika Securities Pvt. Ltd.,Brilliant Securities Pvt. Ltd.,2026-04-22 11:38:43.649996,Himalaya Urja Bikas Company Limited
2026042204003526,HURJA,13,8,250,263.7,65925.0,2026-04-22,187416568,2824,Thrive Brokerage House Pvt. Ltd,Brilliant Securities Pvt. Ltd.,2026-04-22 11:39:07.593731,Himalaya Urja Bikas Company Limited
2026042204003537,HURJA,6,8,1000,263.7,263700.0,2026-04-22,187416640,2824,Agrawal Securities (PVT) Ltd.,Brilliant Securities Pvt. Ltd.,2026-04-22 11:39:12.649892,Himalaya Urja Bikas Company Limited
2026042204003641,HURJA,7,57,40,261.2,10448.0,2026-04-22,187417991,2824,J.F. Securites (PVT) Ltd.,Aryatara Investment & Securities,2026-04-22 11:40:41.777157,Himalaya Urja Bikas Company Limited
2026042204003754,HURJA,7,69,960,261.2,250752.0,2026-04-22,187419308,2824,J.F. Securites (PVT) Ltd.,INDEX SECURITIES LIMITED,2026-04-22 11:41:48.357426,Himalaya Urja Bikas Company Limited
2026042204003755,HURJA,6,69,40,261.0,10440.0,2026-04-22,187419309,2824,Agrawal Securities (PVT) Ltd.,INDEX SECURITIES LIMITED,2026-04-22 11:41:48.357771,Himalaya Urja Bikas Company Limited
2026042204003792,HURJA,16,29,500,261.3,130650.0,2026-04-22,187419496,2824,Primo Securities (PVT) Ltd.,Trisul Securities & Invt. Ltd.,2026-04-22 11:42:00.810062,Himalaya Urja Bikas Company Limited
2026042204003793,HURJA,6,29,500,261.0,130500.0,2026-04-22,187419498,2824,Agrawal Securities (PVT) Ltd.,Trisul Securities & Invt. Ltd.,2026-04-22 11:42:00.810255,Himalaya Urja Bikas Company Limited
2026042204003813,HURJA,6,35,890,261.0,232290.0,2026-04-22,187419624,2824,Agrawal Securities (PVT) Ltd.,Kohinoor Investment & Securities Pvt. Ltd.,2026-04-22 11:42:08.113431,Himalaya Urja Bikas Company Limited
2026042204003814,HURJA,6,35,50,261.0,13050.0,2026-04-22,187419626,2824,Agrawal Securities (PVT) Ltd.,Kohinoor Investment & Securities Pvt. Ltd.,2026-04-22 11:42:08.113849,Himalaya Urja Bikas Company Limited
2026042204003815,HURJA,34,35,500,261.0,130500.0,2026-04-22,187419628,2824,Vision Securities Pvt. Ltd,Kohinoor Investment & Securities Pvt. Ltd.,2026-04-22 11:42:08.114086,Himalaya Urja Bikas Company Limited
2026042204003826,HURJA,39,35,200,261.0,52200.0,2026-04-22,187419730,2824,Sumeru Securities Pvt. Ltd.,Kohinoor Investment & Securities Pvt. Ltd.,2026-04-22 11:42:14.722286,Himalaya Urja Bikas Company Limited
2026042204003877,HURJA,17,35,10,261.0,2610.0,2026-04-22,187420222,2824,ABC Securities Private Limited,Kohinoor Investment & Securities Pvt. Ltd.,2026-04-22 11:42:45.003466,Himalaya Urja Bikas Company Limited
2026042204003975,HURJA,17,35,10,261.0,2610.0,2026-04-22,187421032,2824,ABC Securities Private Limited,Kohinoor Investment & Securities Pvt. Ltd.,2026-04-22 11:43:31.716478,Himalaya Urja Bikas Company Limited
2026042204004100,HURJA,44,35,340,261.0,88740.0,2026-04-22,187422207,2824,Dynamic Money Managers Securities Pvt. Ltd.,Kohinoor Investment & Securities Pvt. Ltd.,2026-04-22 11:44:36.644131,Himalaya Urja Bikas Company Limited
2026042204004101,HURJA,44,35,60,261.0,15660.0,2026-04-22,187422210,2824,Dynamic Money Managers Securities Pvt. Ltd.,Kohinoor Investment & Securities Pvt. Ltd.,2026-04-22 11:44:36.644385,Himalaya Urja Bikas Company Limited
2026042204004134,HURJA,14,44,100,260.2,26020.0,2026-04-22,187422429,2824,Nepal Stock House (PVT) Ltd.,Dynamic Money Managers Securities Pvt. Ltd.,2026-04-22 11:44:50.616393,Himalaya Urja Bikas Company Limited
2026042204004254,HURJA,14,51,100,260.2,26020.0,2026-04-22,187423860,2824,Nepal Stock House (PVT) Ltd.,Oxford Securities Pvt. Ltd.,2026-04-22 11:46:17.860418,Himalaya Urja Bikas Company Limited
2026042204004255,HURJA,13,51,50,260.2,13010.0,2026-04-22,187423862,2824,Thrive Brokerage House Pvt. Ltd,Oxford Securities Pvt. Ltd.,2026-04-22 11:46:17.860653,Himalaya Urja Bikas Company Limited
2026042204004256,HURJA,80,51,350,260.1,91035.0,2026-04-22,187423863,2824,Indira securities pvt. ltd,Oxford Securities Pvt. Ltd.,2026-04-22 11:46:17.860757,Himalaya Urja Bikas Company Limited
2026042204004266,HURJA,58,35,90,261.0,23490.0,2026-04-22,187423999,2824,Naasa Securities Co. Ltd.,Kohinoor Investment & Securities Pvt. Ltd.,2026-04-22 11:46:26.916063,Himalaya Urja Bikas Company Limited
2026042204004267,HURJA,58,35,210,261.0,54810.0,2026-04-22,187424002,2824,Naasa Securities Co. Ltd.,Kohinoor Investment & Securities Pvt. Ltd.,2026-04-22 11:46:26.916239,Himalaya Urja Bikas Company Limited
2026042204004270,HURJA,80,36,1000,260.1,260100.0,2026-04-22,187424017,2824,Indira securities pvt. ltd,Secured Securities Ltd.,2026-04-22 11:46:28.852832,Himalaya Urja Bikas Company Limited
2026042204004274,HURJA,80,21,200,260.1,52020.0,2026-04-22,187424101,2824,Indira securities pvt. ltd,Midas Stock Broking Company Private Limited,2026-04-22 11:46:36.109222,Himalaya Urja Bikas Company Limited
2026042204004307,HURJA,80,96,30,260.1,7803.0,2026-04-22,187424681,2824,Indira securities pvt. ltd,Himalayan Securities Limited,2026-04-22 11:47:13.319418,Himalaya Urja Bikas Company Limited
2026042204004331,HURJA,80,16,170,260.1,44217.0,2026-04-22,187425128,2824,Indira securities pvt. ltd,Primo Securities (PVT) Ltd.,2026-04-22 11:47:38.724526,Himalaya Urja Bikas Company Limited
2026042204004344,HURJA,16,16,100,260.0,26000.0,2026-04-22,187425442,2824,Primo Securities (PVT) Ltd.,Primo Securities (PVT) Ltd.,2026-04-22 11:48:00.607871,Himalaya Urja Bikas Company Limited
2026042204004345,HURJA,63,16,110,260.0,28600.0,2026-04-22,187425444,2824,Himalayan Brokerage Company Limited,Primo Securities (PVT) Ltd.,2026-04-22 11:48:00.608201,Himalaya Urja Bikas Company Limited
2026042204004346,HURJA,59,16,30,260.0,7800.0,2026-04-22,187425446,2824,Deevyaa Securities & Stock House Pvt. Ltd,Primo Securities (PVT) Ltd.,2026-04-22 11:48:00.608427,Himalaya Urja Bikas Company Limited
2026042204004347,HURJA,38,16,100,260.0,26000.0,2026-04-22,187425448,2824,Dipshikha Dhitopatra Karobar Co. Pvt Ltd.,Primo Securities (PVT) Ltd.,2026-04-22 11:48:00.608651,Himalaya Urja Bikas Company Limited
2026042204004348,HURJA,17,16,10,260.0,2600.0,2026-04-22,187425450,2824,ABC Securities Private Limited,Primo Securities (PVT) Ltd.,2026-04-22 11:48:00.608891,Himalaya Urja Bikas Company Limited
2026042204004349,HURJA,64,16,48,260.0,12480.0,2026-04-22,187425452,2824,SUN SECURITIES PVT LTD,Primo Securities (PVT) Ltd.,2026-04-22 11:48:00.609119,Himalaya Urja Bikas Company Limited
2026042204004383,HURJA,17,16,10,260.0,2600.0,2026-04-22,187425812,2824,ABC Securities Private Limited,Primo Securities (PVT) Ltd.,2026-04-22 11:48:23.213664,Himalaya Urja Bikas Company Limited
2026042204004398,HURJA,1,16,500,260.0,130000.0,2026-04-22,187425994,2824,Kumari Securities Private Limited,Primo Securities (PVT) Ltd.,2026-04-22 11:48:35.147407,Himalaya Urja Bikas Company Limited
2026042204004802,HURJA,34,16,422,260.0,109720.0,2026-04-22,187431881,2824,Vision Securities Pvt. Ltd,Primo Securities (PVT) Ltd.,2026-04-22 11:53:31.418874,Himalaya Urja Bikas Company Limited
2026042204004803,HURJA,34,58,34,260.0,8840.0,2026-04-22,187431883,2824,Vision Securities Pvt. Ltd,Naasa Securities Co. Ltd.,2026-04-22 11:53:31.419048,Himalaya Urja Bikas Company Limited
2026042204004817,HURJA,34,1,44,260.0,11440.0,2026-04-22,187432306,2824,Vision Securities Pvt. Ltd,Kumari Securities Private Limited,2026-04-22 11:53:51.715909,Himalaya Urja Bikas Company Limited
2026042204004890,HURJA,59,1,200,260.0,52000.0,2026-04-22,187433444,2824,Deevyaa Securities & Stock House Pvt. Ltd,Kumari Securities Private Limited,2026-04-22 11:54:43.451392,Himalaya Urja Bikas Company Limited
2026042204005041,HURJA,49,1,50,260.0,13000.0,2026-04-22,187435006,2824,Online Securities Pvt. Ltd.,Kumari Securities Private Limited,2026-04-22 11:56:05.737708,Himalaya Urja Bikas Company Limited
2026042204005092,HURJA,49,46,25,259.1,6477.5,2026-04-22,187435633,2824,Online Securities Pvt. Ltd.,Kalika Securities Pvt. Ltd.,2026-04-22 11:56:30.239940,Himalaya Urja Bikas Company Limited
2026042204005093,HURJA,14,46,333,259.1,86280.3,2026-04-22,187435635,2824,Nepal Stock House (PVT) Ltd.,Kalika Securities Pvt. Ltd.,2026-04-22 11:56:30.240275,Himalaya Urja Bikas Company Limited
2026042204005094,HURJA,58,46,1000,259.0,259000.0,2026-04-22,187435637,2824,Naasa Securities Co. Ltd.,Kalika Securities Pvt. Ltd.,2026-04-22 11:56:30.240509,Himalaya Urja Bikas Company Limited
2026042204005095,HURJA,34,46,1500,259.0,388500.0,2026-04-22,187435639,2824,Vision Securities Pvt. Ltd,Kalika Securities Pvt. Ltd.,2026-04-22 11:56:30.240752,Himalaya Urja Bikas Company Limited
2026042204005096,HURJA,34,46,1142,259.0,295778.0,2026-04-22,187435640,2824,Vision Securities Pvt. Ltd,Kalika Securities Pvt. Ltd.,2026-04-22 11:56:30.240966,Himalaya Urja Bikas Company Limited
2026042204005233,HURJA,34,66,300,259.0,77700.0,2026-04-22,187436913,2824,Vision Securities Pvt. Ltd,Miyo Securities Pvt Ltd,2026-04-22 11:57:35.180103,Himalaya Urja Bikas Company Limited
2026042204005357,HURJA,1,1,40,260.0,10400.0,2026-04-22,187438820,2824,Kumari Securities Private Limited,Kumari Securities Private Limited,2026-04-22 11:59:17.465471,Himalaya Urja Bikas Company Limited
2026042204005448,HURJA,34,56,58,259.0,15022.0,2026-04-22,187440092,2824,Vision Securities Pvt. Ltd,Sri Hari Securities Pvt. Ltd.,2026-04-22 12:00:06.342979,Himalaya Urja Bikas Company Limited
2026042204005455,HURJA,6,56,42,259.0,10878.0,2026-04-22,187440213,2824,Agrawal Securities (PVT) Ltd.,Sri Hari Securities Pvt. Ltd.,2026-04-22 12:00:11.203801,Himalaya Urja Bikas Company Limited
2026042204005529,HURJA,6,91,400,259.0,103600.0,2026-04-22,187440991,2824,Agrawal Securities (PVT) Ltd.,Citizens Share Broker Limited,2026-04-22 12:00:50.734917,Himalaya Urja Bikas Company Limited
2026042204005774,HURJA,42,56,50,259.1,12955.0,2026-04-22,187443184,2824,Sani Securities Company Ltd.,Sri Hari Securities Pvt. Ltd.,2026-04-22 12:02:40.311750,Himalaya Urja Bikas Company Limited
2026042204005775,HURJA,6,56,58,259.0,15022.0,2026-04-22,187443186,2824,Agrawal Securities (PVT) Ltd.,Sri Hari Securities Pvt. Ltd.,2026-04-22 12:02:40.311980,Himalaya Urja Bikas Company Limited
2026042204005776,HURJA,45,56,200,259.0,51800.0,2026-04-22,187443188,2824,Imperial Securities Company Pvt. Ltd.,Sri Hari Securities Pvt. Ltd.,2026-04-22 12:02:40.312063,Himalaya Urja Bikas Company Limited
2026042204005777,HURJA,34,56,450,258.3,116235.0,2026-04-22,187443190,2824,Vision Securities Pvt. Ltd,Sri Hari Securities Pvt. Ltd.,2026-04-22 12:02:40.312168,Himalaya Urja Bikas Company Limited
2026042204005778,HURJA,19,56,100,258.2,25820.0,2026-04-22,187443192,2824,Nepal Investment And Securities Trading Private Limited,Sri Hari Securities Pvt. Ltd.,2026-04-22 12:02:40.312243,Himalaya Urja Bikas Company Limited
2026042204005779,HURJA,43,56,142,258.2,36664.4,2026-04-22,187443193,2824,South Asian Bulls Pvt. Ltd.,Sri Hari Securities Pvt. Ltd.,2026-04-22 12:02:40.312329,Himalaya Urja Bikas Company Limited
2026042204006002,HURJA,42,41,50,258.3,12915.0,2026-04-22,187444958,2824,Sani Securities Company Ltd.,Linch Stock Market Ltd.,2026-04-22 12:04:12.865308,Himalaya Urja Bikas Company Limited
2026042204006003,HURJA,41,41,100,258.3,25830.0,2026-04-22,187444960,2824,Linch Stock Market Ltd.,Linch Stock Market Ltd.,2026-04-22 12:04:12.865537,Himalaya Urja Bikas Company Limited
2026042204006004,HURJA,43,41,58,258.2,14975.6,2026-04-22,187444962,2824,South Asian Bulls Pvt. Ltd.,Linch Stock Market Ltd.,2026-04-22 12:04:12.865624,Himalaya Urja Bikas Company Limited
2026042204006005,HURJA,45,41,92,258.2,23754.4,2026-04-22,187444963,2824,Imperial Securities Company Pvt. Ltd.,Linch Stock Market Ltd.,2026-04-22 12:04:12.865701,Himalaya Urja Bikas Company Limited
2026042204006131,HURJA,59,39,200,259.0,51800.0,2026-04-22,187446554,2824,Deevyaa Securities & Stock House Pvt. Ltd,Sumeru Securities Pvt. Ltd.,2026-04-22 12:05:42.671146,Himalaya Urja Bikas Company Limited
2026042204006157,HURJA,45,58,99,258.2,25561.8,2026-04-22,187446995,2824,Imperial Securities Company Pvt. Ltd.,Naasa Securities Co. Ltd.,2026-04-22 12:06:04.849961,Himalaya Urja Bikas Company Limited
2026042204006188,HURJA,44,39,120,259.0,31080.0,2026-04-22,187447384,2824,Dynamic Money Managers Securities Pvt. Ltd.,Sumeru Securities Pvt. Ltd.,2026-04-22 12:06:20.801871,Himalaya Urja Bikas Company Limited
2026042204006190,HURJA,11,39,30,259.0,7770.0,2026-04-22,187447391,2824,Malla & Malla Stock Broking Company Pvt. Limited,Sumeru Securities Pvt. Ltd.,2026-04-22 12:06:21.351925,Himalaya Urja Bikas Company Limited
2026042204006302,HURJA,11,46,270,259.0,69930.0,2026-04-22,187448470,2824,Malla & Malla Stock Broking Company Pvt. Limited,Kalika Securities Pvt. Ltd.,2026-04-22 12:07:13.782959,Himalaya Urja Bikas Company Limited
2026042204006356,HURJA,57,46,13,259.0,3367.0,2026-04-22,187449254,2824,Aryatara Investment & Securities,Kalika Securities Pvt. Ltd.,2026-04-22 12:07:57.072463,Himalaya Urja Bikas Company Limited
2026042204006359,HURJA,45,46,50,259.0,12950.0,2026-04-22,187449307,2824,Imperial Securities Company Pvt. Ltd.,Kalika Securities Pvt. Ltd.,2026-04-22 12:08:00.951281,Himalaya Urja Bikas Company Limited
2026042204006554,HURJA,65,46,167,259.0,43253.0,2026-04-22,187451653,2824,Sharepro Securities Private Limited,Kalika Securities Pvt. Ltd.,2026-04-22 12:10:02.122878,Himalaya Urja Bikas Company Limited
2026042204006555,HURJA,65,1,166,260.0,43160.0,2026-04-22,187451657,2824,Sharepro Securities Private Limited,Kumari Securities Private Limited,2026-04-22 12:10:02.123391,Himalaya Urja Bikas Company Limited
2026042204006556,HURJA,65,26,667,260.0,173420.0,2026-04-22,187451663,2824,Sharepro Securities Private Limited,Asian Securities Private Ltd.,2026-04-22 12:10:02.123789,Himalaya Urja Bikas Company Limited
2026042204006592,HURJA,48,26,333,260.0,86580.0,2026-04-22,187452077,2824,Trishakti Securities Public Limited,Asian Securities Private Ltd.,2026-04-22 12:10:28.078128,Himalaya Urja Bikas Company Limited
2026042204006593,HURJA,48,8,100,260.0,26000.0,2026-04-22,187452079,2824,Trishakti Securities Public Limited,Brilliant Securities Pvt. Ltd.,2026-04-22 12:10:28.078223,Himalaya Urja Bikas Company Limited
2026042204006594,HURJA,48,4,367,260.0,95420.0,2026-04-22,187452082,2824,Trishakti Securities Public Limited,Opal Securities Investment (PVT) Ltd.,2026-04-22 12:10:28.078295,Himalaya Urja Bikas Company Limited
2026042204006751,HURJA,50,48,100,258.3,25830.0,2026-04-22,187453330,2824,Cristal Kanchanjanga Securites Pvt. Ltd.,Trishakti Securities Public Limited,2026-04-22 12:11:28.565270,Himalaya Urja Bikas Company Limited
2026042204006752,HURJA,45,48,1809,258.2,467083.8,2026-04-22,187453332,2824,Imperial Securities Company Pvt. Ltd.,Trishakti Securities Public Limited,2026-04-22 12:11:28.565679,Himalaya Urja Bikas Company Limited
2026042204006753,HURJA,45,48,200,258.2,51640.0,2026-04-22,187453334,2824,Imperial Securities Company Pvt. Ltd.,Trishakti Securities Public Limited,2026-04-22 12:11:28.565928,Himalaya Urja Bikas Company Limited
2026042204006766,HURJA,6,48,100,258.1,25810.0,2026-04-22,187453528,2824,Agrawal Securities (PVT) Ltd.,Trishakti Securities Public Limited,2026-04-22 12:11:40.417099,Himalaya Urja Bikas Company Limited
2026042204006767,HURJA,45,48,971,258.1,250615.1,2026-04-22,187453529,2824,Imperial Securities Company Pvt. Ltd.,Trishakti Securities Public Limited,2026-04-22 12:11:40.417326,Himalaya Urja Bikas Company Limited
2026042204006774,HURJA,45,6,29,258.1,7484.9,2026-04-22,187453696,2824,Imperial Securities Company Pvt. Ltd.,Agrawal Securities (PVT) Ltd.,2026-04-22 12:11:47.497792,Himalaya Urja Bikas Company Limited
2026042204006775,HURJA,67,6,50,258.0,12900.0,2026-04-22,187453698,2824,Property Wiard Limited,Agrawal Securities (PVT) Ltd.,2026-04-22 12:11:47.498058,Himalaya Urja Bikas Company Limited
2026042204006776,HURJA,58,6,200,258.0,51600.0,2026-04-22,187453700,2824,Naasa Securities Co. Ltd.,Agrawal Securities (PVT) Ltd.,2026-04-22 12:11:47.498142,Himalaya Urja Bikas Company Limited
2026042204006777,HURJA,38,6,200,258.0,51600.0,2026-04-22,187453702,2824,Dipshikha Dhitopatra Karobar Co. Pvt Ltd.,Agrawal Securities (PVT) Ltd.,2026-04-22 12:11:47.498221,Himalaya Urja Bikas Company Limited
2026042204006778,HURJA,34,6,21,258.0,5418.0,2026-04-22,187453703,2824,Vision Securities Pvt. Ltd,Agrawal Securities (PVT) Ltd.,2026-04-22 12:11:47.498302,Himalaya Urja Bikas Company Limited
2026042204006919,HURJA,58,4,33,260.0,8580.0,2026-04-22,187454819,2824,Naasa Securities Co. Ltd.,Opal Securities Investment (PVT) Ltd.,2026-04-22 12:12:44.025765,Himalaya Urja Bikas Company Limited
2026042204006920,HURJA,58,46,67,260.0,17420.0,2026-04-22,187454822,2824,Naasa Securities Co. Ltd.,Kalika Securities Pvt. Ltd.,2026-04-22 12:12:44.025965,Himalaya Urja Bikas Company Limited
2026042204007151,HURJA,84,46,433,260.0,112580.0,2026-04-22,187456867,2824,MILKY WAY SHARE BROKER COMPANY LTD ,Kalika Securities Pvt. Ltd.,2026-04-22 12:14:34.434619,Himalaya Urja Bikas Company Limited
2026042204007420,HURJA,84,46,500,260.0,130000.0,2026-04-22,187459671,2824,MILKY WAY SHARE BROKER COMPANY LTD ,Kalika Securities Pvt. Ltd.,2026-04-22 12:17:14.866577,Himalaya Urja Bikas Company Limited
2026042204007421,HURJA,84,36,50,260.0,13000.0,2026-04-22,187459673,2824,MILKY WAY SHARE BROKER COMPANY LTD ,Secured Securities Ltd.,2026-04-22 12:17:14.866765,Himalaya Urja Bikas Company Limited
2026042204007445,HURJA,84,58,17,260.0,4420.0,2026-04-22,187459844,2824,MILKY WAY SHARE BROKER COMPANY LTD ,Naasa Securities Co. Ltd.,2026-04-22 12:17:23.353946,Himalaya Urja Bikas Company Limited
2026042204007768,HURJA,87,46,500,260.0,130000.0,2026-04-22,187463482,2824,S.P.S.A. Securities Limited,Kalika Securities Pvt. Ltd.,2026-04-22 12:20:26.586980,Himalaya Urja Bikas Company Limited
2026042204007844,HURJA,49,74,4499,260.0,1169740.0,2026-04-22,187464332,2824,Online Securities Pvt. Ltd.,KALASH STOCK MARKET PVT. LTD.,2026-04-22 12:21:12.640431,Himalaya Urja Bikas Company Limited
2026042204007850,HURJA,3,66,100,259.0,25900.0,2026-04-22,187464451,2824,Arun Securities (PVT) Ltd.,Miyo Securities Pvt Ltd,2026-04-22 12:21:22.862608,Himalaya Urja Bikas Company Limited
2026042204007863,HURJA,3,56,50,259.0,12950.0,2026-04-22,187464630,2824,Arun Securities (PVT) Ltd.,Sri Hari Securities Pvt. Ltd.,2026-04-22 12:21:31.499045,Himalaya Urja Bikas Company Limited
2026042204007864,HURJA,50,56,200,259.0,51800.0,2026-04-22,187464632,2824,Cristal Kanchanjanga Securites Pvt. Ltd.,Sri Hari Securities Pvt. Ltd.,2026-04-22 12:21:31.499301,Himalaya Urja Bikas Company Limited
2026042204007865,HURJA,57,56,252,259.0,65268.0,2026-04-22,187464633,2824,Aryatara Investment & Securities,Sri Hari Securities Pvt. Ltd.,2026-04-22 12:21:31.499395,Himalaya Urja Bikas Company Limited
2026042204008011,HURJA,39,66,100,260.0,26000.0,2026-04-22,187466583,2824,Sumeru Securities Pvt. Ltd.,Miyo Securities Pvt Ltd,2026-04-22 12:23:27.417783,Himalaya Urja Bikas Company Limited
2026042204008175,HURJA,39,39,500,260.0,130000.0,2026-04-22,187468501,2824,Sumeru Securities Pvt. Ltd.,Sumeru Securities Pvt. Ltd.,2026-04-22 12:25:06.549675,Himalaya Urja Bikas Company Limited
2026042204008206,HURJA,45,46,10,260.0,2600.0,2026-04-22,187469006,2824,Imperial Securities Company Pvt. Ltd.,Kalika Securities Pvt. Ltd.,2026-04-22 12:25:36.164073,Himalaya Urja Bikas Company Limited
2026042204008259,HURJA,13,38,300,259.1,77730.0,2026-04-22,187469971,2824,Thrive Brokerage House Pvt. Ltd,Dipshikha Dhitopatra Karobar Co. Pvt Ltd.,2026-04-22 12:26:17.722548,Himalaya Urja Bikas Company Limited
2026042204008294,HURJA,13,58,100,259.1,25910.0,2026-04-22,187470561,2824,Thrive Brokerage House Pvt. Ltd,Naasa Securities Co. Ltd.,2026-04-22 12:26:56.684868,Himalaya Urja Bikas Company Limited
2026042204008387,HURJA,13,16,600,259.1,155460.0,2026-04-22,187471676,2824,Thrive Brokerage House Pvt. Ltd,Primo Securities (PVT) Ltd.,2026-04-22 12:27:52.524201,Himalaya Urja Bikas Company Limited
2026042204008388,HURJA,45,16,80,259.1,20728.0,2026-04-22,187471678,2824,Imperial Securities Company Pvt. Ltd.,Primo Securities (PVT) Ltd.,2026-04-22 12:27:52.524650,Himalaya Urja Bikas Company Limited
2026042204008389,HURJA,57,16,248,259.0,64232.0,2026-04-22,187471680,2824,Aryatara Investment & Securities,Primo Securities (PVT) Ltd.,2026-04-22 12:27:52.524929,Himalaya Urja Bikas Company Limited
2026042204008390,HURJA,54,16,25,259.0,6475.0,2026-04-22,187471682,2824,Sewa Securities Pvt. Ltd.,Primo Securities (PVT) Ltd.,2026-04-22 12:27:52.525184,Himalaya Urja Bikas Company Limited
2026042204008391,HURJA,14,16,50,259.0,12950.0,2026-04-22,187471684,2824,Nepal Stock House (PVT) Ltd.,Primo Securities (PVT) Ltd.,2026-04-22 12:27:52.525450,Himalaya Urja Bikas Company Limited
2026042204008392,HURJA,57,16,50,258.3,12915.0,2026-04-22,187471686,2824,Aryatara Investment & Securities,Primo Securities (PVT) Ltd.,2026-04-22 12:27:52.525684,Himalaya Urja Bikas Company Limited
2026042204008393,HURJA,11,16,500,258.2,129100.0,2026-04-22,187471688,2824,Malla & Malla Stock Broking Company Pvt. Limited,Primo Securities (PVT) Ltd.,2026-04-22 12:27:52.525959,Himalaya Urja Bikas Company Limited
2026042204008394,HURJA,74,16,500,258.2,129100.0,2026-04-22,187471690,2824,KALASH STOCK MARKET PVT. LTD.,Primo Securities (PVT) Ltd.,2026-04-22 12:27:52.526207,Himalaya Urja Bikas Company Limited
2026042204008395,HURJA,53,16,300,258.1,77430.0,2026-04-22,187471692,2824,Investment Management Nepal Pvt. Ltd.,Primo Securities (PVT) Ltd.,2026-04-22 12:27:52.526455,Himalaya Urja Bikas Company Limited
2026042204008396,HURJA,14,16,200,258.1,51620.0,2026-04-22,187471694,2824,Nepal Stock House (PVT) Ltd.,Primo Securities (PVT) Ltd.,2026-04-22 12:27:52.526723,Himalaya Urja Bikas Company Limited
2026042204008397,HURJA,34,16,59,258.0,15222.0,2026-04-22,187471696,2824,Vision Securities Pvt. Ltd,Primo Securities (PVT) Ltd.,2026-04-22 12:27:52.526976,Himalaya Urja Bikas Company Limited
2026042204008398,HURJA,4,16,10,258.0,2580.0,2026-04-22,187471698,2824,Opal Securities Investment (PVT) Ltd.,Primo Securities (PVT) Ltd.,2026-04-22 12:27:52.527214,Himalaya Urja Bikas Company Limited
2026042204008399,HURJA,58,16,45,258.0,11610.0,2026-04-22,187471700,2824,Naasa Securities Co. Ltd.,Primo Securities (PVT) Ltd.,2026-04-22 12:27:52.527465,Himalaya Urja Bikas Company Limited
2026042204008400,HURJA,72,16,1000,258.0,258000.0,2026-04-22,187471702,2824,Hatemalo Financial Services Private Limited,Primo Securities (PVT) Ltd.,2026-04-22 12:27:52.527718,Himalaya Urja Bikas Company Limited
2026042204008401,HURJA,57,16,100,258.0,25800.0,2026-04-22,187471704,2824,Aryatara Investment & Securities,Primo Securities (PVT) Ltd.,2026-04-22 12:27:52.527952,Himalaya Urja Bikas Company Limited
2026042204008402,HURJA,47,16,500,258.0,129000.0,2026-04-22,187471706,2824,Neev Securities Pvt. Ltd.,Primo Securities (PVT) Ltd.,2026-04-22 12:27:52.528180,Himalaya Urja Bikas Company Limited
2026042204008403,HURJA,21,16,387,258.0,99846.0,2026-04-22,187471708,2824,Midas Stock Broking Company Private Limited,Primo Securities (PVT) Ltd.,2026-04-22 12:27:52.528473,Himalaya Urja Bikas Company Limited
2026042204008404,HURJA,52,16,125,258.0,32250.0,2026-04-22,187471710,2824,Sundhara Securities Limited,Primo Securities (PVT) Ltd.,2026-04-22 12:27:52.528706,Himalaya Urja Bikas Company Limited
2026042204008405,HURJA,6,16,200,258.0,51600.0,2026-04-22,187471712,2824,Agrawal Securities (PVT) Ltd.,Primo Securities (PVT) Ltd.,2026-04-22 12:27:52.528938,Himalaya Urja Bikas Company Limited
2026042204008406,HURJA,7,16,50,258.0,12900.0,2026-04-22,187471714,2824,J.F. Securites (PVT) Ltd.,Primo Securities (PVT) Ltd.,2026-04-22 12:27:52.529170,Himalaya Urja Bikas Company Limited
2026042204008407,HURJA,39,16,500,258.0,129000.0,2026-04-22,187471716,2824,Sumeru Securities Pvt. Ltd.,Primo Securities (PVT) Ltd.,2026-04-22 12:27:52.529408,Himalaya Urja Bikas Company Limited
2026042204008408,HURJA,74,16,500,258.0,129000.0,2026-04-22,187471718,2824,KALASH STOCK MARKET PVT. LTD.,Primo Securities (PVT) Ltd.,2026-04-22 12:27:52.529647,Himalaya Urja Bikas Company Limited
2026042204008409,HURJA,45,16,200,258.0,51600.0,2026-04-22,187471720,2824,Imperial Securities Company Pvt. Ltd.,Primo Securities (PVT) Ltd.,2026-04-22 12:27:52.529875,Himalaya Urja Bikas Company Limited
2026042204008410,HURJA,32,16,500,258.0,129000.0,2026-04-22,187471722,2824,Premier Securities Company Ltd.,Primo Securities (PVT) Ltd.,2026-04-22 12:27:52.530126,Himalaya Urja Bikas Company Limited
2026042204008411,HURJA,74,16,250,258.0,64500.0,2026-04-22,187471724,2824,KALASH STOCK MARKET PVT. LTD.,Primo Securities (PVT) Ltd.,2026-04-22 12:27:52.530364,Himalaya Urja Bikas Company Limited
2026042204008412,HURJA,57,16,15,258.0,3870.0,2026-04-22,187471726,2824,Aryatara Investment & Securities,Primo Securities (PVT) Ltd.,2026-04-22 12:27:52.530440,Himalaya Urja Bikas Company Limited
2026042204008545,HURJA,84,56,50,258.0,12900.0,2026-04-22,187473370,2824,MILKY WAY SHARE BROKER COMPANY LTD ,Sri Hari Securities Pvt. Ltd.,2026-04-22 12:29:23.134698,Himalaya Urja Bikas Company Limited
2026042204008546,HURJA,45,56,241,258.0,62178.0,2026-04-22,187473371,2824,Imperial Securities Company Pvt. Ltd.,Sri Hari Securities Pvt. Ltd.,2026-04-22 12:29:23.134896,Himalaya Urja Bikas Company Limited
2026042204008654,HURJA,91,16,20,259.9,5198.0,2026-04-22,187474648,2824,Citizens Share Broker Limited,Primo Securities (PVT) Ltd.,2026-04-22 12:30:25.020333,Himalaya Urja Bikas Company Limited
2026042204008700,HURJA,49,16,980,259.9,254702.0,2026-04-22,187475049,2824,Online Securities Pvt. Ltd.,Primo Securities (PVT) Ltd.,2026-04-22 12:30:45.222573,Himalaya Urja Bikas Company Limited
2026042204008701,HURJA,49,46,490,260.0,127400.0,2026-04-22,187475051,2824,Online Securities Pvt. Ltd.,Kalika Securities Pvt. Ltd.,2026-04-22 12:30:45.222940,Himalaya Urja Bikas Company Limited
2026042204008702,HURJA,49,36,500,260.0,130000.0,2026-04-22,187475053,2824,Online Securities Pvt. Ltd.,Secured Securities Ltd.,2026-04-22 12:30:45.223185,Himalaya Urja Bikas Company Limited
2026042204008703,HURJA,49,3,430,260.0,111800.0,2026-04-22,187475056,2824,Online Securities Pvt. Ltd.,Arun Securities (PVT) Ltd.,2026-04-22 12:30:45.223433,Himalaya Urja Bikas Company Limited
2026042204008729,HURJA,91,3,15,260.0,3900.0,2026-04-22,187475628,2824,Citizens Share Broker Limited,Arun Securities (PVT) Ltd.,2026-04-22 12:31:07.057711,Himalaya Urja Bikas Company Limited
2026042204008756,HURJA,35,3,25,260.0,6500.0,2026-04-22,187475984,2824,Kohinoor Investment & Securities Pvt. Ltd.,Arun Securities (PVT) Ltd.,2026-04-22 12:31:23.808055,Himalaya Urja Bikas Company Limited
2026042204008803,HURJA,21,3,30,260.0,7800.0,2026-04-22,187476717,2824,Midas Stock Broking Company Private Limited,Arun Securities (PVT) Ltd.,2026-04-22 12:32:00.971689,Himalaya Urja Bikas Company Limited
2026042204008828,HURJA,49,14,50,261.0,13050.0,2026-04-22,187477346,2824,Online Securities Pvt. Ltd.,Nepal Stock House (PVT) Ltd.,2026-04-22 12:32:29.556902,Himalaya Urja Bikas Company Limited
2026042204008836,HURJA,21,8,200,260.0,52000.0,2026-04-22,187477399,2824,Midas Stock Broking Company Private Limited,Brilliant Securities Pvt. Ltd.,2026-04-22 12:32:32.962202,Himalaya Urja Bikas Company Limited
2026042204009132,HURJA,49,34,50,261.0,13050.0,2026-04-22,187480682,2824,Online Securities Pvt. Ltd.,Vision Securities Pvt. Ltd,2026-04-22 12:35:19.417721,Himalaya Urja Bikas Company Limited
2026042204009299,HURJA,47,14,40,261.0,10440.0,2026-04-22,187482977,2824,Neev Securities Pvt. Ltd.,Nepal Stock House (PVT) Ltd.,2026-04-22 12:37:32.700303,Himalaya Urja Bikas Company Limited
2026042204009306,HURJA,7,45,200,262.0,52400.0,2026-04-22,187483053,2824,J.F. Securites (PVT) Ltd.,Imperial Securities Company Pvt. Ltd.,2026-04-22 12:37:39.406592,Himalaya Urja Bikas Company Limited
2026042204009307,HURJA,7,58,20,262.0,5240.0,2026-04-22,187483055,2824,J.F. Securites (PVT) Ltd.,Naasa Securities Co. Ltd.,2026-04-22 12:37:39.407082,Himalaya Urja Bikas Company Limited
2026042204009349,HURJA,45,16,100,262.6,26260.0,2026-04-22,187483672,2824,Imperial Securities Company Pvt. Ltd.,Primo Securities (PVT) Ltd.,2026-04-22 12:38:19.657416,Himalaya Urja Bikas Company Limited
2026042204009441,HURJA,43,16,200,262.6,52520.0,2026-04-22,187484730,2824,South Asian Bulls Pvt. Ltd.,Primo Securities (PVT) Ltd.,2026-04-22 12:39:22.488135,Himalaya Urja Bikas Company Limited
2026042204009450,HURJA,7,66,80,262.0,20960.0,2026-04-22,187484814,2824,J.F. Securites (PVT) Ltd.,Miyo Securities Pvt Ltd,2026-04-22 12:39:28.180284,Himalaya Urja Bikas Company Limited
2026042204009451,HURJA,59,66,20,262.0,5240.0,2026-04-22,187484815,2824,Deevyaa Securities & Stock House Pvt. Ltd,Miyo Securities Pvt Ltd,2026-04-22 12:39:28.180717,Himalaya Urja Bikas Company Limited
2026042204009453,HURJA,21,16,100,262.6,26260.0,2026-04-22,187484844,2824,Midas Stock Broking Company Private Limited,Primo Securities (PVT) Ltd.,2026-04-22 12:39:29.606679,Himalaya Urja Bikas Company Limited
2026042204009496,HURJA,58,16,600,262.6,157560.0,2026-04-22,187485183,2824,Naasa Securities Co. Ltd.,Primo Securities (PVT) Ltd.,2026-04-22 12:39:58.061024,Himalaya Urja Bikas Company Limited
2026042204009497,HURJA,58,16,400,262.7,105080.0,2026-04-22,187485186,2824,Naasa Securities Co. Ltd.,Primo Securities (PVT) Ltd.,2026-04-22 12:39:58.061447,Himalaya Urja Bikas Company Limited
2026042204009541,HURJA,21,16,100,262.7,26270.0,2026-04-22,187485610,2824,Midas Stock Broking Company Private Limited,Primo Securities (PVT) Ltd.,2026-04-22 12:40:25.077957,Himalaya Urja Bikas Company Limited
2026042204009739,HURJA,59,58,34,262.0,8908.0,2026-04-22,187487144,2824,Deevyaa Securities & Stock House Pvt. Ltd,Naasa Securities Co. Ltd.,2026-04-22 12:42:30.441762,Himalaya Urja Bikas Company Limited
2026042204009740,HURJA,21,58,100,261.1,26110.0,2026-04-22,187487146,2824,Midas Stock Broking Company Private Limited,Naasa Securities Co. Ltd.,2026-04-22 12:42:30.441924,Himalaya Urja Bikas Company Limited
2026042204009741,HURJA,50,58,700,261.1,182770.0,2026-04-22,187487148,2824,Cristal Kanchanjanga Securites Pvt. Ltd.,Naasa Securities Co. Ltd.,2026-04-22 12:42:30.442014,Himalaya Urja Bikas Company Limited
2026042204009742,HURJA,47,58,166,261.0,43326.0,2026-04-22,187487149,2824,Neev Securities Pvt. Ltd.,Naasa Securities Co. Ltd.,2026-04-22 12:42:30.442092,Himalaya Urja Bikas Company Limited
2026042204009899,HURJA,11,36,300,261.1,78330.0,2026-04-22,187488445,2824,Malla & Malla Stock Broking Company Pvt. Limited,Secured Securities Ltd.,2026-04-22 12:43:56.964976,Himalaya Urja Bikas Company Limited
2026042204009933,HURJA,47,36,290,261.0,75690.0,2026-04-22,187488779,2824,Neev Securities Pvt. Ltd.,Secured Securities Ltd.,2026-04-22 12:44:14.355677,Himalaya Urja Bikas Company Limited
2026042204009945,HURJA,52,36,300,260.7,78210.0,2026-04-22,187489028,2824,Sundhara Securities Limited,Secured Securities Ltd.,2026-04-22 12:44:22.670650,Himalaya Urja Bikas Company Limited
2026042204009952,HURJA,59,16,100,260.5,26050.0,2026-04-22,187489176,2824,Deevyaa Securities & Stock House Pvt. Ltd,Primo Securities (PVT) Ltd.,2026-04-22 12:44:30.509717,Himalaya Urja Bikas Company Limited
2026042204009953,HURJA,45,16,20,260.5,5210.0,2026-04-22,187489178,2824,Imperial Securities Company Pvt. Ltd.,Primo Securities (PVT) Ltd.,2026-04-22 12:44:30.510142,Himalaya Urja Bikas Company Limited
2026042204009954,HURJA,21,16,120,260.0,31200.0,2026-04-22,187489180,2824,Midas Stock Broking Company Private Limited,Primo Securities (PVT) Ltd.,2026-04-22 12:44:30.510442,Himalaya Urja Bikas Company Limited
2026042204009955,HURJA,74,16,235,260.0,61100.0,2026-04-22,187489182,2824,KALASH STOCK MARKET PVT. LTD.,Primo Securities (PVT) Ltd.,2026-04-22 12:44:30.510704,Himalaya Urja Bikas Company Limited
2026042204009956,HURJA,38,16,500,260.0,130000.0,2026-04-22,187489184,2824,Dipshikha Dhitopatra Karobar Co. Pvt Ltd.,Primo Securities (PVT) Ltd.,2026-04-22 12:44:30.510960,Himalaya Urja Bikas Company Limited
2026042204009957,HURJA,48,16,20,260.0,5200.0,2026-04-22,187489186,2824,Trishakti Securities Public Limited,Primo Securities (PVT) Ltd.,2026-04-22 12:44:30.511222,Himalaya Urja Bikas Company Limited
2026042204009958,HURJA,14,16,1000,260.0,260000.0,2026-04-22,187489188,2824,Nepal Stock House (PVT) Ltd.,Primo Securities (PVT) Ltd.,2026-04-22 12:44:30.511531,Himalaya Urja Bikas Company Limited
2026042204009959,HURJA,64,16,1780,260.0,462800.0,2026-04-22,187489189,2824,SUN SECURITIES PVT LTD,Primo Securities (PVT) Ltd.,2026-04-22 12:44:30.511799,Himalaya Urja Bikas Company Limited
2026042204009993,HURJA,64,36,26,260.0,6760.0,2026-04-22,187489650,2824,SUN SECURITIES PVT LTD,Secured Securities Ltd.,2026-04-22 12:45:03.196469,Himalaya Urja Bikas Company Limited
2026042204009994,HURJA,14,36,10,260.0,2600.0,2026-04-22,187489652,2824,Nepal Stock House (PVT) Ltd.,Secured Securities Ltd.,2026-04-22 12:45:03.196920,Himalaya Urja Bikas Company Limited
2026042204009995,HURJA,58,36,100,260.0,26000.0,2026-04-22,187489654,2824,Naasa Securities Co. Ltd.,Secured Securities Ltd.,2026-04-22 12:45:03.197177,Himalaya Urja Bikas Company Limited
2026042204009996,HURJA,35,36,44,260.0,11440.0,2026-04-22,187489655,2824,Kohinoor Investment & Securities Pvt. Ltd.,Secured Securities Ltd.,2026-04-22 12:45:03.197447,Himalaya Urja Bikas Company Limited
2026042204010061,HURJA,57,19,100,259.3,25930.0,2026-04-22,187490148,2824,Aryatara Investment & Securities,Nepal Investment And Securities Trading Private Limited,2026-04-22 12:45:36.655087,Himalaya Urja Bikas Company Limited
2026042204010062,HURJA,49,19,100,259.2,25920.0,2026-04-22,187490149,2824,Online Securities Pvt. Ltd.,Nepal Investment And Securities Trading Private Limited,2026-04-22 12:45:36.655145,Himalaya Urja Bikas Company Limited
2026042204010108,HURJA,58,25,173,260.0,44980.0,2026-04-22,187490468,2824,Naasa Securities Co. Ltd.,Sweta Securities Private Limited,2026-04-22 12:46:04.744250,Himalaya Urja Bikas Company Limited
2026042204010109,HURJA,52,25,50,259.1,12955.0,2026-04-22,187490470,2824,Sundhara Securities Limited,Sweta Securities Private Limited,2026-04-22 12:46:04.744671,Himalaya Urja Bikas Company Limited
2026042204010110,HURJA,28,25,100,259.1,25910.0,2026-04-22,187490472,2824,Shree Krishna Securities Ltd.,Sweta Securities Private Limited,2026-04-22 12:46:04.744942,Himalaya Urja Bikas Company Limited
2026042204010111,HURJA,36,25,2000,259.0,518000.0,2026-04-22,187490474,2824,Secured Securities Ltd.,Sweta Securities Private Limited,2026-04-22 12:46:04.745210,Himalaya Urja Bikas Company Limited
2026042204010112,HURJA,49,25,50,259.0,12950.0,2026-04-22,187490476,2824,Online Securities Pvt. Ltd.,Sweta Securities Private Limited,2026-04-22 12:46:04.745487,Himalaya Urja Bikas Company Limited
2026042204010113,HURJA,35,25,10,259.0,2590.0,2026-04-22,187490478,2824,Kohinoor Investment & Securities Pvt. Ltd.,Sweta Securities Private Limited,2026-04-22 12:46:04.745748,Himalaya Urja Bikas Company Limited
2026042204010190,HURJA,49,52,300,258.8,77640.0,2026-04-22,187491197,2824,Online Securities Pvt. Ltd.,Sundhara Securities Limited,2026-04-22 12:46:47.878306,Himalaya Urja Bikas Company Limited
2026042204010210,HURJA,59,25,100,259.0,25900.0,2026-04-22,187491426,2824,Deevyaa Securities & Stock House Pvt. Ltd,Sweta Securities Private Limited,2026-04-22 12:47:07.394433,Himalaya Urja Bikas Company Limited
2026042204010307,HURJA,35,58,6,259.0,1554.0,2026-04-22,187492285,2824,Kohinoor Investment & Securities Pvt. Ltd.,Naasa Securities Co. Ltd.,2026-04-22 12:48:23.884733,Himalaya Urja Bikas Company Limited
2026042204010316,HURJA,54,25,500,259.0,129500.0,2026-04-22,187492320,2824,Sewa Securities Pvt. Ltd.,Sweta Securities Private Limited,2026-04-22 12:48:27.197906,Himalaya Urja Bikas Company Limited
2026042204010405,HURJA,14,25,17,259.0,4403.0,2026-04-22,187493237,2824,Nepal Stock House (PVT) Ltd.,Sweta Securities Private Limited,2026-04-22 12:49:48.321790,Himalaya Urja Bikas Company Limited
2026042204011177,HURJA,49,49,10,260.4,2604.0,2026-04-22,187502489,2824,Online Securities Pvt. Ltd.,Online Securities Pvt. Ltd.,2026-04-22 13:04:03.723379,Himalaya Urja Bikas Company Limited
2026042204011338,HURJA,39,57,100,260.5,26050.0,2026-04-22,187504544,2824,Sumeru Securities Pvt. Ltd.,Aryatara Investment & Securities,2026-04-22 13:07:20.246169,Himalaya Urja Bikas Company Limited
2026042204011339,HURJA,49,57,100,260.4,26040.0,2026-04-22,187504545,2824,Online Securities Pvt. Ltd.,Aryatara Investment & Securities,2026-04-22 13:07:20.246460,Himalaya Urja Bikas Company Limited
2026042204011346,HURJA,35,34,50,262.0,13100.0,2026-04-22,187504627,2824,Kohinoor Investment & Securities Pvt. Ltd.,Vision Securities Pvt. Ltd,2026-04-22 13:07:27.392035,Himalaya Urja Bikas Company Limited
2026042204011347,HURJA,35,34,200,262.0,52400.0,2026-04-22,187504629,2824,Kohinoor Investment & Securities Pvt. Ltd.,Vision Securities Pvt. Ltd,2026-04-22 13:07:27.392279,Himalaya Urja Bikas Company Limited
2026042204011348,HURJA,35,6,10,262.0,2620.0,2026-04-22,187504631,2824,Kohinoor Investment & Securities Pvt. Ltd.,Agrawal Securities (PVT) Ltd.,2026-04-22 13:07:27.392393,Himalaya Urja Bikas Company Limited
2026042204011349,HURJA,35,65,500,262.6,131300.0,2026-04-22,187504633,2824,Kohinoor Investment & Securities Pvt. Ltd.,Sharepro Securities Private Limited,2026-04-22 13:07:27.392495,Himalaya Urja Bikas Company Limited
2026042204011350,HURJA,35,16,500,262.7,131350.0,2026-04-22,187504635,2824,Kohinoor Investment & Securities Pvt. Ltd.,Primo Securities (PVT) Ltd.,2026-04-22 13:07:27.392597,Himalaya Urja Bikas Company Limited
2026042204011351,HURJA,35,16,1000,262.8,262800.0,2026-04-22,187504637,2824,Kohinoor Investment & Securities Pvt. Ltd.,Primo Securities (PVT) Ltd.,2026-04-22 13:07:27.392700,Himalaya Urja Bikas Company Limited
2026042204011352,HURJA,35,26,100,262.9,26290.0,2026-04-22,187504639,2824,Kohinoor Investment & Securities Pvt. Ltd.,Asian Securities Private Ltd.,2026-04-22 13:07:27.392801,Himalaya Urja Bikas Company Limited
2026042204011353,HURJA,35,16,1000,262.9,262900.0,2026-04-22,187504641,2824,Kohinoor Investment & Securities Pvt. Ltd.,Primo Securities (PVT) Ltd.,2026-04-22 13:07:27.392902,Himalaya Urja Bikas Company Limited
2026042204011354,HURJA,35,57,40,263.0,10520.0,2026-04-22,187504643,2824,Kohinoor Investment & Securities Pvt. Ltd.,Aryatara Investment & Securities,2026-04-22 13:07:27.393002,Himalaya Urja Bikas Company Limited
2026042204011355,HURJA,35,49,100,263.0,26300.0,2026-04-22,187504645,2824,Kohinoor Investment & Securities Pvt. Ltd.,Online Securities Pvt. Ltd.,2026-04-22 13:07:27.393101,Himalaya Urja Bikas Company Limited
2026042204011385,HURJA,35,58,1100,263.0,289300.0,2026-04-22,187505005,2824,Kohinoor Investment & Securities Pvt. Ltd.,Naasa Securities Co. Ltd.,2026-04-22 13:08:02.777426,Himalaya Urja Bikas Company Limited
2026042204011412,HURJA,35,65,400,263.0,105200.0,2026-04-22,187505251,2824,Kohinoor Investment & Securities Pvt. Ltd.,Sharepro Securities Private Limited,2026-04-22 13:08:28.107450,Himalaya Urja Bikas Company Limited
2026042204011728,HURJA,44,43,50,261.0,13050.0,2026-04-22,187508687,2824,Dynamic Money Managers Securities Pvt. Ltd.,South Asian Bulls Pvt. Ltd.,2026-04-22 13:14:26.980466,Himalaya Urja Bikas Company Limited
2026042204012590,HURJA,39,6,50,263.5,13175.0,2026-04-22,187515379,2824,Sumeru Securities Pvt. Ltd.,Agrawal Securities (PVT) Ltd.,2026-04-22 13:24:53.521997,Himalaya Urja Bikas Company Limited
2026042204012591,HURJA,39,66,50,263.5,13175.0,2026-04-22,187515382,2824,Sumeru Securities Pvt. Ltd.,Miyo Securities Pvt Ltd,2026-04-22 13:24:53.522571,Himalaya Urja Bikas Company Limited
2026042204012860,HURJA,45,66,33,263.5,8695.5,2026-04-22,187518001,2824,Imperial Securities Company Pvt. Ltd.,Miyo Securities Pvt Ltd,2026-04-22 13:28:09.196050,Himalaya Urja Bikas Company Limited
2026042204012861,HURJA,45,35,470,263.5,123845.0,2026-04-22,187518003,2824,Imperial Securities Company Pvt. Ltd.,Kohinoor Investment & Securities Pvt. Ltd.,2026-04-22 13:28:09.196358,Himalaya Urja Bikas Company Limited
2026042204012862,HURJA,45,5,100,263.5,26350.0,2026-04-22,187518005,2824,Imperial Securities Company Pvt. Ltd.,Market Securities & Exchange (PVT) Ltd.,2026-04-22 13:28:09.196481,Himalaya Urja Bikas Company Limited
2026042204012888,HURJA,45,42,100,263.5,26350.0,2026-04-22,187518123,2824,Imperial Securities Company Pvt. Ltd.,Sani Securities Company Ltd.,2026-04-22 13:28:19.360771,Himalaya Urja Bikas Company Limited
2026042204013036,HURJA,45,17,297,263.5,78259.5,2026-04-22,187519308,2824,Imperial Securities Company Pvt. Ltd.,ABC Securities Private Limited,2026-04-22 13:30:31.646379,Himalaya Urja Bikas Company Limited
2026042204013076,HURJA,45,6,100,263.5,26350.0,2026-04-22,187519869,2824,Imperial Securities Company Pvt. Ltd.,Agrawal Securities (PVT) Ltd.,2026-04-22 13:31:29.046617,Himalaya Urja Bikas Company Limited
2026042204013110,HURJA,45,65,400,263.5,105400.0,2026-04-22,187520221,2824,Imperial Securities Company Pvt. Ltd.,Sharepro Securities Private Limited,2026-04-22 13:32:00.073459,Himalaya Urja Bikas Company Limited
2026042204013275,HURJA,59,50,100,263.5,26350.0,2026-04-22,187522205,2824,Deevyaa Securities & Stock House Pvt. Ltd,Cristal Kanchanjanga Securites Pvt. Ltd.,2026-04-22 13:35:12.011374,Himalaya Urja Bikas Company Limited
2026042204013276,HURJA,59,5,300,263.5,79050.0,2026-04-22,187522207,2824,Deevyaa Securities & Stock House Pvt. Ltd,Market Securities & Exchange (PVT) Ltd.,2026-04-22 13:35:12.011915,Himalaya Urja Bikas Company Limited
2026042204013277,HURJA,59,17,203,263.6,53510.8,2026-04-22,187522209,2824,Deevyaa Securities & Stock House Pvt. Ltd,ABC Securities Private Limited,2026-04-22 13:35:12.012265,Himalaya Urja Bikas Company Limited
2026042204013278,HURJA,59,8,235,263.7,61969.5,2026-04-22,187522211,2824,Deevyaa Securities & Stock House Pvt. Ltd,Brilliant Securities Pvt. Ltd.,2026-04-22 13:35:12.012631,Himalaya Urja Bikas Company Limited
2026042204013279,HURJA,59,49,10,263.7,2637.0,2026-04-22,187522213,2824,Deevyaa Securities & Stock House Pvt. Ltd,Online Securities Pvt. Ltd.,2026-04-22 13:35:12.012974,Himalaya Urja Bikas Company Limited
2026042204013310,HURJA,49,65,500,263.9,131950.0,2026-04-22,187522451,2824,Online Securities Pvt. Ltd.,Sharepro Securities Private Limited,2026-04-22 13:35:42.928067,Himalaya Urja Bikas Company Limited
2026042204013311,HURJA,49,94,3000,264.0,792000.0,2026-04-22,187522453,2824,Online Securities Pvt. Ltd.,K.B.L. Securities Limited ,2026-04-22 13:35:42.928151,Himalaya Urja Bikas Company Limited
2026042204013312,HURJA,49,50,100,264.0,26400.0,2026-04-22,187522455,2824,Online Securities Pvt. Ltd.,Cristal Kanchanjanga Securites Pvt. Ltd.,2026-04-22 13:35:42.928184,Himalaya Urja Bikas Company Limited
2026042204013313,HURJA,49,6,190,264.0,50160.0,2026-04-22,187522457,2824,Online Securities Pvt. Ltd.,Agrawal Securities (PVT) Ltd.,2026-04-22 13:35:42.928204,Himalaya Urja Bikas Company Limited
2026042204013314,HURJA,49,41,5210,264.0,1375440.0,2026-04-22,187522460,2824,Online Securities Pvt. Ltd.,Linch Stock Market Ltd.,2026-04-22 13:35:42.928226,Himalaya Urja Bikas Company Limited
2026042204013365,HURJA,59,17,152,263.7,40082.4,2026-04-22,187523056,2824,Deevyaa Securities & Stock House Pvt. Ltd,ABC Securities Private Limited,2026-04-22 13:36:43.395786,Himalaya Urja Bikas Company Limited
2026042204013529,HURJA,46,57,10,263.0,2630.0,2026-04-22,187524596,2824,Kalika Securities Pvt. Ltd.,Aryatara Investment & Securities,2026-04-22 13:39:25.141240,Himalaya Urja Bikas Company Limited
2026042204013530,HURJA,14,57,40,263.0,10520.0,2026-04-22,187524598,2824,Nepal Stock House (PVT) Ltd.,Aryatara Investment & Securities,2026-04-22 13:39:25.141774,Himalaya Urja Bikas Company Limited
2026042204013534,HURJA,83,57,250,263.0,65750.0,2026-04-22,187524686,2824,Sanima Securities Limited,Aryatara Investment & Securities,2026-04-22 13:39:34.187350,Himalaya Urja Bikas Company Limited
2026042204013625,HURJA,6,42,50,261.1,13055.0,2026-04-22,187525320,2824,Agrawal Securities (PVT) Ltd.,Sani Securities Company Ltd.,2026-04-22 13:40:38.447642,Himalaya Urja Bikas Company Limited
2026042204013626,HURJA,51,42,100,261.1,26110.0,2026-04-22,187525321,2824,Oxford Securities Pvt. Ltd.,Sani Securities Company Ltd.,2026-04-22 13:40:38.447918,Himalaya Urja Bikas Company Limited
2026042204013675,HURJA,46,22,700,262.9,184030.0,2026-04-22,187525739,2824,Kalika Securities Pvt. Ltd.,Siprabi Securities Pvt. Ltd.,2026-04-22 13:41:25.604110,Himalaya Urja Bikas Company Limited
2026042204013676,HURJA,46,57,300,263.0,78900.0,2026-04-22,187525742,2824,Kalika Securities Pvt. Ltd.,Aryatara Investment & Securities,2026-04-22 13:41:25.604400,Himalaya Urja Bikas Company Limited
2026042204013898,HURJA,45,34,50,262.9,13145.0,2026-04-22,187528407,2824,Imperial Securities Company Pvt. Ltd.,Vision Securities Pvt. Ltd,2026-04-22 13:46:44.942224,Himalaya Urja Bikas Company Limited
2026042204013907,HURJA,98,57,249,263.0,65487.0,2026-04-22,187528699,2824,Trademow Securities Private Limited,Aryatara Investment & Securities,2026-04-22 13:47:12.655678,Himalaya Urja Bikas Company Limited
2026042204013908,HURJA,98,34,50,263.0,13150.0,2026-04-22,187528701,2824,Trademow Securities Private Limited,Vision Securities Pvt. Ltd,2026-04-22 13:47:12.656020,Himalaya Urja Bikas Company Limited
2026042204013909,HURJA,45,5,33,262.9,8675.7,2026-04-22,187528703,2824,Imperial Securities Company Pvt. Ltd.,Market Securities & Exchange (PVT) Ltd.,2026-04-22 13:47:12.669914,Himalaya Urja Bikas Company Limited
2026042204013912,HURJA,45,34,30,262.9,7887.0,2026-04-22,187528737,2824,Imperial Securities Company Pvt. Ltd.,Vision Securities Pvt. Ltd,2026-04-22 13:47:17.863246,Himalaya Urja Bikas Company Limited
2026042204013991,HURJA,16,58,10,263.0,2630.0,2026-04-22,187529788,2824,Primo Securities (PVT) Ltd.,Naasa Securities Co. Ltd.,2026-04-22 13:49:04.553465,Himalaya Urja Bikas Company Limited
2026042204014346,HURJA,16,58,40,262.0,10480.0,2026-04-22,187533475,2824,Primo Securities (PVT) Ltd.,Naasa Securities Co. Ltd.,2026-04-22 13:55:23.563601,Himalaya Urja Bikas Company Limited
2026042204014347,HURJA,50,58,20,263.0,5260.0,2026-04-22,187533487,2824,Cristal Kanchanjanga Securites Pvt. Ltd.,Naasa Securities Co. Ltd.,2026-04-22 13:55:26.789333,Himalaya Urja Bikas Company Limited
2026042204014348,HURJA,50,42,43,263.0,11309.0,2026-04-22,187533490,2824,Cristal Kanchanjanga Securites Pvt. Ltd.,Sani Securities Company Ltd.,2026-04-22 13:55:26.789596,Himalaya Urja Bikas Company Limited
2026042204014392,HURJA,50,42,100,263.0,26300.0,2026-04-22,187533930,2824,Cristal Kanchanjanga Securites Pvt. Ltd.,Sani Securities Company Ltd.,2026-04-22 13:56:12.955573,Himalaya Urja Bikas Company Limited
2026042204014393,HURJA,16,42,50,262.0,13100.0,2026-04-22,187533931,2824,Primo Securities (PVT) Ltd.,Sani Securities Company Ltd.,2026-04-22 13:56:12.956169,Himalaya Urja Bikas Company Limited
2026042204014532,HURJA,25,17,190,263.7,50103.0,2026-04-22,187535328,2824,Sweta Securities Private Limited,ABC Securities Private Limited,2026-04-22 13:58:33.546241,Himalaya Urja Bikas Company Limited
2026042204014656,HURJA,16,64,100,262.0,26200.0,2026-04-22,187536745,2824,Primo Securities (PVT) Ltd.,SUN SECURITIES PVT LTD,2026-04-22 14:00:55.062864,Himalaya Urja Bikas Company Limited
2026042204014819,HURJA,16,16,6,258.0,1548.0,2026-04-22,187538481,2824,Primo Securities (PVT) Ltd.,Primo Securities (PVT) Ltd.,2026-04-22 14:03:50.378757,Himalaya Urja Bikas Company Limited
2026042204014967,HURJA,45,95,287,263.0,75481.0,2026-04-22,187540026,2824,Imperial Securities Company Pvt. Ltd.,Magnet Securities and Investment Company Private Limited,2026-04-22 14:06:00.968907,Himalaya Urja Bikas Company Limited
2026042204014971,HURJA,49,95,713,263.0,187519.0,2026-04-22,187540043,2824,Online Securities Pvt. Ltd.,Magnet Securities and Investment Company Private Limited,2026-04-22 14:06:05.006641,Himalaya Urja Bikas Company Limited
2026042204014984,HURJA,57,42,100,262.4,26240.0,2026-04-22,187540281,2824,Aryatara Investment & Securities,Sani Securities Company Ltd.,2026-04-22 14:06:36.114147,Himalaya Urja Bikas Company Limited
2026042204015054,HURJA,58,43,190,263.0,49970.0,2026-04-22,187541277,2824,Naasa Securities Co. Ltd.,South Asian Bulls Pvt. Ltd.,2026-04-22 14:08:22.413777,Himalaya Urja Bikas Company Limited
2026042204015215,HURJA,33,43,150,263.0,39450.0,2026-04-22,187542665,2824,Dakshinkali Investment & Securities Pvt. Ltd.,South Asian Bulls Pvt. Ltd.,2026-04-22 14:10:34.852157,Himalaya Urja Bikas Company Limited
2026042204015251,HURJA,19,43,50,263.0,13150.0,2026-04-22,187543261,2824,Nepal Investment And Securities Trading Private Limited,South Asian Bulls Pvt. Ltd.,2026-04-22 14:11:29.786907,Himalaya Urja Bikas Company Limited
2026042204015293,HURJA,8,17,158,263.7,41664.6,2026-04-22,187543645,2824,Brilliant Securities Pvt. Ltd.,ABC Securities Private Limited,2026-04-22 14:12:11.573565,Himalaya Urja Bikas Company Limited
2026042204015294,HURJA,8,6,42,263.8,11079.6,2026-04-22,187543648,2824,Brilliant Securities Pvt. Ltd.,Agrawal Securities (PVT) Ltd.,2026-04-22 14:12:11.574100,Himalaya Urja Bikas Company Limited
2026042204015309,HURJA,45,6,743,263.8,196003.4,2026-04-22,187543791,2824,Imperial Securities Company Pvt. Ltd.,Agrawal Securities (PVT) Ltd.,2026-04-22 14:12:31.373022,Himalaya Urja Bikas Company Limited
2026042204015470,HURJA,75,41,365,264.0,96360.0,2026-04-22,187546148,2824,N.I.M.B. Stock Markets Limited,Linch Stock Market Ltd.,2026-04-22 14:16:10.074739,Himalaya Urja Bikas Company Limited
2026042204015673,HURJA,58,41,10,264.0,2640.0,2026-04-22,187548582,2824,Naasa Securities Co. Ltd.,Linch Stock Market Ltd.,2026-04-22 14:19:31.046796,Himalaya Urja Bikas Company Limited
2026042204015678,HURJA,45,41,257,263.8,67796.6,2026-04-22,187548604,2824,Imperial Securities Company Pvt. Ltd.,Linch Stock Market Ltd.,2026-04-22 14:19:33.085153,Himalaya Urja Bikas Company Limited
2026042204015709,HURJA,44,74,900,263.1,236790.0,2026-04-22,187548788,2824,Dynamic Money Managers Securities Pvt. Ltd.,KALASH STOCK MARKET PVT. LTD.,2026-04-22 14:19:50.242613,Himalaya Urja Bikas Company Limited
2026042204015710,HURJA,34,74,1000,263.0,263000.0,2026-04-22,187548790,2824,Vision Securities Pvt. Ltd,KALASH STOCK MARKET PVT. LTD.,2026-04-22 14:19:50.242918,Himalaya Urja Bikas Company Limited
2026042204015740,HURJA,58,74,100,262.5,26250.0,2026-04-22,187549062,2824,Naasa Securities Co. Ltd.,KALASH STOCK MARKET PVT. LTD.,2026-04-22 14:20:15.768755,Himalaya Urja Bikas Company Limited
2026042204015741,HURJA,52,74,400,262.5,105000.0,2026-04-22,187549064,2824,Sundhara Securities Limited,KALASH STOCK MARKET PVT. LTD.,2026-04-22 14:20:15.769117,Himalaya Urja Bikas Company Limited
2026042204015742,HURJA,57,74,400,262.4,104960.0,2026-04-22,187549066,2824,Aryatara Investment & Securities,KALASH STOCK MARKET PVT. LTD.,2026-04-22 14:20:15.769240,Himalaya Urja Bikas Company Limited
2026042204015743,HURJA,6,74,300,262.2,78660.0,2026-04-22,187549068,2824,Agrawal Securities (PVT) Ltd.,KALASH STOCK MARKET PVT. LTD.,2026-04-22 14:20:15.769370,Himalaya Urja Bikas Company Limited
2026042204015744,HURJA,45,74,10,262.0,2620.0,2026-04-22,187549070,2824,Imperial Securities Company Pvt. Ltd.,KALASH STOCK MARKET PVT. LTD.,2026-04-22 14:20:15.769508,Himalaya Urja Bikas Company Limited
2026042204015745,HURJA,57,74,35,262.0,9170.0,2026-04-22,187549072,2824,Aryatara Investment & Securities,KALASH STOCK MARKET PVT. LTD.,2026-04-22 14:20:15.769642,Himalaya Urja Bikas Company Limited
2026042204015746,HURJA,54,74,200,262.0,52400.0,2026-04-22,187549074,2824,Sewa Securities Pvt. Ltd.,KALASH STOCK MARKET PVT. LTD.,2026-04-22 14:20:15.769758,Himalaya Urja Bikas Company Limited
2026042204015747,HURJA,42,74,45,262.0,11790.0,2026-04-22,187549076,2824,Sani Securities Company Ltd.,KALASH STOCK MARKET PVT. LTD.,2026-04-22 14:20:15.769873,Himalaya Urja Bikas Company Limited
2026042204015748,HURJA,42,74,610,262.0,159820.0,2026-04-22,187549077,2824,Sani Securities Company Ltd.,KALASH STOCK MARKET PVT. LTD.,2026-04-22 14:20:15.769995,Himalaya Urja Bikas Company Limited
2026042204015806,HURJA,42,8,150,262.0,39300.0,2026-04-22,187549668,2824,Sani Securities Company Ltd.,Brilliant Securities Pvt. Ltd.,2026-04-22 14:21:11.868108,Himalaya Urja Bikas Company Limited
2026042204015807,HURJA,38,8,60,262.0,15720.0,2026-04-22,187549670,2824,Dipshikha Dhitopatra Karobar Co. Pvt Ltd.,Brilliant Securities Pvt. Ltd.,2026-04-22 14:21:11.868666,Himalaya Urja Bikas Company Limited
2026042204015808,HURJA,42,8,270,262.0,70740.0,2026-04-22,187549672,2824,Sani Securities Company Ltd.,Brilliant Securities Pvt. Ltd.,2026-04-22 14:21:11.869012,Himalaya Urja Bikas Company Limited
2026042204015846,HURJA,59,34,200,261.5,52300.0,2026-04-22,187550188,2824,Deevyaa Securities & Stock House Pvt. Ltd,Vision Securities Pvt. Ltd,2026-04-22 14:21:46.931873,Himalaya Urja Bikas Company Limited
2026042204015847,HURJA,51,34,300,261.3,78390.0,2026-04-22,187550190,2824,Oxford Securities Pvt. Ltd.,Vision Securities Pvt. Ltd,2026-04-22 14:21:46.931943,Himalaya Urja Bikas Company Limited
2026042204015848,HURJA,49,34,125,261.3,32662.5,2026-04-22,187550192,2824,Online Securities Pvt. Ltd.,Vision Securities Pvt. Ltd,2026-04-22 14:21:46.931972,Himalaya Urja Bikas Company Limited
2026042204015849,HURJA,35,34,1375,261.2,359150.0,2026-04-22,187550193,2824,Kohinoor Investment & Securities Pvt. Ltd.,Vision Securities Pvt. Ltd,2026-04-22 14:21:46.931996,Himalaya Urja Bikas Company Limited
2026042204015872,HURJA,45,8,200,262.0,52400.0,2026-04-22,187550660,2824,Imperial Securities Company Pvt. Ltd.,Brilliant Securities Pvt. Ltd.,2026-04-22 14:22:16.712940,Himalaya Urja Bikas Company Limited
2026042204015885,HURJA,35,32,500,261.2,130600.0,2026-04-22,187550767,2824,Kohinoor Investment & Securities Pvt. Ltd.,Premier Securities Company Ltd.,2026-04-22 14:22:27.556467,Himalaya Urja Bikas Company Limited
2026042204016021,HURJA,42,58,10,261.5,2615.0,2026-04-22,187552033,2824,Sani Securities Company Ltd.,Naasa Securities Co. Ltd.,2026-04-22 14:24:10.340503,Himalaya Urja Bikas Company Limited
2026042204016028,HURJA,45,8,80,262.0,20960.0,2026-04-22,187552174,2824,Imperial Securities Company Pvt. Ltd.,Brilliant Securities Pvt. Ltd.,2026-04-22 14:24:21.428901,Himalaya Urja Bikas Company Limited
2026042204016097,HURJA,42,64,490,261.5,128135.0,2026-04-22,187552758,2824,Sani Securities Company Ltd.,SUN SECURITIES PVT LTD,2026-04-22 14:25:13.720551,Himalaya Urja Bikas Company Limited
2026042204016098,HURJA,35,64,510,261.2,133212.0,2026-04-22,187552759,2824,Kohinoor Investment & Securities Pvt. Ltd.,SUN SECURITIES PVT LTD,2026-04-22 14:25:13.720908,Himalaya Urja Bikas Company Limited
2026042204016333,HURJA,34,8,240,262.0,62880.0,2026-04-22,187555846,2824,Vision Securities Pvt. Ltd,Brilliant Securities Pvt. Ltd.,2026-04-22 14:28:36.358743,Himalaya Urja Bikas Company Limited
2026042204016352,HURJA,13,44,75,261.6,19620.0,2026-04-22,187555948,2824,Thrive Brokerage House Pvt. Ltd,Dynamic Money Managers Securities Pvt. Ltd.,2026-04-22 14:28:44.693344,Himalaya Urja Bikas Company Limited
2026042204016353,HURJA,35,44,454,261.2,118584.8,2026-04-22,187555949,2824,Kohinoor Investment & Securities Pvt. Ltd.,Dynamic Money Managers Securities Pvt. Ltd.,2026-04-22 14:28:44.693903,Himalaya Urja Bikas Company Limited
2026042204016486,HURJA,45,32,150,262.0,39300.0,2026-04-22,187557563,2824,Imperial Securities Company Pvt. Ltd.,Premier Securities Company Ltd.,2026-04-22 14:30:44.973589,Himalaya Urja Bikas Company Limited
2026042204016608,HURJA,74,21,10,262.1,2621.0,2026-04-22,187558781,2824,KALASH STOCK MARKET PVT. LTD.,Midas Stock Broking Company Private Limited,2026-04-22 14:32:12.713716,Himalaya Urja Bikas Company Limited
2026042204016657,HURJA,74,65,490,262.1,128429.0,2026-04-22,187559138,2824,KALASH STOCK MARKET PVT. LTD.,Sharepro Securities Private Limited,2026-04-22 14:32:32.906350,Himalaya Urja Bikas Company Limited
2026042204016658,HURJA,58,65,10,262.1,2621.0,2026-04-22,187559139,2824,Naasa Securities Co. Ltd.,Sharepro Securities Private Limited,2026-04-22 14:32:32.907001,Himalaya Urja Bikas Company Limited
2026042204016729,HURJA,48,8,1000,263.0,263000.0,2026-04-22,187559864,2824,Trishakti Securities Public Limited,Brilliant Securities Pvt. Ltd.,2026-04-22 14:33:26.164063,Himalaya Urja Bikas Company Limited
2026042204016755,HURJA,58,32,40,262.1,10484.0,2026-04-22,187560204,2824,Naasa Securities Co. Ltd.,Premier Securities Company Ltd.,2026-04-22 14:33:44.087475,Himalaya Urja Bikas Company Limited
2026042204016756,HURJA,75,32,10,262.0,2620.0,2026-04-22,187560205,2824,N.I.M.B. Stock Markets Limited,Premier Securities Company Ltd.,2026-04-22 14:33:44.087769,Himalaya Urja Bikas Company Limited
2026042204016824,HURJA,14,41,10,263.0,2630.0,2026-04-22,187561054,2824,Nepal Stock House (PVT) Ltd.,Linch Stock Market Ltd.,2026-04-22 14:34:15.777065,Himalaya Urja Bikas Company Limited
2026042204016836,HURJA,75,36,20,262.0,5240.0,2026-04-22,187561126,2824,N.I.M.B. Stock Markets Limited,Secured Securities Ltd.,2026-04-22 14:34:18.897492,Himalaya Urja Bikas Company Limited
2026042204016837,HURJA,45,36,180,262.0,47160.0,2026-04-22,187561127,2824,Imperial Securities Company Pvt. Ltd.,Secured Securities Ltd.,2026-04-22 14:34:18.898037,Himalaya Urja Bikas Company Limited
2026042204017123,HURJA,21,41,90,263.0,23670.0,2026-04-22,187563203,2824,Midas Stock Broking Company Private Limited,Linch Stock Market Ltd.,2026-04-22 14:36:20.689115,Himalaya Urja Bikas Company Limited
2026042204017124,HURJA,21,8,910,263.0,239330.0,2026-04-22,187563206,2824,Midas Stock Broking Company Private Limited,Brilliant Securities Pvt. Ltd.,2026-04-22 14:36:20.689661,Himalaya Urja Bikas Company Limited
2026042204017146,HURJA,21,8,90,263.0,23670.0,2026-04-22,187563402,2824,Midas Stock Broking Company Private Limited,Brilliant Securities Pvt. Ltd.,2026-04-22 14:36:31.103402,Himalaya Urja Bikas Company Limited
2026042204017586,HURJA,49,42,200,263.5,52700.0,2026-04-22,187566400,2824,Online Securities Pvt. Ltd.,Sani Securities Company Ltd.,2026-04-22 14:38:55.531772,Himalaya Urja Bikas Company Limited
2026042204017587,HURJA,49,4,150,263.5,39525.0,2026-04-22,187566402,2824,Online Securities Pvt. Ltd.,Opal Securities Investment (PVT) Ltd.,2026-04-22 14:38:55.532075,Himalaya Urja Bikas Company Limited
2026042204017588,HURJA,49,56,1000,263.5,263500.0,2026-04-22,187566404,2824,Online Securities Pvt. Ltd.,Sri Hari Securities Pvt. Ltd.,2026-04-22 14:38:55.532202,Himalaya Urja Bikas Company Limited
2026042204017589,HURJA,49,65,440,263.6,115984.0,2026-04-22,187566406,2824,Online Securities Pvt. Ltd.,Sharepro Securities Private Limited,2026-04-22 14:38:55.532333,Himalaya Urja Bikas Company Limited
2026042204017590,HURJA,49,52,1500,263.7,395550.0,2026-04-22,187566408,2824,Online Securities Pvt. Ltd.,Sundhara Securities Limited,2026-04-22 14:38:55.532447,Himalaya Urja Bikas Company Limited
2026042204017591,HURJA,49,41,65,264.0,17160.0,2026-04-22,187566410,2824,Online Securities Pvt. Ltd.,Linch Stock Market Ltd.,2026-04-22 14:38:55.532559,Himalaya Urja Bikas Company Limited
2026042204017592,HURJA,49,33,10,264.0,2640.0,2026-04-22,187566412,2824,Online Securities Pvt. Ltd.,Dakshinkali Investment & Securities Pvt. Ltd.,2026-04-22 14:38:55.532672,Himalaya Urja Bikas Company Limited
2026042204017593,HURJA,49,22,225,264.0,59400.0,2026-04-22,187566415,2824,Online Securities Pvt. Ltd.,Siprabi Securities Pvt. Ltd.,2026-04-22 14:38:55.532792,Himalaya Urja Bikas Company Limited
2026042204017712,HURJA,57,22,275,264.0,72600.0,2026-04-22,187567065,2824,Aryatara Investment & Securities,Siprabi Securities Pvt. Ltd.,2026-04-22 14:39:12.860504,Himalaya Urja Bikas Company Limited
2026042204017713,HURJA,57,26,100,264.8,26480.0,2026-04-22,187567067,2824,Aryatara Investment & Securities,Asian Securities Private Ltd.,2026-04-22 14:39:12.861015,Himalaya Urja Bikas Company Limited
2026042204017714,HURJA,57,59,125,264.9,33112.5,2026-04-22,187567070,2824,Aryatara Investment & Securities,Deevyaa Securities & Stock House Pvt. Ltd,2026-04-22 14:39:12.861388,Himalaya Urja Bikas Company Limited
2026042204017830,HURJA,36,6,100,264.0,26400.0,2026-04-22,187567997,2824,Secured Securities Ltd.,Agrawal Securities (PVT) Ltd.,2026-04-22 14:39:37.212854,Himalaya Urja Bikas Company Limited
2026042204017912,HURJA,63,59,300,264.9,79470.0,2026-04-22,187568454,2824,Himalayan Brokerage Company Limited,Deevyaa Securities & Stock House Pvt. Ltd,2026-04-22 14:39:51.235569,Himalaya Urja Bikas Company Limited
2026042204017958,HURJA,19,59,75,264.9,19867.5,2026-04-22,187568709,2824,Nepal Investment And Securities Trading Private Limited,Deevyaa Securities & Stock House Pvt. Ltd,2026-04-22 14:39:56.754686,Himalaya Urja Bikas Company Limited
2026042204017959,HURJA,19,32,290,265.0,76850.0,2026-04-22,187568711,2824,Nepal Investment And Securities Trading Private Limited,Premier Securities Company Ltd.,2026-04-22 14:39:56.754943,Himalaya Urja Bikas Company Limited
2026042204017960,HURJA,19,53,220,265.0,58300.0,2026-04-22,187568713,2824,Nepal Investment And Securities Trading Private Limited,Investment Management Nepal Pvt. Ltd.,2026-04-22 14:39:56.755058,Himalaya Urja Bikas Company Limited
2026042204017961,HURJA,19,49,40,265.0,10600.0,2026-04-22,187568715,2824,Nepal Investment And Securities Trading Private Limited,Online Securities Pvt. Ltd.,2026-04-22 14:39:56.755169,Himalaya Urja Bikas Company Limited
2026042204017962,HURJA,19,45,300,265.0,79500.0,2026-04-22,187568717,2824,Nepal Investment And Securities Trading Private Limited,Imperial Securities Company Pvt. Ltd.,2026-04-22 14:39:56.755280,Himalaya Urja Bikas Company Limited
2026042204017963,HURJA,19,51,20,265.0,5300.0,2026-04-22,187568719,2824,Nepal Investment And Securities Trading Private Limited,Oxford Securities Pvt. Ltd.,2026-04-22 14:39:56.755395,Himalaya Urja Bikas Company Limited
2026042204017964,HURJA,19,51,40,265.0,10600.0,2026-04-22,187568721,2824,Nepal Investment And Securities Trading Private Limited,Oxford Securities Pvt. Ltd.,2026-04-22 14:39:56.755509,Himalaya Urja Bikas Company Limited
2026042204017965,HURJA,19,57,15,265.0,3975.0,2026-04-22,187568724,2824,Nepal Investment And Securities Trading Private Limited,Aryatara Investment & Securities,2026-04-22 14:39:56.755619,Himalaya Urja Bikas Company Limited
2026042204018113,HURJA,36,58,200,266.0,53200.0,2026-04-22,187569804,2824,Secured Securities Ltd.,Naasa Securities Co. Ltd.,2026-04-22 14:40:24.074202,Himalaya Urja Bikas Company Limited
2026042204018230,HURJA,36,58,100,266.0,26600.0,2026-04-22,187570491,2824,Secured Securities Ltd.,Naasa Securities Co. Ltd.,2026-04-22 14:40:44.923327,Himalaya Urja Bikas Company Limited
2026042204018329,HURJA,48,42,20,266.7,5334.0,2026-04-22,187571213,2824,Trishakti Securities Public Limited,Sani Securities Company Ltd.,2026-04-22 14:41:08.341859,Himalaya Urja Bikas Company Limited
2026042204018330,HURJA,48,32,200,267.0,53400.0,2026-04-22,187571215,2824,Trishakti Securities Public Limited,Premier Securities Company Ltd.,2026-04-22 14:41:08.342018,Himalaya Urja Bikas Company Limited
2026042204018331,HURJA,48,32,180,267.2,48096.0,2026-04-22,187571218,2824,Trishakti Securities Public Limited,Premier Securities Company Ltd.,2026-04-22 14:41:08.342159,Himalaya Urja Bikas Company Limited
2026042204018729,HURJA,36,32,20,267.2,5344.0,2026-04-22,187575123,2824,Secured Securities Ltd.,Premier Securities Company Ltd.,2026-04-22 14:42:33.222546,Himalaya Urja Bikas Company Limited
2026042204018795,HURJA,45,6,100,268.0,26800.0,2026-04-22,187575734,2824,Imperial Securities Company Pvt. Ltd.,Agrawal Securities (PVT) Ltd.,2026-04-22 14:42:52.862682,Himalaya Urja Bikas Company Limited
2026042204018806,HURJA,46,6,100,268.0,26800.0,2026-04-22,187575785,2824,Kalika Securities Pvt. Ltd.,Agrawal Securities (PVT) Ltd.,2026-04-22 14:42:54.524481,Himalaya Urja Bikas Company Limited
2026042204018807,HURJA,46,50,200,268.7,53740.0,2026-04-22,187575787,2824,Kalika Securities Pvt. Ltd.,Cristal Kanchanjanga Securites Pvt. Ltd.,2026-04-22 14:42:54.524779,Himalaya Urja Bikas Company Limited
2026042204018808,HURJA,46,34,450,268.9,121005.0,2026-04-22,187575789,2824,Kalika Securities Pvt. Ltd.,Vision Securities Pvt. Ltd,2026-04-22 14:42:54.525111,Himalaya Urja Bikas Company Limited
2026042204018936,HURJA,36,22,150,269.8,40470.0,2026-04-22,187577050,2824,Secured Securities Ltd.,Siprabi Securities Pvt. Ltd.,2026-04-22 14:43:18.327755,Himalaya Urja Bikas Company Limited
2026042204019013,HURJA,34,22,150,269.8,40470.0,2026-04-22,187577665,2824,Vision Securities Pvt. Ltd,Siprabi Securities Pvt. Ltd.,2026-04-22 14:43:36.699607,Himalaya Urja Bikas Company Limited
2026042204019014,HURJA,34,51,1000,269.8,269800.0,2026-04-22,187577667,2824,Vision Securities Pvt. Ltd,Oxford Securities Pvt. Ltd.,2026-04-22 14:43:36.699859,Himalaya Urja Bikas Company Limited
2026042204019132,HURJA,34,34,50,269.8,13490.0,2026-04-22,187578947,2824,Vision Securities Pvt. Ltd,Vision Securities Pvt. Ltd,2026-04-22 14:44:08.983106,Himalaya Urja Bikas Company Limited
2026042204019136,HURJA,49,34,50,269.9,13495.0,2026-04-22,187579021,2824,Online Securities Pvt. Ltd.,Vision Securities Pvt. Ltd,2026-04-22 14:44:11.065541,Himalaya Urja Bikas Company Limited
2026042204019137,HURJA,49,77,450,269.9,121455.0,2026-04-22,187579024,2824,Online Securities Pvt. Ltd.,Nabil Stock Dealer Ltd.,2026-04-22 14:44:11.065819,Himalaya Urja Bikas Company Limited
2026042204019156,HURJA,34,62,100,269.8,26980.0,2026-04-22,187579220,2824,Vision Securities Pvt. Ltd,Capital Max Securities Ltd,2026-04-22 14:44:15.732935,Himalaya Urja Bikas Company Limited
2026042204019157,HURJA,91,62,400,269.8,107920.0,2026-04-22,187579221,2824,Citizens Share Broker Limited,Capital Max Securities Ltd,2026-04-22 14:44:15.733655,Himalaya Urja Bikas Company Limited
2026042204019191,HURJA,91,41,100,269.8,26980.0,2026-04-22,187579580,2824,Citizens Share Broker Limited,Linch Stock Market Ltd.,2026-04-22 14:44:25.523166,Himalaya Urja Bikas Company Limited
2026042204019254,HURJA,19,41,900,269.8,242820.0,2026-04-22,187579939,2824,Nepal Investment And Securities Trading Private Limited,Linch Stock Market Ltd.,2026-04-22 14:44:34.517436,Himalaya Urja Bikas Company Limited
2026042204019255,HURJA,19,77,100,269.9,26990.0,2026-04-22,187579942,2824,Nepal Investment And Securities Trading Private Limited,Nabil Stock Dealer Ltd.,2026-04-22 14:44:34.517680,Himalaya Urja Bikas Company Limited
2026042204019358,HURJA,45,77,200,269.9,53980.0,2026-04-22,187581618,2824,Imperial Securities Company Pvt. Ltd.,Nabil Stock Dealer Ltd.,2026-04-22 14:45:00.282643,Himalaya Urja Bikas Company Limited
2026042204019362,HURJA,5,77,100,269.9,26990.0,2026-04-22,187581780,2824,Market Securities & Exchange (PVT) Ltd.,Nabil Stock Dealer Ltd.,2026-04-22 14:45:02.174237,Himalaya Urja Bikas Company Limited
2026042204019429,HURJA,19,77,150,269.9,40485.0,2026-04-22,187582395,2824,Nepal Investment And Securities Trading Private Limited,Nabil Stock Dealer Ltd.,2026-04-22 14:45:16.568122,Himalaya Urja Bikas Company Limited
2026042204019430,HURJA,19,25,300,269.9,80970.0,2026-04-22,187582397,2824,Nepal Investment And Securities Trading Private Limited,Sweta Securities Private Limited,2026-04-22 14:45:16.568394,Himalaya Urja Bikas Company Limited
2026042204019431,HURJA,19,32,195,269.9,52630.5,2026-04-22,187582399,2824,Nepal Investment And Securities Trading Private Limited,Premier Securities Company Ltd.,2026-04-22 14:45:16.568511,Himalaya Urja Bikas Company Limited
2026042204019432,HURJA,19,6,200,270.0,54000.0,2026-04-22,187582401,2824,Nepal Investment And Securities Trading Private Limited,Agrawal Securities (PVT) Ltd.,2026-04-22 14:45:16.568626,Himalaya Urja Bikas Company Limited
2026042204019433,HURJA,19,41,100,270.0,27000.0,2026-04-22,187582403,2824,Nepal Investment And Securities Trading Private Limited,Linch Stock Market Ltd.,2026-04-22 14:45:16.568738,Himalaya Urja Bikas Company Limited
2026042204019434,HURJA,19,35,55,270.0,14850.0,2026-04-22,187582406,2824,Nepal Investment And Securities Trading Private Limited,Kohinoor Investment & Securities Pvt. Ltd.,2026-04-22 14:45:16.568849,Himalaya Urja Bikas Company Limited
2026042204019513,HURJA,13,35,500,270.0,135000.0,2026-04-22,187583008,2824,Thrive Brokerage House Pvt. Ltd,Kohinoor Investment & Securities Pvt. Ltd.,2026-04-22 14:45:34.925148,Himalaya Urja Bikas Company Limited
2026042204019540,HURJA,29,29,30,269.0,8070.0,2026-04-22,187583231,2824,Trisul Securities & Invt. Ltd.,Trisul Securities & Invt. Ltd.,2026-04-22 14:45:41.853744,Himalaya Urja Bikas Company Limited
2026042204019549,HURJA,8,6,100,270.0,27000.0,2026-04-22,187583280,2824,Brilliant Securities Pvt. Ltd.,Agrawal Securities (PVT) Ltd.,2026-04-22 14:45:43.254757,Himalaya Urja Bikas Company Limited
2026042204019598,HURJA,14,6,300,270.0,81000.0,2026-04-22,187583731,2824,Nepal Stock House (PVT) Ltd.,Agrawal Securities (PVT) Ltd.,2026-04-22 14:45:54.893090,Himalaya Urja Bikas Company Limited
2026042204019604,HURJA,14,4,700,270.0,189000.0,2026-04-22,187583822,2824,Nepal Stock House (PVT) Ltd.,Opal Securities Investment (PVT) Ltd.,2026-04-22 14:45:57.399157,Himalaya Urja Bikas Company Limited
2026042204019605,HURJA,84,4,300,269.9,80970.0,2026-04-22,187583823,2824,MILKY WAY SHARE BROKER COMPANY LTD ,Opal Securities Investment (PVT) Ltd.,2026-04-22 14:45:57.399665,Himalaya Urja Bikas Company Limited
2026042204019661,HURJA,52,32,1000,270.7,270700.0,2026-04-22,187584272,2824,Sundhara Securities Limited,Premier Securities Company Ltd.,2026-04-22 14:46:11.202399,Himalaya Urja Bikas Company Limited
2026042204019781,HURJA,25,51,300,270.8,81240.0,2026-04-22,187584996,2824,Sweta Securities Private Limited,Oxford Securities Pvt. Ltd.,2026-04-22 14:46:31.699501,Himalaya Urja Bikas Company Limited
2026042204019838,HURJA,46,51,250,270.8,67700.0,2026-04-22,187585550,2824,Kalika Securities Pvt. Ltd.,Oxford Securities Pvt. Ltd.,2026-04-22 14:46:46.905748,Himalaya Urja Bikas Company Limited
2026042204019853,HURJA,49,51,450,270.8,121860.0,2026-04-22,187585623,2824,Online Securities Pvt. Ltd.,Oxford Securities Pvt. Ltd.,2026-04-22 14:46:49.345711,Himalaya Urja Bikas Company Limited
2026042204019854,HURJA,49,26,100,270.8,27080.0,2026-04-22,187585625,2824,Online Securities Pvt. Ltd.,Asian Securities Private Ltd.,2026-04-22 14:46:49.346163,Himalaya Urja Bikas Company Limited
2026042204019855,HURJA,49,6,200,271.0,54200.0,2026-04-22,187585627,2824,Online Securities Pvt. Ltd.,Agrawal Securities (PVT) Ltd.,2026-04-22 14:46:49.346488,Himalaya Urja Bikas Company Limited
2026042204019856,HURJA,49,34,2000,271.0,542000.0,2026-04-22,187585629,2824,Online Securities Pvt. Ltd.,Vision Securities Pvt. Ltd,2026-04-22 14:46:49.346796,Himalaya Urja Bikas Company Limited
2026042204019897,HURJA,49,45,250,271.0,67750.0,2026-04-22,187586106,2824,Online Securities Pvt. Ltd.,Imperial Securities Company Pvt. Ltd.,2026-04-22 14:46:58.521298,Himalaya Urja Bikas Company Limited
2026042204019958,HURJA,33,45,150,271.0,40650.0,2026-04-22,187586632,2824,Dakshinkali Investment & Securities Pvt. Ltd.,Imperial Securities Company Pvt. Ltd.,2026-04-22 14:47:15.157404,Himalaya Urja Bikas Company Limited
2026042204020095,HURJA,49,19,10,271.1,2711.0,2026-04-22,187587580,2824,Online Securities Pvt. Ltd.,Nepal Investment And Securities Trading Private Limited,2026-04-22 14:47:40.368995,Himalaya Urja Bikas Company Limited
2026042204020123,HURJA,6,19,90,271.1,24399.0,2026-04-22,187587947,2824,Agrawal Securities (PVT) Ltd.,Nepal Investment And Securities Trading Private Limited,2026-04-22 14:47:52.808918,Himalaya Urja Bikas Company Limited
2026042204020181,HURJA,6,58,50,271.1,13555.0,2026-04-22,187588863,2824,Agrawal Securities (PVT) Ltd.,Naasa Securities Co. Ltd.,2026-04-22 14:48:15.935948,Himalaya Urja Bikas Company Limited
2026042204020182,HURJA,6,25,200,271.1,54220.0,2026-04-22,187588915,2824,Agrawal Securities (PVT) Ltd.,Sweta Securities Private Limited,2026-04-22 14:48:17.025149,Himalaya Urja Bikas Company Limited
2026042204020184,HURJA,50,39,500,272.0,136000.0,2026-04-22,187588970,2824,Cristal Kanchanjanga Securites Pvt. Ltd.,Sumeru Securities Pvt. Ltd.,2026-04-22 14:48:18.949639,Himalaya Urja Bikas Company Limited
2026042204020209,HURJA,6,35,160,271.1,43376.0,2026-04-22,187589164,2824,Agrawal Securities (PVT) Ltd.,Kohinoor Investment & Securities Pvt. Ltd.,2026-04-22 14:48:23.579925,Himalaya Urja Bikas Company Limited
2026042204020210,HURJA,36,35,300,271.1,81330.0,2026-04-22,187589166,2824,Secured Securities Ltd.,Kohinoor Investment & Securities Pvt. Ltd.,2026-04-22 14:48:23.580174,Himalaya Urja Bikas Company Limited
2026042204020211,HURJA,33,35,1850,271.0,501350.0,2026-04-22,187589168,2824,Dakshinkali Investment & Securities Pvt. Ltd.,Kohinoor Investment & Securities Pvt. Ltd.,2026-04-22 14:48:23.580320,Himalaya Urja Bikas Company Limited
2026042204020212,HURJA,54,35,200,271.0,54200.0,2026-04-22,187589170,2824,Sewa Securities Pvt. Ltd.,Kohinoor Investment & Securities Pvt. Ltd.,2026-04-22 14:48:23.580444,Himalaya Urja Bikas Company Limited
2026042204020213,HURJA,96,35,400,271.0,108400.0,2026-04-22,187589172,2824,Himalayan Securities Limited,Kohinoor Investment & Securities Pvt. Ltd.,2026-04-22 14:48:23.580557,Himalaya Urja Bikas Company Limited
2026042204020300,HURJA,49,35,35,271.0,9485.0,2026-04-22,187589892,2824,Online Securities Pvt. Ltd.,Kohinoor Investment & Securities Pvt. Ltd.,2026-04-22 14:48:43.794262,Himalaya Urja Bikas Company Limited
2026042204020336,HURJA,39,35,1000,271.0,271000.0,2026-04-22,187590248,2824,Sumeru Securities Pvt. Ltd.,Kohinoor Investment & Securities Pvt. Ltd.,2026-04-22 14:48:55.857743,Himalaya Urja Bikas Company Limited
2026042204020344,HURJA,74,35,1000,271.0,271000.0,2026-04-22,187590294,2824,KALASH STOCK MARKET PVT. LTD.,Kohinoor Investment & Securities Pvt. Ltd.,2026-04-22 14:48:57.763455,Himalaya Urja Bikas Company Limited
2026042204020363,HURJA,49,35,20,271.0,5420.0,2026-04-22,187590464,2824,Online Securities Pvt. Ltd.,Kohinoor Investment & Securities Pvt. Ltd.,2026-04-22 14:49:03.693691,Himalaya Urja Bikas Company Limited
2026042204020391,HURJA,35,35,35,271.0,9485.0,2026-04-22,187590607,2824,Kohinoor Investment & Securities Pvt. Ltd.,Kohinoor Investment & Securities Pvt. Ltd.,2026-04-22 14:49:07.506365,Himalaya Urja Bikas Company Limited
2026042204020460,HURJA,77,29,10,271.9,2719.0,2026-04-22,187591027,2824,Nabil Stock Dealer Ltd.,Trisul Securities & Invt. Ltd.,2026-04-22 14:49:22.902696,Himalaya Urja Bikas Company Limited
2026042204020461,HURJA,77,26,50,272.8,13640.0,2026-04-22,187591029,2824,Nabil Stock Dealer Ltd.,Asian Securities Private Ltd.,2026-04-22 14:49:22.903155,Himalaya Urja Bikas Company Limited
2026042204020462,HURJA,77,64,179,272.9,48849.1,2026-04-22,187591032,2824,Nabil Stock Dealer Ltd.,SUN SECURITIES PVT LTD,2026-04-22 14:49:22.903489,Himalaya Urja Bikas Company Limited
2026042204020573,HURJA,43,64,400,272.9,109160.0,2026-04-22,187591844,2824,South Asian Bulls Pvt. Ltd.,SUN SECURITIES PVT LTD,2026-04-22 14:49:45.783192,Himalaya Urja Bikas Company Limited
2026042204020580,HURJA,32,64,1000,272.9,272900.0,2026-04-22,187591876,2824,Premier Securities Company Ltd.,SUN SECURITIES PVT LTD,2026-04-22 14:49:46.990605,Himalaya Urja Bikas Company Limited
2026042204020660,HURJA,54,50,500,272.8,136400.0,2026-04-22,187592334,2824,Sewa Securities Pvt. Ltd.,Cristal Kanchanjanga Securites Pvt. Ltd.,2026-04-22 14:50:02.922302,Himalaya Urja Bikas Company Limited
2026042204020682,HURJA,77,25,300,272.0,81600.0,2026-04-22,187592429,2824,Nabil Stock Dealer Ltd.,Sweta Securities Private Limited,2026-04-22 14:50:06.922260,Himalaya Urja Bikas Company Limited
2026042204020683,HURJA,77,50,200,272.5,54500.0,2026-04-22,187592432,2824,Nabil Stock Dealer Ltd.,Cristal Kanchanjanga Securites Pvt. Ltd.,2026-04-22 14:50:06.922323,Himalaya Urja Bikas Company Limited
2026042204020710,HURJA,62,50,1300,272.5,354250.0,2026-04-22,187592677,2824,Capital Max Securities Ltd,Cristal Kanchanjanga Securites Pvt. Ltd.,2026-04-22 14:50:15.715812,Himalaya Urja Bikas Company Limited
2026042204020733,HURJA,25,64,300,272.9,81870.0,2026-04-22,187592854,2824,Sweta Securities Private Limited,SUN SECURITIES PVT LTD,2026-04-22 14:50:27.301800,Himalaya Urja Bikas Company Limited
2026042204020738,HURJA,62,64,621,272.9,169470.9,2026-04-22,187592915,2824,Capital Max Securities Ltd,SUN SECURITIES PVT LTD,2026-04-22 14:50:30.343564,Himalaya Urja Bikas Company Limited
2026042204020788,HURJA,49,35,60,273.0,16380.0,2026-04-22,187593322,2824,Online Securities Pvt. Ltd.,Kohinoor Investment & Securities Pvt. Ltd.,2026-04-22 14:50:42.183631,Himalaya Urja Bikas Company Limited
2026042204020806,HURJA,62,34,579,272.9,158009.1,2026-04-22,187593502,2824,Capital Max Securities Ltd,Vision Securities Pvt. Ltd,2026-04-22 14:50:48.039481,Himalaya Urja Bikas Company Limited
2026042204021039,HURJA,35,45,200,272.0,54400.0,2026-04-22,187595779,2824,Kohinoor Investment & Securities Pvt. Ltd.,Imperial Securities Company Pvt. Ltd.,2026-04-22 14:51:59.069501,Himalaya Urja Bikas Company Limited
2026042204021068,HURJA,35,25,280,272.0,76160.0,2026-04-22,187596081,2824,Kohinoor Investment & Securities Pvt. Ltd.,Sweta Securities Private Limited,2026-04-22 14:52:09.610255,Himalaya Urja Bikas Company Limited
2026042204021096,HURJA,35,34,120,272.0,32640.0,2026-04-22,187596254,2824,Kohinoor Investment & Securities Pvt. Ltd.,Vision Securities Pvt. Ltd,2026-04-22 14:52:16.806671,Himalaya Urja Bikas Company Limited
2026042204021097,HURJA,5,34,100,272.0,27200.0,2026-04-22,187596256,2824,Market Securities & Exchange (PVT) Ltd.,Vision Securities Pvt. Ltd,2026-04-22 14:52:16.807199,Himalaya Urja Bikas Company Limited
2026042204021126,HURJA,32,34,500,272.0,136000.0,2026-04-22,187596474,2824,Premier Securities Company Ltd.,Vision Securities Pvt. Ltd,2026-04-22 14:52:25.945081,Himalaya Urja Bikas Company Limited
2026042204021230,HURJA,49,35,100,271.1,27110.0,2026-04-22,187597246,2824,Online Securities Pvt. Ltd.,Kohinoor Investment & Securities Pvt. Ltd.,2026-04-22 14:52:51.951092,Himalaya Urja Bikas Company Limited
2026042204021231,HURJA,35,35,1100,271.0,298100.0,2026-04-22,187597248,2824,Kohinoor Investment & Securities Pvt. Ltd.,Kohinoor Investment & Securities Pvt. Ltd.,2026-04-22 14:52:51.951605,Himalaya Urja Bikas Company Limited
2026042204021232,HURJA,95,35,1000,271.0,271000.0,2026-04-22,187597250,2824,Magnet Securities and Investment Company Private Limited,Kohinoor Investment & Securities Pvt. Ltd.,2026-04-22 14:52:51.951946,Himalaya Urja Bikas Company Limited
2026042204021233,HURJA,26,35,17800,271.0,4823800.0,2026-04-22,187597251,2824,Asian Securities Private Ltd.,Kohinoor Investment & Securities Pvt. Ltd.,2026-04-22 14:52:51.952276,Himalaya Urja Bikas Company Limited
2026042204021312,HURJA,4,34,2201,272.4,599552.4,2026-04-22,187597929,2824,Opal Securities Investment (PVT) Ltd.,Vision Securities Pvt. Ltd,2026-04-22 14:53:17.575372,Himalaya Urja Bikas Company Limited
2026042204021313,HURJA,4,7,1000,272.5,272500.0,2026-04-22,187597931,2824,Opal Securities Investment (PVT) Ltd.,J.F. Securites (PVT) Ltd.,2026-04-22 14:53:17.575469,Himalaya Urja Bikas Company Limited
2026042204021314,HURJA,4,13,1000,272.7,272700.0,2026-04-22,187597933,2824,Opal Securities Investment (PVT) Ltd.,Thrive Brokerage House Pvt. Ltd,2026-04-22 14:53:17.575562,Himalaya Urja Bikas Company Limited
2026042204021315,HURJA,4,34,50,272.8,13640.0,2026-04-22,187597935,2824,Opal Securities Investment (PVT) Ltd.,Vision Securities Pvt. Ltd,2026-04-22 14:53:17.575648,Himalaya Urja Bikas Company Limited
2026042204021316,HURJA,4,35,4940,273.0,1348620.0,2026-04-22,187597937,2824,Opal Securities Investment (PVT) Ltd.,Kohinoor Investment & Securities Pvt. Ltd.,2026-04-22 14:53:17.575721,Himalaya Urja Bikas Company Limited
2026042204021317,HURJA,4,16,30,273.0,8190.0,2026-04-22,187597939,2824,Opal Securities Investment (PVT) Ltd.,Primo Securities (PVT) Ltd.,2026-04-22 14:53:17.575791,Himalaya Urja Bikas Company Limited
2026042204021318,HURJA,4,29,300,273.0,81900.0,2026-04-22,187597941,2824,Opal Securities Investment (PVT) Ltd.,Trisul Securities & Invt. Ltd.,2026-04-22 14:53:17.575872,Himalaya Urja Bikas Company Limited
2026042204021319,HURJA,4,34,50,273.9,13695.0,2026-04-22,187597943,2824,Opal Securities Investment (PVT) Ltd.,Vision Securities Pvt. Ltd,2026-04-22 14:53:17.575932,Himalaya Urja Bikas Company Limited
2026042204021320,HURJA,4,16,100,274.0,27400.0,2026-04-22,187597945,2824,Opal Securities Investment (PVT) Ltd.,Primo Securities (PVT) Ltd.,2026-04-22 14:53:17.576020,Himalaya Urja Bikas Company Limited
2026042204021321,HURJA,4,74,329,274.5,90310.5,2026-04-22,187597948,2824,Opal Securities Investment (PVT) Ltd.,KALASH STOCK MARKET PVT. LTD.,2026-04-22 14:53:17.576102,Himalaya Urja Bikas Company Limited
2026042204021421,HURJA,57,74,671,274.5,184189.5,2026-04-22,187598595,2824,Aryatara Investment & Securities,KALASH STOCK MARKET PVT. LTD.,2026-04-22 14:53:41.830843,Himalaya Urja Bikas Company Limited
2026042204021422,HURJA,57,34,50,275.0,13750.0,2026-04-22,187598597,2824,Aryatara Investment & Securities,Vision Securities Pvt. Ltd,2026-04-22 14:53:41.831117,Himalaya Urja Bikas Company Limited
2026042204021423,HURJA,57,13,50,275.0,13750.0,2026-04-22,187598599,2824,Aryatara Investment & Securities,Thrive Brokerage House Pvt. Ltd,2026-04-22 14:53:41.831242,Himalaya Urja Bikas Company Limited
2026042204021424,HURJA,57,6,500,275.0,137500.0,2026-04-22,187598601,2824,Aryatara Investment & Securities,Agrawal Securities (PVT) Ltd.,2026-04-22 14:53:41.831354,Himalaya Urja Bikas Company Limited
2026042204021426,HURJA,57,34,50,275.0,13750.0,2026-04-22,187598613,2824,Aryatara Investment & Securities,Vision Securities Pvt. Ltd,2026-04-22 14:53:42.397238,Himalaya Urja Bikas Company Limited
2026042204021428,HURJA,57,5,100,275.0,27500.0,2026-04-22,187598631,2824,Aryatara Investment & Securities,Market Securities & Exchange (PVT) Ltd.,2026-04-22 14:53:43.072833,Himalaya Urja Bikas Company Limited
2026042204021434,HURJA,57,74,579,275.0,159225.0,2026-04-22,187598756,2824,Aryatara Investment & Securities,KALASH STOCK MARKET PVT. LTD.,2026-04-22 14:53:47.239949,Himalaya Urja Bikas Company Limited
2026042204021436,HURJA,58,74,421,275.0,115775.0,2026-04-22,187598779,2824,Naasa Securities Co. Ltd.,KALASH STOCK MARKET PVT. LTD.,2026-04-22 14:53:48.149365,Himalaya Urja Bikas Company Limited
2026042204021439,HURJA,58,29,10,275.0,2750.0,2026-04-22,187598795,2824,Naasa Securities Co. Ltd.,Trisul Securities & Invt. Ltd.,2026-04-22 14:53:48.840079,Himalaya Urja Bikas Company Limited
2026042204021464,HURJA,58,38,69,275.0,18975.0,2026-04-22,187599006,2824,Naasa Securities Co. Ltd.,Dipshikha Dhitopatra Karobar Co. Pvt Ltd.,2026-04-22 14:53:56.901752,Himalaya Urja Bikas Company Limited
2026042204021523,HURJA,49,38,500,275.0,137500.0,2026-04-22,187599566,2824,Online Securities Pvt. Ltd.,Dipshikha Dhitopatra Karobar Co. Pvt Ltd.,2026-04-22 14:54:20.966882,Himalaya Urja Bikas Company Limited
