contractId,stockSymbol,buyerMemberId,sellerMemberId,quantity,rate,amount,businessDate,tradeBookId,stockId,buyerBrokerName,sellerBrokerName,transaction_time,securityName
2026042201000164,KBL,58,57,180,221.5,39870.0,2026-04-22,187372714,142,Naasa Securities Co. Ltd.,Aryatara Investment & Securities,2026-04-22 11:00:50.997792,Kumari Bank Limited
2026042201000266,KBL,38,57,320,221.5,70880.0,2026-04-22,187372995,142,Dipshikha Dhitopatra Karobar Co. Pvt Ltd.,Aryatara Investment & Securities,2026-04-22 11:01:18.803595,Kumari Bank Limited
2026042201000267,KBL,38,22,200,221.5,44300.0,2026-04-22,187372997,142,Dipshikha Dhitopatra Karobar Co. Pvt Ltd.,Siprabi Securities Pvt. Ltd.,2026-04-22 11:01:18.803763,Kumari Bank Limited
2026042201000271,KBL,49,49,5000,224.7,1123500.0,2026-04-22,187373016,142,Online Securities Pvt. Ltd.,Online Securities Pvt. Ltd.,2026-04-22 11:01:21.450002,Kumari Bank Limited
2026042201000307,KBL,49,49,3990,224.7,896553.0,2026-04-22,187373114,142,Online Securities Pvt. Ltd.,Online Securities Pvt. Ltd.,2026-04-22 11:01:32.501602,Kumari Bank Limited
2026042201000342,KBL,38,5,3000,221.5,664500.0,2026-04-22,187373219,142,Dipshikha Dhitopatra Karobar Co. Pvt Ltd.,Market Securities & Exchange (PVT) Ltd.,2026-04-22 11:01:47.034839,Kumari Bank Limited
2026042201000482,KBL,38,95,100,221.5,22150.0,2026-04-22,187373639,142,Dipshikha Dhitopatra Karobar Co. Pvt Ltd.,Magnet Securities and Investment Company Private Limited,2026-04-22 11:02:20.321853,Kumari Bank Limited
2026042201000507,KBL,38,56,160,221.5,35440.0,2026-04-22,187373749,142,Dipshikha Dhitopatra Karobar Co. Pvt Ltd.,Sri Hari Securities Pvt. Ltd.,2026-04-22 11:02:29.069869,Kumari Bank Limited
2026042201000584,KBL,38,56,10,221.5,2215.0,2026-04-22,187373975,142,Dipshikha Dhitopatra Karobar Co. Pvt Ltd.,Sri Hari Securities Pvt. Ltd.,2026-04-22 11:02:47.778018,Kumari Bank Limited
2026042201000586,KBL,38,72,210,221.5,46515.0,2026-04-22,187373980,142,Dipshikha Dhitopatra Karobar Co. Pvt Ltd.,Hatemalo Financial Services Private Limited,2026-04-22 11:02:47.869996,Kumari Bank Limited
2026042201000620,KBL,57,47,65,220.0,14300.0,2026-04-22,187374085,142,Aryatara Investment & Securities,Neev Securities Pvt. Ltd.,2026-04-22 11:03:00.145434,Kumari Bank Limited
2026042201000666,KBL,57,58,50,220.0,11000.0,2026-04-22,187374203,142,Aryatara Investment & Securities,Naasa Securities Co. Ltd.,2026-04-22 11:03:06.041886,Kumari Bank Limited
2026042201000727,KBL,57,95,100,220.0,22000.0,2026-04-22,187374429,142,Aryatara Investment & Securities,Magnet Securities and Investment Company Private Limited,2026-04-22 11:03:22.069494,Kumari Bank Limited
2026042201000793,KBL,57,11,154,220.0,33880.0,2026-04-22,187374642,142,Aryatara Investment & Securities,Malla & Malla Stock Broking Company Pvt. Limited,2026-04-22 11:03:35.674194,Kumari Bank Limited
2026042201000794,KBL,49,11,82,220.0,18040.0,2026-04-22,187374643,142,Online Securities Pvt. Ltd.,Malla & Malla Stock Broking Company Pvt. Limited,2026-04-22 11:03:35.674300,Kumari Bank Limited
2026042201000805,KBL,58,72,20,221.5,4430.0,2026-04-22,187374686,142,Naasa Securities Co. Ltd.,Hatemalo Financial Services Private Limited,2026-04-22 11:03:39.180268,Kumari Bank Limited
2026042201001010,KBL,71,25,30,219.1,6573.0,2026-04-22,187375431,142,SHUBHAKAMANA SECURITIES PVT. LTD,Sweta Securities Private Limited,2026-04-22 11:04:36.271146,Kumari Bank Limited
2026042201001095,KBL,71,58,65,219.1,14241.5,2026-04-22,187375763,142,SHUBHAKAMANA SECURITIES PVT. LTD,Naasa Securities Co. Ltd.,2026-04-22 11:05:00.250329,Kumari Bank Limited
2026042201001268,KBL,71,94,405,219.1,88735.5,2026-04-22,187376502,142,SHUBHAKAMANA SECURITIES PVT. LTD,K.B.L. Securities Limited ,2026-04-22 11:05:46.007335,Kumari Bank Limited
2026042201001269,KBL,58,94,10,219.1,2191.0,2026-04-22,187376504,142,Naasa Securities Co. Ltd.,K.B.L. Securities Limited ,2026-04-22 11:05:46.007471,Kumari Bank Limited
2026042201001270,KBL,65,94,585,219.1,128173.5,2026-04-22,187376505,142,Sharepro Securities Private Limited,K.B.L. Securities Limited ,2026-04-22 11:05:46.007530,Kumari Bank Limited
2026042201001358,KBL,65,49,415,219.1,90926.5,2026-04-22,187376810,142,Sharepro Securities Private Limited,Online Securities Pvt. Ltd.,2026-04-22 11:06:00.190153,Kumari Bank Limited
2026042201001427,KBL,41,49,500,219.1,109550.0,2026-04-22,187377036,142,Linch Stock Market Ltd.,Online Securities Pvt. Ltd.,2026-04-22 11:06:12.700144,Kumari Bank Limited
2026042201001443,KBL,66,42,515,219.0,112785.0,2026-04-22,187377117,142,Miyo Securities Pvt Ltd,Sani Securities Company Ltd.,2026-04-22 11:06:16.841896,Kumari Bank Limited
2026042201001461,KBL,66,34,485,219.0,106215.0,2026-04-22,187377218,142,Miyo Securities Pvt Ltd,Vision Securities Pvt. Ltd,2026-04-22 11:06:23.345705,Kumari Bank Limited
2026042201001470,KBL,4,34,101,219.0,22119.0,2026-04-22,187377272,142,Opal Securities Investment (PVT) Ltd.,Vision Securities Pvt. Ltd,2026-04-22 11:06:26.366452,Kumari Bank Limited
2026042201001496,KBL,17,34,30,219.0,6570.0,2026-04-22,187377380,142,ABC Securities Private Limited,Vision Securities Pvt. Ltd,2026-04-22 11:06:32.902717,Kumari Bank Limited
2026042201001606,KBL,88,34,300,219.0,65700.0,2026-04-22,187377872,142,Blue Chip Securities Ltd,Vision Securities Pvt. Ltd,2026-04-22 11:07:00.467407,Kumari Bank Limited
2026042201001651,KBL,7,34,84,219.0,18396.0,2026-04-22,187378043,142,J.F. Securites (PVT) Ltd.,Vision Securities Pvt. Ltd,2026-04-22 11:07:14.282772,Kumari Bank Limited
2026042201001652,KBL,7,45,300,219.0,65700.0,2026-04-22,187378045,142,J.F. Securites (PVT) Ltd.,Imperial Securities Company Pvt. Ltd.,2026-04-22 11:07:14.282913,Kumari Bank Limited
2026042201001723,KBL,34,49,100,219.5,21950.0,2026-04-22,187378282,142,Vision Securities Pvt. Ltd,Online Securities Pvt. Ltd.,2026-04-22 11:07:29.809469,Kumari Bank Limited
2026042201001752,KBL,62,38,400,219.1,87640.0,2026-04-22,187378393,142,Capital Max Securities Ltd,Dipshikha Dhitopatra Karobar Co. Pvt Ltd.,2026-04-22 11:07:33.581090,Kumari Bank Limited
2026042201001787,KBL,14,49,62,219.5,13609.0,2026-04-22,187378499,142,Nepal Stock House (PVT) Ltd.,Online Securities Pvt. Ltd.,2026-04-22 11:07:37.218782,Kumari Bank Limited
2026042201001830,KBL,14,58,500,219.5,109750.0,2026-04-22,187378695,142,Nepal Stock House (PVT) Ltd.,Naasa Securities Co. Ltd.,2026-04-22 11:07:45.393377,Kumari Bank Limited
2026042201001940,KBL,14,34,190,219.5,41705.0,2026-04-22,187379149,142,Nepal Stock House (PVT) Ltd.,Vision Securities Pvt. Ltd,2026-04-22 11:08:10.295408,Kumari Bank Limited
2026042201001957,KBL,14,82,248,219.5,54436.0,2026-04-22,187379207,142,Nepal Stock House (PVT) Ltd.,N.M.B. SECURITIES LIMITED,2026-04-22 11:08:13.618568,Kumari Bank Limited
2026042201001958,KBL,44,82,500,219.5,109750.0,2026-04-22,187379209,142,Dynamic Money Managers Securities Pvt. Ltd.,N.M.B. SECURITIES LIMITED,2026-04-22 11:08:13.618741,Kumari Bank Limited
2026042201001959,KBL,62,82,1600,219.1,350560.0,2026-04-22,187379211,142,Capital Max Securities Ltd,N.M.B. SECURITIES LIMITED,2026-04-22 11:08:13.618814,Kumari Bank Limited
2026042201001960,KBL,7,82,300,219.0,65700.0,2026-04-22,187379213,142,J.F. Securites (PVT) Ltd.,N.M.B. SECURITIES LIMITED,2026-04-22 11:08:13.618883,Kumari Bank Limited
2026042201001961,KBL,44,82,500,219.0,109500.0,2026-04-22,187379215,142,Dynamic Money Managers Securities Pvt. Ltd.,N.M.B. SECURITIES LIMITED,2026-04-22 11:08:13.618951,Kumari Bank Limited
2026042201001962,KBL,57,82,100,219.0,21900.0,2026-04-22,187379217,142,Aryatara Investment & Securities,N.M.B. SECURITIES LIMITED,2026-04-22 11:08:13.619017,Kumari Bank Limited
2026042201001963,KBL,81,82,70,218.5,15295.0,2026-04-22,187379219,142,Aakashbhairab Securities Ltd.,N.M.B. SECURITIES LIMITED,2026-04-22 11:08:13.619093,Kumari Bank Limited
2026042201001964,KBL,65,82,2500,218.4,546000.0,2026-04-22,187379221,142,Sharepro Securities Private Limited,N.M.B. SECURITIES LIMITED,2026-04-22 11:08:13.619171,Kumari Bank Limited
2026042201001965,KBL,80,82,300,218.3,65490.0,2026-04-22,187379223,142,Indira securities pvt. ltd,N.M.B. SECURITIES LIMITED,2026-04-22 11:08:13.619231,Kumari Bank Limited
2026042201001966,KBL,62,82,2000,218.2,436400.0,2026-04-22,187379225,142,Capital Max Securities Ltd,N.M.B. SECURITIES LIMITED,2026-04-22 11:08:13.619297,Kumari Bank Limited
2026042201001967,KBL,58,82,1000,218.1,218100.0,2026-04-22,187379227,142,Naasa Securities Co. Ltd.,N.M.B. SECURITIES LIMITED,2026-04-22 11:08:13.619368,Kumari Bank Limited
2026042201001968,KBL,14,82,30,218.0,6540.0,2026-04-22,187379229,142,Nepal Stock House (PVT) Ltd.,N.M.B. SECURITIES LIMITED,2026-04-22 11:08:13.619430,Kumari Bank Limited
2026042201001969,KBL,54,82,100,218.0,21800.0,2026-04-22,187379231,142,Sewa Securities Pvt. Ltd.,N.M.B. SECURITIES LIMITED,2026-04-22 11:08:13.619491,Kumari Bank Limited
2026042201001970,KBL,32,82,2000,218.0,436000.0,2026-04-22,187379233,142,Premier Securities Company Ltd.,N.M.B. SECURITIES LIMITED,2026-04-22 11:08:13.619548,Kumari Bank Limited
2026042201001971,KBL,46,82,1000,218.0,218000.0,2026-04-22,187379235,142,Kalika Securities Pvt. Ltd.,N.M.B. SECURITIES LIMITED,2026-04-22 11:08:13.619626,Kumari Bank Limited
2026042201001972,KBL,38,82,500,218.0,109000.0,2026-04-22,187379237,142,Dipshikha Dhitopatra Karobar Co. Pvt Ltd.,N.M.B. SECURITIES LIMITED,2026-04-22 11:08:13.619684,Kumari Bank Limited
2026042201001973,KBL,4,82,5000,218.0,1090000.0,2026-04-22,187379239,142,Opal Securities Investment (PVT) Ltd.,N.M.B. SECURITIES LIMITED,2026-04-22 11:08:13.619739,Kumari Bank Limited
2026042201001974,KBL,32,82,200,218.0,43600.0,2026-04-22,187379183,142,Premier Securities Company Ltd.,N.M.B. SECURITIES LIMITED,2026-04-22 11:08:13.619799,Kumari Bank Limited
2026042201001975,KBL,42,82,50,218.0,10900.0,2026-04-22,187379185,142,Sani Securities Company Ltd.,N.M.B. SECURITIES LIMITED,2026-04-22 11:08:13.619852,Kumari Bank Limited
2026042201001976,KBL,40,82,100,218.0,21800.0,2026-04-22,187379187,142,Creative Securities Pvt Ltd,N.M.B. SECURITIES LIMITED,2026-04-22 11:08:13.619909,Kumari Bank Limited
2026042201001977,KBL,41,82,500,218.0,109000.0,2026-04-22,187379189,142,Linch Stock Market Ltd.,N.M.B. SECURITIES LIMITED,2026-04-22 11:08:13.619964,Kumari Bank Limited
2026042201001978,KBL,41,82,250,218.0,54500.0,2026-04-22,187379191,142,Linch Stock Market Ltd.,N.M.B. SECURITIES LIMITED,2026-04-22 11:08:13.620019,Kumari Bank Limited
2026042201001979,KBL,66,82,1000,218.0,218000.0,2026-04-22,187379193,142,Miyo Securities Pvt Ltd,N.M.B. SECURITIES LIMITED,2026-04-22 11:08:13.620079,Kumari Bank Limited
2026042201001980,KBL,19,82,152,218.0,33136.0,2026-04-22,187379194,142,Nepal Investment And Securities Trading Private Limited,N.M.B. SECURITIES LIMITED,2026-04-22 11:08:13.620132,Kumari Bank Limited
2026042201002014,KBL,13,11,100,219.8,21980.0,2026-04-22,187379347,142,Thrive Brokerage House Pvt. Ltd,Malla & Malla Stock Broking Company Pvt. Limited,2026-04-22 11:08:18.568515,Kumari Bank Limited
2026042201002115,KBL,13,1,100,219.8,21980.0,2026-04-22,187379697,142,Thrive Brokerage House Pvt. Ltd,Kumari Securities Private Limited,2026-04-22 11:08:34.136450,Kumari Bank Limited
2026042201002146,KBL,13,42,13,219.8,2857.4,2026-04-22,187379787,142,Thrive Brokerage House Pvt. Ltd,Sani Securities Company Ltd.,2026-04-22 11:08:37.710432,Kumari Bank Limited
2026042201002172,KBL,13,34,137,219.8,30112.6,2026-04-22,187379868,142,Thrive Brokerage House Pvt. Ltd,Vision Securities Pvt. Ltd,2026-04-22 11:08:40.534318,Kumari Bank Limited
2026042201002173,KBL,36,34,200,219.5,43900.0,2026-04-22,187379870,142,Secured Securities Ltd.,Vision Securities Pvt. Ltd,2026-04-22 11:08:40.534475,Kumari Bank Limited
2026042201002440,KBL,57,49,300,218.1,65430.0,2026-04-22,187380816,142,Aryatara Investment & Securities,Online Securities Pvt. Ltd.,2026-04-22 11:09:25.020807,Kumari Bank Limited
2026042201002441,KBL,19,49,40,218.0,8720.0,2026-04-22,187380817,142,Nepal Investment And Securities Trading Private Limited,Online Securities Pvt. Ltd.,2026-04-22 11:09:25.020958,Kumari Bank Limited
2026042201002877,KBL,34,44,40,218.1,8724.0,2026-04-22,187382247,142,Vision Securities Pvt. Ltd,Dynamic Money Managers Securities Pvt. Ltd.,2026-04-22 11:10:36.372281,Kumari Bank Limited
2026042201002880,KBL,34,25,210,218.1,45801.0,2026-04-22,187382258,142,Vision Securities Pvt. Ltd,Sweta Securities Private Limited,2026-04-22 11:10:36.760041,Kumari Bank Limited
2026042201002881,KBL,32,25,10,218.1,2181.0,2026-04-22,187382260,142,Premier Securities Company Ltd.,Sweta Securities Private Limited,2026-04-22 11:10:36.760195,Kumari Bank Limited
2026042201002979,KBL,19,46,140,218.0,30520.0,2026-04-22,187382625,142,Nepal Investment And Securities Trading Private Limited,Kalika Securities Pvt. Ltd.,2026-04-22 11:10:53.226972,Kumari Bank Limited
2026042201003117,KBL,58,25,30,218.1,6543.0,2026-04-22,187383083,142,Naasa Securities Co. Ltd.,Sweta Securities Private Limited,2026-04-22 11:11:14.767116,Kumari Bank Limited
2026042201003199,KBL,58,42,20,218.1,4362.0,2026-04-22,187383374,142,Naasa Securities Co. Ltd.,Sani Securities Company Ltd.,2026-04-22 11:11:31.058889,Kumari Bank Limited
2026042201003200,KBL,6,42,30,218.1,6543.0,2026-04-22,187383376,142,Agrawal Securities (PVT) Ltd.,Sani Securities Company Ltd.,2026-04-22 11:11:31.059056,Kumari Bank Limited
2026042201003201,KBL,13,42,100,218.1,21810.0,2026-04-22,187383378,142,Thrive Brokerage House Pvt. Ltd,Sani Securities Company Ltd.,2026-04-22 11:11:31.059128,Kumari Bank Limited
2026042201003202,KBL,19,42,168,218.0,36624.0,2026-04-22,187383380,142,Nepal Investment And Securities Trading Private Limited,Sani Securities Company Ltd.,2026-04-22 11:11:31.059198,Kumari Bank Limited
2026042201003203,KBL,34,42,182,218.0,39676.0,2026-04-22,187383381,142,Vision Securities Pvt. Ltd,Sani Securities Company Ltd.,2026-04-22 11:11:31.059267,Kumari Bank Limited
2026042201003413,KBL,45,42,60,219.0,13140.0,2026-04-22,187384014,142,Imperial Securities Company Pvt. Ltd.,Sani Securities Company Ltd.,2026-04-22 11:12:00.976078,Kumari Bank Limited
2026042201003468,KBL,58,42,50,219.0,10950.0,2026-04-22,187384148,142,Naasa Securities Co. Ltd.,Sani Securities Company Ltd.,2026-04-22 11:12:06.893667,Kumari Bank Limited
2026042201003534,KBL,6,58,50,218.1,10905.0,2026-04-22,187384312,142,Agrawal Securities (PVT) Ltd.,Naasa Securities Co. Ltd.,2026-04-22 11:12:12.168497,Kumari Bank Limited
2026042201003535,KBL,34,58,166,218.0,36188.0,2026-04-22,187384314,142,Vision Securities Pvt. Ltd,Naasa Securities Co. Ltd.,2026-04-22 11:12:12.168830,Kumari Bank Limited
2026042201003536,KBL,16,58,284,218.0,61912.0,2026-04-22,187384315,142,Primo Securities (PVT) Ltd.,Naasa Securities Co. Ltd.,2026-04-22 11:12:12.169085,Kumari Bank Limited
2026042201003586,KBL,17,42,50,219.0,10950.0,2026-04-22,187384460,142,ABC Securities Private Limited,Sani Securities Company Ltd.,2026-04-22 11:12:16.780421,Kumari Bank Limited
2026042201003607,KBL,16,58,216,218.0,47088.0,2026-04-22,187384522,142,Primo Securities (PVT) Ltd.,Naasa Securities Co. Ltd.,2026-04-22 11:12:18.005691,Kumari Bank Limited
2026042201003608,KBL,83,58,200,218.0,43600.0,2026-04-22,187384524,142,Sanima Securities Limited,Naasa Securities Co. Ltd.,2026-04-22 11:12:18.006052,Kumari Bank Limited
2026042201003609,KBL,29,58,500,218.0,109000.0,2026-04-22,187384526,142,Trisul Securities & Invt. Ltd.,Naasa Securities Co. Ltd.,2026-04-22 11:12:18.006301,Kumari Bank Limited
2026042201003610,KBL,28,58,200,218.0,43600.0,2026-04-22,187384528,142,Shree Krishna Securities Ltd.,Naasa Securities Co. Ltd.,2026-04-22 11:12:18.006532,Kumari Bank Limited
2026042201003611,KBL,83,58,200,218.0,43600.0,2026-04-22,187384530,142,Sanima Securities Limited,Naasa Securities Co. Ltd.,2026-04-22 11:12:18.006763,Kumari Bank Limited
2026042201003612,KBL,11,58,1000,218.0,218000.0,2026-04-22,187384532,142,Malla & Malla Stock Broking Company Pvt. Limited,Naasa Securities Co. Ltd.,2026-04-22 11:12:18.006982,Kumari Bank Limited
2026042201003613,KBL,58,58,40,218.0,8720.0,2026-04-22,187384534,142,Naasa Securities Co. Ltd.,Naasa Securities Co. Ltd.,2026-04-22 11:12:18.007224,Kumari Bank Limited
2026042201003618,KBL,58,58,10,218.0,2180.0,2026-04-22,187384576,142,Naasa Securities Co. Ltd.,Naasa Securities Co. Ltd.,2026-04-22 11:12:18.813730,Kumari Bank Limited
2026042201003762,KBL,25,58,100,218.0,21800.0,2026-04-22,187385008,142,Sweta Securities Private Limited,Naasa Securities Co. Ltd.,2026-04-22 11:12:38.823735,Kumari Bank Limited
2026042201003784,KBL,34,42,250,217.6,54400.0,2026-04-22,187385076,142,Vision Securities Pvt. Ltd,Sani Securities Company Ltd.,2026-04-22 11:12:42.451754,Kumari Bank Limited
2026042201003785,KBL,35,42,1000,217.6,217600.0,2026-04-22,187385078,142,Kohinoor Investment & Securities Pvt. Ltd.,Sani Securities Company Ltd.,2026-04-22 11:12:42.451935,Kumari Bank Limited
2026042201003786,KBL,45,42,500,217.5,108750.0,2026-04-22,187385080,142,Imperial Securities Company Pvt. Ltd.,Sani Securities Company Ltd.,2026-04-22 11:12:42.452033,Kumari Bank Limited
2026042201003787,KBL,58,42,1000,217.2,217200.0,2026-04-22,187385082,142,Naasa Securities Co. Ltd.,Sani Securities Company Ltd.,2026-04-22 11:12:42.452118,Kumari Bank Limited
2026042201003788,KBL,65,42,820,217.1,178022.0,2026-04-22,187385083,142,Sharepro Securities Private Limited,Sani Securities Company Ltd.,2026-04-22 11:12:42.452202,Kumari Bank Limited
2026042201003947,KBL,74,5,300,217.6,65280.0,2026-04-22,187385590,142,KALASH STOCK MARKET PVT. LTD.,Market Securities & Exchange (PVT) Ltd.,2026-04-22 11:13:02.790556,Kumari Bank Limited
2026042201003994,KBL,65,58,70,217.1,15197.0,2026-04-22,187385747,142,Sharepro Securities Private Limited,Naasa Securities Co. Ltd.,2026-04-22 11:13:10.725256,Kumari Bank Limited
2026042201004007,KBL,65,34,663,217.1,143937.3,2026-04-22,187385807,142,Sharepro Securities Private Limited,Vision Securities Pvt. Ltd,2026-04-22 11:13:13.011278,Kumari Bank Limited
2026042201004021,KBL,6,5,140,217.6,30464.0,2026-04-22,187385858,142,Agrawal Securities (PVT) Ltd.,Market Securities & Exchange (PVT) Ltd.,2026-04-22 11:13:15.327449,Kumari Bank Limited
2026042201004138,KBL,32,5,560,217.6,121856.0,2026-04-22,187386269,142,Premier Securities Company Ltd.,Market Securities & Exchange (PVT) Ltd.,2026-04-22 11:13:37.291379,Kumari Bank Limited
2026042201004290,KBL,53,58,500,218.0,109000.0,2026-04-22,187386708,142,Investment Management Nepal Pvt. Ltd.,Naasa Securities Co. Ltd.,2026-04-22 11:13:56.379819,Kumari Bank Limited
2026042201004324,KBL,32,16,240,217.6,52224.0,2026-04-22,187386843,142,Premier Securities Company Ltd.,Primo Securities (PVT) Ltd.,2026-04-22 11:14:04.994927,Kumari Bank Limited
2026042201004418,KBL,36,58,200,218.0,43600.0,2026-04-22,187387140,142,Secured Securities Ltd.,Naasa Securities Co. Ltd.,2026-04-22 11:14:17.798543,Kumari Bank Limited
2026042201004439,KBL,4,58,200,218.0,43600.0,2026-04-22,187387224,142,Opal Securities Investment (PVT) Ltd.,Naasa Securities Co. Ltd.,2026-04-22 11:14:22.150669,Kumari Bank Limited
2026042201004456,KBL,16,58,1000,218.0,218000.0,2026-04-22,187387292,142,Primo Securities (PVT) Ltd.,Naasa Securities Co. Ltd.,2026-04-22 11:14:27.675806,Kumari Bank Limited
2026042201004543,KBL,32,58,500,218.0,109000.0,2026-04-22,187387632,142,Premier Securities Company Ltd.,Naasa Securities Co. Ltd.,2026-04-22 11:14:42.722753,Kumari Bank Limited
2026042201004672,KBL,43,58,134,218.0,29212.0,2026-04-22,187387977,142,South Asian Bulls Pvt. Ltd.,Naasa Securities Co. Ltd.,2026-04-22 11:14:56.646788,Kumari Bank Limited
2026042201004673,KBL,43,21,366,218.0,79788.0,2026-04-22,187387980,142,South Asian Bulls Pvt. Ltd.,Midas Stock Broking Company Private Limited,2026-04-22 11:14:56.647345,Kumari Bank Limited
2026042201004712,KBL,52,21,50,218.0,10900.0,2026-04-22,187388140,142,Sundhara Securities Limited,Midas Stock Broking Company Private Limited,2026-04-22 11:15:04.448163,Kumari Bank Limited
2026042201004804,KBL,32,3,35,217.6,7616.0,2026-04-22,187388409,142,Premier Securities Company Ltd.,Arun Securities (PVT) Ltd.,2026-04-22 11:15:15.764531,Kumari Bank Limited
2026042201004930,KBL,36,21,600,218.0,130800.0,2026-04-22,187388756,142,Secured Securities Ltd.,Midas Stock Broking Company Private Limited,2026-04-22 11:15:29.668980,Kumari Bank Limited
2026042201005020,KBL,22,21,120,218.0,26160.0,2026-04-22,187389110,142,Siprabi Securities Pvt. Ltd.,Midas Stock Broking Company Private Limited,2026-04-22 11:15:42.972658,Kumari Bank Limited
2026042201005101,KBL,56,21,64,218.0,13952.0,2026-04-22,187389311,142,Sri Hari Securities Pvt. Ltd.,Midas Stock Broking Company Private Limited,2026-04-22 11:15:51.294873,Kumari Bank Limited
2026042201005102,KBL,56,58,436,218.0,95048.0,2026-04-22,187389314,142,Sri Hari Securities Pvt. Ltd.,Naasa Securities Co. Ltd.,2026-04-22 11:15:51.295314,Kumari Bank Limited
2026042201005338,KBL,49,58,64,218.0,13952.0,2026-04-22,187390029,142,Online Securities Pvt. Ltd.,Naasa Securities Co. Ltd.,2026-04-22 11:16:21.640047,Kumari Bank Limited
2026042201005453,KBL,49,77,175,218.0,38150.0,2026-04-22,187390417,142,Online Securities Pvt. Ltd.,Nabil Stock Dealer Ltd.,2026-04-22 11:16:41.384186,Kumari Bank Limited
2026042201005881,KBL,14,57,100,218.9,21890.0,2026-04-22,187391810,142,Nepal Stock House (PVT) Ltd.,Aryatara Investment & Securities,2026-04-22 11:17:35.370578,Kumari Bank Limited
2026042201006006,KBL,25,57,15,218.9,3283.5,2026-04-22,187392196,142,Sweta Securities Private Limited,Aryatara Investment & Securities,2026-04-22 11:17:53.630552,Kumari Bank Limited
2026042201006210,KBL,48,57,200,218.9,43780.0,2026-04-22,187392942,142,Trishakti Securities Public Limited,Aryatara Investment & Securities,2026-04-22 11:18:23.092606,Kumari Bank Limited
2026042201006544,KBL,56,49,204,218.2,44512.8,2026-04-22,187393912,142,Sri Hari Securities Pvt. Ltd.,Online Securities Pvt. Ltd.,2026-04-22 11:19:06.299302,Kumari Bank Limited
2026042201006545,KBL,40,49,796,218.2,173687.2,2026-04-22,187393913,142,Creative Securities Pvt Ltd,Online Securities Pvt. Ltd.,2026-04-22 11:19:06.299546,Kumari Bank Limited
2026042201006880,KBL,46,57,21,218.9,4596.9,2026-04-22,187394914,142,Kalika Securities Pvt. Ltd.,Aryatara Investment & Securities,2026-04-22 11:19:42.606128,Kumari Bank Limited
2026042201006916,KBL,58,57,127,218.9,27800.3,2026-04-22,187395018,142,Naasa Securities Co. Ltd.,Aryatara Investment & Securities,2026-04-22 11:19:46.978709,Kumari Bank Limited
2026042201006963,KBL,57,58,60,218.3,13098.0,2026-04-22,187395154,142,Aryatara Investment & Securities,Naasa Securities Co. Ltd.,2026-04-22 11:19:52.654225,Kumari Bank Limited
2026042201006964,KBL,42,58,20,218.3,4366.0,2026-04-22,187395156,142,Sani Securities Company Ltd.,Naasa Securities Co. Ltd.,2026-04-22 11:19:52.654509,Kumari Bank Limited
2026042201006965,KBL,40,58,204,218.2,44512.8,2026-04-22,187395158,142,Creative Securities Pvt Ltd,Naasa Securities Co. Ltd.,2026-04-22 11:19:52.654627,Kumari Bank Limited
2026042201007271,KBL,4,57,10,218.1,2181.0,2026-04-22,187396006,142,Opal Securities Investment (PVT) Ltd.,Aryatara Investment & Securities,2026-04-22 11:20:13.976839,Kumari Bank Limited
2026042201007272,KBL,32,57,127,218.1,27698.7,2026-04-22,187396007,142,Premier Securities Company Ltd.,Aryatara Investment & Securities,2026-04-22 11:20:13.977093,Kumari Bank Limited
2026042201007297,KBL,49,58,1366,218.2,298061.2,2026-04-22,187396109,142,Online Securities Pvt. Ltd.,Naasa Securities Co. Ltd.,2026-04-22 11:20:19.126623,Kumari Bank Limited
2026042201007342,KBL,49,32,634,218.2,138338.8,2026-04-22,187396266,142,Online Securities Pvt. Ltd.,Premier Securities Company Ltd.,2026-04-22 11:20:25.028195,Kumari Bank Limited
2026042201007343,KBL,32,32,366,218.1,79824.6,2026-04-22,187396267,142,Premier Securities Company Ltd.,Premier Securities Company Ltd.,2026-04-22 11:20:25.028456,Kumari Bank Limited
2026042201007547,KBL,25,49,200,218.2,43640.0,2026-04-22,187396879,142,Sweta Securities Private Limited,Online Securities Pvt. Ltd.,2026-04-22 11:20:46.236054,Kumari Bank Limited
2026042201007621,KBL,25,74,200,218.2,43640.0,2026-04-22,187397095,142,Sweta Securities Private Limited,KALASH STOCK MARKET PVT. LTD.,2026-04-22 11:20:54.999780,Kumari Bank Limited
2026042201007653,KBL,66,11,715,218.9,156513.5,2026-04-22,187397192,142,Miyo Securities Pvt Ltd,Malla & Malla Stock Broking Company Pvt. Limited,2026-04-22 11:20:58.539950,Kumari Bank Limited
2026042201007895,KBL,66,57,500,219.0,109500.0,2026-04-22,187397883,142,Miyo Securities Pvt Ltd,Aryatara Investment & Securities,2026-04-22 11:21:31.461091,Kumari Bank Limited
2026042201007896,KBL,66,42,50,219.0,10950.0,2026-04-22,187397885,142,Miyo Securities Pvt Ltd,Sani Securities Company Ltd.,2026-04-22 11:21:31.461420,Kumari Bank Limited
2026042201007897,KBL,66,34,1080,219.0,236520.0,2026-04-22,187397887,142,Miyo Securities Pvt Ltd,Vision Securities Pvt. Ltd,2026-04-22 11:21:31.461546,Kumari Bank Limited
2026042201007898,KBL,66,21,2370,219.0,519030.0,2026-04-22,187397890,142,Miyo Securities Pvt Ltd,Midas Stock Broking Company Private Limited,2026-04-22 11:21:31.461664,Kumari Bank Limited
2026042201007982,KBL,58,21,52,219.0,11388.0,2026-04-22,187398186,142,Naasa Securities Co. Ltd.,Midas Stock Broking Company Private Limited,2026-04-22 11:21:42.914571,Kumari Bank Limited
2026042201008000,KBL,45,21,78,219.0,17082.0,2026-04-22,187398257,142,Imperial Securities Company Pvt. Ltd.,Midas Stock Broking Company Private Limited,2026-04-22 11:21:47.349647,Kumari Bank Limited
2026042201008001,KBL,45,34,922,219.0,201918.0,2026-04-22,187398260,142,Imperial Securities Company Pvt. Ltd.,Vision Securities Pvt. Ltd,2026-04-22 11:21:47.349899,Kumari Bank Limited
2026042201008022,KBL,16,34,30,219.0,6570.0,2026-04-22,187398302,142,Primo Securities (PVT) Ltd.,Vision Securities Pvt. Ltd,2026-04-22 11:21:47.451540,Kumari Bank Limited
2026042201008138,KBL,14,34,200,219.0,43800.0,2026-04-22,187398650,142,Nepal Stock House (PVT) Ltd.,Vision Securities Pvt. Ltd,2026-04-22 11:22:00.702163,Kumari Bank Limited
2026042201008164,KBL,25,53,10,218.2,2182.0,2026-04-22,187398757,142,Sweta Securities Private Limited,Investment Management Nepal Pvt. Ltd.,2026-04-22 11:22:06.230618,Kumari Bank Limited
2026042201008234,KBL,38,57,50,218.9,10945.0,2026-04-22,187399009,142,Dipshikha Dhitopatra Karobar Co. Pvt Ltd.,Aryatara Investment & Securities,2026-04-22 11:22:17.593544,Kumari Bank Limited
2026042201008235,KBL,38,34,1048,219.0,229512.0,2026-04-22,187399011,142,Dipshikha Dhitopatra Karobar Co. Pvt Ltd.,Vision Securities Pvt. Ltd,2026-04-22 11:22:17.593876,Kumari Bank Limited
2026042201008236,KBL,38,45,800,219.0,175200.0,2026-04-22,187399013,142,Dipshikha Dhitopatra Karobar Co. Pvt Ltd.,Imperial Securities Company Pvt. Ltd.,2026-04-22 11:22:17.593996,Kumari Bank Limited
2026042201008237,KBL,38,42,20,219.0,4380.0,2026-04-22,187399015,142,Dipshikha Dhitopatra Karobar Co. Pvt Ltd.,Sani Securities Company Ltd.,2026-04-22 11:22:17.594123,Kumari Bank Limited
2026042201008238,KBL,38,35,82,219.0,17958.0,2026-04-22,187399018,142,Dipshikha Dhitopatra Karobar Co. Pvt Ltd.,Kohinoor Investment & Securities Pvt. Ltd.,2026-04-22 11:22:17.594241,Kumari Bank Limited
2026042201008484,KBL,58,35,13,219.0,2847.0,2026-04-22,187399788,142,Naasa Securities Co. Ltd.,Kohinoor Investment & Securities Pvt. Ltd.,2026-04-22 11:22:58.486738,Kumari Bank Limited
2026042201008661,KBL,4,35,100,219.0,21900.0,2026-04-22,187400345,142,Opal Securities Investment (PVT) Ltd.,Kohinoor Investment & Securities Pvt. Ltd.,2026-04-22 11:23:24.685051,Kumari Bank Limited
2026042201008683,KBL,49,35,1000,219.0,219000.0,2026-04-22,187400418,142,Online Securities Pvt. Ltd.,Kohinoor Investment & Securities Pvt. Ltd.,2026-04-22 11:23:28.409449,Kumari Bank Limited
2026042201008911,KBL,46,35,200,219.0,43800.0,2026-04-22,187400966,142,Kalika Securities Pvt. Ltd.,Kohinoor Investment & Securities Pvt. Ltd.,2026-04-22 11:23:45.204016,Kumari Bank Limited
2026042201009064,KBL,4,35,115,219.0,25185.0,2026-04-22,187401432,142,Opal Securities Investment (PVT) Ltd.,Kohinoor Investment & Securities Pvt. Ltd.,2026-04-22 11:24:09.470092,Kumari Bank Limited
2026042201009122,KBL,40,35,50,219.0,10950.0,2026-04-22,187401624,142,Creative Securities Pvt Ltd,Kohinoor Investment & Securities Pvt. Ltd.,2026-04-22 11:24:20.821425,Kumari Bank Limited
2026042201009220,KBL,42,35,10,219.0,2190.0,2026-04-22,187401992,142,Sani Securities Company Ltd.,Kohinoor Investment & Securities Pvt. Ltd.,2026-04-22 11:24:41.562147,Kumari Bank Limited
2026042201009242,KBL,4,35,60,219.0,13140.0,2026-04-22,187402060,142,Opal Securities Investment (PVT) Ltd.,Kohinoor Investment & Securities Pvt. Ltd.,2026-04-22 11:24:44.524151,Kumari Bank Limited
2026042201009301,KBL,34,35,370,219.0,81030.0,2026-04-22,187402239,142,Vision Securities Pvt. Ltd,Kohinoor Investment & Securities Pvt. Ltd.,2026-04-22 11:24:57.555958,Kumari Bank Limited
2026042201009302,KBL,34,45,10,219.0,2190.0,2026-04-22,187402241,142,Vision Securities Pvt. Ltd,Imperial Securities Company Pvt. Ltd.,2026-04-22 11:24:57.556245,Kumari Bank Limited
2026042201009303,KBL,34,57,200,219.0,43800.0,2026-04-22,187402243,142,Vision Securities Pvt. Ltd,Aryatara Investment & Securities,2026-04-22 11:24:57.556380,Kumari Bank Limited
2026042201009304,KBL,34,58,10,219.0,2190.0,2026-04-22,187402245,142,Vision Securities Pvt. Ltd,Naasa Securities Co. Ltd.,2026-04-22 11:24:57.556509,Kumari Bank Limited
2026042201009833,KBL,42,101,10,219.3,2193.0,2026-04-22,187404278,142,Sani Securities Company Ltd.,APPLE SECURITIES PRIVATE LIMITED,2026-04-22 11:27:03.020689,Kumari Bank Limited
2026042201009834,KBL,34,101,410,219.0,89790.0,2026-04-22,187404280,142,Vision Securities Pvt. Ltd,APPLE SECURITIES PRIVATE LIMITED,2026-04-22 11:27:03.021320,Kumari Bank Limited
2026042201009835,KBL,4,101,19,219.0,4161.0,2026-04-22,187404282,142,Opal Securities Investment (PVT) Ltd.,APPLE SECURITIES PRIVATE LIMITED,2026-04-22 11:27:03.021775,Kumari Bank Limited
2026042201009836,KBL,11,101,1000,219.0,219000.0,2026-04-22,187404284,142,Malla & Malla Stock Broking Company Pvt. Limited,APPLE SECURITIES PRIVATE LIMITED,2026-04-22 11:27:03.022354,Kumari Bank Limited
2026042201009837,KBL,59,101,561,219.0,122859.0,2026-04-22,187404285,142,Deevyaa Securities & Stock House Pvt. Ltd,APPLE SECURITIES PRIVATE LIMITED,2026-04-22 11:27:03.022918,Kumari Bank Limited
2026042201009878,KBL,49,28,100,219.5,21950.0,2026-04-22,187404420,142,Online Securities Pvt. Ltd.,Shree Krishna Securities Ltd.,2026-04-22 11:27:12.285529,Kumari Bank Limited
2026042201009944,KBL,59,58,39,219.0,8541.0,2026-04-22,187404660,142,Deevyaa Securities & Stock House Pvt. Ltd,Naasa Securities Co. Ltd.,2026-04-22 11:27:31.460627,Kumari Bank Limited
2026042201009945,KBL,42,58,200,219.0,43800.0,2026-04-22,187404662,142,Sani Securities Company Ltd.,Naasa Securities Co. Ltd.,2026-04-22 11:27:31.461289,Kumari Bank Limited
2026042201009946,KBL,33,58,200,219.0,43800.0,2026-04-22,187404664,142,Dakshinkali Investment & Securities Pvt. Ltd.,Naasa Securities Co. Ltd.,2026-04-22 11:27:31.461781,Kumari Bank Limited
2026042201009947,KBL,38,58,1078,219.0,236082.0,2026-04-22,187404665,142,Dipshikha Dhitopatra Karobar Co. Pvt Ltd.,Naasa Securities Co. Ltd.,2026-04-22 11:27:31.462254,Kumari Bank Limited
2026042201009953,KBL,38,5,922,219.0,201918.0,2026-04-22,187404688,142,Dipshikha Dhitopatra Karobar Co. Pvt Ltd.,Market Securities & Exchange (PVT) Ltd.,2026-04-22 11:27:32.434847,Kumari Bank Limited
2026042201009954,KBL,49,5,548,219.0,120012.0,2026-04-22,187404690,142,Online Securities Pvt. Ltd.,Market Securities & Exchange (PVT) Ltd.,2026-04-22 11:27:32.435189,Kumari Bank Limited
2026042201009955,KBL,58,5,100,219.0,21900.0,2026-04-22,187404692,142,Naasa Securities Co. Ltd.,Market Securities & Exchange (PVT) Ltd.,2026-04-22 11:27:32.435335,Kumari Bank Limited
2026042201009994,KBL,39,5,200,219.0,43800.0,2026-04-22,187404806,142,Sumeru Securities Pvt. Ltd.,Market Securities & Exchange (PVT) Ltd.,2026-04-22 11:27:39.958723,Kumari Bank Limited
2026042201010555,KBL,52,34,182,219.4,39930.8,2026-04-22,187406942,142,Sundhara Securities Limited,Vision Securities Pvt. Ltd,2026-04-22 11:29:33.759556,Kumari Bank Limited
2026042201010628,KBL,32,58,200,219.0,43800.0,2026-04-22,187407162,142,Premier Securities Company Ltd.,Naasa Securities Co. Ltd.,2026-04-22 11:29:44.502094,Kumari Bank Limited
2026042201010629,KBL,58,58,50,218.6,10930.0,2026-04-22,187407164,142,Naasa Securities Co. Ltd.,Naasa Securities Co. Ltd.,2026-04-22 11:29:44.502409,Kumari Bank Limited
2026042201010630,KBL,59,58,1000,218.5,218500.0,2026-04-22,187407166,142,Deevyaa Securities & Stock House Pvt. Ltd,Naasa Securities Co. Ltd.,2026-04-22 11:29:44.502558,Kumari Bank Limited
2026042201010631,KBL,13,58,400,218.4,87360.0,2026-04-22,187407168,142,Thrive Brokerage House Pvt. Ltd,Naasa Securities Co. Ltd.,2026-04-22 11:29:44.502704,Kumari Bank Limited
2026042201010632,KBL,34,58,350,218.4,76440.0,2026-04-22,187407169,142,Vision Securities Pvt. Ltd,Naasa Securities Co. Ltd.,2026-04-22 11:29:44.502846,Kumari Bank Limited
2026042201010793,KBL,42,34,100,219.0,21900.0,2026-04-22,187407704,142,Sani Securities Company Ltd.,Vision Securities Pvt. Ltd,2026-04-22 11:30:16.262009,Kumari Bank Limited
2026042201010876,KBL,34,58,650,218.4,141960.0,2026-04-22,187407975,142,Vision Securities Pvt. Ltd,Naasa Securities Co. Ltd.,2026-04-22 11:30:37.781732,Kumari Bank Limited
2026042201010877,KBL,42,58,35,218.4,7644.0,2026-04-22,187407977,142,Sani Securities Company Ltd.,Naasa Securities Co. Ltd.,2026-04-22 11:30:37.782057,Kumari Bank Limited
2026042201010878,KBL,45,58,100,218.3,21830.0,2026-04-22,187407979,142,Imperial Securities Company Pvt. Ltd.,Naasa Securities Co. Ltd.,2026-04-22 11:30:37.782207,Kumari Bank Limited
2026042201010879,KBL,25,58,90,218.2,19638.0,2026-04-22,187407981,142,Sweta Securities Private Limited,Naasa Securities Co. Ltd.,2026-04-22 11:30:37.782355,Kumari Bank Limited
2026042201010880,KBL,58,58,300,218.2,65460.0,2026-04-22,187407983,142,Naasa Securities Co. Ltd.,Naasa Securities Co. Ltd.,2026-04-22 11:30:37.782500,Kumari Bank Limited
2026042201010881,KBL,57,58,400,218.2,87280.0,2026-04-22,187407985,142,Aryatara Investment & Securities,Naasa Securities Co. Ltd.,2026-04-22 11:30:37.782642,Kumari Bank Limited
2026042201010882,KBL,32,58,507,218.1,110576.7,2026-04-22,187407987,142,Premier Securities Company Ltd.,Naasa Securities Co. Ltd.,2026-04-22 11:30:37.782784,Kumari Bank Limited
2026042201010883,KBL,49,58,261,218.0,56898.0,2026-04-22,187407989,142,Online Securities Pvt. Ltd.,Naasa Securities Co. Ltd.,2026-04-22 11:30:37.782924,Kumari Bank Limited
2026042201010884,KBL,35,58,50,218.0,10900.0,2026-04-22,187407991,142,Kohinoor Investment & Securities Pvt. Ltd.,Naasa Securities Co. Ltd.,2026-04-22 11:30:37.783068,Kumari Bank Limited
2026042201010885,KBL,34,58,30,218.0,6540.0,2026-04-22,187407993,142,Vision Securities Pvt. Ltd,Naasa Securities Co. Ltd.,2026-04-22 11:30:37.783209,Kumari Bank Limited
2026042201010886,KBL,16,58,1000,218.0,218000.0,2026-04-22,187407995,142,Primo Securities (PVT) Ltd.,Naasa Securities Co. Ltd.,2026-04-22 11:30:37.783342,Kumari Bank Limited
2026042201010887,KBL,83,58,200,218.0,43600.0,2026-04-22,187407997,142,Sanima Securities Limited,Naasa Securities Co. Ltd.,2026-04-22 11:30:37.783477,Kumari Bank Limited
2026042201010888,KBL,4,58,10,218.0,2180.0,2026-04-22,187407999,142,Opal Securities Investment (PVT) Ltd.,Naasa Securities Co. Ltd.,2026-04-22 11:30:37.783616,Kumari Bank Limited
2026042201010889,KBL,45,58,100,218.0,21800.0,2026-04-22,187408001,142,Imperial Securities Company Pvt. Ltd.,Naasa Securities Co. Ltd.,2026-04-22 11:30:37.783754,Kumari Bank Limited
2026042201010890,KBL,39,58,500,218.0,109000.0,2026-04-22,187408003,142,Sumeru Securities Pvt. Ltd.,Naasa Securities Co. Ltd.,2026-04-22 11:30:37.783891,Kumari Bank Limited
2026042201010891,KBL,46,58,1000,218.0,218000.0,2026-04-22,187408005,142,Kalika Securities Pvt. Ltd.,Naasa Securities Co. Ltd.,2026-04-22 11:30:37.784033,Kumari Bank Limited
2026042201010892,KBL,58,58,30,218.0,6540.0,2026-04-22,187408007,142,Naasa Securities Co. Ltd.,Naasa Securities Co. Ltd.,2026-04-22 11:30:37.784171,Kumari Bank Limited
2026042201010893,KBL,7,58,50,218.0,10900.0,2026-04-22,187408009,142,J.F. Securites (PVT) Ltd.,Naasa Securities Co. Ltd.,2026-04-22 11:30:37.784309,Kumari Bank Limited
2026042201010894,KBL,58,58,70,218.0,15260.0,2026-04-22,187407955,142,Naasa Securities Co. Ltd.,Naasa Securities Co. Ltd.,2026-04-22 11:30:37.784451,Kumari Bank Limited
2026042201010895,KBL,57,58,100,218.0,21800.0,2026-04-22,187407957,142,Aryatara Investment & Securities,Naasa Securities Co. Ltd.,2026-04-22 11:30:37.784585,Kumari Bank Limited
2026042201010896,KBL,34,58,10,218.0,2180.0,2026-04-22,187407959,142,Vision Securities Pvt. Ltd,Naasa Securities Co. Ltd.,2026-04-22 11:30:37.784720,Kumari Bank Limited
2026042201010897,KBL,6,58,2507,218.0,546526.0,2026-04-22,187407960,142,Agrawal Securities (PVT) Ltd.,Naasa Securities Co. Ltd.,2026-04-22 11:30:37.784859,Kumari Bank Limited
2026042201010901,KBL,6,29,2493,218.0,543474.0,2026-04-22,187408014,142,Agrawal Securities (PVT) Ltd.,Trisul Securities & Invt. Ltd.,2026-04-22 11:30:39.447937,Kumari Bank Limited
2026042201010902,KBL,43,29,239,218.0,52102.0,2026-04-22,187408016,142,South Asian Bulls Pvt. Ltd.,Trisul Securities & Invt. Ltd.,2026-04-22 11:30:39.448307,Kumari Bank Limited
2026042201010903,KBL,6,29,5000,218.0,1090000.0,2026-04-22,187408018,142,Agrawal Securities (PVT) Ltd.,Trisul Securities & Invt. Ltd.,2026-04-22 11:30:39.448454,Kumari Bank Limited
2026042201010945,KBL,34,29,1000,218.0,218000.0,2026-04-22,187408158,142,Vision Securities Pvt. Ltd,Trisul Securities & Invt. Ltd.,2026-04-22 11:30:47.926846,Kumari Bank Limited
2026042201010970,KBL,57,29,100,218.0,21800.0,2026-04-22,187408222,142,Aryatara Investment & Securities,Trisul Securities & Invt. Ltd.,2026-04-22 11:30:51.617871,Kumari Bank Limited
2026042201010975,KBL,51,29,300,218.0,65400.0,2026-04-22,187408238,142,Oxford Securities Pvt. Ltd.,Trisul Securities & Invt. Ltd.,2026-04-22 11:30:53.025143,Kumari Bank Limited
2026042201011001,KBL,99,29,4868,218.0,1061224.0,2026-04-22,187408313,142,Prabhu Stock Market Limited,Trisul Securities & Invt. Ltd.,2026-04-22 11:30:59.088007,Kumari Bank Limited
2026042201011055,KBL,99,62,132,218.0,28776.0,2026-04-22,187408492,142,Prabhu Stock Market Limited,Capital Max Securities Ltd,2026-04-22 11:31:13.815504,Kumari Bank Limited
2026042201011227,KBL,80,62,268,218.0,58424.0,2026-04-22,187409091,142,Indira securities pvt. ltd,Capital Max Securities Ltd,2026-04-22 11:31:51.043166,Kumari Bank Limited
2026042201011228,KBL,80,36,232,218.0,50576.0,2026-04-22,187409094,142,Indira securities pvt. ltd,Secured Securities Ltd.,2026-04-22 11:31:51.043484,Kumari Bank Limited
2026042201011352,KBL,10,36,20,218.0,4360.0,2026-04-22,187409440,142,Pragyan Securities (PVT) Ltd.,Secured Securities Ltd.,2026-04-22 11:32:10.419568,Kumari Bank Limited
2026042201011531,KBL,87,29,465,218.0,101370.0,2026-04-22,187409916,142,S.P.S.A. Securities Limited,Trisul Securities & Invt. Ltd.,2026-04-22 11:32:35.149144,Kumari Bank Limited
2026042201011532,KBL,38,29,300,217.8,65340.0,2026-04-22,187409918,142,Dipshikha Dhitopatra Karobar Co. Pvt Ltd.,Trisul Securities & Invt. Ltd.,2026-04-22 11:32:35.149456,Kumari Bank Limited
2026042201011533,KBL,14,29,20,217.8,4356.0,2026-04-22,187409920,142,Nepal Stock House (PVT) Ltd.,Trisul Securities & Invt. Ltd.,2026-04-22 11:32:35.149609,Kumari Bank Limited
2026042201011534,KBL,59,29,500,217.7,108850.0,2026-04-22,187409922,142,Deevyaa Securities & Stock House Pvt. Ltd,Trisul Securities & Invt. Ltd.,2026-04-22 11:32:35.149756,Kumari Bank Limited
2026042201011535,KBL,32,29,165,217.6,35904.0,2026-04-22,187409924,142,Premier Securities Company Ltd.,Trisul Securities & Invt. Ltd.,2026-04-22 11:32:35.149898,Kumari Bank Limited
2026042201011536,KBL,37,29,150,217.6,32640.0,2026-04-22,187409926,142,Swarna Laxmi Securities Pvt. Ltd.,Trisul Securities & Invt. Ltd.,2026-04-22 11:32:35.150079,Kumari Bank Limited
2026042201011537,KBL,58,29,2000,217.6,435200.0,2026-04-22,187409928,142,Naasa Securities Co. Ltd.,Trisul Securities & Invt. Ltd.,2026-04-22 11:32:35.150222,Kumari Bank Limited
2026042201011538,KBL,56,29,500,217.5,108750.0,2026-04-22,187409930,142,Sri Hari Securities Pvt. Ltd.,Trisul Securities & Invt. Ltd.,2026-04-22 11:32:35.150362,Kumari Bank Limited
2026042201011539,KBL,60,29,500,217.5,108750.0,2026-04-22,187409932,142,Nagarik Stock Dealer ,Trisul Securities & Invt. Ltd.,2026-04-22 11:32:35.150504,Kumari Bank Limited
2026042201011540,KBL,42,29,11,217.5,2392.5,2026-04-22,187409934,142,Sani Securities Company Ltd.,Trisul Securities & Invt. Ltd.,2026-04-22 11:32:35.150647,Kumari Bank Limited
2026042201011541,KBL,3,29,55,217.5,11962.5,2026-04-22,187409936,142,Arun Securities (PVT) Ltd.,Trisul Securities & Invt. Ltd.,2026-04-22 11:32:35.150787,Kumari Bank Limited
2026042201011542,KBL,35,29,500,217.2,108600.0,2026-04-22,187409938,142,Kohinoor Investment & Securities Pvt. Ltd.,Trisul Securities & Invt. Ltd.,2026-04-22 11:32:35.150928,Kumari Bank Limited
2026042201011543,KBL,95,29,500,217.2,108600.0,2026-04-22,187409940,142,Magnet Securities and Investment Company Private Limited,Trisul Securities & Invt. Ltd.,2026-04-22 11:32:35.151075,Kumari Bank Limited
2026042201011544,KBL,66,29,1000,217.2,217200.0,2026-04-22,187409942,142,Miyo Securities Pvt Ltd,Trisul Securities & Invt. Ltd.,2026-04-22 11:32:35.151214,Kumari Bank Limited
2026042201011545,KBL,34,29,150,217.2,32580.0,2026-04-22,187409944,142,Vision Securities Pvt. Ltd,Trisul Securities & Invt. Ltd.,2026-04-22 11:32:35.151352,Kumari Bank Limited
2026042201011546,KBL,65,29,1447,217.1,314143.7,2026-04-22,187409946,142,Sharepro Securities Private Limited,Trisul Securities & Invt. Ltd.,2026-04-22 11:32:35.151492,Kumari Bank Limited
2026042201011547,KBL,98,29,200,217.1,43420.0,2026-04-22,187409948,142,Trademow Securities Private Limited,Trisul Securities & Invt. Ltd.,2026-04-22 11:32:35.151630,Kumari Bank Limited
2026042201011548,KBL,62,29,2000,217.1,434200.0,2026-04-22,187409950,142,Capital Max Securities Ltd,Trisul Securities & Invt. Ltd.,2026-04-22 11:32:35.151770,Kumari Bank Limited
2026042201011549,KBL,32,29,10,217.1,2171.0,2026-04-22,187409952,142,Premier Securities Company Ltd.,Trisul Securities & Invt. Ltd.,2026-04-22 11:32:35.151909,Kumari Bank Limited
2026042201011550,KBL,17,29,58,217.1,12591.8,2026-04-22,187409954,142,ABC Securities Private Limited,Trisul Securities & Invt. Ltd.,2026-04-22 11:32:35.152052,Kumari Bank Limited
2026042201011551,KBL,41,29,2000,217.1,434200.0,2026-04-22,187409956,142,Linch Stock Market Ltd.,Trisul Securities & Invt. Ltd.,2026-04-22 11:32:35.152189,Kumari Bank Limited
2026042201011552,KBL,65,29,1000,217.0,217000.0,2026-04-22,187409958,142,Sharepro Securities Private Limited,Trisul Securities & Invt. Ltd.,2026-04-22 11:32:35.152330,Kumari Bank Limited
2026042201011553,KBL,58,29,45,217.0,9765.0,2026-04-22,187409960,142,Naasa Securities Co. Ltd.,Trisul Securities & Invt. Ltd.,2026-04-22 11:32:35.152470,Kumari Bank Limited
2026042201011554,KBL,41,29,500,217.0,108500.0,2026-04-22,187409962,142,Linch Stock Market Ltd.,Trisul Securities & Invt. Ltd.,2026-04-22 11:32:35.152610,Kumari Bank Limited
2026042201011555,KBL,42,29,50,217.0,10850.0,2026-04-22,187409964,142,Sani Securities Company Ltd.,Trisul Securities & Invt. Ltd.,2026-04-22 11:32:35.152747,Kumari Bank Limited
2026042201011556,KBL,6,29,2000,217.0,434000.0,2026-04-22,187409966,142,Agrawal Securities (PVT) Ltd.,Trisul Securities & Invt. Ltd.,2026-04-22 11:32:35.152890,Kumari Bank Limited
2026042201011557,KBL,58,29,28,217.0,6076.0,2026-04-22,187409968,142,Naasa Securities Co. Ltd.,Trisul Securities & Invt. Ltd.,2026-04-22 11:32:35.153027,Kumari Bank Limited
2026042201011558,KBL,42,29,500,217.0,108500.0,2026-04-22,187409970,142,Sani Securities Company Ltd.,Trisul Securities & Invt. Ltd.,2026-04-22 11:32:35.153160,Kumari Bank Limited
2026042201011559,KBL,36,29,30,217.0,6510.0,2026-04-22,187409972,142,Secured Securities Ltd.,Trisul Securities & Invt. Ltd.,2026-04-22 11:32:35.153291,Kumari Bank Limited
2026042201011560,KBL,45,29,1000,217.0,217000.0,2026-04-22,187409974,142,Imperial Securities Company Pvt. Ltd.,Trisul Securities & Invt. Ltd.,2026-04-22 11:32:35.153424,Kumari Bank Limited
2026042201011561,KBL,11,29,200,217.0,43400.0,2026-04-22,187409976,142,Malla & Malla Stock Broking Company Pvt. Limited,Trisul Securities & Invt. Ltd.,2026-04-22 11:32:35.153557,Kumari Bank Limited
2026042201011562,KBL,60,29,500,217.0,108500.0,2026-04-22,187409978,142,Nagarik Stock Dealer ,Trisul Securities & Invt. Ltd.,2026-04-22 11:32:35.153687,Kumari Bank Limited
2026042201011563,KBL,35,29,50,217.0,10850.0,2026-04-22,187409980,142,Kohinoor Investment & Securities Pvt. Ltd.,Trisul Securities & Invt. Ltd.,2026-04-22 11:32:35.153813,Kumari Bank Limited
2026042201011564,KBL,6,29,500,217.0,108500.0,2026-04-22,187409982,142,Agrawal Securities (PVT) Ltd.,Trisul Securities & Invt. Ltd.,2026-04-22 11:32:35.153943,Kumari Bank Limited
2026042201011565,KBL,74,29,1000,217.0,217000.0,2026-04-22,187409984,142,KALASH STOCK MARKET PVT. LTD.,Trisul Securities & Invt. Ltd.,2026-04-22 11:32:35.154075,Kumari Bank Limited
2026042201011566,KBL,38,29,66,217.0,14322.0,2026-04-22,187409985,142,Dipshikha Dhitopatra Karobar Co. Pvt Ltd.,Trisul Securities & Invt. Ltd.,2026-04-22 11:32:35.154207,Kumari Bank Limited
2026042201011796,KBL,6,64,1000,218.0,218000.0,2026-04-22,187410730,142,Agrawal Securities (PVT) Ltd.,SUN SECURITIES PVT LTD,2026-04-22 11:33:24.742331,Kumari Bank Limited
2026042201011797,KBL,49,64,40,218.0,8720.0,2026-04-22,187410732,142,Online Securities Pvt. Ltd.,SUN SECURITIES PVT LTD,2026-04-22 11:33:24.742680,Kumari Bank Limited
2026042201011798,KBL,45,64,50,218.0,10900.0,2026-04-22,187410734,142,Imperial Securities Company Pvt. Ltd.,SUN SECURITIES PVT LTD,2026-04-22 11:33:24.742819,Kumari Bank Limited
2026042201011799,KBL,11,64,160,217.3,34768.0,2026-04-22,187410736,142,Malla & Malla Stock Broking Company Pvt. Limited,SUN SECURITIES PVT LTD,2026-04-22 11:33:24.742973,Kumari Bank Limited
2026042201011800,KBL,88,64,750,217.2,162900.0,2026-04-22,187410737,142,Blue Chip Securities Ltd,SUN SECURITIES PVT LTD,2026-04-22 11:33:24.743194,Kumari Bank Limited
2026042201011823,KBL,33,34,200,218.1,43620.0,2026-04-22,187410804,142,Dakshinkali Investment & Securities Pvt. Ltd.,Vision Securities Pvt. Ltd,2026-04-22 11:33:30.273982,Kumari Bank Limited
2026042201011925,KBL,88,64,250,217.2,54300.0,2026-04-22,187411190,142,Blue Chip Securities Ltd,SUN SECURITIES PVT LTD,2026-04-22 11:33:53.813379,Kumari Bank Limited
2026042201011938,KBL,39,29,1000,217.1,217100.0,2026-04-22,187411226,142,Sumeru Securities Pvt. Ltd.,Trisul Securities & Invt. Ltd.,2026-04-22 11:33:55.877307,Kumari Bank Limited
2026042201011939,KBL,38,29,319,217.0,69223.0,2026-04-22,187411228,142,Dipshikha Dhitopatra Karobar Co. Pvt Ltd.,Trisul Securities & Invt. Ltd.,2026-04-22 11:33:55.877904,Kumari Bank Limited
2026042201011940,KBL,38,29,1000,217.0,217000.0,2026-04-22,187411230,142,Dipshikha Dhitopatra Karobar Co. Pvt Ltd.,Trisul Securities & Invt. Ltd.,2026-04-22 11:33:55.878340,Kumari Bank Limited
2026042201011941,KBL,57,29,100,217.0,21700.0,2026-04-22,187411232,142,Aryatara Investment & Securities,Trisul Securities & Invt. Ltd.,2026-04-22 11:33:55.878760,Kumari Bank Limited
2026042201011942,KBL,37,29,500,217.0,108500.0,2026-04-22,187411234,142,Swarna Laxmi Securities Pvt. Ltd.,Trisul Securities & Invt. Ltd.,2026-04-22 11:33:55.879193,Kumari Bank Limited
2026042201011943,KBL,57,29,20,217.0,4340.0,2026-04-22,187411236,142,Aryatara Investment & Securities,Trisul Securities & Invt. Ltd.,2026-04-22 11:33:55.879612,Kumari Bank Limited
2026042201011944,KBL,34,29,100,217.0,21700.0,2026-04-22,187411238,142,Vision Securities Pvt. Ltd,Trisul Securities & Invt. Ltd.,2026-04-22 11:33:55.880013,Kumari Bank Limited
2026042201011945,KBL,17,29,23,217.0,4991.0,2026-04-22,187411240,142,ABC Securities Private Limited,Trisul Securities & Invt. Ltd.,2026-04-22 11:33:55.880433,Kumari Bank Limited
2026042201011946,KBL,58,29,500,217.0,108500.0,2026-04-22,187411242,142,Naasa Securities Co. Ltd.,Trisul Securities & Invt. Ltd.,2026-04-22 11:33:55.880836,Kumari Bank Limited
2026042201011947,KBL,22,29,50,217.0,10850.0,2026-04-22,187411244,142,Siprabi Securities Pvt. Ltd.,Trisul Securities & Invt. Ltd.,2026-04-22 11:33:55.881242,Kumari Bank Limited
2026042201011948,KBL,48,29,40,217.0,8680.0,2026-04-22,187411246,142,Trishakti Securities Public Limited,Trisul Securities & Invt. Ltd.,2026-04-22 11:33:55.881631,Kumari Bank Limited
2026042201011949,KBL,56,29,150,217.0,32550.0,2026-04-22,187411248,142,Sri Hari Securities Pvt. Ltd.,Trisul Securities & Invt. Ltd.,2026-04-22 11:33:55.882065,Kumari Bank Limited
2026042201011950,KBL,22,29,1000,217.0,217000.0,2026-04-22,187411250,142,Siprabi Securities Pvt. Ltd.,Trisul Securities & Invt. Ltd.,2026-04-22 11:33:55.882484,Kumari Bank Limited
2026042201011951,KBL,34,29,20,217.0,4340.0,2026-04-22,187411252,142,Vision Securities Pvt. Ltd,Trisul Securities & Invt. Ltd.,2026-04-22 11:33:55.882888,Kumari Bank Limited
2026042201011952,KBL,50,29,500,217.0,108500.0,2026-04-22,187411254,142,Cristal Kanchanjanga Securites Pvt. Ltd.,Trisul Securities & Invt. Ltd.,2026-04-22 11:33:55.883291,Kumari Bank Limited
2026042201011953,KBL,58,29,300,217.0,65100.0,2026-04-22,187411256,142,Naasa Securities Co. Ltd.,Trisul Securities & Invt. Ltd.,2026-04-22 11:33:55.883690,Kumari Bank Limited
2026042201011954,KBL,57,29,200,217.0,43400.0,2026-04-22,187411258,142,Aryatara Investment & Securities,Trisul Securities & Invt. Ltd.,2026-04-22 11:33:55.884117,Kumari Bank Limited
2026042201011955,KBL,58,29,100,217.0,21700.0,2026-04-22,187411260,142,Naasa Securities Co. Ltd.,Trisul Securities & Invt. Ltd.,2026-04-22 11:33:55.884524,Kumari Bank Limited
2026042201011956,KBL,6,29,100,217.0,21700.0,2026-04-22,187411262,142,Agrawal Securities (PVT) Ltd.,Trisul Securities & Invt. Ltd.,2026-04-22 11:33:55.884911,Kumari Bank Limited
2026042201011957,KBL,49,29,200,216.5,43300.0,2026-04-22,187411264,142,Online Securities Pvt. Ltd.,Trisul Securities & Invt. Ltd.,2026-04-22 11:33:55.885314,Kumari Bank Limited
2026042201011958,KBL,74,29,500,216.5,108250.0,2026-04-22,187411266,142,KALASH STOCK MARKET PVT. LTD.,Trisul Securities & Invt. Ltd.,2026-04-22 11:33:55.885681,Kumari Bank Limited
2026042201011959,KBL,46,29,278,216.2,60103.6,2026-04-22,187411267,142,Kalika Securities Pvt. Ltd.,Trisul Securities & Invt. Ltd.,2026-04-22 11:33:55.886073,Kumari Bank Limited
2026042201012030,KBL,32,64,50,217.2,10860.0,2026-04-22,187411476,142,Premier Securities Company Ltd.,SUN SECURITIES PVT LTD,2026-04-22 11:34:06.806948,Kumari Bank Limited
2026042201012168,KBL,58,64,290,217.2,62988.0,2026-04-22,187411896,142,Naasa Securities Co. Ltd.,SUN SECURITIES PVT LTD,2026-04-22 11:34:28.475627,Kumari Bank Limited
2026042201012185,KBL,5,64,600,217.0,130200.0,2026-04-22,187411948,142,Market Securities & Exchange (PVT) Ltd.,SUN SECURITIES PVT LTD,2026-04-22 11:34:32.985069,Kumari Bank Limited
2026042201012186,KBL,33,64,200,216.3,43260.0,2026-04-22,187411950,142,Dakshinkali Investment & Securities Pvt. Ltd.,SUN SECURITIES PVT LTD,2026-04-22 11:34:32.985383,Kumari Bank Limited
2026042201012187,KBL,46,64,222,216.2,47996.4,2026-04-22,187411952,142,Kalika Securities Pvt. Ltd.,SUN SECURITIES PVT LTD,2026-04-22 11:34:32.985526,Kumari Bank Limited
2026042201012188,KBL,72,64,500,216.2,108100.0,2026-04-22,187411954,142,Hatemalo Financial Services Private Limited,SUN SECURITIES PVT LTD,2026-04-22 11:34:32.985662,Kumari Bank Limited
2026042201012189,KBL,48,64,200,216.2,43240.0,2026-04-22,187411956,142,Trishakti Securities Public Limited,SUN SECURITIES PVT LTD,2026-04-22 11:34:32.985793,Kumari Bank Limited
2026042201012261,KBL,13,29,400,216.0,86400.0,2026-04-22,187412208,142,Thrive Brokerage House Pvt. Ltd,Trisul Securities & Invt. Ltd.,2026-04-22 11:34:50.062127,Kumari Bank Limited
2026042201012262,KBL,80,29,600,216.0,129600.0,2026-04-22,187412210,142,Indira securities pvt. ltd,Trisul Securities & Invt. Ltd.,2026-04-22 11:34:50.062720,Kumari Bank Limited
2026042201012263,KBL,59,29,450,216.0,97200.0,2026-04-22,187412212,142,Deevyaa Securities & Stock House Pvt. Ltd,Trisul Securities & Invt. Ltd.,2026-04-22 11:34:50.063141,Kumari Bank Limited
2026042201012264,KBL,47,29,215,216.0,46440.0,2026-04-22,187412216,142,Neev Securities Pvt. Ltd.,Trisul Securities & Invt. Ltd.,2026-04-22 11:34:50.063530,Kumari Bank Limited
2026042201012265,KBL,66,29,1000,216.0,216000.0,2026-04-22,187412220,142,Miyo Securities Pvt Ltd,Trisul Securities & Invt. Ltd.,2026-04-22 11:34:50.063928,Kumari Bank Limited
2026042201012266,KBL,46,29,100,216.0,21600.0,2026-04-22,187412222,142,Kalika Securities Pvt. Ltd.,Trisul Securities & Invt. Ltd.,2026-04-22 11:34:50.064333,Kumari Bank Limited
2026042201012267,KBL,57,29,2000,216.0,432000.0,2026-04-22,187412224,142,Aryatara Investment & Securities,Trisul Securities & Invt. Ltd.,2026-04-22 11:34:50.064727,Kumari Bank Limited
2026042201012268,KBL,49,29,200,216.0,43200.0,2026-04-22,187412226,142,Online Securities Pvt. Ltd.,Trisul Securities & Invt. Ltd.,2026-04-22 11:34:50.065130,Kumari Bank Limited
2026042201012269,KBL,35,29,18,216.0,3888.0,2026-04-22,187412228,142,Kohinoor Investment & Securities Pvt. Ltd.,Trisul Securities & Invt. Ltd.,2026-04-22 11:34:50.065523,Kumari Bank Limited
2026042201012270,KBL,87,29,50,216.0,10800.0,2026-04-22,187412230,142,S.P.S.A. Securities Limited,Trisul Securities & Invt. Ltd.,2026-04-22 11:34:50.065923,Kumari Bank Limited
2026042201012271,KBL,47,29,25,216.0,5400.0,2026-04-22,187412232,142,Neev Securities Pvt. Ltd.,Trisul Securities & Invt. Ltd.,2026-04-22 11:34:50.066324,Kumari Bank Limited
2026042201012272,KBL,35,29,50,216.0,10800.0,2026-04-22,187412234,142,Kohinoor Investment & Securities Pvt. Ltd.,Trisul Securities & Invt. Ltd.,2026-04-22 11:34:50.066706,Kumari Bank Limited
2026042201012273,KBL,32,29,10,216.0,2160.0,2026-04-22,187412236,142,Premier Securities Company Ltd.,Trisul Securities & Invt. Ltd.,2026-04-22 11:34:50.067096,Kumari Bank Limited
2026042201012274,KBL,13,29,100,216.0,21600.0,2026-04-22,187412238,142,Thrive Brokerage House Pvt. Ltd,Trisul Securities & Invt. Ltd.,2026-04-22 11:34:50.067483,Kumari Bank Limited
2026042201012275,KBL,59,29,20,216.0,4320.0,2026-04-22,187412240,142,Deevyaa Securities & Stock House Pvt. Ltd,Trisul Securities & Invt. Ltd.,2026-04-22 11:34:50.067853,Kumari Bank Limited
2026042201012276,KBL,34,29,10,216.0,2160.0,2026-04-22,187412242,142,Vision Securities Pvt. Ltd,Trisul Securities & Invt. Ltd.,2026-04-22 11:34:50.068245,Kumari Bank Limited
2026042201012277,KBL,45,29,500,216.0,108000.0,2026-04-22,187412244,142,Imperial Securities Company Pvt. Ltd.,Trisul Securities & Invt. Ltd.,2026-04-22 11:34:50.068624,Kumari Bank Limited
2026042201012278,KBL,58,29,15,216.0,3240.0,2026-04-22,187412246,142,Naasa Securities Co. Ltd.,Trisul Securities & Invt. Ltd.,2026-04-22 11:34:50.068994,Kumari Bank Limited
2026042201012279,KBL,57,29,25,216.0,5400.0,2026-04-22,187412248,142,Aryatara Investment & Securities,Trisul Securities & Invt. Ltd.,2026-04-22 11:34:50.069374,Kumari Bank Limited
2026042201012280,KBL,58,29,212,216.0,45792.0,2026-04-22,187412249,142,Naasa Securities Co. Ltd.,Trisul Securities & Invt. Ltd.,2026-04-22 11:34:50.069750,Kumari Bank Limited
2026042201012340,KBL,74,64,278,216.2,60103.6,2026-04-22,187412459,142,KALASH STOCK MARKET PVT. LTD.,SUN SECURITIES PVT LTD,2026-04-22 11:34:59.927735,Kumari Bank Limited
2026042201012397,KBL,49,64,228,217.2,49521.6,2026-04-22,187412706,142,Online Securities Pvt. Ltd.,SUN SECURITIES PVT LTD,2026-04-22 11:35:14.848423,Kumari Bank Limited
2026042201012410,KBL,32,42,500,216.3,108150.0,2026-04-22,187412770,142,Premier Securities Company Ltd.,Sani Securities Company Ltd.,2026-04-22 11:35:19.321068,Kumari Bank Limited
2026042201012411,KBL,74,42,500,216.2,108100.0,2026-04-22,187412771,142,KALASH STOCK MARKET PVT. LTD.,Sani Securities Company Ltd.,2026-04-22 11:35:19.321342,Kumari Bank Limited
2026042201012549,KBL,36,62,200,216.3,43260.0,2026-04-22,187413182,142,Secured Securities Ltd.,Capital Max Securities Ltd,2026-04-22 11:35:38.963369,Kumari Bank Limited
2026042201012597,KBL,28,62,300,216.3,64890.0,2026-04-22,187413379,142,Shree Krishna Securities Ltd.,Capital Max Securities Ltd,2026-04-22 11:35:51.651120,Kumari Bank Limited
2026042201013065,KBL,43,4,58,217.0,12586.0,2026-04-22,187414855,142,South Asian Bulls Pvt. Ltd.,Opal Securities Investment (PVT) Ltd.,2026-04-22 11:37:25.446816,Kumari Bank Limited
2026042201013076,KBL,43,63,42,217.0,9114.0,2026-04-22,187414884,142,South Asian Bulls Pvt. Ltd.,Himalayan Brokerage Company Limited,2026-04-22 11:37:27.051643,Kumari Bank Limited
2026042201013077,KBL,58,63,20,216.9,4338.0,2026-04-22,187414886,142,Naasa Securities Co. Ltd.,Himalayan Brokerage Company Limited,2026-04-22 11:37:27.051945,Kumari Bank Limited
2026042201013107,KBL,35,63,158,216.9,34270.2,2026-04-22,187414973,142,Kohinoor Investment & Securities Pvt. Ltd.,Himalayan Brokerage Company Limited,2026-04-22 11:37:34.235867,Kumari Bank Limited
2026042201013159,KBL,35,58,42,217.0,9114.0,2026-04-22,187415126,142,Kohinoor Investment & Securities Pvt. Ltd.,Naasa Securities Co. Ltd.,2026-04-22 11:37:44.278854,Kumari Bank Limited
2026042201013160,KBL,45,58,50,216.9,10845.0,2026-04-22,187415128,142,Imperial Securities Company Pvt. Ltd.,Naasa Securities Co. Ltd.,2026-04-22 11:37:44.279208,Kumari Bank Limited
2026042201013164,KBL,32,58,308,216.9,66805.2,2026-04-22,187415145,142,Premier Securities Company Ltd.,Naasa Securities Co. Ltd.,2026-04-22 11:37:45.489916,Kumari Bank Limited
2026042201013165,KBL,32,64,192,217.2,41702.4,2026-04-22,187415148,142,Premier Securities Company Ltd.,SUN SECURITIES PVT LTD,2026-04-22 11:37:45.490552,Kumari Bank Limited
2026042201013255,KBL,58,64,10,217.2,2172.0,2026-04-22,187415484,142,Naasa Securities Co. Ltd.,SUN SECURITIES PVT LTD,2026-04-22 11:38:03.393778,Kumari Bank Limited
2026042201013285,KBL,29,64,500,217.2,108600.0,2026-04-22,187415630,142,Trisul Securities & Invt. Ltd.,SUN SECURITIES PVT LTD,2026-04-22 11:38:11.509735,Kumari Bank Limited
2026042201013311,KBL,57,64,230,217.2,49956.0,2026-04-22,187415782,142,Aryatara Investment & Securities,SUN SECURITIES PVT LTD,2026-04-22 11:38:16.859933,Kumari Bank Limited
2026042201013314,KBL,36,64,350,217.2,76020.0,2026-04-22,187415791,142,Secured Securities Ltd.,SUN SECURITIES PVT LTD,2026-04-22 11:38:17.365071,Kumari Bank Limited
2026042201013559,KBL,3,45,150,217.5,32625.0,2026-04-22,187416671,142,Arun Securities (PVT) Ltd.,Imperial Securities Company Pvt. Ltd.,2026-04-22 11:39:15.138565,Kumari Bank Limited
2026042201013580,KBL,7,34,200,218.0,43600.0,2026-04-22,187416738,142,J.F. Securites (PVT) Ltd.,Vision Securities Pvt. Ltd,2026-04-22 11:39:18.254973,Kumari Bank Limited
2026042201013629,KBL,3,29,1850,217.5,402375.0,2026-04-22,187416930,142,Arun Securities (PVT) Ltd.,Trisul Securities & Invt. Ltd.,2026-04-22 11:39:29.249049,Kumari Bank Limited
2026042201013630,KBL,36,29,1150,217.2,249780.0,2026-04-22,187416932,142,Secured Securities Ltd.,Trisul Securities & Invt. Ltd.,2026-04-22 11:39:29.249740,Kumari Bank Limited
2026042201013631,KBL,26,29,1000,217.2,217200.0,2026-04-22,187416933,142,Asian Securities Private Ltd.,Trisul Securities & Invt. Ltd.,2026-04-22 11:39:29.250239,Kumari Bank Limited
2026042201013735,KBL,58,34,30,218.0,6540.0,2026-04-22,187417394,142,Naasa Securities Co. Ltd.,Vision Securities Pvt. Ltd,2026-04-22 11:39:59.993936,Kumari Bank Limited
2026042201013883,KBL,36,34,130,218.0,28340.0,2026-04-22,187417860,142,Secured Securities Ltd.,Vision Securities Pvt. Ltd,2026-04-22 11:40:32.535650,Kumari Bank Limited
2026042201013887,KBL,42,34,900,218.0,196200.0,2026-04-22,187417880,142,Sani Securities Company Ltd.,Vision Securities Pvt. Ltd,2026-04-22 11:40:33.373708,Kumari Bank Limited
2026042201014151,KBL,42,29,1000,217.7,217700.0,2026-04-22,187418893,142,Sani Securities Company Ltd.,Trisul Securities & Invt. Ltd.,2026-04-22 11:41:22.534896,Kumari Bank Limited
2026042201014152,KBL,63,29,500,217.6,108800.0,2026-04-22,187418897,142,Himalayan Brokerage Company Limited,Trisul Securities & Invt. Ltd.,2026-04-22 11:41:22.535550,Kumari Bank Limited
2026042201014153,KBL,58,29,113,217.5,24577.5,2026-04-22,187418900,142,Naasa Securities Co. Ltd.,Trisul Securities & Invt. Ltd.,2026-04-22 11:41:22.535744,Kumari Bank Limited
2026042201014154,KBL,51,29,500,217.5,108750.0,2026-04-22,187418904,142,Oxford Securities Pvt. Ltd.,Trisul Securities & Invt. Ltd.,2026-04-22 11:41:22.535960,Kumari Bank Limited
2026042201014155,KBL,45,29,50,217.5,10875.0,2026-04-22,187418906,142,Imperial Securities Company Pvt. Ltd.,Trisul Securities & Invt. Ltd.,2026-04-22 11:41:22.536133,Kumari Bank Limited
2026042201014156,KBL,26,29,90,217.2,19548.0,2026-04-22,187418908,142,Asian Securities Private Ltd.,Trisul Securities & Invt. Ltd.,2026-04-22 11:41:22.536316,Kumari Bank Limited
2026042201014157,KBL,47,29,200,217.2,43440.0,2026-04-22,187418910,142,Neev Securities Pvt. Ltd.,Trisul Securities & Invt. Ltd.,2026-04-22 11:41:22.536633,Kumari Bank Limited
2026042201014158,KBL,11,29,547,217.0,118699.0,2026-04-22,187418911,142,Malla & Malla Stock Broking Company Pvt. Limited,Trisul Securities & Invt. Ltd.,2026-04-22 11:41:22.536804,Kumari Bank Limited
2026042201014181,KBL,11,57,30,217.0,6510.0,2026-04-22,187419001,142,Malla & Malla Stock Broking Company Pvt. Limited,Aryatara Investment & Securities,2026-04-22 11:41:28.845719,Kumari Bank Limited
2026042201014190,KBL,11,58,10,217.0,2170.0,2026-04-22,187419021,142,Malla & Malla Stock Broking Company Pvt. Limited,Naasa Securities Co. Ltd.,2026-04-22 11:41:29.477371,Kumari Bank Limited
2026042201014206,KBL,48,34,200,218.0,43600.0,2026-04-22,187419072,142,Trishakti Securities Public Limited,Vision Securities Pvt. Ltd,2026-04-22 11:41:30.364353,Kumari Bank Limited
2026042201014235,KBL,34,34,58,218.0,12644.0,2026-04-22,187419135,142,Vision Securities Pvt. Ltd,Vision Securities Pvt. Ltd,2026-04-22 11:41:35.039230,Kumari Bank Limited
2026042201014399,KBL,34,11,942,218.0,205356.0,2026-04-22,187419826,142,Vision Securities Pvt. Ltd,Malla & Malla Stock Broking Company Pvt. Limited,2026-04-22 11:42:19.944472,Kumari Bank Limited
2026042201014444,KBL,11,58,413,217.0,89621.0,2026-04-22,187419986,142,Malla & Malla Stock Broking Company Pvt. Limited,Naasa Securities Co. Ltd.,2026-04-22 11:42:32.365586,Kumari Bank Limited
2026042201014445,KBL,77,58,30,217.0,6510.0,2026-04-22,187419988,142,Nabil Stock Dealer Ltd.,Naasa Securities Co. Ltd.,2026-04-22 11:42:32.365898,Kumari Bank Limited
2026042201014446,KBL,32,58,1200,217.0,260400.0,2026-04-22,187419990,142,Premier Securities Company Ltd.,Naasa Securities Co. Ltd.,2026-04-22 11:42:32.366080,Kumari Bank Limited
2026042201014447,KBL,42,58,100,217.0,21700.0,2026-04-22,187419992,142,Sani Securities Company Ltd.,Naasa Securities Co. Ltd.,2026-04-22 11:42:32.366241,Kumari Bank Limited
2026042201014451,KBL,43,58,59,217.0,12803.0,2026-04-22,187420019,142,South Asian Bulls Pvt. Ltd.,Naasa Securities Co. Ltd.,2026-04-22 11:42:33.301753,Kumari Bank Limited
2026042201014514,KBL,43,29,241,217.1,52321.1,2026-04-22,187420318,142,South Asian Bulls Pvt. Ltd.,Trisul Securities & Invt. Ltd.,2026-04-22 11:42:50.188877,Kumari Bank Limited
2026042201014515,KBL,19,29,36,216.8,7804.8,2026-04-22,187420320,142,Nepal Investment And Securities Trading Private Limited,Trisul Securities & Invt. Ltd.,2026-04-22 11:42:50.189264,Kumari Bank Limited
2026042201014516,KBL,32,29,150,216.8,32520.0,2026-04-22,187420322,142,Premier Securities Company Ltd.,Trisul Securities & Invt. Ltd.,2026-04-22 11:42:50.189444,Kumari Bank Limited
2026042201014517,KBL,34,29,200,216.8,43360.0,2026-04-22,187420324,142,Vision Securities Pvt. Ltd,Trisul Securities & Invt. Ltd.,2026-04-22 11:42:50.189613,Kumari Bank Limited
2026042201014518,KBL,32,29,500,216.7,108350.0,2026-04-22,187420326,142,Premier Securities Company Ltd.,Trisul Securities & Invt. Ltd.,2026-04-22 11:42:50.189783,Kumari Bank Limited
2026042201014519,KBL,38,29,300,216.6,64980.0,2026-04-22,187420328,142,Dipshikha Dhitopatra Karobar Co. Pvt Ltd.,Trisul Securities & Invt. Ltd.,2026-04-22 11:42:50.189950,Kumari Bank Limited
2026042201014520,KBL,36,29,100,216.6,21660.0,2026-04-22,187420330,142,Secured Securities Ltd.,Trisul Securities & Invt. Ltd.,2026-04-22 11:42:50.190123,Kumari Bank Limited
2026042201014521,KBL,43,29,1000,216.6,216600.0,2026-04-22,187420332,142,South Asian Bulls Pvt. Ltd.,Trisul Securities & Invt. Ltd.,2026-04-22 11:42:50.190304,Kumari Bank Limited
2026042201014522,KBL,22,29,200,216.6,43320.0,2026-04-22,187420334,142,Siprabi Securities Pvt. Ltd.,Trisul Securities & Invt. Ltd.,2026-04-22 11:42:50.190508,Kumari Bank Limited
2026042201014523,KBL,25,29,129,216.5,27928.5,2026-04-22,187420336,142,Sweta Securities Private Limited,Trisul Securities & Invt. Ltd.,2026-04-22 11:42:50.190702,Kumari Bank Limited
2026042201014524,KBL,40,29,100,216.5,21650.0,2026-04-22,187420338,142,Creative Securities Pvt Ltd,Trisul Securities & Invt. Ltd.,2026-04-22 11:42:50.190875,Kumari Bank Limited
2026042201014525,KBL,57,29,500,216.5,108250.0,2026-04-22,187420340,142,Aryatara Investment & Securities,Trisul Securities & Invt. Ltd.,2026-04-22 11:42:50.191044,Kumari Bank Limited
2026042201014526,KBL,28,29,544,216.3,117667.2,2026-04-22,187420341,142,Shree Krishna Securities Ltd.,Trisul Securities & Invt. Ltd.,2026-04-22 11:42:50.191227,Kumari Bank Limited
2026042201014610,KBL,18,11,58,218.0,12644.0,2026-04-22,187420645,142,Sagarmatha Securities Private Limited,Malla & Malla Stock Broking Company Pvt. Limited,2026-04-22 11:43:09.953192,Kumari Bank Limited
2026042201014669,KBL,18,16,342,218.0,74556.0,2026-04-22,187420828,142,Sagarmatha Securities Private Limited,Primo Securities (PVT) Ltd.,2026-04-22 11:43:24.145887,Kumari Bank Limited
2026042201014997,KBL,17,25,29,217.0,6293.0,2026-04-22,187422028,142,ABC Securities Private Limited,Sweta Securities Private Limited,2026-04-22 11:44:26.959663,Kumari Bank Limited
2026042201015106,KBL,58,25,18,216.6,3898.8,2026-04-22,187422460,142,Naasa Securities Co. Ltd.,Sweta Securities Private Limited,2026-04-22 11:44:51.679424,Kumari Bank Limited
2026042201015107,KBL,32,25,82,216.6,17761.2,2026-04-22,187422461,142,Premier Securities Company Ltd.,Sweta Securities Private Limited,2026-04-22 11:44:51.679772,Kumari Bank Limited
2026042201015156,KBL,46,58,32,216.7,6934.4,2026-04-22,187422607,142,Kalika Securities Pvt. Ltd.,Naasa Securities Co. Ltd.,2026-04-22 11:45:02.437649,Kumari Bank Limited
2026042201015238,KBL,36,25,1000,217.0,217000.0,2026-04-22,187422870,142,Secured Securities Ltd.,Sweta Securities Private Limited,2026-04-22 11:45:15.830516,Kumari Bank Limited
2026042201015334,KBL,57,25,220,217.0,47740.0,2026-04-22,187423192,142,Aryatara Investment & Securities,Sweta Securities Private Limited,2026-04-22 11:45:34.562072,Kumari Bank Limited
2026042201015368,KBL,33,25,50,217.0,10850.0,2026-04-22,187423362,142,Dakshinkali Investment & Securities Pvt. Ltd.,Sweta Securities Private Limited,2026-04-22 11:45:43.390445,Kumari Bank Limited
2026042201015552,KBL,36,25,701,217.0,152117.0,2026-04-22,187423919,142,Secured Securities Ltd.,Sweta Securities Private Limited,2026-04-22 11:46:21.970372,Kumari Bank Limited
2026042201015817,KBL,76,36,10,217.9,2179.0,2026-04-22,187424766,142,Machhapuchchhre Securities Limited,Secured Securities Ltd.,2026-04-22 11:47:18.445312,Kumari Bank Limited
2026042201016066,KBL,50,36,190,217.9,41401.0,2026-04-22,187425509,142,Cristal Kanchanjanga Securites Pvt. Ltd.,Secured Securities Ltd.,2026-04-22 11:48:06.073671,Kumari Bank Limited
2026042201016075,KBL,50,58,810,217.9,176499.0,2026-04-22,187425536,142,Cristal Kanchanjanga Securites Pvt. Ltd.,Naasa Securities Co. Ltd.,2026-04-22 11:48:08.088533,Kumari Bank Limited
2026042201016217,KBL,35,58,500,217.9,108950.0,2026-04-22,187426042,142,Kohinoor Investment & Securities Pvt. Ltd.,Naasa Securities Co. Ltd.,2026-04-22 11:48:39.088864,Kumari Bank Limited
2026042201016347,KBL,58,48,100,217.5,21750.0,2026-04-22,187426448,142,Naasa Securities Co. Ltd.,Trishakti Securities Public Limited,2026-04-22 11:49:09.277513,Kumari Bank Limited
2026042201016348,KBL,36,48,99,217.0,21483.0,2026-04-22,187426450,142,Secured Securities Ltd.,Trishakti Securities Public Limited,2026-04-22 11:49:09.278382,Kumari Bank Limited
2026042201016349,KBL,98,48,100,217.0,21700.0,2026-04-22,187426452,142,Trademow Securities Private Limited,Trishakti Securities Public Limited,2026-04-22 11:49:09.278985,Kumari Bank Limited
2026042201016350,KBL,58,48,250,217.0,54250.0,2026-04-22,187426454,142,Naasa Securities Co. Ltd.,Trishakti Securities Public Limited,2026-04-22 11:49:09.279576,Kumari Bank Limited
2026042201016351,KBL,42,48,20,217.0,4340.0,2026-04-22,187426456,142,Sani Securities Company Ltd.,Trishakti Securities Public Limited,2026-04-22 11:49:09.280178,Kumari Bank Limited
2026042201016352,KBL,52,48,100,217.0,21700.0,2026-04-22,187426458,142,Sundhara Securities Limited,Trishakti Securities Public Limited,2026-04-22 11:49:09.280803,Kumari Bank Limited
2026042201016353,KBL,42,48,100,217.0,21700.0,2026-04-22,187426460,142,Sani Securities Company Ltd.,Trishakti Securities Public Limited,2026-04-22 11:49:09.281394,Kumari Bank Limited
2026042201016354,KBL,42,48,100,217.0,21700.0,2026-04-22,187426462,142,Sani Securities Company Ltd.,Trishakti Securities Public Limited,2026-04-22 11:49:09.281986,Kumari Bank Limited
2026042201016355,KBL,49,48,190,217.0,41230.0,2026-04-22,187426464,142,Online Securities Pvt. Ltd.,Trishakti Securities Public Limited,2026-04-22 11:49:09.282587,Kumari Bank Limited
2026042201016356,KBL,58,48,841,217.0,182497.0,2026-04-22,187426465,142,Naasa Securities Co. Ltd.,Trishakti Securities Public Limited,2026-04-22 11:49:09.283149,Kumari Bank Limited
2026042201016693,KBL,58,58,110,217.0,23870.0,2026-04-22,187427483,142,Naasa Securities Co. Ltd.,Naasa Securities Co. Ltd.,2026-04-22 11:49:57.897971,Kumari Bank Limited
2026042201016776,KBL,58,58,49,217.0,10633.0,2026-04-22,187427804,142,Naasa Securities Co. Ltd.,Naasa Securities Co. Ltd.,2026-04-22 11:50:13.373509,Kumari Bank Limited
2026042201016777,KBL,20,58,350,217.0,75950.0,2026-04-22,187427806,142,Sipla Securities Private Limited,Naasa Securities Co. Ltd.,2026-04-22 11:50:13.373615,Kumari Bank Limited
2026042201016778,KBL,45,58,30,217.0,6510.0,2026-04-22,187427808,142,Imperial Securities Company Pvt. Ltd.,Naasa Securities Co. Ltd.,2026-04-22 11:50:13.373682,Kumari Bank Limited
2026042201016779,KBL,60,58,79,217.0,17143.0,2026-04-22,187427809,142,Nagarik Stock Dealer ,Naasa Securities Co. Ltd.,2026-04-22 11:50:13.373745,Kumari Bank Limited
2026042201016809,KBL,60,58,421,217.0,91357.0,2026-04-22,187427902,142,Nagarik Stock Dealer ,Naasa Securities Co. Ltd.,2026-04-22 11:50:18.351451,Kumari Bank Limited
2026042201016810,KBL,42,58,10,217.0,2170.0,2026-04-22,187427904,142,Sani Securities Company Ltd.,Naasa Securities Co. Ltd.,2026-04-22 11:50:18.351867,Kumari Bank Limited
2026042201016811,KBL,58,58,50,217.0,10850.0,2026-04-22,187427906,142,Naasa Securities Co. Ltd.,Naasa Securities Co. Ltd.,2026-04-22 11:50:18.352113,Kumari Bank Limited
2026042201016895,KBL,29,58,500,217.0,108500.0,2026-04-22,187428238,142,Trisul Securities & Invt. Ltd.,Naasa Securities Co. Ltd.,2026-04-22 11:50:37.149350,Kumari Bank Limited
2026042201016947,KBL,43,58,150,217.0,32550.0,2026-04-22,187428390,142,South Asian Bulls Pvt. Ltd.,Naasa Securities Co. Ltd.,2026-04-22 11:50:47.486070,Kumari Bank Limited
2026042201016948,KBL,32,58,500,217.0,108500.0,2026-04-22,187428392,142,Premier Securities Company Ltd.,Naasa Securities Co. Ltd.,2026-04-22 11:50:47.668433,Kumari Bank Limited
2026042201016966,KBL,40,58,59,217.0,12803.0,2026-04-22,187428449,142,Creative Securities Pvt Ltd,Naasa Securities Co. Ltd.,2026-04-22 11:50:51.874199,Kumari Bank Limited
2026042201016985,KBL,16,48,50,218.0,10900.0,2026-04-22,187428568,142,Primo Securities (PVT) Ltd.,Trishakti Securities Public Limited,2026-04-22 11:50:57.056487,Kumari Bank Limited
2026042201017021,KBL,76,48,10,218.0,2180.0,2026-04-22,187428666,142,Machhapuchchhre Securities Limited,Trishakti Securities Public Limited,2026-04-22 11:51:03.818809,Kumari Bank Limited
2026042201017268,KBL,42,48,1000,218.0,218000.0,2026-04-22,187429402,142,Sani Securities Company Ltd.,Trishakti Securities Public Limited,2026-04-22 11:51:43.265077,Kumari Bank Limited
2026042201017339,KBL,36,48,450,218.0,98100.0,2026-04-22,187429772,142,Secured Securities Ltd.,Trishakti Securities Public Limited,2026-04-22 11:51:56.875690,Kumari Bank Limited
2026042201017435,KBL,40,50,641,217.0,139097.0,2026-04-22,187430098,142,Creative Securities Pvt Ltd,Cristal Kanchanjanga Securites Pvt. Ltd.,2026-04-22 11:52:08.552030,Kumari Bank Limited
2026042201017436,KBL,58,50,50,217.0,10850.0,2026-04-22,187430100,142,Naasa Securities Co. Ltd.,Cristal Kanchanjanga Securites Pvt. Ltd.,2026-04-22 11:52:08.552471,Kumari Bank Limited
2026042201017437,KBL,1,50,200,217.0,43400.0,2026-04-22,187430102,142,Kumari Securities Private Limited,Cristal Kanchanjanga Securites Pvt. Ltd.,2026-04-22 11:52:08.552693,Kumari Bank Limited
2026042201017438,KBL,61,50,11,216.9,2385.9,2026-04-22,187430104,142,BHOLE GANESH SECURITIES LTD,Cristal Kanchanjanga Securites Pvt. Ltd.,2026-04-22 11:52:08.552901,Kumari Bank Limited
2026042201017439,KBL,59,50,1000,216.9,216900.0,2026-04-22,187430106,142,Deevyaa Securities & Stock House Pvt. Ltd,Cristal Kanchanjanga Securites Pvt. Ltd.,2026-04-22 11:52:08.553113,Kumari Bank Limited
2026042201017440,KBL,57,50,12,216.8,2601.6,2026-04-22,187430108,142,Aryatara Investment & Securities,Cristal Kanchanjanga Securites Pvt. Ltd.,2026-04-22 11:52:08.553328,Kumari Bank Limited
2026042201017441,KBL,58,50,1000,216.8,216800.0,2026-04-22,187430110,142,Naasa Securities Co. Ltd.,Cristal Kanchanjanga Securites Pvt. Ltd.,2026-04-22 11:52:08.553531,Kumari Bank Limited
2026042201017442,KBL,46,50,118,216.7,25570.6,2026-04-22,187430112,142,Kalika Securities Pvt. Ltd.,Cristal Kanchanjanga Securites Pvt. Ltd.,2026-04-22 11:52:08.553774,Kumari Bank Limited
2026042201017443,KBL,6,50,10,216.7,2167.0,2026-04-22,187430114,142,Agrawal Securities (PVT) Ltd.,Cristal Kanchanjanga Securites Pvt. Ltd.,2026-04-22 11:52:08.554071,Kumari Bank Limited
2026042201017444,KBL,32,50,500,216.7,108350.0,2026-04-22,187430116,142,Premier Securities Company Ltd.,Cristal Kanchanjanga Securites Pvt. Ltd.,2026-04-22 11:52:08.554300,Kumari Bank Limited
2026042201017445,KBL,32,50,418,216.6,90538.8,2026-04-22,187430118,142,Premier Securities Company Ltd.,Cristal Kanchanjanga Securites Pvt. Ltd.,2026-04-22 11:52:08.554563,Kumari Bank Limited
2026042201017446,KBL,56,50,1943,216.6,420853.8,2026-04-22,187430119,142,Sri Hari Securities Pvt. Ltd.,Cristal Kanchanjanga Securites Pvt. Ltd.,2026-04-22 11:52:08.554827,Kumari Bank Limited
2026042201017488,KBL,32,29,500,217.0,108500.0,2026-04-22,187430378,142,Premier Securities Company Ltd.,Trisul Securities & Invt. Ltd.,2026-04-22 11:52:18.688887,Kumari Bank Limited
2026042201017489,KBL,34,29,500,216.7,108350.0,2026-04-22,187430380,142,Vision Securities Pvt. Ltd,Trisul Securities & Invt. Ltd.,2026-04-22 11:52:18.689308,Kumari Bank Limited
2026042201017490,KBL,56,29,57,216.6,12346.2,2026-04-22,187430382,142,Sri Hari Securities Pvt. Ltd.,Trisul Securities & Invt. Ltd.,2026-04-22 11:52:18.689515,Kumari Bank Limited
2026042201017491,KBL,40,29,443,216.5,95909.5,2026-04-22,187430383,142,Creative Securities Pvt Ltd,Trisul Securities & Invt. Ltd.,2026-04-22 11:52:18.689716,Kumari Bank Limited
2026042201017511,KBL,34,48,10,218.0,2180.0,2026-04-22,187430440,142,Vision Securities Pvt. Ltd,Trishakti Securities Public Limited,2026-04-22 11:52:22.204866,Kumari Bank Limited
2026042201017706,KBL,48,48,100,218.0,21800.0,2026-04-22,187431052,142,Trishakti Securities Public Limited,Trishakti Securities Public Limited,2026-04-22 11:52:55.250247,Kumari Bank Limited
2026042201017739,KBL,49,29,1000,217.0,217000.0,2026-04-22,187431170,142,Online Securities Pvt. Ltd.,Trisul Securities & Invt. Ltd.,2026-04-22 11:53:02.779902,Kumari Bank Limited
2026042201017740,KBL,40,29,557,216.5,120590.5,2026-04-22,187431172,142,Creative Securities Pvt Ltd,Trisul Securities & Invt. Ltd.,2026-04-22 11:53:02.780802,Kumari Bank Limited
2026042201017741,KBL,34,29,500,216.5,108250.0,2026-04-22,187431174,142,Vision Securities Pvt. Ltd,Trisul Securities & Invt. Ltd.,2026-04-22 11:53:02.781450,Kumari Bank Limited
2026042201017742,KBL,43,29,300,216.4,64920.0,2026-04-22,187431176,142,South Asian Bulls Pvt. Ltd.,Trisul Securities & Invt. Ltd.,2026-04-22 11:53:02.782095,Kumari Bank Limited
2026042201017743,KBL,45,29,150,216.4,32460.0,2026-04-22,187431178,142,Imperial Securities Company Pvt. Ltd.,Trisul Securities & Invt. Ltd.,2026-04-22 11:53:02.782720,Kumari Bank Limited
2026042201017744,KBL,14,29,200,216.4,43280.0,2026-04-22,187431180,142,Nepal Stock House (PVT) Ltd.,Trisul Securities & Invt. Ltd.,2026-04-22 11:53:02.783352,Kumari Bank Limited
2026042201017745,KBL,28,29,156,216.3,33742.8,2026-04-22,187431182,142,Shree Krishna Securities Ltd.,Trisul Securities & Invt. Ltd.,2026-04-22 11:53:02.784008,Kumari Bank Limited
2026042201017746,KBL,33,29,100,216.3,21630.0,2026-04-22,187431184,142,Dakshinkali Investment & Securities Pvt. Ltd.,Trisul Securities & Invt. Ltd.,2026-04-22 11:53:02.784605,Kumari Bank Limited
2026042201017747,KBL,34,29,700,216.3,151410.0,2026-04-22,187431186,142,Vision Securities Pvt. Ltd,Trisul Securities & Invt. Ltd.,2026-04-22 11:53:02.785225,Kumari Bank Limited
2026042201017748,KBL,11,29,100,216.3,21630.0,2026-04-22,187431188,142,Malla & Malla Stock Broking Company Pvt. Limited,Trisul Securities & Invt. Ltd.,2026-04-22 11:53:02.785819,Kumari Bank Limited
2026042201017749,KBL,48,29,1000,216.3,216300.0,2026-04-22,187431190,142,Trishakti Securities Public Limited,Trisul Securities & Invt. Ltd.,2026-04-22 11:53:02.786374,Kumari Bank Limited
2026042201017750,KBL,58,29,200,216.3,43260.0,2026-04-22,187431192,142,Naasa Securities Co. Ltd.,Trisul Securities & Invt. Ltd.,2026-04-22 11:53:02.786581,Kumari Bank Limited
2026042201017751,KBL,51,29,34,216.3,7354.2,2026-04-22,187431194,142,Oxford Securities Pvt. Ltd.,Trisul Securities & Invt. Ltd.,2026-04-22 11:53:02.786778,Kumari Bank Limited
2026042201018337,KBL,43,29,150,216.3,32445.0,2026-04-22,187433022,142,South Asian Bulls Pvt. Ltd.,Trisul Securities & Invt. Ltd.,2026-04-22 11:54:32.596183,Kumari Bank Limited
2026042201018338,KBL,74,29,222,216.2,47996.4,2026-04-22,187433024,142,KALASH STOCK MARKET PVT. LTD.,Trisul Securities & Invt. Ltd.,2026-04-22 11:54:32.596679,Kumari Bank Limited
2026042201018339,KBL,34,29,422,216.2,91236.4,2026-04-22,187433026,142,Vision Securities Pvt. Ltd,Trisul Securities & Invt. Ltd.,2026-04-22 11:54:32.596917,Kumari Bank Limited
2026042201018340,KBL,52,29,162,216.2,35024.4,2026-04-22,187433028,142,Sundhara Securities Limited,Trisul Securities & Invt. Ltd.,2026-04-22 11:54:32.597256,Kumari Bank Limited
2026042201018341,KBL,21,29,500,216.1,108050.0,2026-04-22,187433030,142,Midas Stock Broking Company Private Limited,Trisul Securities & Invt. Ltd.,2026-04-22 11:54:32.597546,Kumari Bank Limited
2026042201018342,KBL,53,29,100,216.1,21610.0,2026-04-22,187433032,142,Investment Management Nepal Pvt. Ltd.,Trisul Securities & Invt. Ltd.,2026-04-22 11:54:32.597818,Kumari Bank Limited
2026042201018343,KBL,62,29,2000,216.1,432200.0,2026-04-22,187433034,142,Capital Max Securities Ltd,Trisul Securities & Invt. Ltd.,2026-04-22 11:54:32.598137,Kumari Bank Limited
2026042201018344,KBL,16,29,100,216.1,21610.0,2026-04-22,187433036,142,Primo Securities (PVT) Ltd.,Trisul Securities & Invt. Ltd.,2026-04-22 11:54:32.598394,Kumari Bank Limited
2026042201018345,KBL,58,29,88,216.0,19008.0,2026-04-22,187433038,142,Naasa Securities Co. Ltd.,Trisul Securities & Invt. Ltd.,2026-04-22 11:54:32.598672,Kumari Bank Limited
2026042201018346,KBL,35,29,100,216.0,21600.0,2026-04-22,187433040,142,Kohinoor Investment & Securities Pvt. Ltd.,Trisul Securities & Invt. Ltd.,2026-04-22 11:54:32.599006,Kumari Bank Limited
2026042201018347,KBL,10,29,1000,216.0,216000.0,2026-04-22,187433042,142,Pragyan Securities (PVT) Ltd.,Trisul Securities & Invt. Ltd.,2026-04-22 11:54:32.599364,Kumari Bank Limited
2026042201018348,KBL,21,29,10,216.0,2160.0,2026-04-22,187433044,142,Midas Stock Broking Company Private Limited,Trisul Securities & Invt. Ltd.,2026-04-22 11:54:32.599626,Kumari Bank Limited
2026042201018349,KBL,49,29,20,216.0,4320.0,2026-04-22,187433046,142,Online Securities Pvt. Ltd.,Trisul Securities & Invt. Ltd.,2026-04-22 11:54:32.599925,Kumari Bank Limited
2026042201018350,KBL,94,29,200,216.0,43200.0,2026-04-22,187433048,142,K.B.L. Securities Limited ,Trisul Securities & Invt. Ltd.,2026-04-22 11:54:32.600160,Kumari Bank Limited
2026042201018351,KBL,34,29,50,216.0,10800.0,2026-04-22,187433050,142,Vision Securities Pvt. Ltd,Trisul Securities & Invt. Ltd.,2026-04-22 11:54:32.600364,Kumari Bank Limited
2026042201018352,KBL,25,29,500,216.0,108000.0,2026-04-22,187433052,142,Sweta Securities Private Limited,Trisul Securities & Invt. Ltd.,2026-04-22 11:54:32.600737,Kumari Bank Limited
2026042201018353,KBL,42,29,20,216.0,4320.0,2026-04-22,187433054,142,Sani Securities Company Ltd.,Trisul Securities & Invt. Ltd.,2026-04-22 11:54:32.601105,Kumari Bank Limited
2026042201018354,KBL,35,29,10,216.0,2160.0,2026-04-22,187433056,142,Kohinoor Investment & Securities Pvt. Ltd.,Trisul Securities & Invt. Ltd.,2026-04-22 11:54:32.601426,Kumari Bank Limited
2026042201018355,KBL,58,29,80,216.0,17280.0,2026-04-22,187433058,142,Naasa Securities Co. Ltd.,Trisul Securities & Invt. Ltd.,2026-04-22 11:54:32.601689,Kumari Bank Limited
2026042201018356,KBL,42,29,50,216.0,10800.0,2026-04-22,187433060,142,Sani Securities Company Ltd.,Trisul Securities & Invt. Ltd.,2026-04-22 11:54:32.602006,Kumari Bank Limited
2026042201018357,KBL,65,29,1000,216.0,216000.0,2026-04-22,187433062,142,Sharepro Securities Private Limited,Trisul Securities & Invt. Ltd.,2026-04-22 11:54:32.602346,Kumari Bank Limited
2026042201018358,KBL,32,29,100,216.0,21600.0,2026-04-22,187433064,142,Premier Securities Company Ltd.,Trisul Securities & Invt. Ltd.,2026-04-22 11:54:32.602651,Kumari Bank Limited
2026042201018359,KBL,34,29,10,216.0,2160.0,2026-04-22,187433066,142,Vision Securities Pvt. Ltd,Trisul Securities & Invt. Ltd.,2026-04-22 11:54:32.602937,Kumari Bank Limited
2026042201018360,KBL,80,29,600,216.0,129600.0,2026-04-22,187433068,142,Indira securities pvt. ltd,Trisul Securities & Invt. Ltd.,2026-04-22 11:54:32.603276,Kumari Bank Limited
2026042201018361,KBL,68,29,1101,216.0,237816.0,2026-04-22,187433070,142,Elite Stock House Limited,Trisul Securities & Invt. Ltd.,2026-04-22 11:54:32.603629,Kumari Bank Limited
2026042201018362,KBL,52,29,100,216.0,21600.0,2026-04-22,187433072,142,Sundhara Securities Limited,Trisul Securities & Invt. Ltd.,2026-04-22 11:54:32.603961,Kumari Bank Limited
2026042201018363,KBL,36,29,25,216.0,5400.0,2026-04-22,187433074,142,Secured Securities Ltd.,Trisul Securities & Invt. Ltd.,2026-04-22 11:54:32.604276,Kumari Bank Limited
2026042201018364,KBL,57,29,1000,216.0,216000.0,2026-04-22,187433076,142,Aryatara Investment & Securities,Trisul Securities & Invt. Ltd.,2026-04-22 11:54:32.604648,Kumari Bank Limited
2026042201018365,KBL,38,29,500,216.0,108000.0,2026-04-22,187433078,142,Dipshikha Dhitopatra Karobar Co. Pvt Ltd.,Trisul Securities & Invt. Ltd.,2026-04-22 11:54:32.604915,Kumari Bank Limited
2026042201018366,KBL,58,29,183,216.0,39528.0,2026-04-22,187433080,142,Naasa Securities Co. Ltd.,Trisul Securities & Invt. Ltd.,2026-04-22 11:54:32.605254,Kumari Bank Limited
2026042201018367,KBL,1,29,100,216.0,21600.0,2026-04-22,187433082,142,Kumari Securities Private Limited,Trisul Securities & Invt. Ltd.,2026-04-22 11:54:32.605659,Kumari Bank Limited
2026042201018368,KBL,14,29,500,216.0,108000.0,2026-04-22,187433084,142,Nepal Stock House (PVT) Ltd.,Trisul Securities & Invt. Ltd.,2026-04-22 11:54:32.605983,Kumari Bank Limited
2026042201018369,KBL,29,29,500,216.0,108000.0,2026-04-22,187433086,142,Trisul Securities & Invt. Ltd.,Trisul Securities & Invt. Ltd.,2026-04-22 11:54:32.606333,Kumari Bank Limited
2026042201018370,KBL,94,29,100,216.0,21600.0,2026-04-22,187433088,142,K.B.L. Securities Limited ,Trisul Securities & Invt. Ltd.,2026-04-22 11:54:32.606714,Kumari Bank Limited
2026042201018371,KBL,49,29,397,216.0,85752.0,2026-04-22,187433089,142,Online Securities Pvt. Ltd.,Trisul Securities & Invt. Ltd.,2026-04-22 11:54:32.607059,Kumari Bank Limited
2026042201018591,KBL,63,25,3000,217.0,651000.0,2026-04-22,187433857,142,Himalayan Brokerage Company Limited,Sweta Securities Private Limited,2026-04-22 11:55:03.643399,Kumari Bank Limited
2026042201018592,KBL,63,26,700,217.0,151900.0,2026-04-22,187433859,142,Himalayan Brokerage Company Limited,Asian Securities Private Ltd.,2026-04-22 11:55:03.644234,Kumari Bank Limited
2026042201018593,KBL,63,40,200,217.0,43400.0,2026-04-22,187433861,142,Himalayan Brokerage Company Limited,Creative Securities Pvt Ltd,2026-04-22 11:55:03.644828,Kumari Bank Limited
2026042201018612,KBL,42,48,20,218.0,4360.0,2026-04-22,187433934,142,Sani Securities Company Ltd.,Trishakti Securities Public Limited,2026-04-22 11:55:09.405340,Kumari Bank Limited
2026042201018688,KBL,63,29,1100,217.0,238700.0,2026-04-22,187434230,142,Himalayan Brokerage Company Limited,Trisul Securities & Invt. Ltd.,2026-04-22 11:55:24.763970,Kumari Bank Limited
2026042201018689,KBL,45,29,120,217.0,26040.0,2026-04-22,187434232,142,Imperial Securities Company Pvt. Ltd.,Trisul Securities & Invt. Ltd.,2026-04-22 11:55:24.764781,Kumari Bank Limited
2026042201018690,KBL,61,29,11,216.5,2381.5,2026-04-22,187434234,142,BHOLE GANESH SECURITIES LTD,Trisul Securities & Invt. Ltd.,2026-04-22 11:55:24.765388,Kumari Bank Limited
2026042201018691,KBL,32,29,500,216.4,108200.0,2026-04-22,187434236,142,Premier Securities Company Ltd.,Trisul Securities & Invt. Ltd.,2026-04-22 11:55:24.765985,Kumari Bank Limited
2026042201018692,KBL,38,29,3269,216.3,707084.7,2026-04-22,187434237,142,Dipshikha Dhitopatra Karobar Co. Pvt Ltd.,Trisul Securities & Invt. Ltd.,2026-04-22 11:55:24.766566,Kumari Bank Limited
2026042201019201,KBL,46,61,20,217.9,4358.0,2026-04-22,187436109,142,Kalika Securities Pvt. Ltd.,BHOLE GANESH SECURITIES LTD,2026-04-22 11:56:51.485382,Kumari Bank Limited
2026042201019202,KBL,46,48,20,218.0,4360.0,2026-04-22,187436112,142,Kalika Securities Pvt. Ltd.,Trishakti Securities Public Limited,2026-04-22 11:56:51.486191,Kumari Bank Limited
2026042201019454,KBL,42,16,20,217.0,4340.0,2026-04-22,187437231,142,Sani Securities Company Ltd.,Primo Securities (PVT) Ltd.,2026-04-22 11:57:48.864976,Kumari Bank Limited
2026042201019572,KBL,42,58,300,217.0,65100.0,2026-04-22,187437639,142,Sani Securities Company Ltd.,Naasa Securities Co. Ltd.,2026-04-22 11:58:12.471576,Kumari Bank Limited
2026042201019583,KBL,42,58,450,217.0,97650.0,2026-04-22,187437665,142,Sani Securities Company Ltd.,Naasa Securities Co. Ltd.,2026-04-22 11:58:13.721926,Kumari Bank Limited
2026042201019735,KBL,42,13,50,217.0,10850.0,2026-04-22,187438239,142,Sani Securities Company Ltd.,Thrive Brokerage House Pvt. Ltd,2026-04-22 11:58:47.832432,Kumari Bank Limited
2026042201019852,KBL,42,14,180,217.0,39060.0,2026-04-22,187438636,142,Sani Securities Company Ltd.,Nepal Stock House (PVT) Ltd.,2026-04-22 11:59:09.541421,Kumari Bank Limited
2026042201019853,KBL,41,14,70,217.0,15190.0,2026-04-22,187438638,142,Linch Stock Market Ltd.,Nepal Stock House (PVT) Ltd.,2026-04-22 11:59:09.541940,Kumari Bank Limited
2026042201020853,KBL,57,14,50,216.9,10845.0,2026-04-22,187442481,142,Aryatara Investment & Securities,Nepal Stock House (PVT) Ltd.,2026-04-22 12:01:57.491974,Kumari Bank Limited
2026042201020854,KBL,57,98,50,217.0,10850.0,2026-04-22,187442483,142,Aryatara Investment & Securities,Trademow Securities Private Limited,2026-04-22 12:01:57.492403,Kumari Bank Limited
2026042201020855,KBL,57,89,100,217.0,21700.0,2026-04-22,187442485,142,Aryatara Investment & Securities,Global IME Securities Limited,2026-04-22 12:01:57.492643,Kumari Bank Limited
2026042201020940,KBL,76,51,10,217.8,2178.0,2026-04-22,187442762,142,Machhapuchchhre Securities Limited,Oxford Securities Pvt. Ltd.,2026-04-22 12:02:13.517307,Kumari Bank Limited
2026042201020966,KBL,38,51,10,217.8,2178.0,2026-04-22,187442874,142,Dipshikha Dhitopatra Karobar Co. Pvt Ltd.,Oxford Securities Pvt. Ltd.,2026-04-22 12:02:20.412517,Kumari Bank Limited
2026042201021078,KBL,46,51,17,217.8,3702.6,2026-04-22,187443342,142,Kalika Securities Pvt. Ltd.,Oxford Securities Pvt. Ltd.,2026-04-22 12:02:46.973124,Kumari Bank Limited
2026042201021089,KBL,14,51,200,217.8,43560.0,2026-04-22,187443376,142,Nepal Stock House (PVT) Ltd.,Oxford Securities Pvt. Ltd.,2026-04-22 12:02:48.430022,Kumari Bank Limited
2026042201021172,KBL,57,42,169,217.0,36673.0,2026-04-22,187443776,142,Aryatara Investment & Securities,Sani Securities Company Ltd.,2026-04-22 12:03:09.723726,Kumari Bank Limited
2026042201021173,KBL,50,42,113,217.0,24521.0,2026-04-22,187443778,142,Cristal Kanchanjanga Securites Pvt. Ltd.,Sani Securities Company Ltd.,2026-04-22 12:03:09.724247,Kumari Bank Limited
2026042201021283,KBL,50,29,87,217.0,18879.0,2026-04-22,187444278,142,Cristal Kanchanjanga Securites Pvt. Ltd.,Trisul Securities & Invt. Ltd.,2026-04-22 12:03:38.737910,Kumari Bank Limited
2026042201021284,KBL,42,29,110,217.0,23870.0,2026-04-22,187444280,142,Sani Securities Company Ltd.,Trisul Securities & Invt. Ltd.,2026-04-22 12:03:38.738912,Kumari Bank Limited
2026042201021285,KBL,16,29,63,216.9,13664.7,2026-04-22,187444282,142,Primo Securities (PVT) Ltd.,Trisul Securities & Invt. Ltd.,2026-04-22 12:03:38.739631,Kumari Bank Limited
2026042201021286,KBL,61,29,11,216.7,2383.7,2026-04-22,187444284,142,BHOLE GANESH SECURITIES LTD,Trisul Securities & Invt. Ltd.,2026-04-22 12:03:38.740347,Kumari Bank Limited
2026042201021287,KBL,61,29,11,216.6,2382.6,2026-04-22,187444286,142,BHOLE GANESH SECURITIES LTD,Trisul Securities & Invt. Ltd.,2026-04-22 12:03:38.741057,Kumari Bank Limited
2026042201021288,KBL,45,29,50,216.5,10825.0,2026-04-22,187444288,142,Imperial Securities Company Pvt. Ltd.,Trisul Securities & Invt. Ltd.,2026-04-22 12:03:38.741752,Kumari Bank Limited
2026042201021289,KBL,63,29,10,216.5,2165.0,2026-04-22,187444290,142,Himalayan Brokerage Company Limited,Trisul Securities & Invt. Ltd.,2026-04-22 12:03:38.742462,Kumari Bank Limited
2026042201021290,KBL,42,29,3000,216.5,649500.0,2026-04-22,187444292,142,Sani Securities Company Ltd.,Trisul Securities & Invt. Ltd.,2026-04-22 12:03:38.743147,Kumari Bank Limited
2026042201021291,KBL,35,29,100,216.5,21650.0,2026-04-22,187444294,142,Kohinoor Investment & Securities Pvt. Ltd.,Trisul Securities & Invt. Ltd.,2026-04-22 12:03:38.743838,Kumari Bank Limited
2026042201021292,KBL,39,29,100,216.5,21650.0,2026-04-22,187444296,142,Sumeru Securities Pvt. Ltd.,Trisul Securities & Invt. Ltd.,2026-04-22 12:03:38.744541,Kumari Bank Limited
2026042201021293,KBL,52,29,400,216.5,86600.0,2026-04-22,187444298,142,Sundhara Securities Limited,Trisul Securities & Invt. Ltd.,2026-04-22 12:03:38.745001,Kumari Bank Limited
2026042201021294,KBL,6,29,50,216.4,10820.0,2026-04-22,187444300,142,Agrawal Securities (PVT) Ltd.,Trisul Securities & Invt. Ltd.,2026-04-22 12:03:38.745237,Kumari Bank Limited
2026042201021295,KBL,58,29,10,216.4,2164.0,2026-04-22,187444302,142,Naasa Securities Co. Ltd.,Trisul Securities & Invt. Ltd.,2026-04-22 12:03:38.745459,Kumari Bank Limited
2026042201021296,KBL,65,29,10000,216.4,2164000.0,2026-04-22,187444304,142,Sharepro Securities Private Limited,Trisul Securities & Invt. Ltd.,2026-04-22 12:03:38.745690,Kumari Bank Limited
2026042201021297,KBL,65,29,18998,216.4,4111167.2,2026-04-22,187444305,142,Sharepro Securities Private Limited,Trisul Securities & Invt. Ltd.,2026-04-22 12:03:38.745920,Kumari Bank Limited
2026042201021351,KBL,42,51,20,217.8,4356.0,2026-04-22,187444518,142,Sani Securities Company Ltd.,Oxford Securities Pvt. Ltd.,2026-04-22 12:03:52.519209,Kumari Bank Limited
2026042201021497,KBL,49,48,90,217.0,19530.0,2026-04-22,187445094,142,Online Securities Pvt. Ltd.,Trishakti Securities Public Limited,2026-04-22 12:04:20.592477,Kumari Bank Limited
2026042201021517,KBL,36,48,15,217.0,3255.0,2026-04-22,187445188,142,Secured Securities Ltd.,Trishakti Securities Public Limited,2026-04-22 12:04:24.982955,Kumari Bank Limited
2026042201021652,KBL,38,4,195,216.3,42178.5,2026-04-22,187445669,142,Dipshikha Dhitopatra Karobar Co. Pvt Ltd.,Opal Securities Investment (PVT) Ltd.,2026-04-22 12:04:52.099149,Kumari Bank Limited
2026042201021690,KBL,49,48,10,217.0,2170.0,2026-04-22,187445784,142,Online Securities Pvt. Ltd.,Trishakti Securities Public Limited,2026-04-22 12:04:58.658984,Kumari Bank Limited
2026042201021694,KBL,76,48,10,217.0,2170.0,2026-04-22,187445804,142,Machhapuchchhre Securities Limited,Trishakti Securities Public Limited,2026-04-22 12:05:00.574119,Kumari Bank Limited
2026042201021697,KBL,58,48,21,217.0,4557.0,2026-04-22,187445814,142,Naasa Securities Co. Ltd.,Trishakti Securities Public Limited,2026-04-22 12:05:01.036730,Kumari Bank Limited
2026042201021908,KBL,38,58,36,216.3,7786.8,2026-04-22,187446562,142,Dipshikha Dhitopatra Karobar Co. Pvt Ltd.,Naasa Securities Co. Ltd.,2026-04-22 12:05:43.160098,Kumari Bank Limited
2026042201021909,KBL,43,58,150,216.2,32430.0,2026-04-22,187446564,142,South Asian Bulls Pvt. Ltd.,Naasa Securities Co. Ltd.,2026-04-22 12:05:43.160220,Kumari Bank Limited
2026042201021910,KBL,43,58,150,216.1,32415.0,2026-04-22,187446566,142,South Asian Bulls Pvt. Ltd.,Naasa Securities Co. Ltd.,2026-04-22 12:05:43.160294,Kumari Bank Limited
2026042201021911,KBL,58,58,164,216.1,35440.4,2026-04-22,187446567,142,Naasa Securities Co. Ltd.,Naasa Securities Co. Ltd.,2026-04-22 12:05:43.160372,Kumari Bank Limited
2026042201021957,KBL,49,48,20,217.0,4340.0,2026-04-22,187446720,142,Online Securities Pvt. Ltd.,Trishakti Securities Public Limited,2026-04-22 12:05:52.973450,Kumari Bank Limited
2026042201022483,KBL,17,33,10,216.5,2165.0,2026-04-22,187448553,142,ABC Securities Private Limited,Dakshinkali Investment & Securities Pvt. Ltd.,2026-04-22 12:07:22.181657,Kumari Bank Limited
2026042201022670,KBL,34,48,334,217.0,72478.0,2026-04-22,187449261,142,Vision Securities Pvt. Ltd,Trishakti Securities Public Limited,2026-04-22 12:07:57.826401,Kumari Bank Limited
2026042201022671,KBL,34,51,10,217.0,2170.0,2026-04-22,187449263,142,Vision Securities Pvt. Ltd,Oxford Securities Pvt. Ltd.,2026-04-22 12:07:57.826865,Kumari Bank Limited
2026042201022672,KBL,34,7,92,217.0,19964.0,2026-04-22,187449265,142,Vision Securities Pvt. Ltd,J.F. Securites (PVT) Ltd.,2026-04-22 12:07:57.827121,Kumari Bank Limited
2026042201022808,KBL,34,4,564,217.0,122388.0,2026-04-22,187449673,142,Vision Securities Pvt. Ltd,Opal Securities Investment (PVT) Ltd.,2026-04-22 12:08:17.236883,Kumari Bank Limited
2026042201023270,KBL,42,41,10,217.0,2170.0,2026-04-22,187451312,142,Sani Securities Company Ltd.,Linch Stock Market Ltd.,2026-04-22 12:09:43.796864,Kumari Bank Limited
2026042201023424,KBL,96,41,40,217.0,8680.0,2026-04-22,187451882,142,Himalayan Securities Limited,Linch Stock Market Ltd.,2026-04-22 12:10:16.329561,Kumari Bank Limited
2026042201023478,KBL,34,41,450,217.0,97650.0,2026-04-22,187452105,142,Vision Securities Pvt. Ltd,Linch Stock Market Ltd.,2026-04-22 12:10:29.746360,Kumari Bank Limited
2026042201023479,KBL,34,17,50,217.0,10850.0,2026-04-22,187452108,142,Vision Securities Pvt. Ltd,ABC Securities Private Limited,2026-04-22 12:10:29.747407,Kumari Bank Limited
2026042201023488,KBL,58,17,35,217.0,7595.0,2026-04-22,187452166,142,Naasa Securities Co. Ltd.,ABC Securities Private Limited,2026-04-22 12:10:31.864407,Kumari Bank Limited
2026042201023549,KBL,29,17,115,217.0,24955.0,2026-04-22,187452340,142,Trisul Securities & Invt. Ltd.,ABC Securities Private Limited,2026-04-22 12:10:44.223341,Kumari Bank Limited
2026042201023652,KBL,17,34,1000,216.5,216500.0,2026-04-22,187452882,142,ABC Securities Private Limited,Vision Securities Pvt. Ltd,2026-04-22 12:11:08.218854,Kumari Bank Limited
2026042201023708,KBL,17,95,640,216.5,138560.0,2026-04-22,187453215,142,ABC Securities Private Limited,Magnet Securities and Investment Company Private Limited,2026-04-22 12:11:25.733488,Kumari Bank Limited
2026042201023709,KBL,44,95,500,216.5,108250.0,2026-04-22,187453217,142,Dynamic Money Managers Securities Pvt. Ltd.,Magnet Securities and Investment Company Private Limited,2026-04-22 12:11:25.733541,Kumari Bank Limited
2026042201023710,KBL,58,95,10,216.5,2165.0,2026-04-22,187453219,142,Naasa Securities Co. Ltd.,Magnet Securities and Investment Company Private Limited,2026-04-22 12:11:25.733566,Kumari Bank Limited
2026042201023711,KBL,58,95,50,216.5,10825.0,2026-04-22,187453221,142,Naasa Securities Co. Ltd.,Magnet Securities and Investment Company Private Limited,2026-04-22 12:11:25.733591,Kumari Bank Limited
2026042201023712,KBL,21,95,100,216.5,21650.0,2026-04-22,187453223,142,Midas Stock Broking Company Private Limited,Magnet Securities and Investment Company Private Limited,2026-04-22 12:11:25.733619,Kumari Bank Limited
2026042201023713,KBL,45,95,200,216.5,43300.0,2026-04-22,187453225,142,Imperial Securities Company Pvt. Ltd.,Magnet Securities and Investment Company Private Limited,2026-04-22 12:11:25.733669,Kumari Bank Limited
2026042201023714,KBL,53,95,30,216.5,6495.0,2026-04-22,187453227,142,Investment Management Nepal Pvt. Ltd.,Magnet Securities and Investment Company Private Limited,2026-04-22 12:11:25.733724,Kumari Bank Limited
2026042201023715,KBL,34,95,82,216.4,17744.8,2026-04-22,187453229,142,Vision Securities Pvt. Ltd,Magnet Securities and Investment Company Private Limited,2026-04-22 12:11:25.733750,Kumari Bank Limited
2026042201023716,KBL,32,95,500,216.3,108150.0,2026-04-22,187453231,142,Premier Securities Company Ltd.,Magnet Securities and Investment Company Private Limited,2026-04-22 12:11:25.733777,Kumari Bank Limited
2026042201023717,KBL,44,95,500,216.3,108150.0,2026-04-22,187453233,142,Dynamic Money Managers Securities Pvt. Ltd.,Magnet Securities and Investment Company Private Limited,2026-04-22 12:11:25.733803,Kumari Bank Limited
2026042201023718,KBL,40,95,1000,216.2,216200.0,2026-04-22,187453235,142,Creative Securities Pvt Ltd,Magnet Securities and Investment Company Private Limited,2026-04-22 12:11:25.733829,Kumari Bank Limited
2026042201023719,KBL,62,95,28,216.2,6053.6,2026-04-22,187453237,142,Capital Max Securities Ltd,Magnet Securities and Investment Company Private Limited,2026-04-22 12:11:25.733854,Kumari Bank Limited
2026042201023720,KBL,58,95,836,216.1,180659.6,2026-04-22,187453239,142,Naasa Securities Co. Ltd.,Magnet Securities and Investment Company Private Limited,2026-04-22 12:11:25.733879,Kumari Bank Limited
2026042201023721,KBL,52,95,100,216.1,21610.0,2026-04-22,187453241,142,Sundhara Securities Limited,Magnet Securities and Investment Company Private Limited,2026-04-22 12:11:25.733904,Kumari Bank Limited
2026042201023722,KBL,53,95,50,216.1,10805.0,2026-04-22,187453243,142,Investment Management Nepal Pvt. Ltd.,Magnet Securities and Investment Company Private Limited,2026-04-22 12:11:25.733927,Kumari Bank Limited
2026042201023723,KBL,49,95,103,216.0,22248.0,2026-04-22,187453245,142,Online Securities Pvt. Ltd.,Magnet Securities and Investment Company Private Limited,2026-04-22 12:11:25.733951,Kumari Bank Limited
2026042201023724,KBL,7,95,271,216.0,58536.0,2026-04-22,187453246,142,J.F. Securites (PVT) Ltd.,Magnet Securities and Investment Company Private Limited,2026-04-22 12:11:25.733978,Kumari Bank Limited
2026042201023812,KBL,7,57,29,216.0,6264.0,2026-04-22,187453568,142,J.F. Securites (PVT) Ltd.,Aryatara Investment & Securities,2026-04-22 12:11:41.766797,Kumari Bank Limited
