contractId,stockSymbol,buyerMemberId,sellerMemberId,quantity,rate,amount,businessDate,tradeBookId,stockId,buyerBrokerName,sellerBrokerName,transaction_time,securityName
2026042203000229,LBBL,11,32,100,485.0,48500.0,2026-04-22,187377610,358,Malla & Malla Stock Broking Company Pvt. Limited,Premier Securities Company Ltd.,2026-04-22 11:06:46.580663,Lumbini Bikas Bank Ltd.
2026042203000453,LBBL,29,46,57,481.0,27417.0,2026-04-22,187385055,358,Trisul Securities & Invt. Ltd.,Kalika Securities Pvt. Ltd.,2026-04-22 11:12:41.748151,Lumbini Bikas Bank Ltd.
2026042203000485,LBBL,29,1,50,481.0,24050.0,2026-04-22,187386163,358,Trisul Securities & Invt. Ltd.,Kumari Securities Private Limited,2026-04-22 11:13:31.769832,Lumbini Bikas Bank Ltd.
2026042203000498,LBBL,34,57,100,482.0,48200.0,2026-04-22,187386552,358,Vision Securities Pvt. Ltd,Aryatara Investment & Securities,2026-04-22 11:13:49.077927,Lumbini Bikas Bank Ltd.
2026042203000528,LBBL,29,59,100,481.0,48100.0,2026-04-22,187387351,358,Trisul Securities & Invt. Ltd.,Deevyaa Securities & Stock House Pvt. Ltd,2026-04-22 11:14:31.364322,Lumbini Bikas Bank Ltd.
2026042203000577,LBBL,58,59,50,481.1,24055.0,2026-04-22,187388872,358,Naasa Securities Co. Ltd.,Deevyaa Securities & Stock House Pvt. Ltd,2026-04-22 11:15:32.864807,Lumbini Bikas Bank Ltd.
2026042203000578,LBBL,29,59,43,481.0,20683.0,2026-04-22,187388874,358,Trisul Securities & Invt. Ltd.,Deevyaa Securities & Stock House Pvt. Ltd,2026-04-22 11:15:32.864874,Lumbini Bikas Bank Ltd.
2026042203000631,LBBL,22,44,100,481.0,48100.0,2026-04-22,187390396,358,Siprabi Securities Pvt. Ltd.,Dynamic Money Managers Securities Pvt. Ltd.,2026-04-22 11:16:40.005981,Lumbini Bikas Bank Ltd.
2026042203000632,LBBL,26,44,200,480.1,96020.0,2026-04-22,187390398,358,Asian Securities Private Ltd.,Dynamic Money Managers Securities Pvt. Ltd.,2026-04-22 11:16:40.006065,Lumbini Bikas Bank Ltd.
2026042203000633,LBBL,57,44,369,480.0,177120.0,2026-04-22,187390400,358,Aryatara Investment & Securities,Dynamic Money Managers Securities Pvt. Ltd.,2026-04-22 11:16:40.006119,Lumbini Bikas Bank Ltd.
2026042203000634,LBBL,56,44,331,480.0,158880.0,2026-04-22,187390401,358,Sri Hari Securities Pvt. Ltd.,Dynamic Money Managers Securities Pvt. Ltd.,2026-04-22 11:16:40.006154,Lumbini Bikas Bank Ltd.
2026042203000644,LBBL,56,1,169,480.0,81120.0,2026-04-22,187391042,358,Sri Hari Securities Pvt. Ltd.,Kumari Securities Private Limited,2026-04-22 11:17:03.137760,Lumbini Bikas Bank Ltd.
2026042203000713,LBBL,26,1,281,478.0,134318.0,2026-04-22,187393317,358,Asian Securities Private Ltd.,Kumari Securities Private Limited,2026-04-22 11:18:40.869409,Lumbini Bikas Bank Ltd.
2026042203000737,LBBL,41,52,150,479.0,71850.0,2026-04-22,187394132,358,Linch Stock Market Ltd.,Sundhara Securities Limited,2026-04-22 11:19:15.529361,Lumbini Bikas Bank Ltd.
2026042203000738,LBBL,58,52,180,479.0,86220.0,2026-04-22,187394134,358,Naasa Securities Co. Ltd.,Sundhara Securities Limited,2026-04-22 11:19:15.529517,Lumbini Bikas Bank Ltd.
2026042203000760,LBBL,58,52,20,479.0,9580.0,2026-04-22,187394787,358,Naasa Securities Co. Ltd.,Sundhara Securities Limited,2026-04-22 11:19:38.953414,Lumbini Bikas Bank Ltd.
2026042203000761,LBBL,58,41,66,482.0,31812.0,2026-04-22,187394789,358,Naasa Securities Co. Ltd.,Linch Stock Market Ltd.,2026-04-22 11:19:38.953488,Lumbini Bikas Bank Ltd.
2026042203000762,LBBL,58,32,14,484.0,6776.0,2026-04-22,187394792,358,Naasa Securities Co. Ltd.,Premier Securities Company Ltd.,2026-04-22 11:19:38.953540,Lumbini Bikas Bank Ltd.
2026042203000916,LBBL,42,44,1000,479.0,479000.0,2026-04-22,187400093,358,Sani Securities Company Ltd.,Dynamic Money Managers Securities Pvt. Ltd.,2026-04-22 11:23:12.470138,Lumbini Bikas Bank Ltd.
2026042203001018,LBBL,38,44,140,480.0,67200.0,2026-04-22,187403354,358,Dipshikha Dhitopatra Karobar Co. Pvt Ltd.,Dynamic Money Managers Securities Pvt. Ltd.,2026-04-22 11:26:11.299077,Lumbini Bikas Bank Ltd.
2026042203001019,LBBL,34,44,20,479.0,9580.0,2026-04-22,187403356,358,Vision Securities Pvt. Ltd,Dynamic Money Managers Securities Pvt. Ltd.,2026-04-22 11:26:11.299191,Lumbini Bikas Bank Ltd.
2026042203001020,LBBL,45,44,840,478.6,402024.0,2026-04-22,187403357,358,Imperial Securities Company Pvt. Ltd.,Dynamic Money Managers Securities Pvt. Ltd.,2026-04-22 11:26:11.299230,Lumbini Bikas Bank Ltd.
2026042203001142,LBBL,45,44,160,478.6,76576.0,2026-04-22,187405216,358,Imperial Securities Company Pvt. Ltd.,Dynamic Money Managers Securities Pvt. Ltd.,2026-04-22 11:28:05.916184,Lumbini Bikas Bank Ltd.
2026042203001143,LBBL,14,44,250,478.5,119625.0,2026-04-22,187405218,358,Nepal Stock House (PVT) Ltd.,Dynamic Money Managers Securities Pvt. Ltd.,2026-04-22 11:28:05.916354,Lumbini Bikas Bank Ltd.
2026042203001144,LBBL,32,44,30,478.5,14355.0,2026-04-22,187405220,358,Premier Securities Company Ltd.,Dynamic Money Managers Securities Pvt. Ltd.,2026-04-22 11:28:05.916471,Lumbini Bikas Bank Ltd.
2026042203001145,LBBL,56,44,200,478.1,95620.0,2026-04-22,187405222,358,Sri Hari Securities Pvt. Ltd.,Dynamic Money Managers Securities Pvt. Ltd.,2026-04-22 11:28:05.916586,Lumbini Bikas Bank Ltd.
2026042203001146,LBBL,22,44,100,478.1,47810.0,2026-04-22,187405224,358,Siprabi Securities Pvt. Ltd.,Dynamic Money Managers Securities Pvt. Ltd.,2026-04-22 11:28:05.916728,Lumbini Bikas Bank Ltd.
2026042203001147,LBBL,26,44,219,478.0,104682.0,2026-04-22,187405226,358,Asian Securities Private Ltd.,Dynamic Money Managers Securities Pvt. Ltd.,2026-04-22 11:28:05.916849,Lumbini Bikas Bank Ltd.
2026042203001148,LBBL,44,44,41,478.0,19598.0,2026-04-22,187405227,358,Dynamic Money Managers Securities Pvt. Ltd.,Dynamic Money Managers Securities Pvt. Ltd.,2026-04-22 11:28:05.916956,Lumbini Bikas Bank Ltd.
2026042203001343,LBBL,33,44,100,479.0,47900.0,2026-04-22,187411138,358,Dakshinkali Investment & Securities Pvt. Ltd.,Dynamic Money Managers Securities Pvt. Ltd.,2026-04-22 11:33:51.230758,Lumbini Bikas Bank Ltd.
2026042203001344,LBBL,34,44,500,478.2,239100.0,2026-04-22,187411140,358,Vision Securities Pvt. Ltd,Dynamic Money Managers Securities Pvt. Ltd.,2026-04-22 11:33:51.230960,Lumbini Bikas Bank Ltd.
2026042203001349,LBBL,53,44,400,478.2,191280.0,2026-04-22,187411411,358,Investment Management Nepal Pvt. Ltd.,Dynamic Money Managers Securities Pvt. Ltd.,2026-04-22 11:34:05.381398,Lumbini Bikas Bank Ltd.
2026042203001551,LBBL,1,44,200,478.7,95740.0,2026-04-22,187416394,358,Kumari Securities Private Limited,Dynamic Money Managers Securities Pvt. Ltd.,2026-04-22 11:38:55.382206,Lumbini Bikas Bank Ltd.
2026042203001552,LBBL,58,44,50,478.6,23930.0,2026-04-22,187416396,358,Naasa Securities Co. Ltd.,Dynamic Money Managers Securities Pvt. Ltd.,2026-04-22 11:38:55.382344,Lumbini Bikas Bank Ltd.
2026042203001553,LBBL,45,44,50,478.6,23930.0,2026-04-22,187416398,358,Imperial Securities Company Pvt. Ltd.,Dynamic Money Managers Securities Pvt. Ltd.,2026-04-22 11:38:55.382410,Lumbini Bikas Bank Ltd.
2026042203001554,LBBL,74,44,50,478.5,23925.0,2026-04-22,187416400,358,KALASH STOCK MARKET PVT. LTD.,Dynamic Money Managers Securities Pvt. Ltd.,2026-04-22 11:38:55.382455,Lumbini Bikas Bank Ltd.
2026042203001555,LBBL,45,44,50,478.5,23925.0,2026-04-22,187416402,358,Imperial Securities Company Pvt. Ltd.,Dynamic Money Managers Securities Pvt. Ltd.,2026-04-22 11:38:55.382498,Lumbini Bikas Bank Ltd.
2026042203001556,LBBL,21,44,100,478.4,47840.0,2026-04-22,187416404,358,Midas Stock Broking Company Private Limited,Dynamic Money Managers Securities Pvt. Ltd.,2026-04-22 11:38:55.382540,Lumbini Bikas Bank Ltd.
2026042203001557,LBBL,42,44,100,478.3,47830.0,2026-04-22,187416406,358,Sani Securities Company Ltd.,Dynamic Money Managers Securities Pvt. Ltd.,2026-04-22 11:38:55.382581,Lumbini Bikas Bank Ltd.
2026042203001558,LBBL,22,44,400,478.2,191280.0,2026-04-22,187416407,358,Siprabi Securities Pvt. Ltd.,Dynamic Money Managers Securities Pvt. Ltd.,2026-04-22 11:38:55.382624,Lumbini Bikas Bank Ltd.
2026042203001569,LBBL,39,44,50,479.0,23950.0,2026-04-22,187416654,358,Sumeru Securities Pvt. Ltd.,Dynamic Money Managers Securities Pvt. Ltd.,2026-04-22 11:39:14.247912,Lumbini Bikas Bank Ltd.
2026042203001570,LBBL,22,44,100,478.2,47820.0,2026-04-22,187416656,358,Siprabi Securities Pvt. Ltd.,Dynamic Money Managers Securities Pvt. Ltd.,2026-04-22 11:39:14.248161,Lumbini Bikas Bank Ltd.
2026042203001571,LBBL,49,44,50,478.1,23905.0,2026-04-22,187416658,358,Online Securities Pvt. Ltd.,Dynamic Money Managers Securities Pvt. Ltd.,2026-04-22 11:39:14.248292,Lumbini Bikas Bank Ltd.
2026042203001572,LBBL,53,44,100,478.1,47810.0,2026-04-22,187416660,358,Investment Management Nepal Pvt. Ltd.,Dynamic Money Managers Securities Pvt. Ltd.,2026-04-22 11:39:14.248417,Lumbini Bikas Bank Ltd.
2026042203001573,LBBL,44,44,109,478.0,52102.0,2026-04-22,187416662,358,Dynamic Money Managers Securities Pvt. Ltd.,Dynamic Money Managers Securities Pvt. Ltd.,2026-04-22 11:39:14.248555,Lumbini Bikas Bank Ltd.
2026042203001574,LBBL,33,44,100,478.0,47800.0,2026-04-22,187416664,358,Dakshinkali Investment & Securities Pvt. Ltd.,Dynamic Money Managers Securities Pvt. Ltd.,2026-04-22 11:39:14.248687,Lumbini Bikas Bank Ltd.
2026042203001575,LBBL,42,44,100,478.0,47800.0,2026-04-22,187416666,358,Sani Securities Company Ltd.,Dynamic Money Managers Securities Pvt. Ltd.,2026-04-22 11:39:14.248790,Lumbini Bikas Bank Ltd.
2026042203001576,LBBL,50,44,391,478.0,186898.0,2026-04-22,187416667,358,Cristal Kanchanjanga Securites Pvt. Ltd.,Dynamic Money Managers Securities Pvt. Ltd.,2026-04-22 11:39:14.248919,Lumbini Bikas Bank Ltd.
2026042203001684,LBBL,96,44,1000,480.0,480000.0,2026-04-22,187418199,358,Himalayan Securities Limited,Dynamic Money Managers Securities Pvt. Ltd.,2026-04-22 11:40:50.600401,Lumbini Bikas Bank Ltd.
2026042203001727,LBBL,45,44,500,479.0,239500.0,2026-04-22,187419189,358,Imperial Securities Company Pvt. Ltd.,Dynamic Money Managers Securities Pvt. Ltd.,2026-04-22 11:41:38.939164,Lumbini Bikas Bank Ltd.
2026042203001736,LBBL,64,44,100,478.1,47810.0,2026-04-22,187419552,358,SUN SECURITIES PVT LTD,Dynamic Money Managers Securities Pvt. Ltd.,2026-04-22 11:42:03.474936,Lumbini Bikas Bank Ltd.
2026042203001737,LBBL,50,44,109,478.0,52102.0,2026-04-22,187419554,358,Cristal Kanchanjanga Securites Pvt. Ltd.,Dynamic Money Managers Securities Pvt. Ltd.,2026-04-22 11:42:03.475065,Lumbini Bikas Bank Ltd.
2026042203001738,LBBL,58,44,28,478.0,13384.0,2026-04-22,187419556,358,Naasa Securities Co. Ltd.,Dynamic Money Managers Securities Pvt. Ltd.,2026-04-22 11:42:03.475108,Lumbini Bikas Bank Ltd.
2026042203001739,LBBL,58,44,200,478.0,95600.0,2026-04-22,187419558,358,Naasa Securities Co. Ltd.,Dynamic Money Managers Securities Pvt. Ltd.,2026-04-22 11:42:03.475149,Lumbini Bikas Bank Ltd.
2026042203001740,LBBL,58,44,30,478.0,14340.0,2026-04-22,187419560,358,Naasa Securities Co. Ltd.,Dynamic Money Managers Securities Pvt. Ltd.,2026-04-22 11:42:03.475189,Lumbini Bikas Bank Ltd.
2026042203001741,LBBL,13,44,25,478.0,11950.0,2026-04-22,187419562,358,Thrive Brokerage House Pvt. Ltd,Dynamic Money Managers Securities Pvt. Ltd.,2026-04-22 11:42:03.475228,Lumbini Bikas Bank Ltd.
2026042203001778,LBBL,47,44,500,478.0,239000.0,2026-04-22,187420718,358,Neev Securities Pvt. Ltd.,Dynamic Money Managers Securities Pvt. Ltd.,2026-04-22 11:43:16.204090,Lumbini Bikas Bank Ltd.
2026042203001802,LBBL,34,11,50,478.0,23900.0,2026-04-22,187421334,358,Vision Securities Pvt. Ltd,Malla & Malla Stock Broking Company Pvt. Limited,2026-04-22 11:43:46.744366,Lumbini Bikas Bank Ltd.
2026042203001803,LBBL,11,11,20,478.0,9560.0,2026-04-22,187421335,358,Malla & Malla Stock Broking Company Pvt. Limited,Malla & Malla Stock Broking Company Pvt. Limited,2026-04-22 11:43:46.744471,Lumbini Bikas Bank Ltd.
2026042203001809,LBBL,34,11,100,482.0,48200.0,2026-04-22,187421590,358,Vision Securities Pvt. Ltd,Malla & Malla Stock Broking Company Pvt. Limited,2026-04-22 11:43:59.580515,Lumbini Bikas Bank Ltd.
2026042203001810,LBBL,57,44,38,477.0,18126.0,2026-04-22,187421605,358,Aryatara Investment & Securities,Dynamic Money Managers Securities Pvt. Ltd.,2026-04-22 11:44:00.329637,Lumbini Bikas Bank Ltd.
2026042203001859,LBBL,6,44,100,476.2,47620.0,2026-04-22,187422996,358,Agrawal Securities (PVT) Ltd.,Dynamic Money Managers Securities Pvt. Ltd.,2026-04-22 11:45:23.538471,Lumbini Bikas Bank Ltd.
2026042203001860,LBBL,22,44,370,476.1,176157.0,2026-04-22,187422997,358,Siprabi Securities Pvt. Ltd.,Dynamic Money Managers Securities Pvt. Ltd.,2026-04-22 11:45:23.538591,Lumbini Bikas Bank Ltd.
2026042203001895,LBBL,22,45,130,476.1,61893.0,2026-04-22,187423648,358,Siprabi Securities Pvt. Ltd.,Imperial Securities Company Pvt. Ltd.,2026-04-22 11:45:58.320979,Lumbini Bikas Bank Ltd.
2026042203001896,LBBL,8,45,1000,476.1,476100.0,2026-04-22,187423650,358,Brilliant Securities Pvt. Ltd.,Imperial Securities Company Pvt. Ltd.,2026-04-22 11:45:58.321190,Lumbini Bikas Bank Ltd.
2026042203001897,LBBL,100,45,170,476.1,80937.0,2026-04-22,187423651,358,Sunrise Securities Limited,Imperial Securities Company Pvt. Ltd.,2026-04-22 11:45:58.321323,Lumbini Bikas Bank Ltd.
2026042203002046,LBBL,59,16,200,478.0,95600.0,2026-04-22,187427380,358,Deevyaa Securities & Stock House Pvt. Ltd,Primo Securities (PVT) Ltd.,2026-04-22 11:49:52.461639,Lumbini Bikas Bank Ltd.
2026042203002064,LBBL,35,16,500,478.0,239000.0,2026-04-22,187428062,358,Kohinoor Investment & Securities Pvt. Ltd.,Primo Securities (PVT) Ltd.,2026-04-22 11:50:28.342719,Lumbini Bikas Bank Ltd.
2026042203002150,LBBL,58,16,100,478.0,47800.0,2026-04-22,187432556,358,Naasa Securities Co. Ltd.,Primo Securities (PVT) Ltd.,2026-04-22 11:54:05.176346,Lumbini Bikas Bank Ltd.
2026042203002204,LBBL,84,16,1000,477.1,477100.0,2026-04-22,187433925,358,MILKY WAY SHARE BROKER COMPANY LTD ,Primo Securities (PVT) Ltd.,2026-04-22 11:55:08.883237,Lumbini Bikas Bank Ltd.
2026042203002215,LBBL,96,16,200,477.0,95400.0,2026-04-22,187434121,358,Himalayan Securities Limited,Primo Securities (PVT) Ltd.,2026-04-22 11:55:21.463213,Lumbini Bikas Bank Ltd.
2026042203002524,LBBL,58,34,90,478.0,43020.0,2026-04-22,187442973,358,Naasa Securities Co. Ltd.,Vision Securities Pvt. Ltd,2026-04-22 12:02:26.644157,Lumbini Bikas Bank Ltd.
2026042203002553,LBBL,58,11,55,478.0,26290.0,2026-04-22,187443609,358,Naasa Securities Co. Ltd.,Malla & Malla Stock Broking Company Pvt. Limited,2026-04-22 12:02:56.332755,Lumbini Bikas Bank Ltd.
2026042203002555,LBBL,65,21,400,479.0,191600.0,2026-04-22,187443634,358,Sharepro Securities Private Limited,Midas Stock Broking Company Private Limited,2026-04-22 12:02:58.187634,Lumbini Bikas Bank Ltd.
2026042203002706,LBBL,38,13,75,479.0,35925.0,2026-04-22,187448468,358,Dipshikha Dhitopatra Karobar Co. Pvt Ltd.,Thrive Brokerage House Pvt. Ltd,2026-04-22 12:07:13.249117,Lumbini Bikas Bank Ltd.
2026042203002728,LBBL,49,13,400,479.0,191600.0,2026-04-22,187449056,358,Online Securities Pvt. Ltd.,Thrive Brokerage House Pvt. Ltd,2026-04-22 12:07:47.238578,Lumbini Bikas Bank Ltd.
2026042203002764,LBBL,35,13,20,479.0,9580.0,2026-04-22,187449854,358,Kohinoor Investment & Securities Pvt. Ltd.,Thrive Brokerage House Pvt. Ltd,2026-04-22 12:08:30.432283,Lumbini Bikas Bank Ltd.
2026042203002766,LBBL,58,99,80,478.0,38240.0,2026-04-22,187449996,358,Naasa Securities Co. Ltd.,Prabhu Stock Market Limited,2026-04-22 12:08:36.588651,Lumbini Bikas Bank Ltd.
2026042203002767,LBBL,65,99,100,478.0,47800.0,2026-04-22,187449998,358,Sharepro Securities Private Limited,Prabhu Stock Market Limited,2026-04-22 12:08:36.588900,Lumbini Bikas Bank Ltd.
2026042203002768,LBBL,96,99,800,477.0,381600.0,2026-04-22,187450000,358,Himalayan Securities Limited,Prabhu Stock Market Limited,2026-04-22 12:08:36.589093,Lumbini Bikas Bank Ltd.
2026042203002769,LBBL,48,99,20,477.0,9540.0,2026-04-22,187450001,358,Trishakti Securities Public Limited,Prabhu Stock Market Limited,2026-04-22 12:08:36.589249,Lumbini Bikas Bank Ltd.
2026042203002981,LBBL,44,4,11,477.2,5249.2,2026-04-22,187455879,358,Dynamic Money Managers Securities Pvt. Ltd.,Opal Securities Investment (PVT) Ltd.,2026-04-22 12:13:37.943829,Lumbini Bikas Bank Ltd.
2026042203002992,LBBL,44,16,89,477.2,42470.8,2026-04-22,187456188,358,Dynamic Money Managers Securities Pvt. Ltd.,Primo Securities (PVT) Ltd.,2026-04-22 12:14:00.763455,Lumbini Bikas Bank Ltd.
2026042203002993,LBBL,33,16,100,477.1,47710.0,2026-04-22,187456190,358,Dakshinkali Investment & Securities Pvt. Ltd.,Primo Securities (PVT) Ltd.,2026-04-22 12:14:00.763643,Lumbini Bikas Bank Ltd.
2026042203002994,LBBL,35,16,10,477.0,4770.0,2026-04-22,187456192,358,Kohinoor Investment & Securities Pvt. Ltd.,Primo Securities (PVT) Ltd.,2026-04-22 12:14:00.763704,Lumbini Bikas Bank Ltd.
2026042203002995,LBBL,49,16,100,477.0,47700.0,2026-04-22,187456194,358,Online Securities Pvt. Ltd.,Primo Securities (PVT) Ltd.,2026-04-22 12:14:00.763761,Lumbini Bikas Bank Ltd.
2026042203003187,LBBL,43,16,200,477.0,95400.0,2026-04-22,187460190,358,South Asian Bulls Pvt. Ltd.,Primo Securities (PVT) Ltd.,2026-04-22 12:17:46.046420,Lumbini Bikas Bank Ltd.
2026042203003290,LBBL,96,16,501,477.0,238977.0,2026-04-22,187463279,358,Himalayan Securities Limited,Primo Securities (PVT) Ltd.,2026-04-22 12:20:18.148572,Lumbini Bikas Bank Ltd.
2026042203003438,LBBL,96,57,499,477.0,238023.0,2026-04-22,187466424,358,Himalayan Securities Limited,Aryatara Investment & Securities,2026-04-22 12:23:18.760856,Lumbini Bikas Bank Ltd.
2026042203003498,LBBL,52,41,40,477.0,19080.0,2026-04-22,187467672,358,Sundhara Securities Limited,Linch Stock Market Ltd.,2026-04-22 12:24:19.881204,Lumbini Bikas Bank Ltd.
2026042203003499,LBBL,49,41,80,476.6,38128.0,2026-04-22,187467674,358,Online Securities Pvt. Ltd.,Linch Stock Market Ltd.,2026-04-22 12:24:19.881340,Lumbini Bikas Bank Ltd.
2026042203003500,LBBL,6,41,100,476.6,47660.0,2026-04-22,187467676,358,Agrawal Securities (PVT) Ltd.,Linch Stock Market Ltd.,2026-04-22 12:24:19.881399,Lumbini Bikas Bank Ltd.
2026042203003501,LBBL,36,41,500,476.5,238250.0,2026-04-22,187467678,358,Secured Securities Ltd.,Linch Stock Market Ltd.,2026-04-22 12:24:19.881458,Lumbini Bikas Bank Ltd.
2026042203003502,LBBL,53,41,280,476.5,133420.0,2026-04-22,187467679,358,Investment Management Nepal Pvt. Ltd.,Linch Stock Market Ltd.,2026-04-22 12:24:19.881513,Lumbini Bikas Bank Ltd.
2026042203003824,LBBL,58,49,400,476.5,190600.0,2026-04-22,187474554,358,Naasa Securities Co. Ltd.,Online Securities Pvt. Ltd.,2026-04-22 12:30:17.524342,Lumbini Bikas Bank Ltd.
2026042203003825,LBBL,53,49,100,476.5,47650.0,2026-04-22,187474555,358,Investment Management Nepal Pvt. Ltd.,Online Securities Pvt. Ltd.,2026-04-22 12:30:17.524507,Lumbini Bikas Bank Ltd.
2026042203003852,LBBL,58,11,100,479.0,47900.0,2026-04-22,187475607,358,Naasa Securities Co. Ltd.,Malla & Malla Stock Broking Company Pvt. Limited,2026-04-22 12:31:06.177360,Lumbini Bikas Bank Ltd.
2026042203003853,LBBL,58,38,30,479.0,14370.0,2026-04-22,187475610,358,Naasa Securities Co. Ltd.,Dipshikha Dhitopatra Karobar Co. Pvt Ltd.,2026-04-22 12:31:06.177495,Lumbini Bikas Bank Ltd.
2026042203003886,LBBL,16,57,100,477.1,47710.0,2026-04-22,187476788,358,Primo Securities (PVT) Ltd.,Aryatara Investment & Securities,2026-04-22 12:32:04.757715,Lumbini Bikas Bank Ltd.
2026042203003887,LBBL,39,57,100,477.0,47700.0,2026-04-22,187476789,358,Sumeru Securities Pvt. Ltd.,Aryatara Investment & Securities,2026-04-22 12:32:04.757853,Lumbini Bikas Bank Ltd.
2026042203003949,LBBL,32,42,500,480.0,240000.0,2026-04-22,187479327,358,Premier Securities Company Ltd.,Sani Securities Company Ltd.,2026-04-22 12:33:59.897595,Lumbini Bikas Bank Ltd.
2026042203003950,LBBL,32,74,100,480.0,48000.0,2026-04-22,187479329,358,Premier Securities Company Ltd.,KALASH STOCK MARKET PVT. LTD.,2026-04-22 12:33:59.897746,Lumbini Bikas Bank Ltd.
2026042203003968,LBBL,32,59,400,481.0,192400.0,2026-04-22,187479950,358,Premier Securities Company Ltd.,Deevyaa Securities & Stock House Pvt. Ltd,2026-04-22 12:34:26.890872,Lumbini Bikas Bank Ltd.
2026042203003994,LBBL,96,59,27,481.0,12987.0,2026-04-22,187480362,358,Himalayan Securities Limited,Deevyaa Securities & Stock House Pvt. Ltd,2026-04-22 12:34:57.157794,Lumbini Bikas Bank Ltd.
2026042203004049,LBBL,35,59,200,481.0,96200.0,2026-04-22,187481818,358,Kohinoor Investment & Securities Pvt. Ltd.,Deevyaa Securities & Stock House Pvt. Ltd,2026-04-22 12:36:29.373447,Lumbini Bikas Bank Ltd.
2026042203004119,LBBL,74,59,285,481.0,137085.0,2026-04-22,187484024,358,KALASH STOCK MARKET PVT. LTD.,Deevyaa Securities & Stock House Pvt. Ltd,2026-04-22 12:38:40.687986,Lumbini Bikas Bank Ltd.
2026042203004130,LBBL,22,42,100,480.0,48000.0,2026-04-22,187484457,358,Siprabi Securities Pvt. Ltd.,Sani Securities Company Ltd.,2026-04-22 12:38:58.444618,Lumbini Bikas Bank Ltd.
2026042203004131,LBBL,22,59,50,481.0,24050.0,2026-04-22,187484460,358,Siprabi Securities Pvt. Ltd.,Deevyaa Securities & Stock House Pvt. Ltd,2026-04-22 12:38:58.444889,Lumbini Bikas Bank Ltd.
2026042203004273,LBBL,58,38,10,480.0,4800.0,2026-04-22,187488288,358,Naasa Securities Co. Ltd.,Dipshikha Dhitopatra Karobar Co. Pvt Ltd.,2026-04-22 12:43:50.559041,Lumbini Bikas Bank Ltd.
2026042203004343,LBBL,45,3,250,477.5,119375.0,2026-04-22,187489618,358,Imperial Securities Company Pvt. Ltd.,Arun Securities (PVT) Ltd.,2026-04-22 12:45:00.069133,Lumbini Bikas Bank Ltd.
2026042203004344,LBBL,39,3,900,477.0,429300.0,2026-04-22,187489620,358,Sumeru Securities Pvt. Ltd.,Arun Securities (PVT) Ltd.,2026-04-22 12:45:00.069430,Lumbini Bikas Bank Ltd.
2026042203004345,LBBL,36,3,970,477.0,462690.0,2026-04-22,187489621,358,Secured Securities Ltd.,Arun Securities (PVT) Ltd.,2026-04-22 12:45:00.069601,Lumbini Bikas Bank Ltd.
2026042203004387,LBBL,36,58,30,477.0,14310.0,2026-04-22,187490898,358,Secured Securities Ltd.,Naasa Securities Co. Ltd.,2026-04-22 12:46:27.977927,Lumbini Bikas Bank Ltd.
2026042203004388,LBBL,53,58,70,476.5,33355.0,2026-04-22,187490899,358,Investment Management Nepal Pvt. Ltd.,Naasa Securities Co. Ltd.,2026-04-22 12:46:27.977974,Lumbini Bikas Bank Ltd.
2026042203004625,LBBL,44,11,25,476.6,11915.0,2026-04-22,187496210,358,Dynamic Money Managers Securities Pvt. Ltd.,Malla & Malla Stock Broking Company Pvt. Limited,2026-04-22 12:54:19.252282,Lumbini Bikas Bank Ltd.
2026042203004626,LBBL,53,11,330,476.5,157245.0,2026-04-22,187496212,358,Investment Management Nepal Pvt. Ltd.,Malla & Malla Stock Broking Company Pvt. Limited,2026-04-22 12:54:19.252449,Lumbini Bikas Bank Ltd.
2026042203004627,LBBL,53,11,245,476.5,116742.5,2026-04-22,187496213,358,Investment Management Nepal Pvt. Ltd.,Malla & Malla Stock Broking Company Pvt. Limited,2026-04-22 12:54:19.252515,Lumbini Bikas Bank Ltd.
2026042203004773,LBBL,16,88,20,478.8,9576.0,2026-04-22,187498940,358,Primo Securities (PVT) Ltd.,Blue Chip Securities Ltd,2026-04-22 12:58:07.787401,Lumbini Bikas Bank Ltd.
2026042203004784,LBBL,34,88,100,478.8,47880.0,2026-04-22,187499040,358,Vision Securities Pvt. Ltd,Blue Chip Securities Ltd,2026-04-22 12:58:22.322006,Lumbini Bikas Bank Ltd.
2026042203004800,LBBL,65,88,100,478.8,47880.0,2026-04-22,187499746,358,Sharepro Securities Private Limited,Blue Chip Securities Ltd,2026-04-22 12:59:31.598298,Lumbini Bikas Bank Ltd.
2026042203004846,LBBL,65,88,100,478.8,47880.0,2026-04-22,187500428,358,Sharepro Securities Private Limited,Blue Chip Securities Ltd,2026-04-22 13:00:42.872953,Lumbini Bikas Bank Ltd.
2026042203004897,LBBL,77,58,40,478.0,19120.0,2026-04-22,187501979,358,Nabil Stock Dealer Ltd.,Naasa Securities Co. Ltd.,2026-04-22 13:03:02.073281,Lumbini Bikas Bank Ltd.
2026042203004898,LBBL,77,88,375,478.8,179550.0,2026-04-22,187501982,358,Nabil Stock Dealer Ltd.,Blue Chip Securities Ltd,2026-04-22 13:03:02.073437,Lumbini Bikas Bank Ltd.
2026042203004968,LBBL,65,88,300,478.8,143640.0,2026-04-22,187503626,358,Sharepro Securities Private Limited,Blue Chip Securities Ltd,2026-04-22 13:06:12.749394,Lumbini Bikas Bank Ltd.
2026042203005010,LBBL,38,57,99,477.4,47262.6,2026-04-22,187504580,358,Dipshikha Dhitopatra Karobar Co. Pvt Ltd.,Aryatara Investment & Securities,2026-04-22 13:07:23.673074,Lumbini Bikas Bank Ltd.
2026042203005011,LBBL,22,57,118,477.3,56321.4,2026-04-22,187504582,358,Siprabi Securities Pvt. Ltd.,Aryatara Investment & Securities,2026-04-22 13:07:23.673120,Lumbini Bikas Bank Ltd.
2026042203005012,LBBL,21,57,76,477.2,36267.2,2026-04-22,187504584,358,Midas Stock Broking Company Private Limited,Aryatara Investment & Securities,2026-04-22 13:07:23.673147,Lumbini Bikas Bank Ltd.
2026042203005013,LBBL,42,57,100,477.0,47700.0,2026-04-22,187504586,358,Sani Securities Company Ltd.,Aryatara Investment & Securities,2026-04-22 13:07:23.673173,Lumbini Bikas Bank Ltd.
2026042203005014,LBBL,45,57,107,477.0,51039.0,2026-04-22,187504587,358,Imperial Securities Company Pvt. Ltd.,Aryatara Investment & Securities,2026-04-22 13:07:23.673198,Lumbini Bikas Bank Ltd.
2026042203005017,LBBL,44,49,18,479.0,8622.0,2026-04-22,187504782,358,Dynamic Money Managers Securities Pvt. Ltd.,Online Securities Pvt. Ltd.,2026-04-22 13:07:42.604750,Lumbini Bikas Bank Ltd.
2026042203005201,LBBL,6,14,24,477.2,11452.8,2026-04-22,187509115,358,Agrawal Securities (PVT) Ltd.,Nepal Stock House (PVT) Ltd.,2026-04-22 13:15:19.257902,Lumbini Bikas Bank Ltd.
2026042203005293,LBBL,34,8,397,477.5,189567.5,2026-04-22,187510943,358,Vision Securities Pvt. Ltd,Brilliant Securities Pvt. Ltd.,2026-04-22 13:18:37.946278,Lumbini Bikas Bank Ltd.
2026042203005348,LBBL,33,88,50,478.5,23925.0,2026-04-22,187512798,358,Dakshinkali Investment & Securities Pvt. Ltd.,Blue Chip Securities Ltd,2026-04-22 13:20:58.420488,Lumbini Bikas Bank Ltd.
2026042203005369,LBBL,22,88,100,478.5,47850.0,2026-04-22,187513462,358,Siprabi Securities Pvt. Ltd.,Blue Chip Securities Ltd,2026-04-22 13:22:01.755959,Lumbini Bikas Bank Ltd.
2026042203005383,LBBL,57,88,150,478.5,71775.0,2026-04-22,187513650,358,Aryatara Investment & Securities,Blue Chip Securities Ltd,2026-04-22 13:22:20.104759,Lumbini Bikas Bank Ltd.
2026042203005418,LBBL,4,88,55,478.5,26317.5,2026-04-22,187514715,358,Opal Securities Investment (PVT) Ltd.,Blue Chip Securities Ltd,2026-04-22 13:23:59.819717,Lumbini Bikas Bank Ltd.
2026042203005450,LBBL,32,74,50,479.0,23950.0,2026-04-22,187516639,358,Premier Securities Company Ltd.,KALASH STOCK MARKET PVT. LTD.,2026-04-22 13:26:25.760046,Lumbini Bikas Bank Ltd.
2026042203005451,LBBL,32,56,450,479.0,215550.0,2026-04-22,187516642,358,Premier Securities Company Ltd.,Sri Hari Securities Pvt. Ltd.,2026-04-22 13:26:25.760243,Lumbini Bikas Bank Ltd.
2026042203005467,LBBL,21,77,10,478.7,4787.0,2026-04-22,187517337,358,Midas Stock Broking Company Private Limited,Nabil Stock Dealer Ltd.,2026-04-22 13:27:14.800915,Lumbini Bikas Bank Ltd.
2026042203005485,LBBL,44,56,25,479.0,11975.0,2026-04-22,187517876,358,Dynamic Money Managers Securities Pvt. Ltd.,Sri Hari Securities Pvt. Ltd.,2026-04-22 13:27:57.885635,Lumbini Bikas Bank Ltd.
2026042203005525,LBBL,34,56,25,479.0,11975.0,2026-04-22,187518605,358,Vision Securities Pvt. Ltd,Sri Hari Securities Pvt. Ltd.,2026-04-22 13:29:13.735814,Lumbini Bikas Bank Ltd.
2026042203005526,LBBL,34,56,75,479.0,35925.0,2026-04-22,187518608,358,Vision Securities Pvt. Ltd,Sri Hari Securities Pvt. Ltd.,2026-04-22 13:29:13.736006,Lumbini Bikas Bank Ltd.
2026042203005542,LBBL,21,58,21,478.7,10052.7,2026-04-22,187519002,358,Midas Stock Broking Company Private Limited,Naasa Securities Co. Ltd.,2026-04-22 13:30:04.183971,Lumbini Bikas Bank Ltd.
2026042203005543,LBBL,4,58,145,478.5,69382.5,2026-04-22,187519004,358,Opal Securities Investment (PVT) Ltd.,Naasa Securities Co. Ltd.,2026-04-22 13:30:04.184326,Lumbini Bikas Bank Ltd.
2026042203005544,LBBL,62,58,20,478.1,9562.0,2026-04-22,187519006,358,Capital Max Securities Ltd,Naasa Securities Co. Ltd.,2026-04-22 13:30:04.184537,Lumbini Bikas Bank Ltd.
2026042203005545,LBBL,47,58,10,478.0,4780.0,2026-04-22,187519008,358,Neev Securities Pvt. Ltd.,Naasa Securities Co. Ltd.,2026-04-22 13:30:04.184740,Lumbini Bikas Bank Ltd.
2026042203005546,LBBL,34,58,532,478.0,254296.0,2026-04-22,187519009,358,Vision Securities Pvt. Ltd,Naasa Securities Co. Ltd.,2026-04-22 13:30:04.184967,Lumbini Bikas Bank Ltd.
2026042203005573,LBBL,34,58,10,478.0,4780.0,2026-04-22,187519345,358,Vision Securities Pvt. Ltd,Naasa Securities Co. Ltd.,2026-04-22 13:30:37.504496,Lumbini Bikas Bank Ltd.
2026042203005655,LBBL,34,6,240,478.0,114720.0,2026-04-22,187520887,358,Vision Securities Pvt. Ltd,Agrawal Securities (PVT) Ltd.,2026-04-22 13:32:59.014219,Lumbini Bikas Bank Ltd.
2026042203005705,LBBL,34,38,190,478.0,90820.0,2026-04-22,187522239,358,Vision Securities Pvt. Ltd,Dipshikha Dhitopatra Karobar Co. Pvt Ltd.,2026-04-22 13:35:15.256034,Lumbini Bikas Bank Ltd.
2026042203005804,LBBL,50,56,45,479.0,21555.0,2026-04-22,187525281,358,Cristal Kanchanjanga Securites Pvt. Ltd.,Sri Hari Securities Pvt. Ltd.,2026-04-22 13:40:35.582876,Lumbini Bikas Bank Ltd.
2026042203005805,LBBL,50,11,100,479.0,47900.0,2026-04-22,187525283,358,Cristal Kanchanjanga Securites Pvt. Ltd.,Malla & Malla Stock Broking Company Pvt. Limited,2026-04-22 13:40:35.583053,Lumbini Bikas Bank Ltd.
2026042203005841,LBBL,50,10,455,479.0,217945.0,2026-04-22,187526140,358,Cristal Kanchanjanga Securites Pvt. Ltd.,Pragyan Securities (PVT) Ltd.,2026-04-22 13:42:00.912607,Lumbini Bikas Bank Ltd.
2026042203005852,LBBL,25,49,100,479.5,47950.0,2026-04-22,187526420,358,Sweta Securities Private Limited,Online Securities Pvt. Ltd.,2026-04-22 13:42:36.541221,Lumbini Bikas Bank Ltd.
2026042203005872,LBBL,34,74,71,478.0,33938.0,2026-04-22,187526854,358,Vision Securities Pvt. Ltd,KALASH STOCK MARKET PVT. LTD.,2026-04-22 13:43:25.579942,Lumbini Bikas Bank Ltd.
2026042203005873,LBBL,34,74,30,478.0,14340.0,2026-04-22,187526856,358,Vision Securities Pvt. Ltd,KALASH STOCK MARKET PVT. LTD.,2026-04-22 13:43:25.580310,Lumbini Bikas Bank Ltd.
2026042203005874,LBBL,45,74,499,478.0,238522.0,2026-04-22,187526857,358,Imperial Securities Company Pvt. Ltd.,KALASH STOCK MARKET PVT. LTD.,2026-04-22 13:43:25.580531,Lumbini Bikas Bank Ltd.
2026042203005875,LBBL,45,11,1,478.0,478.0,2026-04-22,187526859,358,Imperial Securities Company Pvt. Ltd.,Malla & Malla Stock Broking Company Pvt. Limited,2026-04-22 13:43:25.580708,Lumbini Bikas Bank Ltd.
2026042203005904,LBBL,59,34,35,478.0,16730.0,2026-04-22,187527670,358,Deevyaa Securities & Stock House Pvt. Ltd,Vision Securities Pvt. Ltd,2026-04-22 13:45:14.983226,Lumbini Bikas Bank Ltd.
2026042203005905,LBBL,50,34,65,478.0,31070.0,2026-04-22,187527671,358,Cristal Kanchanjanga Securites Pvt. Ltd.,Vision Securities Pvt. Ltd,2026-04-22 13:45:14.983424,Lumbini Bikas Bank Ltd.
2026042203006146,LBBL,39,46,30,478.4,14352.0,2026-04-22,187532746,358,Sumeru Securities Pvt. Ltd.,Kalika Securities Pvt. Ltd.,2026-04-22 13:54:13.970927,Lumbini Bikas Bank Ltd.
2026042203006147,LBBL,21,46,20,478.3,9566.0,2026-04-22,187532748,358,Midas Stock Broking Company Private Limited,Kalika Securities Pvt. Ltd.,2026-04-22 13:54:13.971298,Lumbini Bikas Bank Ltd.
2026042203006148,LBBL,22,46,65,478.2,31083.0,2026-04-22,187532750,358,Siprabi Securities Pvt. Ltd.,Kalika Securities Pvt. Ltd.,2026-04-22 13:54:13.971515,Lumbini Bikas Bank Ltd.
2026042203006149,LBBL,50,46,885,478.0,423030.0,2026-04-22,187532751,358,Cristal Kanchanjanga Securites Pvt. Ltd.,Kalika Securities Pvt. Ltd.,2026-04-22 13:54:13.971720,Lumbini Bikas Bank Ltd.
2026042203006233,LBBL,50,11,50,478.0,23900.0,2026-04-22,187534370,358,Cristal Kanchanjanga Securites Pvt. Ltd.,Malla & Malla Stock Broking Company Pvt. Limited,2026-04-22 13:56:52.318716,Lumbini Bikas Bank Ltd.
2026042203006234,LBBL,74,11,180,478.0,86040.0,2026-04-22,187534371,358,KALASH STOCK MARKET PVT. LTD.,Malla & Malla Stock Broking Company Pvt. Limited,2026-04-22 13:56:52.319103,Lumbini Bikas Bank Ltd.
2026042203006313,LBBL,42,58,200,478.1,95620.0,2026-04-22,187536237,358,Sani Securities Company Ltd.,Naasa Securities Co. Ltd.,2026-04-22 14:00:03.234332,Lumbini Bikas Bank Ltd.
2026042203006428,LBBL,60,48,130,478.1,62153.0,2026-04-22,187539323,358,Nagarik Stock Dealer ,Trishakti Securities Public Limited,2026-04-22 14:04:43.496077,Lumbini Bikas Bank Ltd.
2026042203006429,LBBL,74,48,320,478.0,152960.0,2026-04-22,187539327,358,KALASH STOCK MARKET PVT. LTD.,Trishakti Securities Public Limited,2026-04-22 14:04:43.496134,Lumbini Bikas Bank Ltd.
2026042203006430,LBBL,42,48,31,478.0,14818.0,2026-04-22,187539331,358,Sani Securities Company Ltd.,Trishakti Securities Public Limited,2026-04-22 14:04:43.496193,Lumbini Bikas Bank Ltd.
2026042203006431,LBBL,14,48,10,478.0,4780.0,2026-04-22,187539336,358,Nepal Stock House (PVT) Ltd.,Trishakti Securities Public Limited,2026-04-22 14:04:43.496225,Lumbini Bikas Bank Ltd.
2026042203006432,LBBL,59,48,100,478.0,47800.0,2026-04-22,187539340,358,Deevyaa Securities & Stock House Pvt. Ltd,Trishakti Securities Public Limited,2026-04-22 14:04:43.496258,Lumbini Bikas Bank Ltd.
2026042203006433,LBBL,45,48,500,478.0,239000.0,2026-04-22,187539344,358,Imperial Securities Company Pvt. Ltd.,Trishakti Securities Public Limited,2026-04-22 14:04:43.496295,Lumbini Bikas Bank Ltd.
2026042203006434,LBBL,58,48,100,478.0,47800.0,2026-04-22,187539348,358,Naasa Securities Co. Ltd.,Trishakti Securities Public Limited,2026-04-22 14:04:43.496333,Lumbini Bikas Bank Ltd.
2026042203006435,LBBL,34,48,103,477.5,49182.5,2026-04-22,187539352,358,Vision Securities Pvt. Ltd,Trishakti Securities Public Limited,2026-04-22 14:04:43.496373,Lumbini Bikas Bank Ltd.
2026042203006436,LBBL,6,48,500,477.5,238750.0,2026-04-22,187539356,358,Agrawal Securities (PVT) Ltd.,Trishakti Securities Public Limited,2026-04-22 14:04:43.496403,Lumbini Bikas Bank Ltd.
2026042203006437,LBBL,100,48,206,477.3,98323.8,2026-04-22,187539358,358,Sunrise Securities Limited,Trishakti Securities Public Limited,2026-04-22 14:04:43.496440,Lumbini Bikas Bank Ltd.
2026042203006506,LBBL,49,49,200,479.7,95940.0,2026-04-22,187541224,358,Online Securities Pvt. Ltd.,Online Securities Pvt. Ltd.,2026-04-22 14:08:18.276051,Lumbini Bikas Bank Ltd.
2026042203006518,LBBL,50,14,10,478.0,4780.0,2026-04-22,187541501,358,Cristal Kanchanjanga Securites Pvt. Ltd.,Nepal Stock House (PVT) Ltd.,2026-04-22 14:08:39.331955,Lumbini Bikas Bank Ltd.
2026042203006558,LBBL,13,38,30,478.1,14343.0,2026-04-22,187542872,358,Thrive Brokerage House Pvt. Ltd,Dipshikha Dhitopatra Karobar Co. Pvt Ltd.,2026-04-22 14:10:52.926129,Lumbini Bikas Bank Ltd.
2026042203006559,LBBL,50,38,270,478.0,129060.0,2026-04-22,187542873,358,Cristal Kanchanjanga Securites Pvt. Ltd.,Dipshikha Dhitopatra Karobar Co. Pvt Ltd.,2026-04-22 14:10:52.926304,Lumbini Bikas Bank Ltd.
2026042203006983,LBBL,45,95,200,478.4,95680.0,2026-04-22,187551253,358,Imperial Securities Company Pvt. Ltd.,Magnet Securities and Investment Company Private Limited,2026-04-22 14:23:02.956094,Lumbini Bikas Bank Ltd.
2026042203007008,LBBL,44,95,150,478.2,71730.0,2026-04-22,187551808,358,Dynamic Money Managers Securities Pvt. Ltd.,Magnet Securities and Investment Company Private Limited,2026-04-22 14:23:51.354053,Lumbini Bikas Bank Ltd.
2026042203007009,LBBL,39,95,40,478.1,19124.0,2026-04-22,187551810,358,Sumeru Securities Pvt. Ltd.,Magnet Securities and Investment Company Private Limited,2026-04-22 14:23:51.354450,Lumbini Bikas Bank Ltd.
2026042203007010,LBBL,50,95,10,478.0,4780.0,2026-04-22,187551811,358,Cristal Kanchanjanga Securites Pvt. Ltd.,Magnet Securities and Investment Company Private Limited,2026-04-22 14:23:51.354697,Lumbini Bikas Bank Ltd.
2026042203007071,LBBL,4,49,50,479.9,23995.0,2026-04-22,187553190,358,Opal Securities Investment (PVT) Ltd.,Online Securities Pvt. Ltd.,2026-04-22 14:25:52.602971,Lumbini Bikas Bank Ltd.
2026042203007244,LBBL,42,49,70,479.9,33593.0,2026-04-22,187557090,358,Sani Securities Company Ltd.,Online Securities Pvt. Ltd.,2026-04-22 14:30:11.034401,Lumbini Bikas Bank Ltd.
2026042203007525,LBBL,16,49,62,479.9,29753.8,2026-04-22,187563261,358,Primo Securities (PVT) Ltd.,Online Securities Pvt. Ltd.,2026-04-22 14:36:23.908903,Lumbini Bikas Bank Ltd.
2026042203007526,LBBL,16,66,500,480.0,240000.0,2026-04-22,187563263,358,Primo Securities (PVT) Ltd.,Miyo Securities Pvt Ltd,2026-04-22 14:36:23.909132,Lumbini Bikas Bank Ltd.
2026042203007527,LBBL,16,51,110,480.0,52800.0,2026-04-22,187563265,358,Primo Securities (PVT) Ltd.,Oxford Securities Pvt. Ltd.,2026-04-22 14:36:23.909212,Lumbini Bikas Bank Ltd.
2026042203007528,LBBL,16,62,10,480.0,4800.0,2026-04-22,187563267,358,Primo Securities (PVT) Ltd.,Capital Max Securities Ltd,2026-04-22 14:36:23.909292,Lumbini Bikas Bank Ltd.
2026042203007529,LBBL,16,19,16,480.0,7680.0,2026-04-22,187563269,358,Primo Securities (PVT) Ltd.,Nepal Investment And Securities Trading Private Limited,2026-04-22 14:36:23.909371,Lumbini Bikas Bank Ltd.
2026042203007539,LBBL,16,13,169,480.7,81238.3,2026-04-22,187563718,358,Primo Securities (PVT) Ltd.,Thrive Brokerage House Pvt. Ltd,2026-04-22 14:36:51.167598,Lumbini Bikas Bank Ltd.
2026042203007545,LBBL,16,14,300,481.0,144300.0,2026-04-22,187563910,358,Primo Securities (PVT) Ltd.,Nepal Stock House (PVT) Ltd.,2026-04-22 14:37:01.283567,Lumbini Bikas Bank Ltd.
2026042203007579,LBBL,45,58,500,483.0,241500.0,2026-04-22,187564771,358,Imperial Securities Company Pvt. Ltd.,Naasa Securities Co. Ltd.,2026-04-22 14:37:52.630045,Lumbini Bikas Bank Ltd.
2026042203007580,LBBL,45,18,105,483.0,50715.0,2026-04-22,187564773,358,Imperial Securities Company Pvt. Ltd.,Sagarmatha Securities Private Limited,2026-04-22 14:37:52.630225,Lumbini Bikas Bank Ltd.
2026042203007581,LBBL,45,32,486,484.0,235224.0,2026-04-22,187564775,358,Imperial Securities Company Pvt. Ltd.,Premier Securities Company Ltd.,2026-04-22 14:37:52.630301,Lumbini Bikas Bank Ltd.
2026042203007582,LBBL,45,32,200,485.0,97000.0,2026-04-22,187564777,358,Imperial Securities Company Pvt. Ltd.,Premier Securities Company Ltd.,2026-04-22 14:37:52.630378,Lumbini Bikas Bank Ltd.
2026042203007583,LBBL,45,14,20,485.0,9700.0,2026-04-22,187564779,358,Imperial Securities Company Pvt. Ltd.,Nepal Stock House (PVT) Ltd.,2026-04-22 14:37:52.630453,Lumbini Bikas Bank Ltd.
2026042203007584,LBBL,45,42,100,485.0,48500.0,2026-04-22,187564781,358,Imperial Securities Company Pvt. Ltd.,Sani Securities Company Ltd.,2026-04-22 14:37:52.630526,Lumbini Bikas Bank Ltd.
2026042203007585,LBBL,45,1,300,485.0,145500.0,2026-04-22,187564783,358,Imperial Securities Company Pvt. Ltd.,Kumari Securities Private Limited,2026-04-22 14:37:52.630601,Lumbini Bikas Bank Ltd.
2026042203007586,LBBL,45,58,500,485.0,242500.0,2026-04-22,187564785,358,Imperial Securities Company Pvt. Ltd.,Naasa Securities Co. Ltd.,2026-04-22 14:37:52.630685,Lumbini Bikas Bank Ltd.
2026042203007587,LBBL,45,58,500,485.0,242500.0,2026-04-22,187564787,358,Imperial Securities Company Pvt. Ltd.,Naasa Securities Co. Ltd.,2026-04-22 14:37:52.630759,Lumbini Bikas Bank Ltd.
2026042203007588,LBBL,45,59,289,485.0,140165.0,2026-04-22,187564790,358,Imperial Securities Company Pvt. Ltd.,Deevyaa Securities & Stock House Pvt. Ltd,2026-04-22 14:37:52.630834,Lumbini Bikas Bank Ltd.
2026042203007695,LBBL,34,59,711,485.0,344835.0,2026-04-22,187569067,358,Vision Securities Pvt. Ltd,Deevyaa Securities & Stock House Pvt. Ltd,2026-04-22 14:40:06.678934,Lumbini Bikas Bank Ltd.
2026042203007696,LBBL,34,38,250,485.0,121250.0,2026-04-22,187569069,358,Vision Securities Pvt. Ltd,Dipshikha Dhitopatra Karobar Co. Pvt Ltd.,2026-04-22 14:40:06.679123,Lumbini Bikas Bank Ltd.
2026042203007837,LBBL,34,45,145,486.0,70470.0,2026-04-22,187573291,358,Vision Securities Pvt. Ltd,Imperial Securities Company Pvt. Ltd.,2026-04-22 14:41:43.765467,Lumbini Bikas Bank Ltd.
2026042203008009,LBBL,60,59,40,489.0,19560.0,2026-04-22,187577817,358,Nagarik Stock Dealer ,Deevyaa Securities & Stock House Pvt. Ltd,2026-04-22 14:43:41.633864,Lumbini Bikas Bank Ltd.
2026042203008010,LBBL,60,49,200,490.0,98000.0,2026-04-22,187577819,358,Nagarik Stock Dealer ,Online Securities Pvt. Ltd.,2026-04-22 14:43:41.634237,Lumbini Bikas Bank Ltd.
2026042203008011,LBBL,60,47,260,490.0,127400.0,2026-04-22,187577822,358,Nagarik Stock Dealer ,Neev Securities Pvt. Ltd.,2026-04-22 14:43:41.634490,Lumbini Bikas Bank Ltd.
2026042203008041,LBBL,8,47,500,490.0,245000.0,2026-04-22,187578366,358,Brilliant Securities Pvt. Ltd.,Neev Securities Pvt. Ltd.,2026-04-22 14:43:53.658350,Lumbini Bikas Bank Ltd.
2026042203008173,LBBL,34,47,39,490.0,19110.0,2026-04-22,187580926,358,Vision Securities Pvt. Ltd,Neev Securities Pvt. Ltd.,2026-04-22 14:44:47.122913,Lumbini Bikas Bank Ltd.
2026042203008230,LBBL,59,47,50,490.0,24500.0,2026-04-22,187582824,358,Deevyaa Securities & Stock House Pvt. Ltd,Neev Securities Pvt. Ltd.,2026-04-22 14:45:28.907495,Lumbini Bikas Bank Ltd.
2026042203008253,LBBL,57,47,140,490.0,68600.0,2026-04-22,187583322,358,Aryatara Investment & Securities,Neev Securities Pvt. Ltd.,2026-04-22 14:45:45.349897,Lumbini Bikas Bank Ltd.
2026042203008337,LBBL,34,22,800,488.1,390480.0,2026-04-22,187585175,358,Vision Securities Pvt. Ltd,Siprabi Securities Pvt. Ltd.,2026-04-22 14:46:34.664054,Lumbini Bikas Bank Ltd.
2026042203008345,LBBL,58,47,11,490.0,5390.0,2026-04-22,187585403,358,Naasa Securities Co. Ltd.,Neev Securities Pvt. Ltd.,2026-04-22 14:46:43.108838,Lumbini Bikas Bank Ltd.
2026042203008346,LBBL,58,14,100,490.0,49000.0,2026-04-22,187585405,358,Naasa Securities Co. Ltd.,Nepal Stock House (PVT) Ltd.,2026-04-22 14:46:43.109188,Lumbini Bikas Bank Ltd.
2026042203008347,LBBL,58,28,100,492.0,49200.0,2026-04-22,187585407,358,Naasa Securities Co. Ltd.,Shree Krishna Securities Ltd.,2026-04-22 14:46:43.109398,Lumbini Bikas Bank Ltd.
2026042203008348,LBBL,58,57,229,492.3,112736.7,2026-04-22,187585410,358,Naasa Securities Co. Ltd.,Aryatara Investment & Securities,2026-04-22 14:46:43.109621,Lumbini Bikas Bank Ltd.
2026042203008410,LBBL,6,57,1000,492.3,492300.0,2026-04-22,187586673,358,Agrawal Securities (PVT) Ltd.,Aryatara Investment & Securities,2026-04-22 14:47:14.645554,Lumbini Bikas Bank Ltd.
2026042203008454,LBBL,6,57,200,492.3,98460.0,2026-04-22,187587700,358,Agrawal Securities (PVT) Ltd.,Aryatara Investment & Securities,2026-04-22 14:47:45.190325,Lumbini Bikas Bank Ltd.
2026042203008459,LBBL,26,57,2558,492.3,1259303.4,2026-04-22,187587739,358,Asian Securities Private Ltd.,Aryatara Investment & Securities,2026-04-22 14:47:47.542622,Lumbini Bikas Bank Ltd.
2026042203008545,LBBL,34,34,100,495.4,49540.0,2026-04-22,187588932,358,Vision Securities Pvt. Ltd,Vision Securities Pvt. Ltd,2026-04-22 14:48:17.781269,Lumbini Bikas Bank Ltd.
2026042203008556,LBBL,8,34,182,495.4,90162.8,2026-04-22,187589053,358,Brilliant Securities Pvt. Ltd.,Vision Securities Pvt. Ltd,2026-04-22 14:48:21.189197,Lumbini Bikas Bank Ltd.
2026042203008557,LBBL,8,48,18,495.4,8917.2,2026-04-22,187589056,358,Brilliant Securities Pvt. Ltd.,Trishakti Securities Public Limited,2026-04-22 14:48:21.189557,Lumbini Bikas Bank Ltd.
2026042203008593,LBBL,26,1,400,492.3,196920.0,2026-04-22,187589567,358,Asian Securities Private Ltd.,Kumari Securities Private Limited,2026-04-22 14:48:35.359739,Lumbini Bikas Bank Ltd.
2026042203008604,LBBL,26,34,1300,492.3,639990.0,2026-04-22,187589825,358,Asian Securities Private Ltd.,Vision Securities Pvt. Ltd,2026-04-22 14:48:41.819892,Lumbini Bikas Bank Ltd.
2026042203008609,LBBL,8,48,132,495.4,65392.8,2026-04-22,187589912,358,Brilliant Securities Pvt. Ltd.,Trishakti Securities Public Limited,2026-04-22 14:48:44.140313,Lumbini Bikas Bank Ltd.
2026042203009030,LBBL,4,38,2000,495.0,990000.0,2026-04-22,187597901,358,Opal Securities Investment (PVT) Ltd.,Dipshikha Dhitopatra Karobar Co. Pvt Ltd.,2026-04-22 14:53:16.344408,Lumbini Bikas Bank Ltd.
2026042203009049,LBBL,34,33,100,494.0,49400.0,2026-04-22,187598493,358,Vision Securities Pvt. Ltd,Dakshinkali Investment & Securities Pvt. Ltd.,2026-04-22 14:53:38.558557,Lumbini Bikas Bank Ltd.
2026042203009094,LBBL,34,38,955,494.0,471770.0,2026-04-22,187599498,358,Vision Securities Pvt. Ltd,Dipshikha Dhitopatra Karobar Co. Pvt Ltd.,2026-04-22 14:54:18.479039,Lumbini Bikas Bank Ltd.
2026042203009105,LBBL,45,56,300,493.1,147930.0,2026-04-22,187599811,358,Imperial Securities Company Pvt. Ltd.,Sri Hari Securities Pvt. Ltd.,2026-04-22 14:54:28.191714,Lumbini Bikas Bank Ltd.
2026042203009200,LBBL,39,38,45,494.0,22230.0,2026-04-22,187601563,358,Sumeru Securities Pvt. Ltd.,Dipshikha Dhitopatra Karobar Co. Pvt Ltd.,2026-04-22 14:55:21.574155,Lumbini Bikas Bank Ltd.
2026042203009226,LBBL,34,58,100,494.9,49490.0,2026-04-22,187602464,358,Vision Securities Pvt. Ltd,Naasa Securities Co. Ltd.,2026-04-22 14:55:41.723900,Lumbini Bikas Bank Ltd.
2026042203009263,LBBL,58,44,100,494.1,49410.0,2026-04-22,187603506,358,Naasa Securities Co. Ltd.,Dynamic Money Managers Securities Pvt. Ltd.,2026-04-22 14:56:10.103041,Lumbini Bikas Bank Ltd.
2026042203009264,LBBL,39,44,50,494.0,24700.0,2026-04-22,187603507,358,Sumeru Securities Pvt. Ltd.,Dynamic Money Managers Securities Pvt. Ltd.,2026-04-22 14:56:10.103218,Lumbini Bikas Bank Ltd.
2026042203009309,LBBL,45,36,200,493.1,98620.0,2026-04-22,187604436,358,Imperial Securities Company Pvt. Ltd.,Secured Securities Ltd.,2026-04-22 14:56:32.020371,Lumbini Bikas Bank Ltd.
2026042203009443,LBBL,20,59,20,490.0,9800.0,2026-04-22,187606907,358,Sipla Securities Private Limited,Deevyaa Securities & Stock House Pvt. Ltd,2026-04-22 14:57:30.559004,Lumbini Bikas Bank Ltd.
2026042203009540,LBBL,36,19,200,488.3,97660.0,2026-04-22,187608523,358,Secured Securities Ltd.,Nepal Investment And Securities Trading Private Limited,2026-04-22 14:58:02.350299,Lumbini Bikas Bank Ltd.
2026042203009682,LBBL,45,14,500,488.4,244200.0,2026-04-22,187610916,358,Imperial Securities Company Pvt. Ltd.,Nepal Stock House (PVT) Ltd.,2026-04-22 14:58:53.205672,Lumbini Bikas Bank Ltd.
2026042203009705,LBBL,32,14,100,488.4,48840.0,2026-04-22,187611289,358,Premier Securities Company Ltd.,Nepal Stock House (PVT) Ltd.,2026-04-22 14:59:04.729685,Lumbini Bikas Bank Ltd.
2026042203009719,LBBL,32,57,200,488.5,97700.0,2026-04-22,187611696,358,Premier Securities Company Ltd.,Aryatara Investment & Securities,2026-04-22 14:59:14.729890,Lumbini Bikas Bank Ltd.
2026042203009806,LBBL,26,6,50,489.9,24495.0,2026-04-22,187613103,358,Asian Securities Private Ltd.,Agrawal Securities (PVT) Ltd.,2026-04-22 14:59:41.888667,Lumbini Bikas Bank Ltd.
2026042203009807,LBBL,26,84,500,490.0,245000.0,2026-04-22,187613105,358,Asian Securities Private Ltd.,MILKY WAY SHARE BROKER COMPANY LTD ,2026-04-22 14:59:41.889056,Lumbini Bikas Bank Ltd.
2026042203009808,LBBL,26,57,100,490.0,49000.0,2026-04-22,187613107,358,Asian Securities Private Ltd.,Aryatara Investment & Securities,2026-04-22 14:59:41.889303,Lumbini Bikas Bank Ltd.
2026042203009809,LBBL,26,42,90,491.0,44190.0,2026-04-22,187613109,358,Asian Securities Private Ltd.,Sani Securities Company Ltd.,2026-04-22 14:59:41.889527,Lumbini Bikas Bank Ltd.
2026042203009810,LBBL,26,6,50,492.1,24605.0,2026-04-22,187613111,358,Asian Securities Private Ltd.,Agrawal Securities (PVT) Ltd.,2026-04-22 14:59:41.889745,Lumbini Bikas Bank Ltd.
2026042203009811,LBBL,26,6,50,492.9,24645.0,2026-04-22,187613113,358,Asian Securities Private Ltd.,Agrawal Securities (PVT) Ltd.,2026-04-22 14:59:41.889968,Lumbini Bikas Bank Ltd.
2026042203009812,LBBL,26,36,50,493.0,24650.0,2026-04-22,187613115,358,Asian Securities Private Ltd.,Secured Securities Ltd.,2026-04-22 14:59:41.890197,Lumbini Bikas Bank Ltd.
2026042203009813,LBBL,26,59,100,493.0,49300.0,2026-04-22,187613117,358,Asian Securities Private Ltd.,Deevyaa Securities & Stock House Pvt. Ltd,2026-04-22 14:59:41.890416,Lumbini Bikas Bank Ltd.
2026042203009814,LBBL,26,44,10,493.1,4931.0,2026-04-22,187613120,358,Asian Securities Private Ltd.,Dynamic Money Managers Securities Pvt. Ltd.,2026-04-22 14:59:41.890632,Lumbini Bikas Bank Ltd.
2026042203009837,LBBL,45,6,50,488.0,24400.0,2026-04-22,187613755,358,Imperial Securities Company Pvt. Ltd.,Agrawal Securities (PVT) Ltd.,2026-04-22 14:59:53.177755,Lumbini Bikas Bank Ltd.
2026042203009950,LBBL,59,44,140,493.1,69034.0,2026-04-22,187614434,358,Deevyaa Securities & Stock House Pvt. Ltd,Dynamic Money Managers Securities Pvt. Ltd.,2026-04-22 14:59:58.981004,Lumbini Bikas Bank Ltd.
2026042203009951,LBBL,59,77,360,494.0,177840.0,2026-04-22,187614444,358,Deevyaa Securities & Stock House Pvt. Ltd,Nabil Stock Dealer Ltd.,2026-04-22 14:59:58.981108,Lumbini Bikas Bank Ltd.
