contract_id,symbol,buyer_member_id,seller_member_id,volume,price,amount,buyer_broker,seller_broker,transaction_time
2026042203000014,MFIL,35,97,10,811.7,8117.0,Kohinoor Investment & Securities Pvt. Ltd.,R.B.B. Securities Company Ltd,2026-04-22 10:46:00.076584
2026042203000026,MFIL,58,88,50,801.0,40050.0,Naasa Securities Co. Ltd.,Blue Chip Securities Ltd,2026-04-22 11:00:20.139777
2026042203000044,MFIL,97,21,10,800.0,8000.0,R.B.B. Securities Company Ltd,Midas Stock Broking Company Private Limited,2026-04-22 11:01:06.622500
2026042203000072,MFIL,97,48,10,799.0,7990.0,R.B.B. Securities Company Ltd,Trishakti Securities Public Limited,2026-04-22 11:02:20.356090
2026042203000090,MFIL,49,88,1000,791.2,791200.0,Online Securities Pvt. Ltd.,Blue Chip Securities Ltd,2026-04-22 11:03:17.290414
2026042203000091,MFIL,26,88,300,791.1,237330.0,Asian Securities Private Ltd.,Blue Chip Securities Ltd,2026-04-22 11:03:17.290499
2026042203000116,MFIL,49,21,20,791.4,15828.0,Online Securities Pvt. Ltd.,Midas Stock Broking Company Private Limited,2026-04-22 11:04:03.196496
2026042203000120,MFIL,63,10,100,797.0,79700.0,Himalayan Brokerage Company Limited,Pragyan Securities (PVT) Ltd.,2026-04-22 11:04:26.955816
2026042203000121,MFIL,63,35,400,797.7,319080.0,Himalayan Brokerage Company Limited,Kohinoor Investment & Securities Pvt. Ltd.,2026-04-22 11:04:26.955914
2026042203000127,MFIL,97,88,10,791.5,7915.0,R.B.B. Securities Company Ltd,Blue Chip Securities Ltd,2026-04-22 11:04:31.381046
2026042203000128,MFIL,49,88,1890,791.4,1495746.0,Online Securities Pvt. Ltd.,Blue Chip Securities Ltd,2026-04-22 11:04:31.381205
2026042203000145,MFIL,97,26,10,791.5,7915.0,R.B.B. Securities Company Ltd,Asian Securities Private Ltd.,2026-04-22 11:05:09.081747
2026042203000146,MFIL,49,26,90,791.4,71226.0,Online Securities Pvt. Ltd.,Asian Securities Private Ltd.,2026-04-22 11:05:09.081918
2026042203000147,MFIL,39,26,30,791.0,23730.0,Sumeru Securities Pvt. Ltd.,Asian Securities Private Ltd.,2026-04-22 11:05:09.082051
2026042203000157,MFIL,39,88,70,791.0,55370.0,Sumeru Securities Pvt. Ltd.,Blue Chip Securities Ltd,2026-04-22 11:05:20.544797
2026042203000158,MFIL,39,88,200,790.1,158020.0,Sumeru Securities Pvt. Ltd.,Blue Chip Securities Ltd,2026-04-22 11:05:20.544895
2026042203000159,MFIL,34,88,200,790.1,158020.0,Vision Securities Pvt. Ltd,Blue Chip Securities Ltd,2026-04-22 11:05:20.544963
2026042203000160,MFIL,41,88,20,790.0,15800.0,Linch Stock Market Ltd.,Blue Chip Securities Ltd,2026-04-22 11:05:20.545052
2026042203000161,MFIL,57,88,10,788.0,7880.0,Aryatara Investment & Securities,Blue Chip Securities Ltd,2026-04-22 11:05:20.545104
2026042203000162,MFIL,34,88,100,788.0,78800.0,Vision Securities Pvt. Ltd,Blue Chip Securities Ltd,2026-04-22 11:05:20.545158
2026042203000166,MFIL,53,35,100,797.7,79770.0,Investment Management Nepal Pvt. Ltd.,Kohinoor Investment & Securities Pvt. Ltd.,2026-04-22 11:05:27.221587
2026042203000167,MFIL,53,35,200,797.7,159540.0,Investment Management Nepal Pvt. Ltd.,Kohinoor Investment & Securities Pvt. Ltd.,2026-04-22 11:05:27.221628
2026042203000170,MFIL,57,35,100,797.7,79770.0,Aryatara Investment & Securities,Kohinoor Investment & Securities Pvt. Ltd.,2026-04-22 11:05:37.232246
2026042203000207,MFIL,97,35,10,791.2,7912.0,R.B.B. Securities Company Ltd,Kohinoor Investment & Securities Pvt. Ltd.,2026-04-22 11:06:29.825272
2026042203000208,MFIL,97,35,10,791.0,7910.0,R.B.B. Securities Company Ltd,Kohinoor Investment & Securities Pvt. Ltd.,2026-04-22 11:06:29.825379
2026042203000209,MFIL,47,35,154,783.0,120582.0,Neev Securities Pvt. Ltd.,Kohinoor Investment & Securities Pvt. Ltd.,2026-04-22 11:06:29.825451
2026042203000257,MFIL,97,63,10,783.1,7831.0,R.B.B. Securities Company Ltd,Himalayan Brokerage Company Limited,2026-04-22 11:07:32.628567
2026042203000258,MFIL,47,63,46,783.0,36018.0,Neev Securities Pvt. Ltd.,Himalayan Brokerage Company Limited,2026-04-22 11:07:32.628660
2026042203000259,MFIL,57,63,50,780.0,39000.0,Aryatara Investment & Securities,Himalayan Brokerage Company Limited,2026-04-22 11:07:32.628733
2026042203000260,MFIL,57,63,494,780.0,385320.0,Aryatara Investment & Securities,Himalayan Brokerage Company Limited,2026-04-22 11:07:32.628803
2026042203000354,MFIL,36,85,16,780.0,12480.0,Secured Securities Ltd.,Capital Hub P. Ltd,2026-04-22 11:09:25.942218
2026042203000373,MFIL,25,85,184,780.0,143520.0,Sweta Securities Private Limited,Capital Hub P. Ltd,2026-04-22 11:10:21.386567
2026042203000396,MFIL,42,58,30,780.0,23400.0,Sani Securities Company Ltd.,Naasa Securities Co. Ltd.,2026-04-22 11:10:53.242993
2026042203000491,MFIL,97,50,10,781.1,7811.0,R.B.B. Securities Company Ltd,Cristal Kanchanjanga Securites Pvt. Ltd.,2026-04-22 11:13:37.470737
2026042203000519,MFIL,97,49,40,781.1,31244.0,R.B.B. Securities Company Ltd,Online Securities Pvt. Ltd.,2026-04-22 11:14:18.428285
2026042203000533,MFIL,42,49,60,781.0,46860.0,Sani Securities Company Ltd.,Online Securities Pvt. Ltd.,2026-04-22 11:14:35.253996
2026042203000540,MFIL,42,58,40,781.0,31240.0,Sani Securities Company Ltd.,Naasa Securities Co. Ltd.,2026-04-22 11:14:42.314751
2026042203000555,MFIL,97,49,10,780.1,7801.0,R.B.B. Securities Company Ltd,Online Securities Pvt. Ltd.,2026-04-22 11:15:00.429816
2026042203000556,MFIL,42,49,20,780.0,15600.0,Sani Securities Company Ltd.,Online Securities Pvt. Ltd.,2026-04-22 11:15:00.429917
2026042203000557,MFIL,58,49,10,780.0,7800.0,Naasa Securities Co. Ltd.,Online Securities Pvt. Ltd.,2026-04-22 11:15:00.429961
2026042203000563,MFIL,58,49,60,780.0,46800.0,Naasa Securities Co. Ltd.,Online Securities Pvt. Ltd.,2026-04-22 11:15:06.970931
2026042203000567,MFIL,58,50,40,781.0,31240.0,Naasa Securities Co. Ltd.,Cristal Kanchanjanga Securites Pvt. Ltd.,2026-04-22 11:15:14.270501
2026042203000639,MFIL,97,8,10,780.1,7801.0,R.B.B. Securities Company Ltd,Brilliant Securities Pvt. Ltd.,2026-04-22 11:16:49.487886
2026042203000640,MFIL,42,8,50,780.0,39000.0,Sani Securities Company Ltd.,Brilliant Securities Pvt. Ltd.,2026-04-22 11:16:49.488134
2026042203000660,MFIL,11,8,34,780.0,26520.0,Malla & Malla Stock Broking Company Pvt. Limited,Brilliant Securities Pvt. Ltd.,2026-04-22 11:17:17.159308
2026042203000661,MFIL,57,8,6,780.0,4680.0,Aryatara Investment & Securities,Brilliant Securities Pvt. Ltd.,2026-04-22 11:17:17.159442
2026042203000677,MFIL,62,34,38,788.0,29944.0,Capital Max Securities Ltd,Vision Securities Pvt. Ltd,2026-04-22 11:17:47.667276
2026042203000678,MFIL,62,40,62,788.0,48856.0,Capital Max Securities Ltd,Creative Securities Pvt Ltd,2026-04-22 11:17:47.667384
2026042203000679,MFIL,4,40,150,788.0,118200.0,Opal Securities Investment (PVT) Ltd.,Creative Securities Pvt Ltd,2026-04-22 11:17:57.273548
2026042203000721,MFIL,39,40,100,788.0,78800.0,Sumeru Securities Pvt. Ltd.,Creative Securities Pvt Ltd,2026-04-22 11:18:48.779162
2026042203000766,MFIL,66,40,100,788.0,78800.0,Miyo Securities Pvt Ltd,Creative Securities Pvt Ltd,2026-04-22 11:19:46.424439
2026042203000831,MFIL,39,34,100,781.0,78100.0,Sumeru Securities Pvt. Ltd.,Vision Securities Pvt. Ltd,2026-04-22 11:21:33.229753
2026042203000832,MFIL,58,34,10,780.2,7802.0,Naasa Securities Co. Ltd.,Vision Securities Pvt. Ltd,2026-04-22 11:21:33.229876
2026042203000833,MFIL,97,34,10,780.1,7801.0,R.B.B. Securities Company Ltd,Vision Securities Pvt. Ltd,2026-04-22 11:21:33.229928
2026042203000834,MFIL,34,34,380,780.0,296400.0,Vision Securities Pvt. Ltd,Vision Securities Pvt. Ltd,2026-04-22 11:21:33.229981
2026042203000934,MFIL,57,63,200,780.2,156040.0,Aryatara Investment & Securities,Himalayan Brokerage Company Limited,2026-04-22 11:23:45.124537
2026042203000945,MFIL,1,63,82,780.2,63976.4,Kumari Securities Private Limited,Himalayan Brokerage Company Limited,2026-04-22 11:24:05.957835
2026042203000946,MFIL,1,43,218,780.2,170083.6,Kumari Securities Private Limited,South Asian Bulls Pvt. Ltd.,2026-04-22 11:24:08.235966
2026042203000947,MFIL,25,43,100,780.1,78010.0,Sweta Securities Private Limited,South Asian Bulls Pvt. Ltd.,2026-04-22 11:24:08.236102
2026042203000948,MFIL,34,43,120,780.0,93600.0,Vision Securities Pvt. Ltd,South Asian Bulls Pvt. Ltd.,2026-04-22 11:24:08.236171
2026042203000949,MFIL,25,43,10,780.0,7800.0,Sweta Securities Private Limited,South Asian Bulls Pvt. Ltd.,2026-04-22 11:24:08.236249
2026042203000950,MFIL,41,43,30,780.0,23400.0,Linch Stock Market Ltd.,South Asian Bulls Pvt. Ltd.,2026-04-22 11:24:08.236300
2026042203000960,MFIL,53,43,22,780.0,17160.0,Investment Management Nepal Pvt. Ltd.,South Asian Bulls Pvt. Ltd.,2026-04-22 11:24:12.717112
2026042203001371,MFIL,97,88,10,782.0,7820.0,R.B.B. Securities Company Ltd,Blue Chip Securities Ltd,2026-04-22 11:34:38.941460
2026042203001372,MFIL,97,88,10,781.9,7819.0,R.B.B. Securities Company Ltd,Blue Chip Securities Ltd,2026-04-22 11:34:38.941496
2026042203001373,MFIL,97,88,10,781.8,7818.0,R.B.B. Securities Company Ltd,Blue Chip Securities Ltd,2026-04-22 11:34:38.941516
2026042203001374,MFIL,97,88,10,781.7,7817.0,R.B.B. Securities Company Ltd,Blue Chip Securities Ltd,2026-04-22 11:34:38.941537
2026042203001375,MFIL,97,88,10,781.6,7816.0,R.B.B. Securities Company Ltd,Blue Chip Securities Ltd,2026-04-22 11:34:38.941561
2026042203001388,MFIL,97,88,10,781.5,7815.0,R.B.B. Securities Company Ltd,Blue Chip Securities Ltd,2026-04-22 11:34:53.644171
2026042203001389,MFIL,97,88,10,781.4,7814.0,R.B.B. Securities Company Ltd,Blue Chip Securities Ltd,2026-04-22 11:34:53.644233
2026042203001390,MFIL,97,88,10,781.3,7813.0,R.B.B. Securities Company Ltd,Blue Chip Securities Ltd,2026-04-22 11:34:53.644256
2026042203001391,MFIL,97,88,10,781.2,7812.0,R.B.B. Securities Company Ltd,Blue Chip Securities Ltd,2026-04-22 11:34:53.644276
2026042203001392,MFIL,28,88,10,781.1,7811.0,Shree Krishna Securities Ltd.,Blue Chip Securities Ltd,2026-04-22 11:34:53.644295
2026042203001411,MFIL,41,91,71,782.0,55522.0,Linch Stock Market Ltd.,Citizens Share Broker Limited,2026-04-22 11:35:28.980815
2026042203001412,MFIL,28,91,190,781.1,148409.0,Shree Krishna Securities Ltd.,Citizens Share Broker Limited,2026-04-22 11:35:28.980913
2026042203001413,MFIL,58,91,739,781.0,577159.0,Naasa Securities Co. Ltd.,Citizens Share Broker Limited,2026-04-22 11:35:28.981008
2026042203001487,MFIL,58,50,10,781.5,7815.0,Naasa Securities Co. Ltd.,Cristal Kanchanjanga Securites Pvt. Ltd.,2026-04-22 11:38:08.817610
2026042203001488,MFIL,8,50,20,781.2,15624.0,Brilliant Securities Pvt. Ltd.,Cristal Kanchanjanga Securites Pvt. Ltd.,2026-04-22 11:38:08.817674
2026042203001538,MFIL,58,58,10,787.0,7870.0,Naasa Securities Co. Ltd.,Naasa Securities Co. Ltd.,2026-04-22 11:38:52.322151
2026042203001564,MFIL,58,88,261,781.0,203841.0,Naasa Securities Co. Ltd.,Blue Chip Securities Ltd,2026-04-22 11:39:11.178696
2026042203001565,MFIL,58,88,97,781.0,75757.0,Naasa Securities Co. Ltd.,Blue Chip Securities Ltd,2026-04-22 11:39:11.178838
2026042203001566,MFIL,26,88,142,781.0,110902.0,Asian Securities Private Ltd.,Blue Chip Securities Ltd,2026-04-22 11:39:11.178898
2026042203001589,MFIL,58,58,10,787.0,7870.0,Naasa Securities Co. Ltd.,Naasa Securities Co. Ltd.,2026-04-22 11:39:22.135481
2026042203001630,MFIL,26,51,58,781.0,45298.0,Asian Securities Private Ltd.,Oxford Securities Pvt. Ltd.,2026-04-22 11:39:51.228795
2026042203001631,MFIL,58,51,60,781.0,46860.0,Naasa Securities Co. Ltd.,Oxford Securities Pvt. Ltd.,2026-04-22 11:39:51.229099
2026042203001707,MFIL,33,51,130,781.0,101530.0,Dakshinkali Investment & Securities Pvt. Ltd.,Oxford Securities Pvt. Ltd.,2026-04-22 11:41:10.348141
2026042203001948,MFIL,62,88,10,782.0,7820.0,Capital Max Securities Ltd,Blue Chip Securities Ltd,2026-04-22 11:47:19.870701
2026042203001949,MFIL,26,88,100,781.0,78100.0,Asian Securities Private Ltd.,Blue Chip Securities Ltd,2026-04-22 11:47:19.870895
2026042203001950,MFIL,42,88,390,781.0,304590.0,Sani Securities Company Ltd.,Blue Chip Securities Ltd,2026-04-22 11:47:19.870990
2026042203002082,MFIL,52,19,100,782.0,78200.0,Sundhara Securities Limited,Nepal Investment And Securities Trading Private Limited,2026-04-22 11:51:38.460013
2026042203002098,MFIL,42,19,77,781.0,60137.0,Sani Securities Company Ltd.,Nepal Investment And Securities Trading Private Limited,2026-04-22 11:52:09.851200
2026042203002099,MFIL,28,19,23,780.5,17951.5,Shree Krishna Securities Ltd.,Nepal Investment And Securities Trading Private Limited,2026-04-22 11:52:09.851353
2026042203002370,MFIL,28,58,75,785.0,58875.0,Shree Krishna Securities Ltd.,Naasa Securities Co. Ltd.,2026-04-22 11:58:44.958468
2026042203002438,MFIL,28,88,125,785.0,98125.0,Shree Krishna Securities Ltd.,Blue Chip Securities Ltd,2026-04-22 12:00:28.270423
2026042203002473,MFIL,52,14,13,785.0,10205.0,Sundhara Securities Limited,Nepal Stock House (PVT) Ltd.,2026-04-22 12:01:06.171156
2026042203002474,MFIL,58,14,50,780.6,39030.0,Naasa Securities Co. Ltd.,Nepal Stock House (PVT) Ltd.,2026-04-22 12:01:06.171473
2026042203002475,MFIL,28,14,87,780.5,67903.5,Shree Krishna Securities Ltd.,Nepal Stock House (PVT) Ltd.,2026-04-22 12:01:06.171672
2026042203002731,MFIL,49,35,100,785.0,78500.0,Online Securities Pvt. Ltd.,Kohinoor Investment & Securities Pvt. Ltd.,2026-04-22 12:07:51.796495
2026042203002753,MFIL,36,35,10,785.0,7850.0,Secured Securities Ltd.,Kohinoor Investment & Securities Pvt. Ltd.,2026-04-22 12:08:14.423699
2026042203002841,MFIL,49,88,50,781.0,39050.0,Online Securities Pvt. Ltd.,Blue Chip Securities Ltd,2026-04-22 12:10:20.734330
2026042203002842,MFIL,49,88,100,781.0,78100.0,Online Securities Pvt. Ltd.,Blue Chip Securities Ltd,2026-04-22 12:10:20.734632
2026042203002843,MFIL,41,88,100,781.0,78100.0,Linch Stock Market Ltd.,Blue Chip Securities Ltd,2026-04-22 12:10:20.734828
2026042203002890,MFIL,58,45,25,780.6,19515.0,Naasa Securities Co. Ltd.,Imperial Securities Company Pvt. Ltd.,2026-04-22 12:11:36.695197
2026042203002930,MFIL,59,45,15,780.6,11709.0,Deevyaa Securities & Stock House Pvt. Ltd,Imperial Securities Company Pvt. Ltd.,2026-04-22 12:12:50.882630
2026042203002950,MFIL,28,88,190,780.5,148295.0,Shree Krishna Securities Ltd.,Blue Chip Securities Ltd,2026-04-22 12:13:10.772704
2026042203002951,MFIL,43,88,500,780.4,390200.0,South Asian Bulls Pvt. Ltd.,Blue Chip Securities Ltd,2026-04-22 12:13:10.772863
2026042203002952,MFIL,17,88,10,780.0,7800.0,ABC Securities Private Limited,Blue Chip Securities Ltd,2026-04-22 12:13:10.772934
2026042203002953,MFIL,58,88,50,780.0,39000.0,Naasa Securities Co. Ltd.,Blue Chip Securities Ltd,2026-04-22 12:13:10.773002
2026042203002954,MFIL,45,88,50,780.0,39000.0,Imperial Securities Company Pvt. Ltd.,Blue Chip Securities Ltd,2026-04-22 12:13:10.773080
2026042203002955,MFIL,8,88,25,780.0,19500.0,Brilliant Securities Pvt. Ltd.,Blue Chip Securities Ltd,2026-04-22 12:13:10.773154
2026042203002956,MFIL,39,88,100,780.0,78000.0,Sumeru Securities Pvt. Ltd.,Blue Chip Securities Ltd,2026-04-22 12:13:10.773232
2026042203002957,MFIL,5,88,70,780.0,54600.0,Market Securities & Exchange (PVT) Ltd.,Blue Chip Securities Ltd,2026-04-22 12:13:10.773295
2026042203002958,MFIL,22,88,200,780.0,156000.0,Siprabi Securities Pvt. Ltd.,Blue Chip Securities Ltd,2026-04-22 12:13:10.773364
2026042203002959,MFIL,14,88,500,780.0,390000.0,Nepal Stock House (PVT) Ltd.,Blue Chip Securities Ltd,2026-04-22 12:13:10.773427
2026042203002999,MFIL,49,38,10,780.0,7800.0,Online Securities Pvt. Ltd.,Dipshikha Dhitopatra Karobar Co. Pvt Ltd.,2026-04-22 12:14:08.391681
2026042203003000,MFIL,97,38,10,779.1,7791.0,R.B.B. Securities Company Ltd,Dipshikha Dhitopatra Karobar Co. Pvt Ltd.,2026-04-22 12:14:08.391783
2026042203003001,MFIL,63,38,290,779.0,225910.0,Himalayan Brokerage Company Limited,Dipshikha Dhitopatra Karobar Co. Pvt Ltd.,2026-04-22 12:14:08.391875
2026042203003091,MFIL,63,81,300,779.0,233700.0,Himalayan Brokerage Company Limited,Aakashbhairab Securities Ltd.,2026-04-22 12:16:06.607390
2026042203003224,MFIL,26,88,50,780.0,39000.0,Asian Securities Private Ltd.,Blue Chip Securities Ltd,2026-04-22 12:18:43.493495
2026042203003225,MFIL,14,88,460,779.1,358386.0,Nepal Stock House (PVT) Ltd.,Blue Chip Securities Ltd,2026-04-22 12:18:43.493625
2026042203003372,MFIL,14,34,40,779.1,31164.0,Nepal Stock House (PVT) Ltd.,Vision Securities Pvt. Ltd,2026-04-22 12:22:14.742004
2026042203003465,MFIL,62,34,50,779.1,38955.0,Capital Max Securities Ltd,Vision Securities Pvt. Ltd,2026-04-22 12:23:44.103531
2026042203003706,MFIL,58,45,10,780.6,7806.0,Naasa Securities Co. Ltd.,Imperial Securities Company Pvt. Ltd.,2026-04-22 12:27:40.274641
2026042203004090,MFIL,58,58,20,784.0,15680.0,Naasa Securities Co. Ltd.,Naasa Securities Co. Ltd.,2026-04-22 12:37:51.511833
2026042203004105,MFIL,34,58,100,784.0,78400.0,Vision Securities Pvt. Ltd,Naasa Securities Co. Ltd.,2026-04-22 12:38:17.834855
2026042203004127,MFIL,4,58,10,784.0,7840.0,Opal Securities Investment (PVT) Ltd.,Naasa Securities Co. Ltd.,2026-04-22 12:38:47.437532
2026042203004232,MFIL,6,58,350,784.0,274400.0,Agrawal Securities (PVT) Ltd.,Naasa Securities Co. Ltd.,2026-04-22 12:43:06.827794
2026042203004233,MFIL,6,16,100,784.0,78400.0,Agrawal Securities (PVT) Ltd.,Primo Securities (PVT) Ltd.,2026-04-22 12:43:06.828123
2026042203004234,MFIL,6,6,50,784.0,39200.0,Agrawal Securities (PVT) Ltd.,Agrawal Securities (PVT) Ltd.,2026-04-22 12:43:06.828312
2026042203004274,MFIL,48,11,29,782.2,22683.8,Trishakti Securities Public Limited,Malla & Malla Stock Broking Company Pvt. Limited,2026-04-22 12:43:51.372766
2026042203004275,MFIL,49,11,50,782.2,39110.0,Online Securities Pvt. Ltd.,Malla & Malla Stock Broking Company Pvt. Limited,2026-04-22 12:43:51.372949
2026042203004276,MFIL,45,11,35,782.0,27370.0,Imperial Securities Company Pvt. Ltd.,Malla & Malla Stock Broking Company Pvt. Limited,2026-04-22 12:43:51.373032
2026042203004277,MFIL,21,11,100,781.0,78100.0,Midas Stock Broking Company Private Limited,Malla & Malla Stock Broking Company Pvt. Limited,2026-04-22 12:43:51.373096
2026042203004278,MFIL,43,11,635,780.6,495681.0,South Asian Bulls Pvt. Ltd.,Malla & Malla Stock Broking Company Pvt. Limited,2026-04-22 12:43:51.373162
2026042203004279,MFIL,45,11,555,780.3,433066.5,Imperial Securities Company Pvt. Ltd.,Malla & Malla Stock Broking Company Pvt. Limited,2026-04-22 12:43:51.373224
2026042203004280,MFIL,57,11,296,780.2,230939.2,Aryatara Investment & Securities,Malla & Malla Stock Broking Company Pvt. Limited,2026-04-22 12:43:51.373287
2026042203004330,MFIL,62,42,50,782.2,39110.0,Capital Max Securities Ltd,Sani Securities Company Ltd.,2026-04-22 12:44:35.106111
2026042203004398,MFIL,62,91,10,782.5,7825.0,Capital Max Securities Ltd,Citizens Share Broker Limited,2026-04-22 12:46:37.358385
2026042203004410,MFIL,62,88,1000,782.5,782500.0,Capital Max Securities Ltd,Blue Chip Securities Ltd,2026-04-22 12:46:57.036269
2026042203004479,MFIL,62,49,190,782.5,148675.0,Capital Max Securities Ltd,Online Securities Pvt. Ltd.,2026-04-22 12:48:44.321177
2026042203004534,MFIL,57,35,15,781.0,11715.0,Aryatara Investment & Securities,Kohinoor Investment & Securities Pvt. Ltd.,2026-04-22 12:50:37.878662
2026042203004535,MFIL,57,35,285,780.2,222357.0,Aryatara Investment & Securities,Kohinoor Investment & Securities Pvt. Ltd.,2026-04-22 12:50:37.878972
2026042203004568,MFIL,57,6,150,780.2,117030.0,Aryatara Investment & Securities,Agrawal Securities (PVT) Ltd.,2026-04-22 12:51:51.007638
2026042203004703,MFIL,57,60,17,782.9,13309.3,Aryatara Investment & Securities,Nagarik Stock Dealer ,2026-04-22 12:56:18.104444
2026042203004708,MFIL,58,57,35,783.9,27436.5,Naasa Securities Co. Ltd.,Aryatara Investment & Securities,2026-04-22 12:56:20.627887
2026042203004709,MFIL,58,58,65,784.0,50960.0,Naasa Securities Co. Ltd.,Naasa Securities Co. Ltd.,2026-04-22 12:56:20.627932
2026042203004779,MFIL,36,58,25,784.0,19600.0,Secured Securities Ltd.,Naasa Securities Co. Ltd.,2026-04-22 12:58:14.272362
2026042203005122,MFIL,43,57,500,781.2,390600.0,South Asian Bulls Pvt. Ltd.,Aryatara Investment & Securities,2026-04-22 13:12:14.914850
2026042203005145,MFIL,86,57,100,781.1,78110.0,Stoxkarts Securities Limited,Aryatara Investment & Securities,2026-04-22 13:13:38.137656
2026042203005146,MFIL,56,57,100,781.0,78100.0,Sri Hari Securities Pvt. Ltd.,Aryatara Investment & Securities,2026-04-22 13:13:38.137827
2026042203005147,MFIL,13,57,150,781.0,117150.0,Thrive Brokerage House Pvt. Ltd,Aryatara Investment & Securities,2026-04-22 13:13:38.137891
2026042203005171,MFIL,57,77,50,782.0,39100.0,Aryatara Investment & Securities,Nabil Stock Dealer Ltd.,2026-04-22 13:14:46.028326
2026042203005172,MFIL,13,77,100,781.0,78100.0,Thrive Brokerage House Pvt. Ltd,Nabil Stock Dealer Ltd.,2026-04-22 13:14:46.028493
2026042203005292,MFIL,42,77,10,781.1,7811.0,Sani Securities Company Ltd.,Nabil Stock Dealer Ltd.,2026-04-22 13:18:25.944683
2026042203005354,MFIL,42,95,10,781.1,7811.0,Sani Securities Company Ltd.,Magnet Securities and Investment Company Private Limited,2026-04-22 13:21:28.512802
2026042203005355,MFIL,13,95,50,781.0,39050.0,Thrive Brokerage House Pvt. Ltd,Magnet Securities and Investment Company Private Limited,2026-04-22 13:21:28.512958
2026042203005356,MFIL,57,95,269,780.2,209873.8,Aryatara Investment & Securities,Magnet Securities and Investment Company Private Limited,2026-04-22 13:21:28.513037
2026042203005357,MFIL,10,95,171,780.1,133397.1,Pragyan Securities (PVT) Ltd.,Magnet Securities and Investment Company Private Limited,2026-04-22 13:21:28.513099
2026042203005745,MFIL,22,58,10,781.3,7813.0,Siprabi Securities Pvt. Ltd.,Naasa Securities Co. Ltd.,2026-04-22 13:37:52.680688
2026042203005746,MFIL,52,58,50,781.2,39060.0,Sundhara Securities Limited,Naasa Securities Co. Ltd.,2026-04-22 13:37:52.681077
2026042203005747,MFIL,52,58,50,780.3,39015.0,Sundhara Securities Limited,Naasa Securities Co. Ltd.,2026-04-22 13:37:52.681317
2026042203005748,MFIL,52,58,55,780.2,42911.0,Sundhara Securities Limited,Naasa Securities Co. Ltd.,2026-04-22 13:37:52.681562
2026042203005749,MFIL,10,58,29,780.1,22622.9,Pragyan Securities (PVT) Ltd.,Naasa Securities Co. Ltd.,2026-04-22 13:37:52.681798
2026042203005774,MFIL,29,28,12,780.1,9361.2,Trisul Securities & Invt. Ltd.,Shree Krishna Securities Ltd.,2026-04-22 13:39:04.327175
2026042203005775,MFIL,17,28,10,780.0,7800.0,ABC Securities Private Limited,Shree Krishna Securities Ltd.,2026-04-22 13:39:04.327495
2026042203005891,MFIL,34,42,90,780.0,70200.0,Vision Securities Pvt. Ltd,Sani Securities Company Ltd.,2026-04-22 13:44:24.932560
2026042203005949,MFIL,47,33,50,781.0,39050.0,Neev Securities Pvt. Ltd.,Dakshinkali Investment & Securities Pvt. Ltd.,2026-04-22 13:46:33.831901
2026042203005950,MFIL,34,33,210,780.0,163800.0,Vision Securities Pvt. Ltd,Dakshinkali Investment & Securities Pvt. Ltd.,2026-04-22 13:46:33.832096
2026042203005951,MFIL,58,33,10,780.0,7800.0,Naasa Securities Co. Ltd.,Dakshinkali Investment & Securities Pvt. Ltd.,2026-04-22 13:46:33.832168
2026042203005952,MFIL,28,33,100,780.0,78000.0,Shree Krishna Securities Ltd.,Dakshinkali Investment & Securities Pvt. Ltd.,2026-04-22 13:46:33.832234
2026042203005953,MFIL,45,33,130,780.0,101400.0,Imperial Securities Company Pvt. Ltd.,Dakshinkali Investment & Securities Pvt. Ltd.,2026-04-22 13:46:33.832297
2026042203005981,MFIL,62,58,74,782.0,57868.0,Capital Max Securities Ltd,Naasa Securities Co. Ltd.,2026-04-22 13:47:38.009307
2026042203006027,MFIL,58,58,10,780.0,7800.0,Naasa Securities Co. Ltd.,Naasa Securities Co. Ltd.,2026-04-22 13:49:05.323354
2026042203006028,MFIL,42,58,50,780.0,39000.0,Sani Securities Company Ltd.,Naasa Securities Co. Ltd.,2026-04-22 13:49:05.323564
2026042203006029,MFIL,58,58,50,780.0,39000.0,Naasa Securities Co. Ltd.,Naasa Securities Co. Ltd.,2026-04-22 13:49:05.323633
2026042203006030,MFIL,38,58,40,780.0,31200.0,Dipshikha Dhitopatra Karobar Co. Pvt Ltd.,Naasa Securities Co. Ltd.,2026-04-22 13:49:05.323697
2026042203006031,MFIL,57,58,276,780.0,215280.0,Aryatara Investment & Securities,Naasa Securities Co. Ltd.,2026-04-22 13:49:05.323760
2026042203006064,MFIL,17,63,1400,782.9,1096060.0,ABC Securities Private Limited,Himalayan Brokerage Company Limited,2026-04-22 13:50:02.757820
2026042203006072,MFIL,63,17,1400,782.9,1096060.0,Himalayan Brokerage Company Limited,ABC Securities Private Limited,2026-04-22 13:50:25.949790
2026042203006103,MFIL,16,58,10,782.0,7820.0,Primo Securities (PVT) Ltd.,Naasa Securities Co. Ltd.,2026-04-22 13:52:32.224970
2026042203006152,MFIL,57,59,224,780.0,174720.0,Aryatara Investment & Securities,Deevyaa Securities & Stock House Pvt. Ltd,2026-04-22 13:54:25.663612
2026042203006153,MFIL,1,59,50,780.0,39000.0,Kumari Securities Private Limited,Deevyaa Securities & Stock House Pvt. Ltd,2026-04-22 13:54:25.663725
2026042203006154,MFIL,45,59,100,780.0,78000.0,Imperial Securities Company Pvt. Ltd.,Deevyaa Securities & Stock House Pvt. Ltd,2026-04-22 13:54:25.663800
2026042203006155,MFIL,63,59,126,779.0,98154.0,Himalayan Brokerage Company Limited,Deevyaa Securities & Stock House Pvt. Ltd,2026-04-22 13:54:25.663877
2026042203006170,MFIL,63,59,284,779.0,221236.0,Himalayan Brokerage Company Limited,Deevyaa Securities & Stock House Pvt. Ltd,2026-04-22 13:54:55.520725
2026042203006171,MFIL,7,59,100,779.0,77900.0,J.F. Securites (PVT) Ltd.,Deevyaa Securities & Stock House Pvt. Ltd,2026-04-22 13:54:55.520823
2026042203006172,MFIL,14,59,50,779.0,38950.0,Nepal Stock House (PVT) Ltd.,Deevyaa Securities & Stock House Pvt. Ltd,2026-04-22 13:54:55.520885
2026042203006173,MFIL,49,59,11,778.2,8560.2,Online Securities Pvt. Ltd.,Deevyaa Securities & Stock House Pvt. Ltd,2026-04-22 13:54:55.520956
2026042203006270,MFIL,49,65,100,778.2,77820.0,Online Securities Pvt. Ltd.,Sharepro Securities Private Limited,2026-04-22 13:58:24.079036
2026042203006644,MFIL,49,58,100,780.0,78000.0,Online Securities Pvt. Ltd.,Naasa Securities Co. Ltd.,2026-04-22 14:13:32.256898
2026042203006653,MFIL,94,58,38,780.0,29640.0,K.B.L. Securities Limited ,Naasa Securities Co. Ltd.,2026-04-22 14:14:07.116283
2026042203006657,MFIL,49,58,100,780.0,78000.0,Online Securities Pvt. Ltd.,Naasa Securities Co. Ltd.,2026-04-22 14:14:20.752263
2026042203006658,MFIL,53,58,252,780.0,196560.0,Investment Management Nepal Pvt. Ltd.,Naasa Securities Co. Ltd.,2026-04-22 14:14:23.517693
2026042203006659,MFIL,53,22,173,780.0,134940.0,Investment Management Nepal Pvt. Ltd.,Siprabi Securities Pvt. Ltd.,2026-04-22 14:14:23.517848
2026042203006996,MFIL,35,88,100,780.3,78030.0,Kohinoor Investment & Securities Pvt. Ltd.,Blue Chip Securities Ltd,2026-04-22 14:23:30.333855
2026042203006997,MFIL,53,88,138,780.2,107667.6,Investment Management Nepal Pvt. Ltd.,Blue Chip Securities Ltd,2026-04-22 14:23:30.333951
2026042203006998,MFIL,41,88,10,780.0,7800.0,Linch Stock Market Ltd.,Blue Chip Securities Ltd,2026-04-22 14:23:30.334046
2026042203006999,MFIL,57,88,52,780.0,40560.0,Aryatara Investment & Securities,Blue Chip Securities Ltd,2026-04-22 14:23:30.334117
2026042203007221,MFIL,62,35,300,780.1,234030.0,Capital Max Securities Ltd,Kohinoor Investment & Securities Pvt. Ltd.,2026-04-22 14:29:40.228329
2026042203007222,MFIL,57,35,73,780.0,56940.0,Aryatara Investment & Securities,Kohinoor Investment & Securities Pvt. Ltd.,2026-04-22 14:29:40.228506
2026042203007223,MFIL,80,35,200,780.0,156000.0,Indira securities pvt. ltd,Kohinoor Investment & Securities Pvt. Ltd.,2026-04-22 14:29:40.228575
2026042203007224,MFIL,38,35,100,780.0,78000.0,Dipshikha Dhitopatra Karobar Co. Pvt Ltd.,Kohinoor Investment & Securities Pvt. Ltd.,2026-04-22 14:29:40.228640
2026042203007225,MFIL,52,35,35,780.0,27300.0,Sundhara Securities Limited,Kohinoor Investment & Securities Pvt. Ltd.,2026-04-22 14:29:40.228705
2026042203007227,MFIL,45,35,32,780.0,24960.0,Imperial Securities Company Pvt. Ltd.,Kohinoor Investment & Securities Pvt. Ltd.,2026-04-22 14:29:44.228374
2026042203007232,MFIL,45,87,130,780.0,101400.0,Imperial Securities Company Pvt. Ltd.,S.P.S.A. Securities Limited,2026-04-22 14:29:49.915975
2026042203007438,MFIL,74,94,50,779.1,38955.0,KALASH STOCK MARKET PVT. LTD.,K.B.L. Securities Limited ,2026-04-22 14:33:38.919209
2026042203007511,MFIL,83,34,300,780.0,234000.0,Sanima Securities Limited,Vision Securities Pvt. Ltd,2026-04-22 14:36:02.136638
2026042203007552,MFIL,74,19,141,782.0,110262.0,KALASH STOCK MARKET PVT. LTD.,Nepal Investment And Securities Trading Private Limited,2026-04-22 14:37:05.071352
2026042203007577,MFIL,83,56,500,780.0,390000.0,Sanima Securities Limited,Sri Hari Securities Pvt. Ltd.,2026-04-22 14:37:47.843152
2026042203007632,MFIL,39,19,59,782.0,46138.0,Sumeru Securities Pvt. Ltd.,Nepal Investment And Securities Trading Private Limited,2026-04-22 14:39:08.062324
2026042203007633,MFIL,39,64,200,782.0,156400.0,Sumeru Securities Pvt. Ltd.,SUN SECURITIES PVT LTD,2026-04-22 14:39:08.062644
2026042203007637,MFIL,39,58,1000,784.0,784000.0,Sumeru Securities Pvt. Ltd.,Naasa Securities Co. Ltd.,2026-04-22 14:39:17.257526
2026042203007819,MFIL,54,58,200,784.0,156800.0,Sewa Securities Pvt. Ltd.,Naasa Securities Co. Ltd.,2026-04-22 14:41:39.152116
2026042203007973,MFIL,63,58,1000,784.0,784000.0,Himalayan Brokerage Company Limited,Naasa Securities Co. Ltd.,2026-04-22 14:43:14.368924
2026042203008013,MFIL,39,58,84,784.0,65856.0,Sumeru Securities Pvt. Ltd.,Naasa Securities Co. Ltd.,2026-04-22 14:43:42.716635
2026042203008014,MFIL,39,14,100,784.0,78400.0,Sumeru Securities Pvt. Ltd.,Nepal Stock House (PVT) Ltd.,2026-04-22 14:43:42.716674
2026042203008015,MFIL,39,35,316,785.0,248060.0,Sumeru Securities Pvt. Ltd.,Kohinoor Investment & Securities Pvt. Ltd.,2026-04-22 14:43:42.716703
2026042203008033,MFIL,80,35,333,785.0,261405.0,Indira securities pvt. ltd,Kohinoor Investment & Securities Pvt. Ltd.,2026-04-22 14:43:52.719707
2026042203008034,MFIL,80,45,50,785.0,39250.0,Indira securities pvt. ltd,Imperial Securities Company Pvt. Ltd.,2026-04-22 14:43:52.719854
2026042203008035,MFIL,80,38,10,785.0,7850.0,Indira securities pvt. ltd,Dipshikha Dhitopatra Karobar Co. Pvt Ltd.,2026-04-22 14:43:52.719918
2026042203008105,MFIL,34,40,88,788.0,69344.0,Vision Securities Pvt. Ltd,Creative Securities Pvt Ltd,2026-04-22 14:44:25.091329
2026042203008106,MFIL,34,97,120,788.0,94560.0,Vision Securities Pvt. Ltd,R.B.B. Securities Company Ltd,2026-04-22 14:44:25.091367
2026042203008107,MFIL,34,58,292,788.0,230096.0,Vision Securities Pvt. Ltd,Naasa Securities Co. Ltd.,2026-04-22 14:44:25.091394
2026042203008190,MFIL,38,58,100,788.0,78800.0,Dipshikha Dhitopatra Karobar Co. Pvt Ltd.,Naasa Securities Co. Ltd.,2026-04-22 14:44:57.468007
2026042203008208,MFIL,35,58,58,788.0,45704.0,Kohinoor Investment & Securities Pvt. Ltd.,Naasa Securities Co. Ltd.,2026-04-22 14:45:16.988175
2026042203008209,MFIL,35,88,10,793.0,7930.0,Kohinoor Investment & Securities Pvt. Ltd.,Blue Chip Securities Ltd,2026-04-22 14:45:16.988212
2026042203008354,MFIL,14,48,190,794.0,150860.0,Nepal Stock House (PVT) Ltd.,Trishakti Securities Public Limited,2026-04-22 14:46:47.092124
2026042203008355,MFIL,14,49,310,794.0,246140.0,Nepal Stock House (PVT) Ltd.,Online Securities Pvt. Ltd.,2026-04-22 14:46:47.092275
2026042203008363,MFIL,98,49,600,794.0,476400.0,Trademow Securities Private Limited,Online Securities Pvt. Ltd.,2026-04-22 14:46:54.552325
2026042203008375,MFIL,4,49,20,794.0,15880.0,Opal Securities Investment (PVT) Ltd.,Online Securities Pvt. Ltd.,2026-04-22 14:46:58.963968
2026042203008395,MFIL,39,49,200,794.0,158800.0,Sumeru Securities Pvt. Ltd.,Online Securities Pvt. Ltd.,2026-04-22 14:47:06.274713
2026042203008436,MFIL,35,49,150,794.0,119100.0,Kohinoor Investment & Securities Pvt. Ltd.,Online Securities Pvt. Ltd.,2026-04-22 14:47:30.398183
2026042203008450,MFIL,62,49,200,794.0,158800.0,Capital Max Securities Ltd,Online Securities Pvt. Ltd.,2026-04-22 14:47:42.488726
2026042203008589,MFIL,17,49,100,794.0,79400.0,ABC Securities Private Limited,Online Securities Pvt. Ltd.,2026-04-22 14:48:31.668014
2026042203008594,MFIL,14,49,420,794.0,333480.0,Nepal Stock House (PVT) Ltd.,Online Securities Pvt. Ltd.,2026-04-22 14:48:35.650841
2026042203008663,MFIL,36,38,16,795.0,12720.0,Secured Securities Ltd.,Dipshikha Dhitopatra Karobar Co. Pvt Ltd.,2026-04-22 14:49:20.607955
2026042203008683,MFIL,57,100,200,798.0,159600.0,Aryatara Investment & Securities,Sunrise Securities Limited,2026-04-22 14:49:33.947177
2026042203008715,MFIL,57,88,125,799.0,99875.0,Aryatara Investment & Securities,Blue Chip Securities Ltd,2026-04-22 14:49:55.907053
2026042203008736,MFIL,52,88,100,799.0,79900.0,Sundhara Securities Limited,Blue Chip Securities Ltd,2026-04-22 14:50:07.791236
2026042203008747,MFIL,7,58,4,779.1,3116.4,J.F. Securites (PVT) Ltd.,Naasa Securities Co. Ltd.,2026-04-22 14:50:20.814742
2026042203008800,MFIL,63,88,65,799.0,51935.0,Himalayan Brokerage Company Limited,Blue Chip Securities Ltd,2026-04-22 14:50:55.118617
2026042203008801,MFIL,63,36,10,800.0,8000.0,Himalayan Brokerage Company Limited,Secured Securities Ltd.,2026-04-22 14:50:55.118725
2026042203008945,MFIL,28,36,200,800.0,160000.0,Shree Krishna Securities Ltd.,Secured Securities Ltd.,2026-04-22 14:52:14.621682
2026042203009052,MFIL,7,36,300,800.0,240000.0,J.F. Securites (PVT) Ltd.,Secured Securities Ltd.,2026-04-22 14:53:44.103728
2026042203009072,MFIL,49,14,30,799.0,23970.0,Online Securities Pvt. Ltd.,Nepal Stock House (PVT) Ltd.,2026-04-22 14:54:02.889626
2026042203009076,MFIL,70,80,50,799.0,39950.0,Infinity Securities Limited,Indira securities pvt. ltd,2026-04-22 14:54:04.477134
2026042203009077,MFIL,7,80,300,799.0,239700.0,J.F. Securites (PVT) Ltd.,Indira securities pvt. ltd,2026-04-22 14:54:04.477282
2026042203009138,MFIL,14,42,20,794.0,15880.0,Nepal Stock House (PVT) Ltd.,Sani Securities Company Ltd.,2026-04-22 14:54:45.790128
2026042203009177,MFIL,14,80,60,794.0,47640.0,Nepal Stock House (PVT) Ltd.,Indira securities pvt. ltd,2026-04-22 14:55:06.748078
2026042203009178,MFIL,34,80,50,790.0,39500.0,Vision Securities Pvt. Ltd,Indira securities pvt. ltd,2026-04-22 14:55:06.748372
2026042203009179,MFIL,35,80,1000,786.0,786000.0,Kohinoor Investment & Securities Pvt. Ltd.,Indira securities pvt. ltd,2026-04-22 14:55:06.748554
2026042203009280,MFIL,53,50,100,786.0,78600.0,Investment Management Nepal Pvt. Ltd.,Cristal Kanchanjanga Securites Pvt. Ltd.,2026-04-22 14:56:17.697414
2026042203009300,MFIL,53,80,400,786.0,314400.0,Investment Management Nepal Pvt. Ltd.,Indira securities pvt. ltd,2026-04-22 14:56:27.988653
2026042203009395,MFIL,98,80,150,785.1,117765.0,Trademow Securities Private Limited,Indira securities pvt. ltd,2026-04-22 14:57:07.868541
2026042203009396,MFIL,38,80,500,785.1,392550.0,Dipshikha Dhitopatra Karobar Co. Pvt Ltd.,Indira securities pvt. ltd,2026-04-22 14:57:07.868864
2026042203009397,MFIL,7,80,50,785.0,39250.0,J.F. Securites (PVT) Ltd.,Indira securities pvt. ltd,2026-04-22 14:57:07.869081
2026042203009567,MFIL,45,45,300,785.0,235500.0,Imperial Securities Company Pvt. Ltd.,Imperial Securities Company Pvt. Ltd.,2026-04-22 14:58:13.455335
2026042203009786,MFIL,16,50,10,795.0,7950.0,Primo Securities (PVT) Ltd.,Cristal Kanchanjanga Securites Pvt. Ltd.,2026-04-22 14:59:37.137311
2026042203009960,MFIL,16,43,10,794.0,7940.0,Primo Securities (PVT) Ltd.,South Asian Bulls Pvt. Ltd.,2026-04-22 14:59:59.722520
