contractId,stockSymbol,buyerMemberId,sellerMemberId,quantity,rate,amount,businessDate,tradeBookId,stockId,buyerBrokerName,sellerBrokerName,transaction_time,securityName
2026042203000429,MNBBL,38,4,100,376.0,37600.0,2026-04-22,187384001,474,Dipshikha Dhitopatra Karobar Co. Pvt Ltd.,Opal Securities Investment (PVT) Ltd.,2026-04-22 11:12:00.693621,Muktinath Bikas Bank Ltd.
2026042203000454,MNBBL,38,58,100,376.0,37600.0,2026-04-22,187385174,474,Dipshikha Dhitopatra Karobar Co. Pvt Ltd.,Naasa Securities Co. Ltd.,2026-04-22 11:12:48.247179,Muktinath Bikas Bank Ltd.
2026042203000455,MNBBL,4,58,90,376.0,33840.0,2026-04-22,187385176,474,Opal Securities Investment (PVT) Ltd.,Naasa Securities Co. Ltd.,2026-04-22 11:12:48.247266,Muktinath Bikas Bank Ltd.
2026042203000456,MNBBL,21,58,25,376.0,9400.0,2026-04-22,187385178,474,Midas Stock Broking Company Private Limited,Naasa Securities Co. Ltd.,2026-04-22 11:12:48.247316,Muktinath Bikas Bank Ltd.
2026042203000457,MNBBL,49,58,201,376.0,75576.0,2026-04-22,187385179,474,Online Securities Pvt. Ltd.,Naasa Securities Co. Ltd.,2026-04-22 11:12:48.247357,Muktinath Bikas Bank Ltd.
2026042203000502,MNBBL,49,46,28,376.0,10528.0,2026-04-22,187386737,474,Online Securities Pvt. Ltd.,Kalika Securities Pvt. Ltd.,2026-04-22 11:13:59.181619,Muktinath Bikas Bank Ltd.
2026042203000522,MNBBL,49,5,113,376.0,42488.0,2026-04-22,187387231,474,Online Securities Pvt. Ltd.,Market Securities & Exchange (PVT) Ltd.,2026-04-22 11:14:23.266191,Muktinath Bikas Bank Ltd.
2026042203000629,MNBBL,49,34,158,376.0,59408.0,2026-04-22,187390356,474,Online Securities Pvt. Ltd.,Vision Securities Pvt. Ltd,2026-04-22 11:16:39.030917,Muktinath Bikas Bank Ltd.
2026042203000668,MNBBL,89,33,20,375.0,7500.0,2026-04-22,187391776,474,Global IME Securities Limited,Dakshinkali Investment & Securities Pvt. Ltd.,2026-04-22 11:17:34.069630,Muktinath Bikas Bank Ltd.
2026042203000669,MNBBL,16,33,127,375.0,47625.0,2026-04-22,187391778,474,Primo Securities (PVT) Ltd.,Dakshinkali Investment & Securities Pvt. Ltd.,2026-04-22 11:17:34.069718,Muktinath Bikas Bank Ltd.
2026042203000676,MNBBL,45,42,150,374.0,56100.0,2026-04-22,187392079,474,Imperial Securities Company Pvt. Ltd.,Sani Securities Company Ltd.,2026-04-22 11:17:47.230601,Muktinath Bikas Bank Ltd.
2026042203000722,MNBBL,45,32,200,374.0,74800.0,2026-04-22,187393521,474,Imperial Securities Company Pvt. Ltd.,Premier Securities Company Ltd.,2026-04-22 11:18:49.665002,Muktinath Bikas Bank Ltd.
2026042203000745,MNBBL,45,58,30,374.0,11220.0,2026-04-22,187394473,474,Imperial Securities Company Pvt. Ltd.,Naasa Securities Co. Ltd.,2026-04-22 11:19:28.622806,Muktinath Bikas Bank Ltd.
2026042203000748,MNBBL,45,33,53,374.0,19822.0,2026-04-22,187394559,474,Imperial Securities Company Pvt. Ltd.,Dakshinkali Investment & Securities Pvt. Ltd.,2026-04-22 11:19:32.577281,Muktinath Bikas Bank Ltd.
2026042203000882,MNBBL,45,47,67,374.0,25058.0,2026-04-22,187399562,474,Imperial Securities Company Pvt. Ltd.,Neev Securities Pvt. Ltd.,2026-04-22 11:22:47.439256,Muktinath Bikas Bank Ltd.
2026042203000883,MNBBL,40,47,10,372.0,3720.0,2026-04-22,187399564,474,Creative Securities Pvt Ltd,Neev Securities Pvt. Ltd.,2026-04-22 11:22:47.439444,Muktinath Bikas Bank Ltd.
2026042203000884,MNBBL,59,47,400,372.0,148800.0,2026-04-22,187399566,474,Deevyaa Securities & Stock House Pvt. Ltd,Neev Securities Pvt. Ltd.,2026-04-22 11:22:47.439560,Muktinath Bikas Bank Ltd.
2026042203000885,MNBBL,58,47,30,372.0,11160.0,2026-04-22,187399568,474,Naasa Securities Co. Ltd.,Neev Securities Pvt. Ltd.,2026-04-22 11:22:47.439676,Muktinath Bikas Bank Ltd.
2026042203000886,MNBBL,53,47,100,372.0,37200.0,2026-04-22,187399570,474,Investment Management Nepal Pvt. Ltd.,Neev Securities Pvt. Ltd.,2026-04-22 11:22:47.439782,Muktinath Bikas Bank Ltd.
2026042203000922,MNBBL,6,47,523,372.0,194556.0,2026-04-22,187400312,474,Agrawal Securities (PVT) Ltd.,Neev Securities Pvt. Ltd.,2026-04-22 11:23:22.331691,Muktinath Bikas Bank Ltd.
2026042203001124,MNBBL,16,41,100,373.1,37310.0,2026-04-22,187404513,474,Primo Securities (PVT) Ltd.,Linch Stock Market Ltd.,2026-04-22 11:27:20.271150,Muktinath Bikas Bank Ltd.
2026042203001141,MNBBL,21,45,1,370.0,370.0,2026-04-22,187405169,474,Midas Stock Broking Company Private Limited,Imperial Securities Company Pvt. Ltd.,2026-04-22 11:28:03.436606,Muktinath Bikas Bank Ltd.
2026042203001153,MNBBL,44,58,100,373.1,37310.0,2026-04-22,187405342,474,Dynamic Money Managers Securities Pvt. Ltd.,Naasa Securities Co. Ltd.,2026-04-22 11:28:12.169838,Muktinath Bikas Bank Ltd.
2026042203001236,MNBBL,21,58,300,373.0,111900.0,2026-04-22,187407772,474,Midas Stock Broking Company Private Limited,Naasa Securities Co. Ltd.,2026-04-22 11:30:21.685930,Muktinath Bikas Bank Ltd.
2026042203001427,MNBBL,49,58,100,373.1,37310.0,2026-04-22,187413595,474,Online Securities Pvt. Ltd.,Naasa Securities Co. Ltd.,2026-04-22 11:36:04.145602,Muktinath Bikas Bank Ltd.
2026042203001461,MNBBL,62,22,10,374.0,3740.0,2026-04-22,187414874,474,Capital Max Securities Ltd,Siprabi Securities Pvt. Ltd.,2026-04-22 11:37:26.131530,Muktinath Bikas Bank Ltd.
2026042203001471,MNBBL,57,22,190,374.0,71060.0,2026-04-22,187415215,474,Aryatara Investment & Securities,Siprabi Securities Pvt. Ltd.,2026-04-22 11:37:51.471001,Muktinath Bikas Bank Ltd.
2026042203001540,MNBBL,44,45,10,374.5,3745.0,2026-04-22,187416323,474,Dynamic Money Managers Securities Pvt. Ltd.,Imperial Securities Company Pvt. Ltd.,2026-04-22 11:38:52.544903,Muktinath Bikas Bank Ltd.
2026042203001599,MNBBL,44,34,42,374.5,15729.0,2026-04-22,187416887,474,Dynamic Money Managers Securities Pvt. Ltd.,Vision Securities Pvt. Ltd,2026-04-22 11:39:27.236444,Muktinath Bikas Bank Ltd.
2026042203001709,MNBBL,58,28,59,374.9,22119.1,2026-04-22,187418686,474,Naasa Securities Co. Ltd.,Shree Krishna Securities Ltd.,2026-04-22 11:41:12.936849,Muktinath Bikas Bank Ltd.
2026042203001751,MNBBL,38,57,11,374.6,4120.6,2026-04-22,187419959,474,Dipshikha Dhitopatra Karobar Co. Pvt Ltd.,Aryatara Investment & Securities,2026-04-22 11:42:30.970205,Muktinath Bikas Bank Ltd.
2026042203001752,MNBBL,58,28,104,374.9,38989.6,2026-04-22,187420004,474,Naasa Securities Co. Ltd.,Shree Krishna Securities Ltd.,2026-04-22 11:42:32.725302,Muktinath Bikas Bank Ltd.
2026042203001755,MNBBL,44,28,87,374.9,32616.3,2026-04-22,187420123,474,Dynamic Money Managers Securities Pvt. Ltd.,Shree Krishna Securities Ltd.,2026-04-22 11:42:39.924096,Muktinath Bikas Bank Ltd.
2026042203001801,MNBBL,44,17,13,374.9,4873.7,2026-04-22,187421188,474,Dynamic Money Managers Securities Pvt. Ltd.,ABC Securities Private Limited,2026-04-22 11:43:36.825411,Muktinath Bikas Bank Ltd.
2026042203001900,MNBBL,21,14,1,370.0,370.0,2026-04-22,187423711,474,Midas Stock Broking Company Private Limited,Nepal Stock House (PVT) Ltd.,2026-04-22 11:46:03.969727,Muktinath Bikas Bank Ltd.
2026042203002070,MNBBL,42,56,10,374.8,3748.0,2026-04-22,187428446,474,Sani Securities Company Ltd.,Sri Hari Securities Pvt. Ltd.,2026-04-22 11:50:51.708139,Muktinath Bikas Bank Ltd.
2026042203002266,MNBBL,38,21,10,374.1,3741.0,2026-04-22,187435061,474,Dipshikha Dhitopatra Karobar Co. Pvt Ltd.,Midas Stock Broking Company Private Limited,2026-04-22 11:56:06.090932,Muktinath Bikas Bank Ltd.
2026042203002329,MNBBL,25,34,1,363.6,363.6,2026-04-22,187437167,474,Sweta Securities Private Limited,Vision Securities Pvt. Ltd,2026-04-22 11:57:44.553150,Muktinath Bikas Bank Ltd.
2026042203002383,MNBBL,57,58,10,374.0,3740.0,2026-04-22,187438662,474,Aryatara Investment & Securities,Naasa Securities Co. Ltd.,2026-04-22 11:59:11.325773,Muktinath Bikas Bank Ltd.
2026042203002384,MNBBL,49,58,50,374.0,18700.0,2026-04-22,187438664,474,Online Securities Pvt. Ltd.,Naasa Securities Co. Ltd.,2026-04-22 11:59:11.326118,Muktinath Bikas Bank Ltd.
2026042203002385,MNBBL,41,58,40,374.0,14960.0,2026-04-22,187438665,474,Linch Stock Market Ltd.,Naasa Securities Co. Ltd.,2026-04-22 11:59:11.326318,Muktinath Bikas Bank Ltd.
2026042203002458,MNBBL,38,66,10,374.1,3741.0,2026-04-22,187441032,474,Dipshikha Dhitopatra Karobar Co. Pvt Ltd.,Miyo Securities Pvt Ltd,2026-04-22 12:00:53.487937,Muktinath Bikas Bank Ltd.
2026042203002459,MNBBL,22,66,29,374.0,10846.0,2026-04-22,187441034,474,Siprabi Securities Pvt. Ltd.,Miyo Securities Pvt Ltd,2026-04-22 12:00:53.488124,Muktinath Bikas Bank Ltd.
2026042203002460,MNBBL,29,66,48,374.0,17952.0,2026-04-22,187441036,474,Trisul Securities & Invt. Ltd.,Miyo Securities Pvt Ltd,2026-04-22 12:00:53.488203,Muktinath Bikas Bank Ltd.
2026042203002461,MNBBL,49,66,44,374.0,16456.0,2026-04-22,187441038,474,Online Securities Pvt. Ltd.,Miyo Securities Pvt Ltd,2026-04-22 12:00:53.488270,Muktinath Bikas Bank Ltd.
2026042203002462,MNBBL,4,66,10,374.0,3740.0,2026-04-22,187441040,474,Opal Securities Investment (PVT) Ltd.,Miyo Securities Pvt Ltd,2026-04-22 12:00:53.488341,Muktinath Bikas Bank Ltd.
2026042203002463,MNBBL,42,66,100,374.0,37400.0,2026-04-22,187441042,474,Sani Securities Company Ltd.,Miyo Securities Pvt Ltd,2026-04-22 12:00:53.488404,Muktinath Bikas Bank Ltd.
2026042203002476,MNBBL,50,36,150,373.3,55995.0,2026-04-22,187441413,474,Cristal Kanchanjanga Securites Pvt. Ltd.,Secured Securities Ltd.,2026-04-22 12:01:10.230612,Muktinath Bikas Bank Ltd.
2026042203002500,MNBBL,21,41,1,363.6,363.6,2026-04-22,187442303,474,Midas Stock Broking Company Private Limited,Linch Stock Market Ltd.,2026-04-22 12:01:49.449092,Muktinath Bikas Bank Ltd.
2026042203002532,MNBBL,45,66,30,374.0,11220.0,2026-04-22,187443150,474,Imperial Securities Company Pvt. Ltd.,Miyo Securities Pvt Ltd,2026-04-22 12:02:37.340717,Muktinath Bikas Bank Ltd.
2026042203002534,MNBBL,25,6,20,373.1,7462.0,2026-04-22,187443215,474,Sweta Securities Private Limited,Agrawal Securities (PVT) Ltd.,2026-04-22 12:02:41.206272,Muktinath Bikas Bank Ltd.
2026042203002535,MNBBL,22,6,200,373.1,74620.0,2026-04-22,187443217,474,Siprabi Securities Pvt. Ltd.,Agrawal Securities (PVT) Ltd.,2026-04-22 12:02:41.206434,Muktinath Bikas Bank Ltd.
2026042203002536,MNBBL,42,6,20,373.0,7460.0,2026-04-22,187443219,474,Sani Securities Company Ltd.,Agrawal Securities (PVT) Ltd.,2026-04-22 12:02:41.206507,Muktinath Bikas Bank Ltd.
2026042203002537,MNBBL,74,6,500,373.0,186500.0,2026-04-22,187443221,474,KALASH STOCK MARKET PVT. LTD.,Agrawal Securities (PVT) Ltd.,2026-04-22 12:02:41.206570,Muktinath Bikas Bank Ltd.
2026042203002538,MNBBL,51,6,50,373.0,18650.0,2026-04-22,187443223,474,Oxford Securities Pvt. Ltd.,Agrawal Securities (PVT) Ltd.,2026-04-22 12:02:41.206634,Muktinath Bikas Bank Ltd.
2026042203002539,MNBBL,56,6,100,373.0,37300.0,2026-04-22,187443225,474,Sri Hari Securities Pvt. Ltd.,Agrawal Securities (PVT) Ltd.,2026-04-22 12:02:41.206697,Muktinath Bikas Bank Ltd.
2026042203002540,MNBBL,40,6,40,372.6,14904.0,2026-04-22,187443227,474,Creative Securities Pvt Ltd,Agrawal Securities (PVT) Ltd.,2026-04-22 12:02:41.206761,Muktinath Bikas Bank Ltd.
2026042203002541,MNBBL,42,6,262,372.2,97516.4,2026-04-22,187443228,474,Sani Securities Company Ltd.,Agrawal Securities (PVT) Ltd.,2026-04-22 12:02:41.206833,Muktinath Bikas Bank Ltd.
2026042203002548,MNBBL,25,54,1,363.6,363.6,2026-04-22,187443383,474,Sweta Securities Private Limited,Sewa Securities Pvt. Ltd.,2026-04-22 12:02:48.665478,Muktinath Bikas Bank Ltd.
2026042203002613,MNBBL,42,66,229,372.2,85233.8,2026-04-22,187444987,474,Sani Securities Company Ltd.,Miyo Securities Pvt Ltd,2026-04-22 12:04:14.779247,Muktinath Bikas Bank Ltd.
2026042203002621,MNBBL,42,4,33,372.2,12282.6,2026-04-22,187445203,474,Sani Securities Company Ltd.,Opal Securities Investment (PVT) Ltd.,2026-04-22 12:04:25.478236,Muktinath Bikas Bank Ltd.
2026042203002691,MNBBL,42,38,20,372.2,7444.0,2026-04-22,187447355,474,Sani Securities Company Ltd.,Dipshikha Dhitopatra Karobar Co. Pvt Ltd.,2026-04-22 12:06:19.368244,Muktinath Bikas Bank Ltd.
2026042203002765,MNBBL,42,21,382,372.2,142180.4,2026-04-22,187449899,474,Sani Securities Company Ltd.,Midas Stock Broking Company Private Limited,2026-04-22 12:08:32.517505,Muktinath Bikas Bank Ltd.
2026042203002799,MNBBL,52,58,20,372.3,7446.0,2026-04-22,187450910,474,Sundhara Securities Limited,Naasa Securities Co. Ltd.,2026-04-22 12:09:16.519564,Muktinath Bikas Bank Ltd.
2026042203002800,MNBBL,42,58,19,372.2,7071.8,2026-04-22,187450911,474,Sani Securities Company Ltd.,Naasa Securities Co. Ltd.,2026-04-22 12:09:16.519672,Muktinath Bikas Bank Ltd.
2026042203002904,MNBBL,49,48,50,374.0,18700.0,2026-04-22,187453910,474,Online Securities Pvt. Ltd.,Trishakti Securities Public Limited,2026-04-22 12:11:59.965338,Muktinath Bikas Bank Ltd.
2026042203002915,MNBBL,4,48,201,374.0,75174.0,2026-04-22,187454186,474,Opal Securities Investment (PVT) Ltd.,Trishakti Securities Public Limited,2026-04-22 12:12:10.487615,Muktinath Bikas Bank Ltd.
2026042203003080,MNBBL,49,21,10,373.0,3730.0,2026-04-22,187458334,474,Online Securities Pvt. Ltd.,Midas Stock Broking Company Private Limited,2026-04-22 12:16:02.192173,Muktinath Bikas Bank Ltd.
2026042203003126,MNBBL,16,21,32,372.4,11916.8,2026-04-22,187458894,474,Primo Securities (PVT) Ltd.,Midas Stock Broking Company Private Limited,2026-04-22 12:16:30.566544,Muktinath Bikas Bank Ltd.
2026042203003159,MNBBL,42,21,60,372.2,22332.0,2026-04-22,187459338,474,Sani Securities Company Ltd.,Midas Stock Broking Company Private Limited,2026-04-22 12:16:51.619580,Muktinath Bikas Bank Ltd.
2026042203003160,MNBBL,41,21,200,372.2,74440.0,2026-04-22,187459340,474,Linch Stock Market Ltd.,Midas Stock Broking Company Private Limited,2026-04-22 12:16:51.619888,Muktinath Bikas Bank Ltd.
2026042203003166,MNBBL,51,21,100,372.1,37210.0,2026-04-22,187459414,474,Oxford Securities Pvt. Ltd.,Midas Stock Broking Company Private Limited,2026-04-22 12:16:57.733693,Muktinath Bikas Bank Ltd.
2026042203003167,MNBBL,53,21,125,372.1,46512.5,2026-04-22,187459415,474,Investment Management Nepal Pvt. Ltd.,Midas Stock Broking Company Private Limited,2026-04-22 12:16:57.733984,Muktinath Bikas Bank Ltd.
2026042203003186,MNBBL,53,34,180,372.1,66978.0,2026-04-22,187460159,474,Investment Management Nepal Pvt. Ltd.,Vision Securities Pvt. Ltd,2026-04-22 12:17:45.190328,Muktinath Bikas Bank Ltd.
2026042203003321,MNBBL,58,45,10,372.5,3725.0,2026-04-22,187464418,474,Naasa Securities Co. Ltd.,Imperial Securities Company Pvt. Ltd.,2026-04-22 12:21:19.862318,Muktinath Bikas Bank Ltd.
2026042203003322,MNBBL,51,45,100,372.2,37220.0,2026-04-22,187464420,474,Oxford Securities Pvt. Ltd.,Imperial Securities Company Pvt. Ltd.,2026-04-22 12:21:19.862389,Muktinath Bikas Bank Ltd.
2026042203003323,MNBBL,53,45,28,372.1,10418.8,2026-04-22,187464422,474,Investment Management Nepal Pvt. Ltd.,Imperial Securities Company Pvt. Ltd.,2026-04-22 12:21:19.862411,Muktinath Bikas Bank Ltd.
2026042203003324,MNBBL,57,45,100,372.1,37210.0,2026-04-22,187464424,474,Aryatara Investment & Securities,Imperial Securities Company Pvt. Ltd.,2026-04-22 12:21:19.862432,Muktinath Bikas Bank Ltd.
2026042203003325,MNBBL,53,45,200,372.0,74400.0,2026-04-22,187464426,474,Investment Management Nepal Pvt. Ltd.,Imperial Securities Company Pvt. Ltd.,2026-04-22 12:21:19.862453,Muktinath Bikas Bank Ltd.
2026042203003326,MNBBL,58,45,30,372.0,11160.0,2026-04-22,187464428,474,Naasa Securities Co. Ltd.,Imperial Securities Company Pvt. Ltd.,2026-04-22 12:21:19.862473,Muktinath Bikas Bank Ltd.
2026042203003327,MNBBL,34,45,99,372.0,36828.0,2026-04-22,187464429,474,Vision Securities Pvt. Ltd,Imperial Securities Company Pvt. Ltd.,2026-04-22 12:21:19.862493,Muktinath Bikas Bank Ltd.
2026042203003337,MNBBL,34,80,201,372.0,74772.0,2026-04-22,187464694,474,Vision Securities Pvt. Ltd,Indira securities pvt. ltd,2026-04-22 12:21:37.574071,Muktinath Bikas Bank Ltd.
2026042203003338,MNBBL,35,80,64,372.0,23808.0,2026-04-22,187464695,474,Kohinoor Investment & Securities Pvt. Ltd.,Indira securities pvt. ltd,2026-04-22 12:21:37.574378,Muktinath Bikas Bank Ltd.
2026042203003339,MNBBL,35,13,56,372.0,20832.0,2026-04-22,187464848,474,Kohinoor Investment & Securities Pvt. Ltd.,Thrive Brokerage House Pvt. Ltd,2026-04-22 12:21:45.144543,Muktinath Bikas Bank Ltd.
2026042203003340,MNBBL,7,13,110,372.0,40920.0,2026-04-22,187464849,474,J.F. Securites (PVT) Ltd.,Thrive Brokerage House Pvt. Ltd,2026-04-22 12:21:45.144749,Muktinath Bikas Bank Ltd.
2026042203003385,MNBBL,7,17,300,372.0,111600.0,2026-04-22,187465707,474,J.F. Securites (PVT) Ltd.,ABC Securities Private Limited,2026-04-22 12:22:33.376278,Muktinath Bikas Bank Ltd.
2026042203003484,MNBBL,35,66,500,372.5,186250.0,2026-04-22,187467203,474,Kohinoor Investment & Securities Pvt. Ltd.,Miyo Securities Pvt Ltd,2026-04-22 12:23:58.536924,Muktinath Bikas Bank Ltd.
2026042203003581,MNBBL,49,57,1000,372.1,372100.0,2026-04-22,187469047,474,Online Securities Pvt. Ltd.,Aryatara Investment & Securities,2026-04-22 12:25:38.305644,Muktinath Bikas Bank Ltd.
2026042203003601,MNBBL,7,58,95,372.0,35340.0,2026-04-22,187469708,474,J.F. Securites (PVT) Ltd.,Naasa Securities Co. Ltd.,2026-04-22 12:26:00.246886,Muktinath Bikas Bank Ltd.
2026042203003602,MNBBL,43,58,50,372.0,18600.0,2026-04-22,187469710,474,South Asian Bulls Pvt. Ltd.,Naasa Securities Co. Ltd.,2026-04-22 12:26:00.247235,Muktinath Bikas Bank Ltd.
2026042203003603,MNBBL,34,58,130,372.0,48360.0,2026-04-22,187469712,474,Vision Securities Pvt. Ltd,Naasa Securities Co. Ltd.,2026-04-22 12:26:00.247433,Muktinath Bikas Bank Ltd.
2026042203003604,MNBBL,11,58,420,371.5,156030.0,2026-04-22,187469714,474,Malla & Malla Stock Broking Company Pvt. Limited,Naasa Securities Co. Ltd.,2026-04-22 12:26:00.247626,Muktinath Bikas Bank Ltd.
2026042203003605,MNBBL,43,58,136,371.3,50496.8,2026-04-22,187469715,474,South Asian Bulls Pvt. Ltd.,Naasa Securities Co. Ltd.,2026-04-22 12:26:00.247817,Muktinath Bikas Bank Ltd.
2026042203003649,MNBBL,43,21,64,371.3,23763.2,2026-04-22,187470718,474,South Asian Bulls Pvt. Ltd.,Midas Stock Broking Company Private Limited,2026-04-22 12:27:05.373021,Muktinath Bikas Bank Ltd.
2026042203003650,MNBBL,57,21,30,371.1,11133.0,2026-04-22,187470720,474,Aryatara Investment & Securities,Midas Stock Broking Company Private Limited,2026-04-22 12:27:05.373179,Muktinath Bikas Bank Ltd.
2026042203003651,MNBBL,58,21,30,371.1,11133.0,2026-04-22,187470722,474,Naasa Securities Co. Ltd.,Midas Stock Broking Company Private Limited,2026-04-22 12:27:05.373245,Muktinath Bikas Bank Ltd.
2026042203003652,MNBBL,65,21,76,371.0,28196.0,2026-04-22,187470723,474,Sharepro Securities Private Limited,Midas Stock Broking Company Private Limited,2026-04-22 12:27:05.373313,Muktinath Bikas Bank Ltd.
2026042203003738,MNBBL,51,29,10,372.0,3720.0,2026-04-22,187471914,474,Oxford Securities Pvt. Ltd.,Trisul Securities & Invt. Ltd.,2026-04-22 12:28:03.859603,Muktinath Bikas Bank Ltd.
2026042203003908,MNBBL,21,59,100,371.9,37190.0,2026-04-22,187477498,474,Midas Stock Broking Company Private Limited,Deevyaa Securities & Stock House Pvt. Ltd,2026-04-22 12:32:41.365279,Muktinath Bikas Bank Ltd.
2026042203003925,MNBBL,1,59,107,371.9,39793.3,2026-04-22,187478511,474,Kumari Securities Private Limited,Deevyaa Securities & Stock House Pvt. Ltd,2026-04-22 12:33:21.938486,Muktinath Bikas Bank Ltd.
2026042203004067,MNBBL,74,14,29,371.2,10764.8,2026-04-22,187482622,474,KALASH STOCK MARKET PVT. LTD.,Nepal Stock House (PVT) Ltd.,2026-04-22 12:37:07.051741,Muktinath Bikas Bank Ltd.
2026042203004136,MNBBL,40,66,100,371.1,37110.0,2026-04-22,187484600,474,Creative Securities Pvt Ltd,Miyo Securities Pvt Ltd,2026-04-22 12:39:08.380100,Muktinath Bikas Bank Ltd.
2026042203004137,MNBBL,25,66,25,371.1,9277.5,2026-04-22,187484602,474,Sweta Securities Private Limited,Miyo Securities Pvt Ltd,2026-04-22 12:39:08.380421,Muktinath Bikas Bank Ltd.
2026042203004138,MNBBL,65,66,59,371.0,21889.0,2026-04-22,187484604,474,Sharepro Securities Private Limited,Miyo Securities Pvt Ltd,2026-04-22 12:39:08.380626,Muktinath Bikas Bank Ltd.
2026042203004139,MNBBL,49,66,10,371.0,3710.0,2026-04-22,187484606,474,Online Securities Pvt. Ltd.,Miyo Securities Pvt Ltd,2026-04-22 12:39:08.380829,Muktinath Bikas Bank Ltd.
2026042203004156,MNBBL,48,66,56,371.0,20776.0,2026-04-22,187485065,474,Trishakti Securities Public Limited,Miyo Securities Pvt Ltd,2026-04-22 12:39:48.866909,Muktinath Bikas Bank Ltd.
2026042203004191,MNBBL,26,14,100,371.2,37120.0,2026-04-22,187486442,474,Asian Securities Private Ltd.,Nepal Stock House (PVT) Ltd.,2026-04-22 12:41:29.661082,Muktinath Bikas Bank Ltd.
2026042203004201,MNBBL,53,14,271,371.2,100595.2,2026-04-22,187486663,474,Investment Management Nepal Pvt. Ltd.,Nepal Stock House (PVT) Ltd.,2026-04-22 12:41:50.705905,Muktinath Bikas Bank Ltd.
2026042203004262,MNBBL,53,29,46,372.0,17112.0,2026-04-22,187487907,474,Investment Management Nepal Pvt. Ltd.,Trisul Securities & Invt. Ltd.,2026-04-22 12:43:24.462470,Muktinath Bikas Bank Ltd.
2026042203004395,MNBBL,45,32,10,372.0,3720.0,2026-04-22,187490981,474,Imperial Securities Company Pvt. Ltd.,Premier Securities Company Ltd.,2026-04-22 12:46:36.019146,Muktinath Bikas Bank Ltd.
2026042203004396,MNBBL,45,46,39,372.0,14508.0,2026-04-22,187490984,474,Imperial Securities Company Pvt. Ltd.,Kalika Securities Pvt. Ltd.,2026-04-22 12:46:36.019309,Muktinath Bikas Bank Ltd.
2026042203004513,MNBBL,38,56,100,371.5,37150.0,2026-04-22,187493336,474,Dipshikha Dhitopatra Karobar Co. Pvt Ltd.,Sri Hari Securities Pvt. Ltd.,2026-04-22 12:49:57.881286,Muktinath Bikas Bank Ltd.
2026042203004531,MNBBL,48,56,44,371.0,16324.0,2026-04-22,187493688,474,Trishakti Securities Public Limited,Sri Hari Securities Pvt. Ltd.,2026-04-22 12:50:27.038105,Muktinath Bikas Bank Ltd.
2026042203004532,MNBBL,17,56,136,371.0,50456.0,2026-04-22,187493689,474,ABC Securities Private Limited,Sri Hari Securities Pvt. Ltd.,2026-04-22 12:50:27.038314,Muktinath Bikas Bank Ltd.
2026042203004572,MNBBL,17,48,404,371.0,149884.0,2026-04-22,187494764,474,ABC Securities Private Limited,Trishakti Securities Public Limited,2026-04-22 12:52:17.887110,Muktinath Bikas Bank Ltd.
2026042203004573,MNBBL,29,48,31,371.0,11501.0,2026-04-22,187494765,474,Trisul Securities & Invt. Ltd.,Trishakti Securities Public Limited,2026-04-22 12:52:17.887449,Muktinath Bikas Bank Ltd.
2026042203004588,MNBBL,6,45,14,371.5,5201.0,2026-04-22,187495179,474,Agrawal Securities (PVT) Ltd.,Imperial Securities Company Pvt. Ltd.,2026-04-22 12:52:52.620375,Muktinath Bikas Bank Ltd.
2026042203004589,MNBBL,6,14,222,371.9,82561.8,2026-04-22,187495181,474,Agrawal Securities (PVT) Ltd.,Nepal Stock House (PVT) Ltd.,2026-04-22 12:52:52.620765,Muktinath Bikas Bank Ltd.
2026042203004611,MNBBL,6,13,10,371.9,3719.0,2026-04-22,187495881,474,Agrawal Securities (PVT) Ltd.,Thrive Brokerage House Pvt. Ltd,2026-04-22 12:53:58.611148,Muktinath Bikas Bank Ltd.
2026042203004612,MNBBL,5,46,100,372.0,37200.0,2026-04-22,187495884,474,Market Securities & Exchange (PVT) Ltd.,Kalika Securities Pvt. Ltd.,2026-04-22 12:53:58.742782,Muktinath Bikas Bank Ltd.
2026042203004624,MNBBL,48,46,300,372.0,111600.0,2026-04-22,187496198,474,Trishakti Securities Public Limited,Kalika Securities Pvt. Ltd.,2026-04-22 12:54:18.475897,Muktinath Bikas Bank Ltd.
2026042203004672,MNBBL,6,46,500,372.0,186000.0,2026-04-22,187496794,474,Agrawal Securities (PVT) Ltd.,Kalika Securities Pvt. Ltd.,2026-04-22 12:55:13.920828,Muktinath Bikas Bank Ltd.
2026042203004969,MNBBL,77,46,40,372.0,14880.0,2026-04-22,187503642,474,Nabil Stock Dealer Ltd.,Kalika Securities Pvt. Ltd.,2026-04-22 13:06:16.151549,Muktinath Bikas Bank Ltd.
2026042203004985,MNBBL,49,46,21,372.0,7812.0,2026-04-22,187503699,474,Online Securities Pvt. Ltd.,Kalika Securities Pvt. Ltd.,2026-04-22 13:06:19.900367,Muktinath Bikas Bank Ltd.
2026042203005137,MNBBL,49,45,41,372.0,15252.0,2026-04-22,187507962,474,Online Securities Pvt. Ltd.,Imperial Securities Company Pvt. Ltd.,2026-04-22 13:12:49.802700,Muktinath Bikas Bank Ltd.
2026042203005140,MNBBL,57,45,50,372.0,18600.0,2026-04-22,187508054,474,Aryatara Investment & Securities,Imperial Securities Company Pvt. Ltd.,2026-04-22 13:13:01.883236,Muktinath Bikas Bank Ltd.
2026042203005183,MNBBL,82,58,20,373.0,7460.0,2026-04-22,187508853,474,N.M.B. SECURITIES LIMITED,Naasa Securities Co. Ltd.,2026-04-22 13:14:46.966185,Muktinath Bikas Bank Ltd.
2026042203005184,MNBBL,82,28,97,373.0,36181.0,2026-04-22,187508855,474,N.M.B. SECURITIES LIMITED,Shree Krishna Securities Ltd.,2026-04-22 13:14:46.966285,Muktinath Bikas Bank Ltd.
2026042203005185,MNBBL,82,85,1183,373.0,441259.0,2026-04-22,187508858,474,N.M.B. SECURITIES LIMITED,Capital Hub P. Ltd,2026-04-22 13:14:46.966356,Muktinath Bikas Bank Ltd.
2026042203005223,MNBBL,6,57,54,371.9,20082.6,2026-04-22,187509436,474,Agrawal Securities (PVT) Ltd.,Aryatara Investment & Securities,2026-04-22 13:15:57.526693,Muktinath Bikas Bank Ltd.
2026042203005224,MNBBL,52,57,20,371.1,7422.0,2026-04-22,187509438,474,Sundhara Securities Limited,Aryatara Investment & Securities,2026-04-22 13:15:57.527117,Muktinath Bikas Bank Ltd.
2026042203005225,MNBBL,53,57,75,371.0,27825.0,2026-04-22,187509440,474,Investment Management Nepal Pvt. Ltd.,Aryatara Investment & Securities,2026-04-22 13:15:57.527369,Muktinath Bikas Bank Ltd.
2026042203005226,MNBBL,59,57,213,371.0,79023.0,2026-04-22,187509441,474,Deevyaa Securities & Stock House Pvt. Ltd,Aryatara Investment & Securities,2026-04-22 13:15:57.527614,Muktinath Bikas Bank Ltd.
2026042203005243,MNBBL,59,57,59,371.0,21889.0,2026-04-22,187509992,474,Deevyaa Securities & Stock House Pvt. Ltd,Aryatara Investment & Securities,2026-04-22 13:17:06.466536,Muktinath Bikas Bank Ltd.
2026042203005244,MNBBL,74,57,150,371.0,55650.0,2026-04-22,187509994,474,KALASH STOCK MARKET PVT. LTD.,Aryatara Investment & Securities,2026-04-22 13:17:06.467197,Muktinath Bikas Bank Ltd.
2026042203005245,MNBBL,53,57,200,370.3,74060.0,2026-04-22,187509996,474,Investment Management Nepal Pvt. Ltd.,Aryatara Investment & Securities,2026-04-22 13:17:06.467676,Muktinath Bikas Bank Ltd.
2026042203005246,MNBBL,14,57,25,370.3,9257.5,2026-04-22,187509998,474,Nepal Stock House (PVT) Ltd.,Aryatara Investment & Securities,2026-04-22 13:17:06.468038,Muktinath Bikas Bank Ltd.
2026042203005247,MNBBL,88,57,200,370.3,74060.0,2026-04-22,187510000,474,Blue Chip Securities Ltd,Aryatara Investment & Securities,2026-04-22 13:17:06.468361,Muktinath Bikas Bank Ltd.
2026042203005248,MNBBL,4,57,27,370.3,9998.1,2026-04-22,187510002,474,Opal Securities Investment (PVT) Ltd.,Aryatara Investment & Securities,2026-04-22 13:17:06.468683,Muktinath Bikas Bank Ltd.
2026042203005249,MNBBL,16,57,339,370.2,125497.8,2026-04-22,187510003,474,Primo Securities (PVT) Ltd.,Aryatara Investment & Securities,2026-04-22 13:17:06.468935,Muktinath Bikas Bank Ltd.
2026042203005399,MNBBL,49,85,10,373.0,3730.0,2026-04-22,187514228,474,Online Securities Pvt. Ltd.,Capital Hub P. Ltd,2026-04-22 13:23:10.954806,Muktinath Bikas Bank Ltd.
2026042203005534,MNBBL,14,85,1000,373.0,373000.0,2026-04-22,187518838,474,Nepal Stock House (PVT) Ltd.,Capital Hub P. Ltd,2026-04-22 13:29:44.816415,Muktinath Bikas Bank Ltd.
2026042203005653,MNBBL,57,85,500,373.0,186500.0,2026-04-22,187520878,474,Aryatara Investment & Securities,Capital Hub P. Ltd,2026-04-22 13:32:58.733985,Muktinath Bikas Bank Ltd.
2026042203005839,MNBBL,48,66,160,372.1,59536.0,2026-04-22,187526128,474,Trishakti Securities Public Limited,Miyo Securities Pvt Ltd,2026-04-22 13:41:58.198907,Muktinath Bikas Bank Ltd.
2026042203005840,MNBBL,65,66,90,372.0,33480.0,2026-04-22,187526129,474,Sharepro Securities Private Limited,Miyo Securities Pvt Ltd,2026-04-22 13:41:58.199388,Muktinath Bikas Bank Ltd.
2026042203005883,MNBBL,65,34,17,372.0,6324.0,2026-04-22,187527145,474,Sharepro Securities Private Limited,Vision Securities Pvt. Ltd,2026-04-22 13:43:53.365296,Muktinath Bikas Bank Ltd.
2026042203005901,MNBBL,65,42,25,372.0,9300.0,2026-04-22,187527615,474,Sharepro Securities Private Limited,Sani Securities Company Ltd.,2026-04-22 13:45:07.678038,Muktinath Bikas Bank Ltd.
2026042203006223,MNBBL,50,85,40,373.0,14920.0,2026-04-22,187534194,474,Cristal Kanchanjanga Securites Pvt. Ltd.,Capital Hub P. Ltd,2026-04-22 13:56:38.251177,Muktinath Bikas Bank Ltd.
2026042203006242,MNBBL,62,85,500,373.0,186500.0,2026-04-22,187534560,474,Capital Max Securities Ltd,Capital Hub P. Ltd,2026-04-22 13:57:17.975281,Muktinath Bikas Bank Ltd.
2026042203006245,MNBBL,14,85,123,373.0,45879.0,2026-04-22,187534720,474,Nepal Stock House (PVT) Ltd.,Capital Hub P. Ltd,2026-04-22 13:57:30.745205,Muktinath Bikas Bank Ltd.
2026042203006278,MNBBL,1,85,50,373.0,18650.0,2026-04-22,187535420,474,Kumari Securities Private Limited,Capital Hub P. Ltd,2026-04-22 13:58:39.544258,Muktinath Bikas Bank Ltd.
2026042203006312,MNBBL,14,85,55,373.0,20515.0,2026-04-22,187536206,474,Nepal Stock House (PVT) Ltd.,Capital Hub P. Ltd,2026-04-22 14:00:00.194567,Muktinath Bikas Bank Ltd.
2026042203006329,MNBBL,52,85,153,373.0,57069.0,2026-04-22,187536574,474,Sundhara Securities Limited,Capital Hub P. Ltd,2026-04-22 14:00:30.446422,Muktinath Bikas Bank Ltd.
2026042203006335,MNBBL,75,85,120,373.0,44760.0,2026-04-22,187536802,474,N.I.M.B. Stock Markets Limited,Capital Hub P. Ltd,2026-04-22 14:01:00.915123,Muktinath Bikas Bank Ltd.
2026042203006397,MNBBL,6,85,266,373.0,99218.0,2026-04-22,187538239,474,Agrawal Securities (PVT) Ltd.,Capital Hub P. Ltd,2026-04-22 14:03:26.601266,Muktinath Bikas Bank Ltd.
2026042203006398,MNBBL,6,59,234,373.0,87282.0,2026-04-22,187538242,474,Agrawal Securities (PVT) Ltd.,Deevyaa Securities & Stock House Pvt. Ltd,2026-04-22 14:03:26.601710,Muktinath Bikas Bank Ltd.
2026042203006418,MNBBL,6,59,10,373.0,3730.0,2026-04-22,187538787,474,Agrawal Securities (PVT) Ltd.,Deevyaa Securities & Stock House Pvt. Ltd,2026-04-22 14:04:11.839426,Muktinath Bikas Bank Ltd.
2026042203006613,MNBBL,45,98,50,374.0,18700.0,2026-04-22,187543619,474,Imperial Securities Company Pvt. Ltd.,Trademow Securities Private Limited,2026-04-22 14:12:09.519780,Muktinath Bikas Bank Ltd.
2026042203006614,MNBBL,45,34,33,374.0,12342.0,2026-04-22,187543621,474,Imperial Securities Company Pvt. Ltd.,Vision Securities Pvt. Ltd,2026-04-22 14:12:09.520040,Muktinath Bikas Bank Ltd.
2026042203006615,MNBBL,45,25,17,374.0,6358.0,2026-04-22,187543624,474,Imperial Securities Company Pvt. Ltd.,Sweta Securities Private Limited,2026-04-22 14:12:09.520147,Muktinath Bikas Bank Ltd.
2026042203006632,MNBBL,52,25,20,374.0,7480.0,2026-04-22,187544050,474,Sundhara Securities Limited,Sweta Securities Private Limited,2026-04-22 14:12:55.822949,Muktinath Bikas Bank Ltd.
2026042203006705,MNBBL,58,25,10,374.0,3740.0,2026-04-22,187545696,474,Naasa Securities Co. Ltd.,Sweta Securities Private Limited,2026-04-22 14:15:40.380119,Muktinath Bikas Bank Ltd.
2026042203006834,MNBBL,33,4,30,373.9,11217.0,2026-04-22,187547812,474,Dakshinkali Investment & Securities Pvt. Ltd.,Opal Securities Investment (PVT) Ltd.,2026-04-22 14:18:31.932142,Muktinath Bikas Bank Ltd.
2026042203006865,MNBBL,28,4,27,373.9,10095.3,2026-04-22,187548620,474,Shree Krishna Securities Ltd.,Opal Securities Investment (PVT) Ltd.,2026-04-22 14:19:34.309244,Muktinath Bikas Bank Ltd.
2026042203006903,MNBBL,21,14,1,365.0,365.0,2026-04-22,187549423,474,Midas Stock Broking Company Private Limited,Nepal Stock House (PVT) Ltd.,2026-04-22 14:20:54.789136,Muktinath Bikas Bank Ltd.
2026042203006964,MNBBL,61,58,80,373.8,29904.0,2026-04-22,187550702,474,BHOLE GANESH SECURITIES LTD,Naasa Securities Co. Ltd.,2026-04-22 14:22:21.252217,Muktinath Bikas Bank Ltd.
2026042203007067,MNBBL,6,49,123,373.0,45879.0,2026-04-22,187553135,474,Agrawal Securities (PVT) Ltd.,Online Securities Pvt. Ltd.,2026-04-22 14:25:48.640219,Muktinath Bikas Bank Ltd.
2026042203007088,MNBBL,21,59,1,362.0,362.0,2026-04-22,187553887,474,Midas Stock Broking Company Private Limited,Deevyaa Securities & Stock House Pvt. Ltd,2026-04-22 14:26:36.707557,Muktinath Bikas Bank Ltd.
2026042203007216,MNBBL,6,26,367,373.0,136891.0,2026-04-22,187556638,474,Agrawal Securities (PVT) Ltd.,Asian Securities Private Ltd.,2026-04-22 14:29:31.596901,Muktinath Bikas Bank Ltd.
2026042203007231,MNBBL,42,26,10,373.0,3730.0,2026-04-22,187556836,474,Sani Securities Company Ltd.,Asian Securities Private Ltd.,2026-04-22 14:29:48.771776,Muktinath Bikas Bank Ltd.
2026042203007245,MNBBL,49,26,25,373.0,9325.0,2026-04-22,187557092,474,Online Securities Pvt. Ltd.,Asian Securities Private Ltd.,2026-04-22 14:30:11.058820,Muktinath Bikas Bank Ltd.
2026042203007294,MNBBL,21,26,31,373.0,11563.0,2026-04-22,187558062,474,Midas Stock Broking Company Private Limited,Asian Securities Private Ltd.,2026-04-22 14:31:22.809345,Muktinath Bikas Bank Ltd.
2026042203007297,MNBBL,65,42,406,372.0,151032.0,2026-04-22,187558158,474,Sharepro Securities Private Limited,Sani Securities Company Ltd.,2026-04-22 14:31:30.377809,Muktinath Bikas Bank Ltd.
2026042203007298,MNBBL,35,42,10,372.0,3720.0,2026-04-22,187558160,474,Kohinoor Investment & Securities Pvt. Ltd.,Sani Securities Company Ltd.,2026-04-22 14:31:30.378038,Muktinath Bikas Bank Ltd.
2026042203007299,MNBBL,49,42,50,372.0,18600.0,2026-04-22,187558162,474,Online Securities Pvt. Ltd.,Sani Securities Company Ltd.,2026-04-22 14:31:30.378485,Muktinath Bikas Bank Ltd.
2026042203007300,MNBBL,34,42,50,372.0,18600.0,2026-04-22,187558164,474,Vision Securities Pvt. Ltd,Sani Securities Company Ltd.,2026-04-22 14:31:30.378785,Muktinath Bikas Bank Ltd.
2026042203007301,MNBBL,42,42,200,372.0,74400.0,2026-04-22,187558166,474,Sani Securities Company Ltd.,Sani Securities Company Ltd.,2026-04-22 14:31:30.379098,Muktinath Bikas Bank Ltd.
2026042203007302,MNBBL,42,42,10,372.0,3720.0,2026-04-22,187558168,474,Sani Securities Company Ltd.,Sani Securities Company Ltd.,2026-04-22 14:31:30.379388,Muktinath Bikas Bank Ltd.
2026042203007303,MNBBL,62,42,60,372.0,22320.0,2026-04-22,187558170,474,Capital Max Securities Ltd,Sani Securities Company Ltd.,2026-04-22 14:31:30.379746,Muktinath Bikas Bank Ltd.
2026042203007304,MNBBL,32,42,314,372.0,116808.0,2026-04-22,187558171,474,Premier Securities Company Ltd.,Sani Securities Company Ltd.,2026-04-22 14:31:30.380154,Muktinath Bikas Bank Ltd.
2026042203007449,MNBBL,47,26,10,373.0,3730.0,2026-04-22,187560434,474,Neev Securities Pvt. Ltd.,Asian Securities Private Ltd.,2026-04-22 14:33:56.531960,Muktinath Bikas Bank Ltd.
2026042203007488,MNBBL,21,26,10,373.0,3730.0,2026-04-22,187561952,474,Midas Stock Broking Company Private Limited,Asian Securities Private Ltd.,2026-04-22 14:35:05.046075,Muktinath Bikas Bank Ltd.
2026042203007530,MNBBL,6,58,50,372.5,18625.0,2026-04-22,187563280,474,Agrawal Securities (PVT) Ltd.,Naasa Securities Co. Ltd.,2026-04-22 14:36:25.582128,Muktinath Bikas Bank Ltd.
2026042203007531,MNBBL,32,58,150,372.0,55800.0,2026-04-22,187563281,474,Premier Securities Company Ltd.,Naasa Securities Co. Ltd.,2026-04-22 14:36:25.582594,Muktinath Bikas Bank Ltd.
2026042203007540,MNBBL,32,57,56,372.0,20832.0,2026-04-22,187563755,474,Premier Securities Company Ltd.,Aryatara Investment & Securities,2026-04-22 14:36:52.471617,Muktinath Bikas Bank Ltd.
2026042203007692,MNBBL,34,26,10,373.0,3730.0,2026-04-22,187568904,474,Vision Securities Pvt. Ltd,Asian Securities Private Ltd.,2026-04-22 14:40:02.000585,Muktinath Bikas Bank Ltd.
2026042203007763,MNBBL,34,56,200,372.5,74500.0,2026-04-22,187571195,474,Vision Securities Pvt. Ltd,Sri Hari Securities Pvt. Ltd.,2026-04-22 14:41:07.869914,Muktinath Bikas Bank Ltd.
2026042203007935,MNBBL,34,26,37,373.0,13801.0,2026-04-22,187575795,474,Vision Securities Pvt. Ltd,Asian Securities Private Ltd.,2026-04-22 14:42:54.832254,Muktinath Bikas Bank Ltd.
2026042203007936,MNBBL,34,26,163,373.0,60799.0,2026-04-22,187575798,474,Vision Securities Pvt. Ltd,Asian Securities Private Ltd.,2026-04-22 14:42:54.832709,Muktinath Bikas Bank Ltd.
2026042203007968,MNBBL,49,26,337,373.0,125701.0,2026-04-22,187576755,474,Online Securities Pvt. Ltd.,Asian Securities Private Ltd.,2026-04-22 14:43:12.226835,Muktinath Bikas Bank Ltd.
2026042203007969,MNBBL,49,5,63,373.0,23499.0,2026-04-22,187576758,474,Online Securities Pvt. Ltd.,Market Securities & Exchange (PVT) Ltd.,2026-04-22 14:43:12.226956,Muktinath Bikas Bank Ltd.
2026042203008019,MNBBL,46,5,10,373.0,3730.0,2026-04-22,187578010,474,Kalika Securities Pvt. Ltd.,Market Securities & Exchange (PVT) Ltd.,2026-04-22 14:43:46.398566,Muktinath Bikas Bank Ltd.
2026042203008056,MNBBL,49,5,27,373.0,10071.0,2026-04-22,187578649,474,Online Securities Pvt. Ltd.,Market Securities & Exchange (PVT) Ltd.,2026-04-22 14:44:00.489295,Muktinath Bikas Bank Ltd.
2026042203008132,MNBBL,72,58,20,373.8,7476.0,2026-04-22,187579903,474,Hatemalo Financial Services Private Limited,Naasa Securities Co. Ltd.,2026-04-22 14:44:33.305414,Muktinath Bikas Bank Ltd.
2026042203008133,MNBBL,72,4,43,373.9,16077.7,2026-04-22,187579905,474,Hatemalo Financial Services Private Limited,Opal Securities Investment (PVT) Ltd.,2026-04-22 14:44:33.305512,Muktinath Bikas Bank Ltd.
2026042203008134,MNBBL,72,25,80,374.0,29920.0,2026-04-22,187579907,474,Hatemalo Financial Services Private Limited,Sweta Securities Private Limited,2026-04-22 14:44:33.305590,Muktinath Bikas Bank Ltd.
2026042203008135,MNBBL,72,42,857,374.0,320518.0,2026-04-22,187579910,474,Hatemalo Financial Services Private Limited,Sani Securities Company Ltd.,2026-04-22 14:44:33.305664,Muktinath Bikas Bank Ltd.
2026042203008194,MNBBL,42,51,20,373.9,7478.0,2026-04-22,187581742,474,Sani Securities Company Ltd.,Oxford Securities Pvt. Ltd.,2026-04-22 14:45:01.318933,Muktinath Bikas Bank Ltd.
2026042203008252,MNBBL,21,45,9,372.0,3348.0,2026-04-22,187583307,474,Midas Stock Broking Company Private Limited,Imperial Securities Company Pvt. Ltd.,2026-04-22 14:45:44.742615,Muktinath Bikas Bank Ltd.
2026042203008263,MNBBL,21,38,2,372.0,744.0,2026-04-22,187583637,474,Midas Stock Broking Company Private Limited,Dipshikha Dhitopatra Karobar Co. Pvt Ltd.,2026-04-22 14:45:51.858075,Muktinath Bikas Bank Ltd.
2026042203008268,MNBBL,21,49,3,372.0,1116.0,2026-04-22,187583813,474,Midas Stock Broking Company Private Limited,Online Securities Pvt. Ltd.,2026-04-22 14:45:57.077437,Muktinath Bikas Bank Ltd.
2026042203008295,MNBBL,21,25,1,373.0,373.0,2026-04-22,187584177,474,Midas Stock Broking Company Private Limited,Sweta Securities Private Limited,2026-04-22 14:46:08.587844,Muktinath Bikas Bank Ltd.
2026042203008311,MNBBL,36,51,200,373.9,74780.0,2026-04-22,187584646,474,Secured Securities Ltd.,Oxford Securities Pvt. Ltd.,2026-04-22 14:46:21.162941,Muktinath Bikas Bank Ltd.
2026042203008357,MNBBL,36,51,200,373.9,74780.0,2026-04-22,187585650,474,Secured Securities Ltd.,Oxford Securities Pvt. Ltd.,2026-04-22 14:46:49.700412,Muktinath Bikas Bank Ltd.
2026042203008372,MNBBL,57,51,50,373.9,18695.0,2026-04-22,187586082,474,Aryatara Investment & Securities,Oxford Securities Pvt. Ltd.,2026-04-22 14:46:57.009693,Muktinath Bikas Bank Ltd.
2026042203008409,MNBBL,19,51,20,373.9,7478.0,2026-04-22,187586624,474,Nepal Investment And Securities Trading Private Limited,Oxford Securities Pvt. Ltd.,2026-04-22 14:47:14.004711,Muktinath Bikas Bank Ltd.
2026042203008411,MNBBL,21,42,22,374.0,8228.0,2026-04-22,187586631,474,Midas Stock Broking Company Private Limited,Sani Securities Company Ltd.,2026-04-22 14:47:15.099659,Muktinath Bikas Bank Ltd.
2026042203008437,MNBBL,51,42,321,374.0,120054.0,2026-04-22,187587261,474,Oxford Securities Pvt. Ltd.,Sani Securities Company Ltd.,2026-04-22 14:47:30.566141,Muktinath Bikas Bank Ltd.
2026042203008443,MNBBL,51,6,500,374.0,187000.0,2026-04-22,187587433,474,Oxford Securities Pvt. Ltd.,Agrawal Securities (PVT) Ltd.,2026-04-22 14:47:35.772427,Muktinath Bikas Bank Ltd.
2026042203008468,MNBBL,36,35,100,375.0,37500.0,2026-04-22,187587973,474,Secured Securities Ltd.,Kohinoor Investment & Securities Pvt. Ltd.,2026-04-22 14:47:54.151217,Muktinath Bikas Bank Ltd.
2026042203008469,MNBBL,36,36,500,375.0,187500.0,2026-04-22,187587975,474,Secured Securities Ltd.,Secured Securities Ltd.,2026-04-22 14:47:54.151660,Muktinath Bikas Bank Ltd.
2026042203008470,MNBBL,36,45,400,375.0,150000.0,2026-04-22,187587978,474,Secured Securities Ltd.,Imperial Securities Company Pvt. Ltd.,2026-04-22 14:47:54.151972,Muktinath Bikas Bank Ltd.
2026042203008482,MNBBL,58,45,100,375.0,37500.0,2026-04-22,187588210,474,Naasa Securities Co. Ltd.,Imperial Securities Company Pvt. Ltd.,2026-04-22 14:48:00.751907,Muktinath Bikas Bank Ltd.
2026042203008494,MNBBL,38,52,254,375.0,95250.0,2026-04-22,187588335,474,Dipshikha Dhitopatra Karobar Co. Pvt Ltd.,Sundhara Securities Limited,2026-04-22 14:48:03.987871,Muktinath Bikas Bank Ltd.
2026042203008562,MNBBL,38,52,100,375.0,37500.0,2026-04-22,187589177,474,Dipshikha Dhitopatra Karobar Co. Pvt Ltd.,Sundhara Securities Limited,2026-04-22 14:48:23.950909,Muktinath Bikas Bank Ltd.
2026042203008627,MNBBL,50,14,300,375.9,112770.0,2026-04-22,187590406,474,Cristal Kanchanjanga Securites Pvt. Ltd.,Nepal Stock House (PVT) Ltd.,2026-04-22 14:49:01.801300,Muktinath Bikas Bank Ltd.
2026042203008677,MNBBL,35,33,50,376.0,18800.0,2026-04-22,187591239,474,Kohinoor Investment & Securities Pvt. Ltd.,Dakshinkali Investment & Securities Pvt. Ltd.,2026-04-22 14:49:31.031463,Muktinath Bikas Bank Ltd.
2026042203008678,MNBBL,35,45,150,376.0,56400.0,2026-04-22,187591242,474,Kohinoor Investment & Securities Pvt. Ltd.,Imperial Securities Company Pvt. Ltd.,2026-04-22 14:49:31.031682,Muktinath Bikas Bank Ltd.
2026042203008787,MNBBL,58,26,50,375.9,18795.0,2026-04-22,187593406,474,Naasa Securities Co. Ltd.,Asian Securities Private Ltd.,2026-04-22 14:50:44.580774,Muktinath Bikas Bank Ltd.
2026042203008806,MNBBL,49,26,500,375.9,187950.0,2026-04-22,187594278,474,Online Securities Pvt. Ltd.,Asian Securities Private Ltd.,2026-04-22 14:51:05.783724,Muktinath Bikas Bank Ltd.
2026042203008834,MNBBL,16,26,450,375.9,169155.0,2026-04-22,187594643,474,Primo Securities (PVT) Ltd.,Asian Securities Private Ltd.,2026-04-22 14:51:20.001722,Muktinath Bikas Bank Ltd.
2026042203008866,MNBBL,34,49,150,376.0,56400.0,2026-04-22,187594772,474,Vision Securities Pvt. Ltd,Online Securities Pvt. Ltd.,2026-04-22 14:51:23.092482,Muktinath Bikas Bank Ltd.
2026042203008931,MNBBL,59,49,50,376.0,18800.0,2026-04-22,187595908,474,Deevyaa Securities & Stock House Pvt. Ltd,Online Securities Pvt. Ltd.,2026-04-22 14:52:04.199874,Muktinath Bikas Bank Ltd.
2026042203008989,MNBBL,58,49,100,376.0,37600.0,2026-04-22,187597224,474,Naasa Securities Co. Ltd.,Online Securities Pvt. Ltd.,2026-04-22 14:52:51.161585,Muktinath Bikas Bank Ltd.
2026042203009044,MNBBL,8,91,350,377.0,131950.0,2026-04-22,187598129,474,Brilliant Securities Pvt. Ltd.,Citizens Share Broker Limited,2026-04-22 14:53:25.617925,Muktinath Bikas Bank Ltd.
2026042203009050,MNBBL,8,57,50,377.9,18895.0,2026-04-22,187598512,474,Brilliant Securities Pvt. Ltd.,Aryatara Investment & Securities,2026-04-22 14:53:39.263969,Muktinath Bikas Bank Ltd.
2026042203009062,MNBBL,56,42,31,376.0,11656.0,2026-04-22,187598879,474,Sri Hari Securities Pvt. Ltd.,Sani Securities Company Ltd.,2026-04-22 14:53:52.217257,Muktinath Bikas Bank Ltd.
2026042203009188,MNBBL,56,26,969,376.0,364344.0,2026-04-22,187601230,474,Sri Hari Securities Pvt. Ltd.,Asian Securities Private Ltd.,2026-04-22 14:55:14.937884,Muktinath Bikas Bank Ltd.
2026042203009208,MNBBL,16,26,31,375.9,11652.9,2026-04-22,187602061,474,Primo Securities (PVT) Ltd.,Asian Securities Private Ltd.,2026-04-22 14:55:31.510156,Muktinath Bikas Bank Ltd.
2026042203009370,MNBBL,16,43,84,375.9,31575.6,2026-04-22,187605362,474,Primo Securities (PVT) Ltd.,South Asian Bulls Pvt. Ltd.,2026-04-22 14:56:57.191658,Muktinath Bikas Bank Ltd.
2026042203009470,MNBBL,41,16,200,375.5,75100.0,2026-04-22,187607144,474,Linch Stock Market Ltd.,Primo Securities (PVT) Ltd.,2026-04-22 14:57:36.079428,Muktinath Bikas Bank Ltd.
2026042203009471,MNBBL,38,16,46,375.0,17250.0,2026-04-22,187607146,474,Dipshikha Dhitopatra Karobar Co. Pvt Ltd.,Primo Securities (PVT) Ltd.,2026-04-22 14:57:36.079861,Muktinath Bikas Bank Ltd.
2026042203009472,MNBBL,49,16,120,375.0,45000.0,2026-04-22,187607148,474,Online Securities Pvt. Ltd.,Primo Securities (PVT) Ltd.,2026-04-22 14:57:36.080195,Muktinath Bikas Bank Ltd.
2026042203009473,MNBBL,8,16,134,375.0,50250.0,2026-04-22,187607149,474,Brilliant Securities Pvt. Ltd.,Primo Securities (PVT) Ltd.,2026-04-22 14:57:36.080498,Muktinath Bikas Bank Ltd.
2026042203009474,MNBBL,1,43,216,375.9,81194.4,2026-04-22,187607169,474,Kumari Securities Private Limited,South Asian Bulls Pvt. Ltd.,2026-04-22 14:57:36.649949,Muktinath Bikas Bank Ltd.
2026042203009475,MNBBL,1,94,64,375.9,24057.6,2026-04-22,187607172,474,Kumari Securities Private Limited,K.B.L. Securities Limited ,2026-04-22 14:57:36.650160,Muktinath Bikas Bank Ltd.
2026042203009512,MNBBL,21,94,36,375.9,13532.4,2026-04-22,187608105,474,Midas Stock Broking Company Private Limited,K.B.L. Securities Limited ,2026-04-22 14:57:54.541978,Muktinath Bikas Bank Ltd.
2026042203009513,MNBBL,21,58,244,376.0,91744.0,2026-04-22,187608108,474,Midas Stock Broking Company Private Limited,Naasa Securities Co. Ltd.,2026-04-22 14:57:54.542194,Muktinath Bikas Bank Ltd.
2026042203009664,MNBBL,8,42,66,375.0,24750.0,2026-04-22,187610696,474,Brilliant Securities Pvt. Ltd.,Sani Securities Company Ltd.,2026-04-22 14:58:45.534993,Muktinath Bikas Bank Ltd.
2026042203009665,MNBBL,45,42,434,375.0,162750.0,2026-04-22,187610697,474,Imperial Securities Company Pvt. Ltd.,Sani Securities Company Ltd.,2026-04-22 14:58:45.535455,Muktinath Bikas Bank Ltd.
2026042203009758,MNBBL,58,34,10,375.9,3759.0,2026-04-22,187612242,474,Naasa Securities Co. Ltd.,Vision Securities Pvt. Ltd,2026-04-22 14:59:27.209418,Muktinath Bikas Bank Ltd.
2026042203009826,MNBBL,33,34,190,375.9,71421.0,2026-04-22,187613413,474,Dakshinkali Investment & Securities Pvt. Ltd.,Vision Securities Pvt. Ltd,2026-04-22 14:59:48.116587,Muktinath Bikas Bank Ltd.
