contract_id,symbol,buyer_member_id,seller_member_id,volume,price,amount,buyer_broker,seller_broker,transaction_time
2026042201001197,NBL,58,29,50,273.0,13650.0,Naasa Securities Co. Ltd.,Trisul Securities & Invt. Ltd.,2026-04-22 11:05:29.574413
2026042201001301,NBL,10,51,200,270.2,54040.0,Pragyan Securities (PVT) Ltd.,Oxford Securities Pvt. Ltd.,2026-04-22 11:05:52.928318
2026042201001302,NBL,13,51,200,270.1,54020.0,Thrive Brokerage House Pvt. Ltd,Oxford Securities Pvt. Ltd.,2026-04-22 11:05:52.928471
2026042201001303,NBL,57,51,500,270.0,135000.0,Aryatara Investment & Securities,Oxford Securities Pvt. Ltd.,2026-04-22 11:05:52.928569
2026042201001304,NBL,58,51,100,270.0,27000.0,Naasa Securities Co. Ltd.,Oxford Securities Pvt. Ltd.,2026-04-22 11:05:52.928672
2026042201001305,NBL,37,51,1000,270.0,270000.0,Swarna Laxmi Securities Pvt. Ltd.,Oxford Securities Pvt. Ltd.,2026-04-22 11:05:52.928764
2026042201001306,NBL,37,51,1000,270.0,270000.0,Swarna Laxmi Securities Pvt. Ltd.,Oxford Securities Pvt. Ltd.,2026-04-22 11:05:52.928858
2026042201001361,NBL,14,25,210,268.1,56301.0,Nepal Stock House (PVT) Ltd.,Sweta Securities Private Limited,2026-04-22 11:06:00.671150
2026042201002411,NBL,56,1,146,268.5,39201.0,Sri Hari Securities Pvt. Ltd.,Kumari Securities Private Limited,2026-04-22 11:09:18.198458
2026042201002667,NBL,7,58,51,269.0,13719.0,J.F. Securites (PVT) Ltd.,Naasa Securities Co. Ltd.,2026-04-22 11:09:53.539032
2026042201002835,NBL,56,1,500,269.9,134950.0,Sri Hari Securities Pvt. Ltd.,Kumari Securities Private Limited,2026-04-22 11:10:22.487102
2026042201002918,NBL,56,17,224,269.9,60457.6,Sri Hari Securities Pvt. Ltd.,ABC Securities Private Limited,2026-04-22 11:10:43.067505
2026042201003056,NBL,56,41,276,269.9,74492.4,Sri Hari Securities Pvt. Ltd.,Linch Stock Market Ltd.,2026-04-22 11:11:01.670288
2026042201003057,NBL,56,41,724,268.7,194538.8,Sri Hari Securities Pvt. Ltd.,Linch Stock Market Ltd.,2026-04-22 11:11:01.670359
2026042201003229,NBL,56,41,130,268.7,34931.0,Sri Hari Securities Pvt. Ltd.,Linch Stock Market Ltd.,2026-04-22 11:11:36.347593
2026042201003230,NBL,56,41,171,268.7,45947.7,Sri Hari Securities Pvt. Ltd.,Linch Stock Market Ltd.,2026-04-22 11:11:36.347744
2026042201003285,NBL,37,48,1000,270.0,270000.0,Swarna Laxmi Securities Pvt. Ltd.,Trishakti Securities Public Limited,2026-04-22 11:11:49.120278
2026042201004651,NBL,14,57,100,269.0,26900.0,Nepal Stock House (PVT) Ltd.,Aryatara Investment & Securities,2026-04-22 11:14:51.825233
2026042201004693,NBL,14,46,290,269.0,78010.0,Nepal Stock House (PVT) Ltd.,Kalika Securities Pvt. Ltd.,2026-04-22 11:15:01.555090
2026042201004694,NBL,56,46,829,268.9,222918.1,Sri Hari Securities Pvt. Ltd.,Kalika Securities Pvt. Ltd.,2026-04-22 11:15:01.555185
2026042201004967,NBL,21,46,250,268.9,67225.0,Midas Stock Broking Company Private Limited,Kalika Securities Pvt. Ltd.,2026-04-22 11:15:33.848789
2026042201005371,NBL,58,16,28,268.7,7523.6,Naasa Securities Co. Ltd.,Primo Securities (PVT) Ltd.,2026-04-22 11:16:26.762368
2026042201005372,NBL,7,16,629,268.6,168949.4,J.F. Securites (PVT) Ltd.,Primo Securities (PVT) Ltd.,2026-04-22 11:16:26.762444
2026042201005393,NBL,44,46,17,268.9,4571.3,Dynamic Money Managers Securities Pvt. Ltd.,Kalika Securities Pvt. Ltd.,2026-04-22 11:16:29.598792
2026042201005586,NBL,7,16,10,268.1,2681.0,J.F. Securites (PVT) Ltd.,Primo Securities (PVT) Ltd.,2026-04-22 11:16:58.107695
2026042201005980,NBL,7,51,310,268.1,83111.0,J.F. Securites (PVT) Ltd.,Oxford Securities Pvt. Ltd.,2026-04-22 11:17:49.469304
2026042201005981,NBL,6,51,200,268.0,53600.0,Agrawal Securities (PVT) Ltd.,Oxford Securities Pvt. Ltd.,2026-04-22 11:17:49.469394
2026042201005982,NBL,37,51,1000,268.0,268000.0,Swarna Laxmi Securities Pvt. Ltd.,Oxford Securities Pvt. Ltd.,2026-04-22 11:17:49.469438
2026042201005983,NBL,54,51,325,268.0,87100.0,Sewa Securities Pvt. Ltd.,Oxford Securities Pvt. Ltd.,2026-04-22 11:17:49.469483
2026042201005984,NBL,58,51,100,267.0,26700.0,Naasa Securities Co. Ltd.,Oxford Securities Pvt. Ltd.,2026-04-22 11:17:49.469522
2026042201005985,NBL,6,51,600,266.0,159600.0,Agrawal Securities (PVT) Ltd.,Oxford Securities Pvt. Ltd.,2026-04-22 11:17:49.469558
2026042201005986,NBL,42,51,20,266.0,5320.0,Sani Securities Company Ltd.,Oxford Securities Pvt. Ltd.,2026-04-22 11:17:49.469592
2026042201005987,NBL,81,51,5000,265.0,1325000.0,Aakashbhairab Securities Ltd.,Oxford Securities Pvt. Ltd.,2026-04-22 11:17:49.469627
2026042201005988,NBL,42,51,100,265.0,26500.0,Sani Securities Company Ltd.,Oxford Securities Pvt. Ltd.,2026-04-22 11:17:49.469662
2026042201005989,NBL,45,51,800,265.0,212000.0,Imperial Securities Company Pvt. Ltd.,Oxford Securities Pvt. Ltd.,2026-04-22 11:17:49.469700
2026042201005990,NBL,10,51,545,265.0,144425.0,Pragyan Securities (PVT) Ltd.,Oxford Securities Pvt. Ltd.,2026-04-22 11:17:49.469744
2026042201007145,NBL,58,38,100,266.0,26600.0,Naasa Securities Co. Ltd.,Dipshikha Dhitopatra Karobar Co. Pvt Ltd.,2026-04-22 11:20:00.874299
2026042201007146,NBL,65,38,152,266.0,40432.0,Sharepro Securities Private Limited,Dipshikha Dhitopatra Karobar Co. Pvt Ltd.,2026-04-22 11:20:00.874396
2026042201007221,NBL,65,51,795,266.0,211470.0,Sharepro Securities Private Limited,Oxford Securities Pvt. Ltd.,2026-04-22 11:20:10.411938
2026042201008657,NBL,22,45,12,269.0,3228.0,Siprabi Securities Pvt. Ltd.,Imperial Securities Company Pvt. Ltd.,2026-04-22 11:23:23.493071
2026042201009215,NBL,65,1,200,267.1,53420.0,Sharepro Securities Private Limited,Kumari Securities Private Limited,2026-04-22 11:24:40.864485
2026042201009216,NBL,14,1,300,267.1,80130.0,Nepal Stock House (PVT) Ltd.,Kumari Securities Private Limited,2026-04-22 11:24:40.864603
2026042201009283,NBL,59,52,100,267.0,26700.0,Deevyaa Securities & Stock House Pvt. Ltd,Sundhara Securities Limited,2026-04-22 11:24:53.070833
2026042201009343,NBL,56,1,500,267.1,133550.0,Sri Hari Securities Pvt. Ltd.,Kumari Securities Private Limited,2026-04-22 11:25:04.120840
2026042201009855,NBL,45,58,61,267.1,16293.1,Imperial Securities Company Pvt. Ltd.,Naasa Securities Co. Ltd.,2026-04-22 11:27:07.001105
2026042201009909,NBL,65,6,38,269.0,10222.0,Sharepro Securities Private Limited,Agrawal Securities (PVT) Ltd.,2026-04-22 11:27:21.631842
2026042201009985,NBL,5,6,52,269.0,13988.0,Market Securities & Exchange (PVT) Ltd.,Agrawal Securities (PVT) Ltd.,2026-04-22 11:27:36.884377
2026042201009986,NBL,5,14,48,270.0,12960.0,Market Securities & Exchange (PVT) Ltd.,Nepal Stock House (PVT) Ltd.,2026-04-22 11:27:36.884486
2026042201010214,NBL,58,58,30,267.2,8016.0,Naasa Securities Co. Ltd.,Naasa Securities Co. Ltd.,2026-04-22 11:28:29.115780
2026042201010215,NBL,45,58,28,267.1,7478.8,Imperial Securities Company Pvt. Ltd.,Naasa Securities Co. Ltd.,2026-04-22 11:28:29.115883
2026042201010300,NBL,65,64,10,267.2,2672.0,Sharepro Securities Private Limited,SUN SECURITIES PVT LTD,2026-04-22 11:28:47.284076
2026042201011224,NBL,65,34,19,269.9,5128.1,Sharepro Securities Private Limited,Vision Securities Pvt. Ltd,2026-04-22 11:31:49.279434
2026042201011921,NBL,43,34,50,269.9,13495.0,South Asian Bulls Pvt. Ltd.,Vision Securities Pvt. Ltd,2026-04-22 11:33:52.785546
2026042201012426,NBL,1,34,20,269.9,5398.0,Kumari Securities Private Limited,Vision Securities Pvt. Ltd,2026-04-22 11:35:25.296907
2026042201013309,NBL,49,66,13,269.0,3497.0,Online Securities Pvt. Ltd.,Miyo Securities Pvt Ltd,2026-04-22 11:38:15.808786
2026042201013651,NBL,17,34,190,269.0,51110.0,ABC Securities Private Limited,Vision Securities Pvt. Ltd,2026-04-22 11:39:35.182988
2026042201013836,NBL,1,19,35,268.5,9397.5,Kumari Securities Private Limited,Nepal Investment And Securities Trading Private Limited,2026-04-22 11:40:23.097219
2026042201013866,NBL,58,19,15,268.5,4027.5,Naasa Securities Co. Ltd.,Nepal Investment And Securities Trading Private Limited,2026-04-22 11:40:27.646080
2026042201014035,NBL,58,42,685,269.0,184265.0,Naasa Securities Co. Ltd.,Sani Securities Company Ltd.,2026-04-22 11:41:05.986261
2026042201014036,NBL,44,42,100,269.0,26900.0,Dynamic Money Managers Securities Pvt. Ltd.,Sani Securities Company Ltd.,2026-04-22 11:41:05.986390
2026042201014229,NBL,65,42,19,269.0,5111.0,Sharepro Securities Private Limited,Sani Securities Company Ltd.,2026-04-22 11:41:33.633664
2026042201014375,NBL,57,34,50,268.2,13410.0,Aryatara Investment & Securities,Vision Securities Pvt. Ltd,2026-04-22 11:42:16.275803
2026042201014376,NBL,17,34,450,268.2,120690.0,ABC Securities Private Limited,Vision Securities Pvt. Ltd,2026-04-22 11:42:16.276044
2026042201014532,NBL,17,57,20,268.2,5364.0,ABC Securities Private Limited,Aryatara Investment & Securities,2026-04-22 11:42:56.598819
2026042201015085,NBL,48,42,100,269.0,26900.0,Trishakti Securities Public Limited,Sani Securities Company Ltd.,2026-04-22 11:44:48.303498
2026042201015122,NBL,65,42,37,269.0,9953.0,Sharepro Securities Private Limited,Sani Securities Company Ltd.,2026-04-22 11:44:58.171802
2026042201015187,NBL,17,42,100,268.2,26820.0,ABC Securities Private Limited,Sani Securities Company Ltd.,2026-04-22 11:45:06.325517
2026042201016949,NBL,17,70,430,268.2,115326.0,ABC Securities Private Limited,Infinity Securities Limited,2026-04-22 11:50:47.777150
2026042201016984,NBL,58,70,23,268.2,6168.6,Naasa Securities Co. Ltd.,Infinity Securities Limited,2026-04-22 11:50:56.990982
2026042201017020,NBL,57,70,45,268.2,12069.0,Aryatara Investment & Securities,Infinity Securities Limited,2026-04-22 11:51:03.734849
2026042201017196,NBL,65,7,1000,268.1,268100.0,Sharepro Securities Private Limited,J.F. Securites (PVT) Ltd.,2026-04-22 11:51:30.691245
2026042201017252,NBL,65,70,1702,268.1,456306.2,Sharepro Securities Private Limited,Infinity Securities Limited,2026-04-22 11:51:40.280117
2026042201017325,NBL,65,58,100,268.1,26810.0,Sharepro Securities Private Limited,Naasa Securities Co. Ltd.,2026-04-22 11:51:52.603532
2026042201017971,NBL,65,42,198,268.1,53083.8,Sharepro Securities Private Limited,Sani Securities Company Ltd.,2026-04-22 11:53:33.412602
2026042201018051,NBL,11,42,300,268.1,80430.0,Malla & Malla Stock Broking Company Pvt. Limited,Sani Securities Company Ltd.,2026-04-22 11:53:41.564207
2026042201018159,NBL,41,42,61,268.0,16348.0,Linch Stock Market Ltd.,Sani Securities Company Ltd.,2026-04-22 11:53:56.657520
2026042201018263,NBL,41,50,54,268.0,14472.0,Linch Stock Market Ltd.,Cristal Kanchanjanga Securites Pvt. Ltd.,2026-04-22 11:54:20.195886
2026042201018264,NBL,52,50,63,268.0,16884.0,Sundhara Securities Limited,Cristal Kanchanjanga Securites Pvt. Ltd.,2026-04-22 11:54:20.196055
2026042201018265,NBL,54,50,20,268.0,5360.0,Sewa Securities Pvt. Ltd.,Cristal Kanchanjanga Securites Pvt. Ltd.,2026-04-22 11:54:20.196132
2026042201018266,NBL,34,50,100,267.3,26730.0,Vision Securities Pvt. Ltd,Cristal Kanchanjanga Securites Pvt. Ltd.,2026-04-22 11:54:20.196188
2026042201018267,NBL,38,50,359,267.2,95924.8,Dipshikha Dhitopatra Karobar Co. Pvt Ltd.,Cristal Kanchanjanga Securites Pvt. Ltd.,2026-04-22 11:54:20.196246
2026042201018268,NBL,45,50,411,267.1,109778.1,Imperial Securities Company Pvt. Ltd.,Cristal Kanchanjanga Securites Pvt. Ltd.,2026-04-22 11:54:20.196303
2026042201018269,NBL,41,50,50,267.0,13350.0,Linch Stock Market Ltd.,Cristal Kanchanjanga Securites Pvt. Ltd.,2026-04-22 11:54:20.196359
2026042201018270,NBL,47,50,30,267.0,8010.0,Neev Securities Pvt. Ltd.,Cristal Kanchanjanga Securites Pvt. Ltd.,2026-04-22 11:54:20.196416
2026042201018271,NBL,17,50,1000,266.5,266500.0,ABC Securities Private Limited,Cristal Kanchanjanga Securites Pvt. Ltd.,2026-04-22 11:54:20.196468
2026042201018272,NBL,17,50,500,266.4,133200.0,ABC Securities Private Limited,Cristal Kanchanjanga Securites Pvt. Ltd.,2026-04-22 11:54:20.196535
2026042201018273,NBL,32,50,300,266.4,79920.0,Premier Securities Company Ltd.,Cristal Kanchanjanga Securites Pvt. Ltd.,2026-04-22 11:54:20.196588
2026042201018274,NBL,65,50,3188,266.3,848964.4,Sharepro Securities Private Limited,Cristal Kanchanjanga Securites Pvt. Ltd.,2026-04-22 11:54:20.196655
2026042201018729,NBL,11,57,100,267.0,26700.0,Malla & Malla Stock Broking Company Pvt. Limited,Aryatara Investment & Securities,2026-04-22 11:55:32.629819
2026042201019050,NBL,65,25,70,269.0,18830.0,Sharepro Securities Private Limited,Sweta Securities Private Limited,2026-04-22 11:56:26.373895
2026042201019051,NBL,65,58,23,269.0,6187.0,Sharepro Securities Private Limited,Naasa Securities Co. Ltd.,2026-04-22 11:56:26.374084
2026042201020390,NBL,38,26,1,269.0,269.0,Dipshikha Dhitopatra Karobar Co. Pvt Ltd.,Asian Securities Private Ltd.,2026-04-22 12:00:36.726519
2026042201020585,NBL,4,49,20,267.0,5340.0,Opal Securities Investment (PVT) Ltd.,Online Securities Pvt. Ltd.,2026-04-22 12:01:13.884377
2026042201020586,NBL,44,49,20,266.5,5330.0,Dynamic Money Managers Securities Pvt. Ltd.,Online Securities Pvt. Ltd.,2026-04-22 12:01:13.884652
2026042201020587,NBL,14,49,1000,266.5,266500.0,Nepal Stock House (PVT) Ltd.,Online Securities Pvt. Ltd.,2026-04-22 12:01:13.884821
2026042201020588,NBL,65,49,3960,266.4,1054944.0,Sharepro Securities Private Limited,Online Securities Pvt. Ltd.,2026-04-22 12:01:13.885000
2026042201021349,NBL,58,38,36,268.0,9648.0,Naasa Securities Co. Ltd.,Dipshikha Dhitopatra Karobar Co. Pvt Ltd.,2026-04-22 12:03:50.712121
2026042201022029,NBL,45,38,964,268.0,258352.0,Imperial Securities Company Pvt. Ltd.,Dipshikha Dhitopatra Karobar Co. Pvt Ltd.,2026-04-22 12:05:59.996135
2026042201022030,NBL,45,35,36,268.9,9680.4,Imperial Securities Company Pvt. Ltd.,Kohinoor Investment & Securities Pvt. Ltd.,2026-04-22 12:05:59.996405
2026042201022067,NBL,45,35,164,268.9,44099.6,Imperial Securities Company Pvt. Ltd.,Kohinoor Investment & Securities Pvt. Ltd.,2026-04-22 12:06:09.009474
2026042201022068,NBL,45,58,17,269.0,4573.0,Imperial Securities Company Pvt. Ltd.,Naasa Securities Co. Ltd.,2026-04-22 12:06:09.009611
2026042201022069,NBL,45,91,819,269.0,220311.0,Imperial Securities Company Pvt. Ltd.,Citizens Share Broker Limited,2026-04-22 12:06:09.009673
2026042201022117,NBL,45,91,181,269.0,48689.0,Imperial Securities Company Pvt. Ltd.,Citizens Share Broker Limited,2026-04-22 12:06:16.444180
2026042201022118,NBL,45,57,10,269.0,2690.0,Imperial Securities Company Pvt. Ltd.,Aryatara Investment & Securities,2026-04-22 12:06:16.444324
2026042201022119,NBL,45,29,798,269.0,214662.0,Imperial Securities Company Pvt. Ltd.,Trisul Securities & Invt. Ltd.,2026-04-22 12:06:16.444383
2026042201022120,NBL,45,58,11,269.0,2959.0,Imperial Securities Company Pvt. Ltd.,Naasa Securities Co. Ltd.,2026-04-22 12:06:16.444444
2026042201022875,NBL,7,32,8,263.0,2104.0,J.F. Securites (PVT) Ltd.,Premier Securities Company Ltd.,2026-04-22 12:08:31.946656
2026042201025751,NBL,72,34,800,268.0,214400.0,Hatemalo Financial Services Private Limited,Vision Securities Pvt. Ltd,2026-04-22 12:18:39.855998
2026042201026195,NBL,45,1,100,268.9,26890.0,Imperial Securities Company Pvt. Ltd.,Kumari Securities Private Limited,2026-04-22 12:20:08.513116
2026042201026196,NBL,45,35,100,268.9,26890.0,Imperial Securities Company Pvt. Ltd.,Kohinoor Investment & Securities Pvt. Ltd.,2026-04-22 12:20:08.513417
2026042201026197,NBL,45,58,239,269.0,64291.0,Imperial Securities Company Pvt. Ltd.,Naasa Securities Co. Ltd.,2026-04-22 12:20:08.513625
2026042201026198,NBL,45,57,1120,269.0,301280.0,Imperial Securities Company Pvt. Ltd.,Aryatara Investment & Securities,2026-04-22 12:20:08.513824
2026042201026199,NBL,45,91,441,269.0,118629.0,Imperial Securities Company Pvt. Ltd.,Citizens Share Broker Limited,2026-04-22 12:20:08.514008
2026042201026294,NBL,38,14,116,268.1,31099.6,Dipshikha Dhitopatra Karobar Co. Pvt Ltd.,Nepal Stock House (PVT) Ltd.,2026-04-22 12:20:25.903302
2026042201026329,NBL,38,57,200,268.1,53620.0,Dipshikha Dhitopatra Karobar Co. Pvt Ltd.,Aryatara Investment & Securities,2026-04-22 12:20:32.979728
2026042201027017,NBL,38,49,429,268.1,115014.9,Dipshikha Dhitopatra Karobar Co. Pvt Ltd.,Online Securities Pvt. Ltd.,2026-04-22 12:23:00.305998
2026042201027018,NBL,72,49,71,268.0,19028.0,Hatemalo Financial Services Private Limited,Online Securities Pvt. Ltd.,2026-04-22 12:23:00.306151
2026042201027538,NBL,57,91,15,269.0,4035.0,Aryatara Investment & Securities,Citizens Share Broker Limited,2026-04-22 12:24:52.346975
2026042201027651,NBL,17,91,100,269.0,26900.0,ABC Securities Private Limited,Citizens Share Broker Limited,2026-04-22 12:25:23.061927
2026042201028164,NBL,72,4,129,268.0,34572.0,Hatemalo Financial Services Private Limited,Opal Securities Investment (PVT) Ltd.,2026-04-22 12:26:42.772378
2026042201028165,NBL,39,4,100,268.0,26800.0,Sumeru Securities Pvt. Ltd.,Opal Securities Investment (PVT) Ltd.,2026-04-22 12:26:42.772613
2026042201028281,NBL,62,1,20,267.0,5340.0,Capital Max Securities Ltd,Kumari Securities Private Limited,2026-04-22 12:27:10.539254
2026042201028386,NBL,1,35,30,266.7,8001.0,Kumari Securities Private Limited,Kohinoor Investment & Securities Pvt. Ltd.,2026-04-22 12:27:31.192394
2026042201028387,NBL,42,35,300,266.4,79920.0,Sani Securities Company Ltd.,Kohinoor Investment & Securities Pvt. Ltd.,2026-04-22 12:27:31.192720
2026042201028388,NBL,99,35,100,266.4,26640.0,Prabhu Stock Market Limited,Kohinoor Investment & Securities Pvt. Ltd.,2026-04-22 12:27:31.192928
2026042201028389,NBL,54,35,10,266.3,2663.0,Sewa Securities Pvt. Ltd.,Kohinoor Investment & Securities Pvt. Ltd.,2026-04-22 12:27:31.193151
2026042201028390,NBL,14,35,500,266.1,133050.0,Nepal Stock House (PVT) Ltd.,Kohinoor Investment & Securities Pvt. Ltd.,2026-04-22 12:27:31.193339
2026042201028391,NBL,59,35,60,266.0,15960.0,Deevyaa Securities & Stock House Pvt. Ltd,Kohinoor Investment & Securities Pvt. Ltd.,2026-04-22 12:27:31.193536
2026042201028483,NBL,34,49,200,266.1,53220.0,Vision Securities Pvt. Ltd,Online Securities Pvt. Ltd.,2026-04-22 12:27:48.558078
2026042201028484,NBL,59,49,340,266.0,90440.0,Deevyaa Securities & Stock House Pvt. Ltd,Online Securities Pvt. Ltd.,2026-04-22 12:27:48.558225
2026042201028485,NBL,74,49,10,266.0,2660.0,KALASH STOCK MARKET PVT. LTD.,Online Securities Pvt. Ltd.,2026-04-22 12:27:48.558309
2026042201028486,NBL,29,49,380,266.0,101080.0,Trisul Securities & Invt. Ltd.,Online Securities Pvt. Ltd.,2026-04-22 12:27:48.558370
2026042201028515,NBL,62,1,40,267.0,10680.0,Capital Max Securities Ltd,Kumari Securities Private Limited,2026-04-22 12:27:52.610188
2026042201028584,NBL,29,47,10,266.0,2660.0,Trisul Securities & Invt. Ltd.,Neev Securities Pvt. Ltd.,2026-04-22 12:28:09.865754
2026042201028591,NBL,38,1,30,267.0,8010.0,Dipshikha Dhitopatra Karobar Co. Pvt Ltd.,Kumari Securities Private Limited,2026-04-22 12:28:12.004712
2026042201028780,NBL,13,1,10,267.0,2670.0,Thrive Brokerage House Pvt. Ltd,Kumari Securities Private Limited,2026-04-22 12:28:54.835101
2026042201029261,NBL,13,14,990,267.0,264330.0,Thrive Brokerage House Pvt. Ltd,Nepal Stock House (PVT) Ltd.,2026-04-22 12:30:11.902260
2026042201029311,NBL,72,14,10,267.0,2670.0,Hatemalo Financial Services Private Limited,Nepal Stock House (PVT) Ltd.,2026-04-22 12:30:25.420118
2026042201029486,NBL,49,4,100,268.0,26800.0,Online Securities Pvt. Ltd.,Opal Securities Investment (PVT) Ltd.,2026-04-22 12:30:58.592021
2026042201029863,NBL,60,4,94,268.0,25192.0,Nagarik Stock Dealer ,Opal Securities Investment (PVT) Ltd.,2026-04-22 12:31:45.231963
2026042201029910,NBL,45,4,500,268.0,134000.0,Imperial Securities Company Pvt. Ltd.,Opal Securities Investment (PVT) Ltd.,2026-04-22 12:31:53.810430
2026042201030001,NBL,72,4,77,268.0,20636.0,Hatemalo Financial Services Private Limited,Opal Securities Investment (PVT) Ltd.,2026-04-22 12:32:09.859417
2026042201030002,NBL,72,58,10,268.0,2680.0,Hatemalo Financial Services Private Limited,Naasa Securities Co. Ltd.,2026-04-22 12:32:09.859572
2026042201031205,NBL,17,91,44,269.0,11836.0,ABC Securities Private Limited,Citizens Share Broker Limited,2026-04-22 12:35:12.871691
2026042201031206,NBL,17,45,50,269.0,13450.0,ABC Securities Private Limited,Imperial Securities Company Pvt. Ltd.,2026-04-22 12:35:12.871926
2026042201031207,NBL,17,45,50,269.9,13495.0,ABC Securities Private Limited,Imperial Securities Company Pvt. Ltd.,2026-04-22 12:35:12.871998
2026042201031208,NBL,17,36,356,269.9,96084.4,ABC Securities Private Limited,Secured Securities Ltd.,2026-04-22 12:35:12.872075
2026042201031641,NBL,45,36,144,269.9,38865.6,Imperial Securities Company Pvt. Ltd.,Secured Securities Ltd.,2026-04-22 12:36:40.928371
2026042201031642,NBL,45,59,40,270.0,10800.0,Imperial Securities Company Pvt. Ltd.,Deevyaa Securities & Stock House Pvt. Ltd,2026-04-22 12:36:40.928672
2026042201031643,NBL,45,10,1000,270.0,270000.0,Imperial Securities Company Pvt. Ltd.,Pragyan Securities (PVT) Ltd.,2026-04-22 12:36:40.928874
2026042201031644,NBL,45,58,10,270.0,2700.0,Imperial Securities Company Pvt. Ltd.,Naasa Securities Co. Ltd.,2026-04-22 12:36:40.929084
2026042201031645,NBL,45,58,10,270.0,2700.0,Imperial Securities Company Pvt. Ltd.,Naasa Securities Co. Ltd.,2026-04-22 12:36:40.929284
2026042201031646,NBL,45,91,200,270.0,54000.0,Imperial Securities Company Pvt. Ltd.,Citizens Share Broker Limited,2026-04-22 12:36:40.929467
2026042201031647,NBL,45,38,300,270.0,81000.0,Imperial Securities Company Pvt. Ltd.,Dipshikha Dhitopatra Karobar Co. Pvt Ltd.,2026-04-22 12:36:40.929673
2026042201031648,NBL,45,58,250,270.0,67500.0,Imperial Securities Company Pvt. Ltd.,Naasa Securities Co. Ltd.,2026-04-22 12:36:40.929854
2026042201031649,NBL,45,44,50,270.0,13500.0,Imperial Securities Company Pvt. Ltd.,Dynamic Money Managers Securities Pvt. Ltd.,2026-04-22 12:36:40.930054
2026042201031650,NBL,45,42,147,270.0,39690.0,Imperial Securities Company Pvt. Ltd.,Sani Securities Company Ltd.,2026-04-22 12:36:40.930233
2026042201031651,NBL,45,38,200,270.0,54000.0,Imperial Securities Company Pvt. Ltd.,Dipshikha Dhitopatra Karobar Co. Pvt Ltd.,2026-04-22 12:36:40.930410
2026042201031652,NBL,45,94,100,270.0,27000.0,Imperial Securities Company Pvt. Ltd.,K.B.L. Securities Limited ,2026-04-22 12:36:40.930588
2026042201031653,NBL,45,42,10,270.0,2700.0,Imperial Securities Company Pvt. Ltd.,Sani Securities Company Ltd.,2026-04-22 12:36:40.930763
2026042201031654,NBL,45,90,39,270.0,10530.0,Imperial Securities Company Pvt. Ltd.,Sajilo Broker Limited,2026-04-22 12:36:40.930927
2026042201031687,NBL,72,90,111,270.0,29970.0,Hatemalo Financial Services Private Limited,Sajilo Broker Limited,2026-04-22 12:36:50.789604
2026042201031826,NBL,45,91,200,271.0,54200.0,Imperial Securities Company Pvt. Ltd.,Citizens Share Broker Limited,2026-04-22 12:37:02.931397
2026042201031827,NBL,45,43,600,271.9,163140.0,Imperial Securities Company Pvt. Ltd.,South Asian Bulls Pvt. Ltd.,2026-04-22 12:37:02.931703
2026042201031828,NBL,45,38,233,272.0,63376.0,Imperial Securities Company Pvt. Ltd.,Dipshikha Dhitopatra Karobar Co. Pvt Ltd.,2026-04-22 12:37:02.931909
2026042201031829,NBL,45,36,50,272.0,13600.0,Imperial Securities Company Pvt. Ltd.,Secured Securities Ltd.,2026-04-22 12:37:02.932114
2026042201031830,NBL,45,41,150,272.0,40800.0,Imperial Securities Company Pvt. Ltd.,Linch Stock Market Ltd.,2026-04-22 12:37:02.932317
2026042201031831,NBL,45,13,150,272.0,40800.0,Imperial Securities Company Pvt. Ltd.,Thrive Brokerage House Pvt. Ltd,2026-04-22 12:37:02.932517
2026042201031832,NBL,45,58,70,272.0,19040.0,Imperial Securities Company Pvt. Ltd.,Naasa Securities Co. Ltd.,2026-04-22 12:37:02.932708
2026042201031833,NBL,45,48,500,273.0,136500.0,Imperial Securities Company Pvt. Ltd.,Trishakti Securities Public Limited,2026-04-22 12:37:02.932907
2026042201031834,NBL,45,57,47,273.0,12831.0,Imperial Securities Company Pvt. Ltd.,Aryatara Investment & Securities,2026-04-22 12:37:02.933107
2026042201033894,NBL,56,38,10,272.0,2720.0,Sri Hari Securities Pvt. Ltd.,Dipshikha Dhitopatra Karobar Co. Pvt Ltd.,2026-04-22 12:46:36.976998
2026042201034143,NBL,58,51,50,271.9,13595.0,Naasa Securities Co. Ltd.,Oxford Securities Pvt. Ltd.,2026-04-22 12:48:33.521295
2026042201034201,NBL,41,45,200,268.0,53600.0,Linch Stock Market Ltd.,Imperial Securities Company Pvt. Ltd.,2026-04-22 12:48:56.869671
2026042201034202,NBL,17,45,800,268.0,214400.0,ABC Securities Private Limited,Imperial Securities Company Pvt. Ltd.,2026-04-22 12:48:56.870056
2026042201034348,NBL,45,48,10,270.0,2700.0,Imperial Securities Company Pvt. Ltd.,Trishakti Securities Public Limited,2026-04-22 12:50:01.236403
2026042201034777,NBL,42,48,10,270.0,2700.0,Sani Securities Company Ltd.,Trishakti Securities Public Limited,2026-04-22 12:52:53.434288
2026042201035155,NBL,58,48,75,270.0,20250.0,Naasa Securities Co. Ltd.,Trishakti Securities Public Limited,2026-04-22 12:55:04.519479
2026042201035178,NBL,49,48,20,270.0,5400.0,Online Securities Pvt. Ltd.,Trishakti Securities Public Limited,2026-04-22 12:55:11.189301
2026042201035291,NBL,58,48,13,270.0,3510.0,Naasa Securities Co. Ltd.,Trishakti Securities Public Limited,2026-04-22 12:55:52.683408
2026042201035301,NBL,48,48,104,270.0,28080.0,Trishakti Securities Public Limited,Trishakti Securities Public Limited,2026-04-22 12:55:57.856456
2026042201035302,NBL,48,45,11,270.0,2970.0,Trishakti Securities Public Limited,Imperial Securities Company Pvt. Ltd.,2026-04-22 12:55:57.856813
2026042201035303,NBL,48,45,115,270.0,31050.0,Trishakti Securities Public Limited,Imperial Securities Company Pvt. Ltd.,2026-04-22 12:55:57.857021
2026042201035304,NBL,48,49,270,270.0,72900.0,Trishakti Securities Public Limited,Online Securities Pvt. Ltd.,2026-04-22 12:55:57.857261
2026042201036063,NBL,16,49,40,270.0,10800.0,Primo Securities (PVT) Ltd.,Online Securities Pvt. Ltd.,2026-04-22 12:59:21.301767
2026042201037494,NBL,49,34,6,263.0,1578.0,Online Securities Pvt. Ltd.,Vision Securities Pvt. Ltd,2026-04-22 13:07:20.604853
2026042201037666,NBL,49,39,7,268.0,1876.0,Online Securities Pvt. Ltd.,Sumeru Securities Pvt. Ltd.,2026-04-22 13:08:38.151632
2026042201038353,NBL,57,49,90,270.0,24300.0,Aryatara Investment & Securities,Online Securities Pvt. Ltd.,2026-04-22 13:12:25.609826
2026042201038354,NBL,57,52,14,270.0,3780.0,Aryatara Investment & Securities,Sundhara Securities Limited,2026-04-22 13:12:25.610217
2026042201038404,NBL,65,52,19,270.0,5130.0,Sharepro Securities Private Limited,Sundhara Securities Limited,2026-04-22 13:12:43.695749
2026042201038722,NBL,17,52,10,270.0,2700.0,ABC Securities Private Limited,Sundhara Securities Limited,2026-04-22 13:15:23.454866
2026042201038891,NBL,17,52,60,270.0,16200.0,ABC Securities Private Limited,Sundhara Securities Limited,2026-04-22 13:16:41.502566
2026042201039681,NBL,57,77,20,270.0,5400.0,Aryatara Investment & Securities,Nabil Stock Dealer Ltd.,2026-04-22 13:21:18.580855
2026042201040621,NBL,5,45,130,271.0,35230.0,Market Securities & Exchange (PVT) Ltd.,Imperial Securities Company Pvt. Ltd.,2026-04-22 13:26:24.033841
2026042201040938,NBL,82,45,20,271.0,5420.0,N.M.B. SECURITIES LIMITED,Imperial Securities Company Pvt. Ltd.,2026-04-22 13:27:52.251641
2026042201041078,NBL,57,58,60,270.0,16200.0,Aryatara Investment & Securities,Naasa Securities Co. Ltd.,2026-04-22 13:29:05.898696
2026042201041111,NBL,42,58,20,269.0,5380.0,Sani Securities Company Ltd.,Naasa Securities Co. Ltd.,2026-04-22 13:29:21.054607
2026042201041133,NBL,17,58,55,268.0,14740.0,ABC Securities Private Limited,Naasa Securities Co. Ltd.,2026-04-22 13:29:33.028400
2026042201042135,NBL,45,48,10,270.7,2707.0,Imperial Securities Company Pvt. Ltd.,Trishakti Securities Public Limited,2026-04-22 13:36:05.056579
2026042201042380,NBL,29,16,1,268.0,268.0,Trisul Securities & Invt. Ltd.,Primo Securities (PVT) Ltd.,2026-04-22 13:37:45.401797
2026042201042547,NBL,42,58,20,270.0,5400.0,Sani Securities Company Ltd.,Naasa Securities Co. Ltd.,2026-04-22 13:38:57.864536
2026042201042583,NBL,17,58,145,268.0,38860.0,ABC Securities Private Limited,Naasa Securities Co. Ltd.,2026-04-22 13:39:11.564680
2026042201042584,NBL,38,58,10,268.0,2680.0,Dipshikha Dhitopatra Karobar Co. Pvt Ltd.,Naasa Securities Co. Ltd.,2026-04-22 13:39:11.565045
2026042201042585,NBL,49,58,70,268.0,18760.0,Online Securities Pvt. Ltd.,Naasa Securities Co. Ltd.,2026-04-22 13:39:11.565352
2026042201042586,NBL,48,58,200,268.0,53600.0,Trishakti Securities Public Limited,Naasa Securities Co. Ltd.,2026-04-22 13:39:11.565600
2026042201042587,NBL,54,58,10,268.0,2680.0,Sewa Securities Pvt. Ltd.,Naasa Securities Co. Ltd.,2026-04-22 13:39:11.565900
2026042201042588,NBL,22,58,16,268.0,4288.0,Siprabi Securities Pvt. Ltd.,Naasa Securities Co. Ltd.,2026-04-22 13:39:11.566278
2026042201042792,NBL,58,58,45,268.0,12060.0,Naasa Securities Co. Ltd.,Naasa Securities Co. Ltd.,2026-04-22 13:40:54.642677
2026042201043290,NBL,32,58,50,267.1,13355.0,Premier Securities Company Ltd.,Naasa Securities Co. Ltd.,2026-04-22 13:44:08.887198
2026042201043291,NBL,99,58,300,267.1,80130.0,Prabhu Stock Market Limited,Naasa Securities Co. Ltd.,2026-04-22 13:44:08.887466
2026042201043292,NBL,7,58,500,267.1,133550.0,J.F. Securites (PVT) Ltd.,Naasa Securities Co. Ltd.,2026-04-22 13:44:08.887545
2026042201043293,NBL,26,58,130,267.0,34710.0,Asian Securities Private Ltd.,Naasa Securities Co. Ltd.,2026-04-22 13:44:08.887641
2026042201043303,NBL,26,58,225,267.0,60075.0,Asian Securities Private Ltd.,Naasa Securities Co. Ltd.,2026-04-22 13:44:17.427474
2026042201043304,NBL,14,58,100,267.0,26700.0,Nepal Stock House (PVT) Ltd.,Naasa Securities Co. Ltd.,2026-04-22 13:44:17.427668
2026042201043305,NBL,67,58,30,267.0,8010.0,Property Wiard Limited,Naasa Securities Co. Ltd.,2026-04-22 13:44:17.427750
2026042201043348,NBL,14,58,149,266.6,39723.4,Nepal Stock House (PVT) Ltd.,Naasa Securities Co. Ltd.,2026-04-22 13:44:39.985736
2026042201043787,NBL,44,35,10,268.0,2680.0,Dynamic Money Managers Securities Pvt. Ltd.,Kohinoor Investment & Securities Pvt. Ltd.,2026-04-22 13:47:42.587288
2026042201043894,NBL,56,44,1010,267.0,269670.0,Sri Hari Securities Pvt. Ltd.,Dynamic Money Managers Securities Pvt. Ltd.,2026-04-22 13:48:31.871885
2026042201043895,NBL,44,44,10,266.8,2668.0,Dynamic Money Managers Securities Pvt. Ltd.,Dynamic Money Managers Securities Pvt. Ltd.,2026-04-22 13:48:31.871937
2026042201043896,NBL,7,44,500,266.7,133350.0,J.F. Securites (PVT) Ltd.,Dynamic Money Managers Securities Pvt. Ltd.,2026-04-22 13:48:31.871970
2026042201043897,NBL,58,44,10,266.7,2667.0,Naasa Securities Co. Ltd.,Dynamic Money Managers Securities Pvt. Ltd.,2026-04-22 13:48:31.871991
2026042201043898,NBL,14,44,351,266.6,93576.6,Nepal Stock House (PVT) Ltd.,Dynamic Money Managers Securities Pvt. Ltd.,2026-04-22 13:48:31.872013
2026042201043899,NBL,44,44,153,266.6,40789.8,Dynamic Money Managers Securities Pvt. Ltd.,Dynamic Money Managers Securities Pvt. Ltd.,2026-04-22 13:48:31.872054
2026042201046323,NBL,45,35,15,268.0,4020.0,Imperial Securities Company Pvt. Ltd.,Kohinoor Investment & Securities Pvt. Ltd.,2026-04-22 14:03:39.650048
2026042201047052,NBL,57,45,50,270.0,13500.0,Aryatara Investment & Securities,Imperial Securities Company Pvt. Ltd.,2026-04-22 14:07:32.409268
2026042201047053,NBL,57,45,50,270.0,13500.0,Aryatara Investment & Securities,Imperial Securities Company Pvt. Ltd.,2026-04-22 14:07:32.409648
2026042201047172,NBL,57,65,20,268.1,5362.0,Aryatara Investment & Securities,Sharepro Securities Private Limited,2026-04-22 14:08:10.212838
2026042201047706,NBL,34,1,100,270.0,27000.0,Vision Securities Pvt. Ltd,Kumari Securities Private Limited,2026-04-22 14:11:20.062071
2026042201047738,NBL,34,1,248,270.5,67084.0,Vision Securities Pvt. Ltd,Kumari Securities Private Limited,2026-04-22 14:11:30.755565
2026042201047796,NBL,34,48,252,270.7,68216.4,Vision Securities Pvt. Ltd,Trishakti Securities Public Limited,2026-04-22 14:11:56.429984
2026042201048513,NBL,58,1,10,270.0,2700.0,Naasa Securities Co. Ltd.,Kumari Securities Private Limited,2026-04-22 14:16:08.594795
2026042201049020,NBL,49,36,1,267.1,267.1,Online Securities Pvt. Ltd.,Secured Securities Ltd.,2026-04-22 14:19:08.815201
2026042201049040,NBL,49,16,1,268.0,268.0,Online Securities Pvt. Ltd.,Primo Securities (PVT) Ltd.,2026-04-22 14:19:17.992235
2026042201049157,NBL,45,58,100,268.0,26800.0,Imperial Securities Company Pvt. Ltd.,Naasa Securities Co. Ltd.,2026-04-22 14:20:07.119726
2026042201049216,NBL,45,58,34,268.0,9112.0,Imperial Securities Company Pvt. Ltd.,Naasa Securities Co. Ltd.,2026-04-22 14:20:39.305389
2026042201049217,NBL,46,58,120,268.0,32160.0,Kalika Securities Pvt. Ltd.,Naasa Securities Co. Ltd.,2026-04-22 14:20:39.305776
2026042201049254,NBL,8,58,36,267.2,9619.2,Brilliant Securities Pvt. Ltd.,Naasa Securities Co. Ltd.,2026-04-22 14:20:52.703019
2026042201049675,NBL,33,33,7400,269.5,1994300.0,Dakshinkali Investment & Securities Pvt. Ltd.,Dakshinkali Investment & Securities Pvt. Ltd.,2026-04-22 14:23:08.309457
2026042201050118,NBL,33,33,7000,269.5,1886500.0,Dakshinkali Investment & Securities Pvt. Ltd.,Dakshinkali Investment & Securities Pvt. Ltd.,2026-04-22 14:25:34.970570
2026042201050299,NBL,14,26,100,269.0,26900.0,Nepal Stock House (PVT) Ltd.,Asian Securities Private Ltd.,2026-04-22 14:26:21.073584
2026042201052173,NBL,57,51,35,269.0,9415.0,Aryatara Investment & Securities,Oxford Securities Pvt. Ltd.,2026-04-22 14:34:06.569648
2026042201052374,NBL,60,51,427,269.0,114863.0,Nagarik Stock Dealer ,Oxford Securities Pvt. Ltd.,2026-04-22 14:34:41.666157
2026042201052375,NBL,60,1,73,269.0,19637.0,Nagarik Stock Dealer ,Kumari Securities Private Limited,2026-04-22 14:34:41.666404
2026042201052450,NBL,58,1,25,269.0,6725.0,Naasa Securities Co. Ltd.,Kumari Securities Private Limited,2026-04-22 14:34:55.612453
2026042201052996,NBL,33,42,232,269.5,62524.0,Dakshinkali Investment & Securities Pvt. Ltd.,Sani Securities Company Ltd.,2026-04-22 14:37:09.053521
2026042201053052,NBL,10,42,200,269.8,53960.0,Pragyan Securities (PVT) Ltd.,Sani Securities Company Ltd.,2026-04-22 14:37:29.889419
2026042201053318,NBL,57,14,2,270.0,540.0,Aryatara Investment & Securities,Nepal Stock House (PVT) Ltd.,2026-04-22 14:38:35.287940
2026042201053505,NBL,45,42,300,269.8,80940.0,Imperial Securities Company Pvt. Ltd.,Sani Securities Company Ltd.,2026-04-22 14:39:05.667101
2026042201053506,NBL,45,45,50,269.9,13495.0,Imperial Securities Company Pvt. Ltd.,Imperial Securities Company Pvt. Ltd.,2026-04-22 14:39:05.667334
2026042201053507,NBL,45,1,190,270.0,51300.0,Imperial Securities Company Pvt. Ltd.,Kumari Securities Private Limited,2026-04-22 14:39:05.667431
2026042201053508,NBL,45,65,2000,270.0,540000.0,Imperial Securities Company Pvt. Ltd.,Sharepro Securities Private Limited,2026-04-22 14:39:05.667522
2026042201053509,NBL,45,45,156,270.0,42120.0,Imperial Securities Company Pvt. Ltd.,Imperial Securities Company Pvt. Ltd.,2026-04-22 14:39:05.667610
2026042201053510,NBL,45,58,304,270.0,82080.0,Imperial Securities Company Pvt. Ltd.,Naasa Securities Co. Ltd.,2026-04-22 14:39:05.667722
2026042201053936,NBL,49,57,6,269.0,1614.0,Online Securities Pvt. Ltd.,Aryatara Investment & Securities,2026-04-22 14:40:02.280903
2026042201054012,NBL,49,1,2,269.0,538.0,Online Securities Pvt. Ltd.,Kumari Securities Private Limited,2026-04-22 14:40:13.671037
2026042201054013,NBL,32,58,245,270.0,66150.0,Premier Securities Company Ltd.,Naasa Securities Co. Ltd.,2026-04-22 14:40:13.790424
2026042201054014,NBL,32,50,755,270.0,203850.0,Premier Securities Company Ltd.,Cristal Kanchanjanga Securites Pvt. Ltd.,2026-04-22 14:40:13.790848
2026042201054155,NBL,68,50,245,270.0,66150.0,Elite Stock House Limited,Cristal Kanchanjanga Securites Pvt. Ltd.,2026-04-22 14:40:23.238619
2026042201054876,NBL,26,1,100,270.1,27010.0,Asian Securities Private Ltd.,Kumari Securities Private Limited,2026-04-22 14:41:22.269047
2026042201055006,NBL,49,65,1000,270.2,270200.0,Online Securities Pvt. Ltd.,Sharepro Securities Private Limited,2026-04-22 14:41:37.646175
2026042201055057,NBL,68,65,255,270.2,68901.0,Elite Stock House Limited,Sharepro Securities Private Limited,2026-04-22 14:41:43.399538
2026042201055249,NBL,43,65,600,270.2,162120.0,South Asian Bulls Pvt. Ltd.,Sharepro Securities Private Limited,2026-04-22 14:42:04.170683
2026042201055997,NBL,57,65,40,270.2,10808.0,Aryatara Investment & Securities,Sharepro Securities Private Limited,2026-04-22 14:43:16.569586
2026042201056313,NBL,74,65,105,270.2,28371.0,KALASH STOCK MARKET PVT. LTD.,Sharepro Securities Private Limited,2026-04-22 14:43:54.675167
2026042201056314,NBL,74,48,195,270.2,52689.0,KALASH STOCK MARKET PVT. LTD.,Trishakti Securities Public Limited,2026-04-22 14:43:54.675532
2026042201056538,NBL,58,48,443,270.2,119698.6,Naasa Securities Co. Ltd.,Trishakti Securities Public Limited,2026-04-22 14:44:27.813782
2026042201056539,NBL,58,65,2000,270.3,540600.0,Naasa Securities Co. Ltd.,Sharepro Securities Private Limited,2026-04-22 14:44:27.814194
2026042201056540,NBL,58,41,250,270.3,67575.0,Naasa Securities Co. Ltd.,Linch Stock Market Ltd.,2026-04-22 14:44:27.814460
2026042201056541,NBL,58,65,2000,270.4,540800.0,Naasa Securities Co. Ltd.,Sharepro Securities Private Limited,2026-04-22 14:44:27.814712
2026042201056542,NBL,58,65,2000,270.5,541000.0,Naasa Securities Co. Ltd.,Sharepro Securities Private Limited,2026-04-22 14:44:27.814979
2026042201056543,NBL,58,5,500,271.0,135500.0,Naasa Securities Co. Ltd.,Market Securities & Exchange (PVT) Ltd.,2026-04-22 14:44:27.815259
2026042201056544,NBL,58,38,990,271.0,268290.0,Naasa Securities Co. Ltd.,Dipshikha Dhitopatra Karobar Co. Pvt Ltd.,2026-04-22 14:44:27.815511
2026042201056545,NBL,58,38,300,271.6,81480.0,Naasa Securities Co. Ltd.,Dipshikha Dhitopatra Karobar Co. Pvt Ltd.,2026-04-22 14:44:27.815762
2026042201056546,NBL,58,14,500,271.6,135800.0,Naasa Securities Co. Ltd.,Nepal Stock House (PVT) Ltd.,2026-04-22 14:44:27.816014
2026042201056547,NBL,58,36,500,271.9,135950.0,Naasa Securities Co. Ltd.,Secured Securities Ltd.,2026-04-22 14:44:27.816285
2026042201056548,NBL,58,52,517,272.0,140624.0,Naasa Securities Co. Ltd.,Sundhara Securities Limited,2026-04-22 14:44:27.816542
2026042201057325,NBL,11,52,20,272.0,5440.0,Malla & Malla Stock Broking Company Pvt. Limited,Sundhara Securities Limited,2026-04-22 14:45:16.191005
2026042201057392,NBL,49,58,3,269.9,809.7,Online Securities Pvt. Ltd.,Naasa Securities Co. Ltd.,2026-04-22 14:45:23.359169
2026042201057471,NBL,49,48,8,270.0,2160.0,Online Securities Pvt. Ltd.,Trishakti Securities Public Limited,2026-04-22 14:45:35.249429
2026042201057772,NBL,14,52,44,272.0,11968.0,Nepal Stock House (PVT) Ltd.,Sundhara Securities Limited,2026-04-22 14:46:14.026700
2026042201057773,NBL,14,22,40,272.0,10880.0,Nepal Stock House (PVT) Ltd.,Siprabi Securities Pvt. Ltd.,2026-04-22 14:46:14.027135
2026042201057774,NBL,14,45,190,272.0,51680.0,Nepal Stock House (PVT) Ltd.,Imperial Securities Company Pvt. Ltd.,2026-04-22 14:46:14.027389
2026042201057775,NBL,14,45,100,272.0,27200.0,Nepal Stock House (PVT) Ltd.,Imperial Securities Company Pvt. Ltd.,2026-04-22 14:46:14.027637
2026042201057776,NBL,14,32,232,272.0,63104.0,Nepal Stock House (PVT) Ltd.,Premier Securities Company Ltd.,2026-04-22 14:46:14.027882
2026042201057777,NBL,14,42,12,272.0,3264.0,Nepal Stock House (PVT) Ltd.,Sani Securities Company Ltd.,2026-04-22 14:46:14.028165
2026042201057778,NBL,14,35,120,272.0,32640.0,Nepal Stock House (PVT) Ltd.,Kohinoor Investment & Securities Pvt. Ltd.,2026-04-22 14:46:14.028410
2026042201057779,NBL,14,44,200,272.0,54400.0,Nepal Stock House (PVT) Ltd.,Dynamic Money Managers Securities Pvt. Ltd.,2026-04-22 14:46:14.028671
2026042201057897,NBL,58,17,100,272.6,27260.0,Naasa Securities Co. Ltd.,ABC Securities Private Limited,2026-04-22 14:46:29.409903
2026042201058608,NBL,26,17,150,272.6,40890.0,Asian Securities Private Ltd.,ABC Securities Private Limited,2026-04-22 14:47:54.432875
2026042201059071,NBL,48,17,750,272.6,204450.0,Trishakti Securities Public Limited,ABC Securities Private Limited,2026-04-22 14:48:50.194884
2026042201059072,NBL,48,14,100,272.6,27260.0,Trishakti Securities Public Limited,Nepal Stock House (PVT) Ltd.,2026-04-22 14:48:50.195075
2026042201059639,NBL,58,50,10,272.7,2727.0,Naasa Securities Co. Ltd.,Cristal Kanchanjanga Securites Pvt. Ltd.,2026-04-22 14:50:29.628814
2026042201059760,NBL,16,50,90,272.7,24543.0,Primo Securities (PVT) Ltd.,Cristal Kanchanjanga Securites Pvt. Ltd.,2026-04-22 14:50:45.479691
2026042201059761,NBL,16,81,1000,272.9,272900.0,Primo Securities (PVT) Ltd.,Aakashbhairab Securities Ltd.,2026-04-22 14:50:45.479874
2026042201059762,NBL,16,35,100,272.9,27290.0,Primo Securities (PVT) Ltd.,Kohinoor Investment & Securities Pvt. Ltd.,2026-04-22 14:50:45.479962
2026042201059763,NBL,16,50,1000,273.0,273000.0,Primo Securities (PVT) Ltd.,Cristal Kanchanjanga Securites Pvt. Ltd.,2026-04-22 14:50:45.480056
2026042201059764,NBL,16,49,100,273.0,27300.0,Primo Securities (PVT) Ltd.,Online Securities Pvt. Ltd.,2026-04-22 14:50:45.480143
2026042201059765,NBL,16,32,200,273.0,54600.0,Primo Securities (PVT) Ltd.,Premier Securities Company Ltd.,2026-04-22 14:50:45.480238
2026042201059766,NBL,16,41,410,273.0,111930.0,Primo Securities (PVT) Ltd.,Linch Stock Market Ltd.,2026-04-22 14:50:45.480327
2026042201059767,NBL,16,41,100,273.0,27300.0,Primo Securities (PVT) Ltd.,Linch Stock Market Ltd.,2026-04-22 14:50:45.480411
2026042201060028,NBL,4,41,500,273.0,136500.0,Opal Securities Investment (PVT) Ltd.,Linch Stock Market Ltd.,2026-04-22 14:51:03.948685
2026042201060029,NBL,4,6,250,273.0,68250.0,Opal Securities Investment (PVT) Ltd.,Agrawal Securities (PVT) Ltd.,2026-04-22 14:51:03.948907
2026042201060030,NBL,4,21,45,273.0,12285.0,Opal Securities Investment (PVT) Ltd.,Midas Stock Broking Company Private Limited,2026-04-22 14:51:03.949006
2026042201060080,NBL,48,29,150,274.0,41100.0,Trishakti Securities Public Limited,Trisul Securities & Invt. Ltd.,2026-04-22 14:51:18.370979
2026042201060117,NBL,62,29,44,274.0,12056.0,Capital Max Securities Ltd,Trisul Securities & Invt. Ltd.,2026-04-22 14:51:23.994572
2026042201060143,NBL,90,29,306,274.0,83844.0,Sajilo Broker Limited,Trisul Securities & Invt. Ltd.,2026-04-22 14:51:29.624201
2026042201060144,NBL,90,57,200,274.0,54800.0,Sajilo Broker Limited,Aryatara Investment & Securities,2026-04-22 14:51:29.624393
2026042201060145,NBL,90,13,250,274.0,68500.0,Sajilo Broker Limited,Thrive Brokerage House Pvt. Ltd,2026-04-22 14:51:29.624482
2026042201060146,NBL,90,41,10,274.0,2740.0,Sajilo Broker Limited,Linch Stock Market Ltd.,2026-04-22 14:51:29.624562
2026042201060213,NBL,57,81,500,274.1,137050.0,Aryatara Investment & Securities,Aakashbhairab Securities Ltd.,2026-04-22 14:51:49.519552
2026042201060385,NBL,90,81,234,274.1,64139.4,Sajilo Broker Limited,Aakashbhairab Securities Ltd.,2026-04-22 14:52:06.564708
2026042201060487,NBL,26,81,50,274.1,13705.0,Asian Securities Private Ltd.,Aakashbhairab Securities Ltd.,2026-04-22 14:52:30.762357
2026042201060583,NBL,57,81,200,274.1,54820.0,Aryatara Investment & Securities,Aakashbhairab Securities Ltd.,2026-04-22 14:52:41.265612
2026042201060597,NBL,57,17,100,274.0,27400.0,Aryatara Investment & Securities,ABC Securities Private Limited,2026-04-22 14:52:44.611036
2026042201060598,NBL,4,17,205,273.0,55965.0,Opal Securities Investment (PVT) Ltd.,ABC Securities Private Limited,2026-04-22 14:52:44.611273
2026042201060599,NBL,28,17,1800,273.0,491400.0,Shree Krishna Securities Ltd.,ABC Securities Private Limited,2026-04-22 14:52:44.611366
2026042201060600,NBL,44,17,895,273.0,244335.0,Dynamic Money Managers Securities Pvt. Ltd.,ABC Securities Private Limited,2026-04-22 14:52:44.611453
2026042201061410,NBL,49,57,8,273.0,2184.0,Online Securities Pvt. Ltd.,Aryatara Investment & Securities,2026-04-22 14:55:06.203289
2026042201061711,NBL,44,26,50,273.0,13650.0,Dynamic Money Managers Securities Pvt. Ltd.,Asian Securities Private Ltd.,2026-04-22 14:55:40.267286
2026042201062035,NBL,44,44,55,273.0,15015.0,Dynamic Money Managers Securities Pvt. Ltd.,Dynamic Money Managers Securities Pvt. Ltd.,2026-04-22 14:56:20.554811
2026042201062036,NBL,1,44,10,273.0,2730.0,Kumari Securities Private Limited,Dynamic Money Managers Securities Pvt. Ltd.,2026-04-22 14:56:20.555278
2026042201062037,NBL,54,44,600,273.0,163800.0,Sewa Securities Pvt. Ltd.,Dynamic Money Managers Securities Pvt. Ltd.,2026-04-22 14:56:20.555712
2026042201062041,NBL,58,17,50,272.1,13605.0,Naasa Securities Co. Ltd.,ABC Securities Private Limited,2026-04-22 14:56:21.406115
2026042201062042,NBL,14,17,62,272.0,16864.0,Nepal Stock House (PVT) Ltd.,ABC Securities Private Limited,2026-04-22 14:56:21.406322
2026042201062043,NBL,17,17,1500,272.0,408000.0,ABC Securities Private Limited,ABC Securities Private Limited,2026-04-22 14:56:21.406419
2026042201062044,NBL,17,17,500,272.0,136000.0,ABC Securities Private Limited,ABC Securities Private Limited,2026-04-22 14:56:21.406504
2026042201062045,NBL,21,17,100,272.0,27200.0,Midas Stock Broking Company Private Limited,ABC Securities Private Limited,2026-04-22 14:56:21.406623
2026042201062046,NBL,56,17,86,272.0,23392.0,Sri Hari Securities Pvt. Ltd.,ABC Securities Private Limited,2026-04-22 14:56:21.406713
2026042201062047,NBL,17,17,20,270.0,5400.0,ABC Securities Private Limited,ABC Securities Private Limited,2026-04-22 14:56:21.406800
2026042201062048,NBL,5,17,182,270.0,49140.0,Market Securities & Exchange (PVT) Ltd.,ABC Securities Private Limited,2026-04-22 14:56:21.406882
2026042201063018,NBL,34,81,552,270.0,149040.0,Vision Securities Pvt. Ltd,Aakashbhairab Securities Ltd.,2026-04-22 14:58:11.821421
2026042201063019,NBL,52,81,45,270.0,12150.0,Sundhara Securities Limited,Aakashbhairab Securities Ltd.,2026-04-22 14:58:11.821775
2026042201063020,NBL,56,81,54,270.0,14580.0,Sri Hari Securities Pvt. Ltd.,Aakashbhairab Securities Ltd.,2026-04-22 14:58:11.822019
2026042201063021,NBL,14,81,312,270.0,84240.0,Nepal Stock House (PVT) Ltd.,Aakashbhairab Securities Ltd.,2026-04-22 14:58:11.822278
2026042201063022,NBL,42,81,10,270.0,2700.0,Sani Securities Company Ltd.,Aakashbhairab Securities Ltd.,2026-04-22 14:58:11.822533
2026042201063023,NBL,57,81,1000,270.0,270000.0,Aryatara Investment & Securities,Aakashbhairab Securities Ltd.,2026-04-22 14:58:11.822783
2026042201063060,NBL,46,81,27,270.0,7290.0,Kalika Securities Pvt. Ltd.,Aakashbhairab Securities Ltd.,2026-04-22 14:58:20.396141
2026042201063061,NBL,46,51,13,270.0,3510.0,Kalika Securities Pvt. Ltd.,Oxford Securities Pvt. Ltd.,2026-04-22 14:58:20.396319
2026042201063165,NBL,46,42,160,270.0,43200.0,Kalika Securities Pvt. Ltd.,Sani Securities Company Ltd.,2026-04-22 14:58:31.027584
2026042201063857,NBL,33,38,168,269.5,45276.0,Dakshinkali Investment & Securities Pvt. Ltd.,Dipshikha Dhitopatra Karobar Co. Pvt Ltd.,2026-04-22 14:59:33.269586
2026042201063858,NBL,45,38,20,269.0,5380.0,Imperial Securities Company Pvt. Ltd.,Dipshikha Dhitopatra Karobar Co. Pvt Ltd.,2026-04-22 14:59:33.269700
2026042201063859,NBL,19,38,12,269.0,3228.0,Nepal Investment And Securities Trading Private Limited,Dipshikha Dhitopatra Karobar Co. Pvt Ltd.,2026-04-22 14:59:33.269778
2026042201064199,NBL,5,42,101,270.0,27270.0,Market Securities & Exchange (PVT) Ltd.,Sani Securities Company Ltd.,2026-04-22 14:59:57.946058
2026042201064228,NBL,16,42,10,270.0,2700.0,Primo Securities (PVT) Ltd.,Sani Securities Company Ltd.,2026-04-22 14:59:59.186438
