contractId,stockSymbol,buyerMemberId,sellerMemberId,quantity,rate,amount,businessDate,tradeBookId,stockId,buyerBrokerName,sellerBrokerName,transaction_time,securityName
2026042201003864,NMB,22,36,10,247.8,2478.0,2026-04-22,187385354,238,Siprabi Securities Pvt. Ltd.,Secured Securities Ltd.,2026-04-22 11:12:55.204238,NMB Bank Limited
2026042201005412,NMB,26,58,114,241.3,27508.2,2026-04-22,187390287,238,Asian Securities Private Ltd.,Naasa Securities Co. Ltd.,2026-04-22 11:16:34.921620,NMB Bank Limited
2026042201005925,NMB,26,45,186,241.3,44881.8,2026-04-22,187391946,238,Asian Securities Private Ltd.,Imperial Securities Company Pvt. Ltd.,2026-04-22 11:17:40.912502,NMB Bank Limited
2026042201006177,NMB,57,45,114,241.2,27496.8,2026-04-22,187392832,238,Aryatara Investment & Securities,Imperial Securities Company Pvt. Ltd.,2026-04-22 11:18:18.552138,NMB Bank Limited
2026042201008329,NMB,56,45,19,242.0,4598.0,2026-04-22,187399311,238,Sri Hari Securities Pvt. Ltd.,Imperial Securities Company Pvt. Ltd.,2026-04-22 11:22:35.953186,NMB Bank Limited
2026042201008468,NMB,56,16,1,242.0,242.0,2026-04-22,187399745,238,Sri Hari Securities Pvt. Ltd.,Primo Securities (PVT) Ltd.,2026-04-22 11:22:55.788825,NMB Bank Limited
2026042201009071,NMB,13,34,73,242.0,17666.0,2026-04-22,187401469,238,Thrive Brokerage House Pvt. Ltd,Vision Securities Pvt. Ltd,2026-04-22 11:24:12.480642,NMB Bank Limited
2026042201011413,NMB,13,4,58,243.0,14094.0,2026-04-22,187409595,238,Thrive Brokerage House Pvt. Ltd,Opal Securities Investment (PVT) Ltd.,2026-04-22 11:32:17.792257,NMB Bank Limited
2026042201012124,NMB,95,36,100,243.1,24310.0,2026-04-22,187411778,238,Magnet Securities and Investment Company Private Limited,Secured Securities Ltd.,2026-04-22 11:34:22.747637,NMB Bank Limited
2026042201012125,NMB,13,36,169,243.0,41067.0,2026-04-22,187411780,238,Thrive Brokerage House Pvt. Ltd,Secured Securities Ltd.,2026-04-22 11:34:22.747852,NMB Bank Limited
2026042201012299,NMB,22,36,20,243.0,4860.0,2026-04-22,187412352,238,Siprabi Securities Pvt. Ltd.,Secured Securities Ltd.,2026-04-22 11:34:55.017872,NMB Bank Limited
2026042201012587,NMB,95,32,100,242.3,24230.0,2026-04-22,187413332,238,Magnet Securities and Investment Company Private Limited,Premier Securities Company Ltd.,2026-04-22 11:35:49.300882,NMB Bank Limited
2026042201012588,NMB,95,32,100,242.3,24230.0,2026-04-22,187413334,238,Magnet Securities and Investment Company Private Limited,Premier Securities Company Ltd.,2026-04-22 11:35:49.300961,NMB Bank Limited
2026042201012589,NMB,95,32,100,242.2,24220.0,2026-04-22,187413336,238,Magnet Securities and Investment Company Private Limited,Premier Securities Company Ltd.,2026-04-22 11:35:49.301006,NMB Bank Limited
2026042201012590,NMB,76,32,50,242.1,12105.0,2026-04-22,187413338,238,Machhapuchchhre Securities Limited,Premier Securities Company Ltd.,2026-04-22 11:35:49.301059,NMB Bank Limited
2026042201012591,NMB,38,32,160,242.0,38720.0,2026-04-22,187413340,238,Dipshikha Dhitopatra Karobar Co. Pvt Ltd.,Premier Securities Company Ltd.,2026-04-22 11:35:49.301101,NMB Bank Limited
2026042201012592,NMB,57,32,20,242.0,4840.0,2026-04-22,187413342,238,Aryatara Investment & Securities,Premier Securities Company Ltd.,2026-04-22 11:35:49.301143,NMB Bank Limited
2026042201012658,NMB,32,32,41,241.5,9901.5,2026-04-22,187413557,238,Premier Securities Company Ltd.,Premier Securities Company Ltd.,2026-04-22 11:36:00.692722,NMB Bank Limited
2026042201014937,NMB,95,29,30,241.9,7257.0,2026-04-22,187421791,238,Magnet Securities and Investment Company Private Limited,Trisul Securities & Invt. Ltd.,2026-04-22 11:44:12.326905,NMB Bank Limited
2026042201017701,NMB,95,36,100,242.0,24200.0,2026-04-22,187431036,238,Magnet Securities and Investment Company Private Limited,Secured Securities Ltd.,2026-04-22 11:52:54.063560,NMB Bank Limited
2026042201017702,NMB,95,36,101,241.9,24431.9,2026-04-22,187431037,238,Magnet Securities and Investment Company Private Limited,Secured Securities Ltd.,2026-04-22 11:52:54.063780,NMB Bank Limited
2026042201017763,NMB,95,50,69,241.9,16691.1,2026-04-22,187431236,238,Magnet Securities and Investment Company Private Limited,Cristal Kanchanjanga Securites Pvt. Ltd.,2026-04-22 11:53:06.185879,NMB Bank Limited
2026042201017764,NMB,58,50,70,241.9,16933.0,2026-04-22,187431238,238,Naasa Securities Co. Ltd.,Cristal Kanchanjanga Securites Pvt. Ltd.,2026-04-22 11:53:06.186135,NMB Bank Limited
2026042201017765,NMB,38,50,100,241.8,24180.0,2026-04-22,187431240,238,Dipshikha Dhitopatra Karobar Co. Pvt Ltd.,Cristal Kanchanjanga Securites Pvt. Ltd.,2026-04-22 11:53:06.186282,NMB Bank Limited
2026042201017766,NMB,32,50,959,241.5,231598.5,2026-04-22,187431242,238,Premier Securities Company Ltd.,Cristal Kanchanjanga Securites Pvt. Ltd.,2026-04-22 11:53:06.186459,NMB Bank Limited
2026042201017767,NMB,42,50,20,241.5,4830.0,2026-04-22,187431244,238,Sani Securities Company Ltd.,Cristal Kanchanjanga Securites Pvt. Ltd.,2026-04-22 11:53:06.186594,NMB Bank Limited
2026042201017768,NMB,28,50,300,241.5,72450.0,2026-04-22,187431246,238,Shree Krishna Securities Ltd.,Cristal Kanchanjanga Securites Pvt. Ltd.,2026-04-22 11:53:06.186719,NMB Bank Limited
2026042201017769,NMB,26,50,200,241.3,48260.0,2026-04-22,187431248,238,Asian Securities Private Ltd.,Cristal Kanchanjanga Securites Pvt. Ltd.,2026-04-22 11:53:06.186848,NMB Bank Limited
2026042201017770,NMB,36,50,300,241.3,72390.0,2026-04-22,187431250,238,Secured Securities Ltd.,Cristal Kanchanjanga Securites Pvt. Ltd.,2026-04-22 11:53:06.186978,NMB Bank Limited
2026042201017771,NMB,57,50,884,241.2,213220.8,2026-04-22,187431252,238,Aryatara Investment & Securities,Cristal Kanchanjanga Securites Pvt. Ltd.,2026-04-22 11:53:06.187138,NMB Bank Limited
2026042201017772,NMB,64,50,377,241.1,90894.7,2026-04-22,187431254,238,SUN SECURITIES PVT LTD,Cristal Kanchanjanga Securites Pvt. Ltd.,2026-04-22 11:53:06.187270,NMB Bank Limited
2026042201017773,NMB,41,50,35,241.0,8435.0,2026-04-22,187431256,238,Linch Stock Market Ltd.,Cristal Kanchanjanga Securites Pvt. Ltd.,2026-04-22 11:53:06.187392,NMB Bank Limited
2026042201017774,NMB,32,50,500,241.0,120500.0,2026-04-22,187431258,238,Premier Securities Company Ltd.,Cristal Kanchanjanga Securites Pvt. Ltd.,2026-04-22 11:53:06.187497,NMB Bank Limited
2026042201017775,NMB,11,50,50,241.0,12050.0,2026-04-22,187431260,238,Malla & Malla Stock Broking Company Pvt. Limited,Cristal Kanchanjanga Securites Pvt. Ltd.,2026-04-22 11:53:06.187620,NMB Bank Limited
2026042201017776,NMB,58,50,100,241.0,24100.0,2026-04-22,187431262,238,Naasa Securities Co. Ltd.,Cristal Kanchanjanga Securites Pvt. Ltd.,2026-04-22 11:53:06.187739,NMB Bank Limited
2026042201017777,NMB,57,50,893,240.6,214855.8,2026-04-22,187431264,238,Aryatara Investment & Securities,Cristal Kanchanjanga Securites Pvt. Ltd.,2026-04-22 11:53:06.187855,NMB Bank Limited
2026042201017778,NMB,35,50,90,240.6,21654.0,2026-04-22,187431266,238,Kohinoor Investment & Securities Pvt. Ltd.,Cristal Kanchanjanga Securites Pvt. Ltd.,2026-04-22 11:53:06.187965,NMB Bank Limited
2026042201017779,NMB,64,50,150,240.5,36075.0,2026-04-22,187431267,238,SUN SECURITIES PVT LTD,Cristal Kanchanjanga Securites Pvt. Ltd.,2026-04-22 11:53:06.188095,NMB Bank Limited
2026042201018574,NMB,95,22,19,240.6,4571.4,2026-04-22,187433791,238,Magnet Securities and Investment Company Private Limited,Siprabi Securities Pvt. Ltd.,2026-04-22 11:54:59.575545,NMB Bank Limited
2026042201019462,NMB,95,29,12,240.6,2887.2,2026-04-22,187437255,238,Magnet Securities and Investment Company Private Limited,Trisul Securities & Invt. Ltd.,2026-04-22 11:57:50.518042,NMB Bank Limited
2026042201019779,NMB,95,51,12,240.6,2887.2,2026-04-22,187438383,238,Magnet Securities and Investment Company Private Limited,Oxford Securities Pvt. Ltd.,2026-04-22 11:58:55.343831,NMB Bank Limited
2026042201020744,NMB,76,34,10,245.0,2450.0,2026-04-22,187442092,238,Machhapuchchhre Securities Limited,Vision Securities Pvt. Ltd,2026-04-22 12:01:39.767559,NMB Bank Limited
2026042201020983,NMB,64,36,50,241.0,12050.0,2026-04-22,187442930,238,SUN SECURITIES PVT LTD,Secured Securities Ltd.,2026-04-22 12:02:24.063582,NMB Bank Limited
2026042201020984,NMB,95,36,50,240.8,12040.0,2026-04-22,187442931,238,Magnet Securities and Investment Company Private Limited,Secured Securities Ltd.,2026-04-22 12:02:24.063692,NMB Bank Limited
2026042201021214,NMB,95,36,50,240.8,12040.0,2026-04-22,187443968,238,Magnet Securities and Investment Company Private Limited,Secured Securities Ltd.,2026-04-22 12:03:19.992897,NMB Bank Limited
2026042201021215,NMB,95,36,20,240.8,4816.0,2026-04-22,187443970,238,Magnet Securities and Investment Company Private Limited,Secured Securities Ltd.,2026-04-22 12:03:19.993012,NMB Bank Limited
2026042201021216,NMB,95,36,30,240.8,7224.0,2026-04-22,187443971,238,Magnet Securities and Investment Company Private Limited,Secured Securities Ltd.,2026-04-22 12:03:19.993073,NMB Bank Limited
2026042201021403,NMB,95,36,27,240.8,6501.6,2026-04-22,187444668,238,Magnet Securities and Investment Company Private Limited,Secured Securities Ltd.,2026-04-22 12:03:59.507658,NMB Bank Limited
2026042201021404,NMB,34,36,150,240.7,36105.0,2026-04-22,187444670,238,Vision Securities Pvt. Ltd,Secured Securities Ltd.,2026-04-22 12:03:59.507707,NMB Bank Limited
2026042201021405,NMB,64,36,123,240.5,29581.5,2026-04-22,187444671,238,SUN SECURITIES PVT LTD,Secured Securities Ltd.,2026-04-22 12:03:59.507736,NMB Bank Limited
2026042201021552,NMB,76,34,10,245.0,2450.0,2026-04-22,187445311,238,Machhapuchchhre Securities Limited,Vision Securities Pvt. Ltd,2026-04-22 12:04:30.416610,NMB Bank Limited
2026042201022070,NMB,58,74,20,244.9,4898.0,2026-04-22,187447096,238,Naasa Securities Co. Ltd.,KALASH STOCK MARKET PVT. LTD.,2026-04-22 12:06:09.090048,NMB Bank Limited
2026042201022445,NMB,96,38,10,244.8,2448.0,2026-04-22,187448426,238,Himalayan Securities Limited,Dipshikha Dhitopatra Karobar Co. Pvt Ltd.,2026-04-22 12:07:11.603999,NMB Bank Limited
2026042201024406,NMB,62,45,495,242.0,119790.0,2026-04-22,187455866,238,Capital Max Securities Ltd,Imperial Securities Company Pvt. Ltd.,2026-04-22 12:13:36.287642,NMB Bank Limited
2026042201024908,NMB,59,74,200,241.0,48200.0,2026-04-22,187457898,238,Deevyaa Securities & Stock House Pvt. Ltd,KALASH STOCK MARKET PVT. LTD.,2026-04-22 12:15:34.670885,NMB Bank Limited
2026042201024909,NMB,32,74,500,241.0,120500.0,2026-04-22,187457900,238,Premier Securities Company Ltd.,KALASH STOCK MARKET PVT. LTD.,2026-04-22 12:15:34.670996,NMB Bank Limited
2026042201024910,NMB,53,74,50,241.0,12050.0,2026-04-22,187457902,238,Investment Management Nepal Pvt. Ltd.,KALASH STOCK MARKET PVT. LTD.,2026-04-22 12:15:34.671053,NMB Bank Limited
2026042201026526,NMB,21,25,40,241.0,9640.0,2026-04-22,187464342,238,Midas Stock Broking Company Private Limited,Sweta Securities Private Limited,2026-04-22 12:21:13.193367,NMB Bank Limited
2026042201026527,NMB,14,25,20,241.0,4820.0,2026-04-22,187464344,238,Nepal Stock House (PVT) Ltd.,Sweta Securities Private Limited,2026-04-22 12:21:13.193615,NMB Bank Limited
2026042201026528,NMB,26,25,100,241.0,24100.0,2026-04-22,187464346,238,Asian Securities Private Ltd.,Sweta Securities Private Limited,2026-04-22 12:21:13.193775,NMB Bank Limited
2026042201026591,NMB,42,25,240,241.0,57840.0,2026-04-22,187464601,238,Sani Securities Company Ltd.,Sweta Securities Private Limited,2026-04-22 12:21:30.375665,NMB Bank Limited
2026042201026676,NMB,42,45,100,241.0,24100.0,2026-04-22,187464879,238,Sani Securities Company Ltd.,Imperial Securities Company Pvt. Ltd.,2026-04-22 12:21:47.628966,NMB Bank Limited
2026042201026855,NMB,42,58,56,241.0,13496.0,2026-04-22,187465511,238,Sani Securities Company Ltd.,Naasa Securities Co. Ltd.,2026-04-22 12:22:24.174015,NMB Bank Limited
2026042201027361,NMB,64,45,377,240.7,90743.9,2026-04-22,187467558,238,SUN SECURITIES PVT LTD,Imperial Securities Company Pvt. Ltd.,2026-04-22 12:24:13.681349,NMB Bank Limited
2026042201027399,NMB,82,45,300,240.7,72210.0,2026-04-22,187467706,238,N.M.B. SECURITIES LIMITED,Imperial Securities Company Pvt. Ltd.,2026-04-22 12:24:23.533832,NMB Bank Limited
2026042201028617,NMB,11,19,1000,241.0,241000.0,2026-04-22,187472212,238,Malla & Malla Stock Broking Company Pvt. Limited,Nepal Investment And Securities Trading Private Limited,2026-04-22 12:28:22.642226,NMB Bank Limited
2026042201028693,NMB,62,19,1000,241.0,241000.0,2026-04-22,187472516,238,Capital Max Securities Ltd,Nepal Investment And Securities Trading Private Limited,2026-04-22 12:28:40.542112,NMB Bank Limited
2026042201029187,NMB,26,34,36,241.0,8676.0,2026-04-22,187474250,238,Asian Securities Private Ltd.,Vision Securities Pvt. Ltd,2026-04-22 12:30:03.539463,NMB Bank Limited
2026042201031594,NMB,49,45,50,243.5,12175.0,2026-04-22,187481860,238,Online Securities Pvt. Ltd.,Imperial Securities Company Pvt. Ltd.,2026-04-22 12:36:32.572180,NMB Bank Limited
2026042201032625,NMB,50,36,1400,240.8,337120.0,2026-04-22,187485515,238,Cristal Kanchanjanga Securites Pvt. Ltd.,Secured Securities Ltd.,2026-04-22 12:40:18.082613,NMB Bank Limited
2026042201032643,NMB,76,38,10,243.4,2434.0,2026-04-22,187485584,238,Machhapuchchhre Securities Limited,Dipshikha Dhitopatra Karobar Co. Pvt Ltd.,2026-04-22 12:40:24.230241,NMB Bank Limited
2026042201032905,NMB,7,50,501,241.0,120741.0,2026-04-22,187486589,238,J.F. Securites (PVT) Ltd.,Cristal Kanchanjanga Securites Pvt. Ltd.,2026-04-22 12:41:41.918876,NMB Bank Limited
2026042201033244,NMB,7,47,99,241.0,23859.0,2026-04-22,187488240,238,J.F. Securites (PVT) Ltd.,Neev Securities Pvt. Ltd.,2026-04-22 12:43:46.714218,NMB Bank Limited
2026042201033245,NMB,49,47,70,241.0,16870.0,2026-04-22,187488241,238,Online Securities Pvt. Ltd.,Neev Securities Pvt. Ltd.,2026-04-22 12:43:46.714348,NMB Bank Limited
2026042201033249,NMB,49,45,30,241.0,7230.0,2026-04-22,187488262,238,Online Securities Pvt. Ltd.,Imperial Securities Company Pvt. Ltd.,2026-04-22 12:43:47.534728,NMB Bank Limited
2026042201033758,NMB,62,45,735,241.0,177135.0,2026-04-22,187490532,238,Capital Max Securities Ltd,Imperial Securities Company Pvt. Ltd.,2026-04-22 12:46:07.029438,NMB Bank Limited
2026042201033773,NMB,50,47,100,240.8,24080.0,2026-04-22,187490564,238,Cristal Kanchanjanga Securites Pvt. Ltd.,Neev Securities Pvt. Ltd.,2026-04-22 12:46:10.302132,NMB Bank Limited
2026042201033774,NMB,35,47,90,240.8,21672.0,2026-04-22,187490566,238,Kohinoor Investment & Securities Pvt. Ltd.,Neev Securities Pvt. Ltd.,2026-04-22 12:46:10.302370,NMB Bank Limited
2026042201033775,NMB,3,47,50,240.7,12035.0,2026-04-22,187490568,238,Arun Securities (PVT) Ltd.,Neev Securities Pvt. Ltd.,2026-04-22 12:46:10.302536,NMB Bank Limited
2026042201033776,NMB,28,47,360,240.7,86652.0,2026-04-22,187490569,238,Shree Krishna Securities Ltd.,Neev Securities Pvt. Ltd.,2026-04-22 12:46:10.302684,NMB Bank Limited
2026042201033889,NMB,28,45,1150,240.7,276805.0,2026-04-22,187490985,238,Shree Krishna Securities Ltd.,Imperial Securities Company Pvt. Ltd.,2026-04-22 12:46:36.389190,NMB Bank Limited
2026042201033948,NMB,36,14,1,234.0,234.0,2026-04-22,187491279,238,Secured Securities Ltd.,Nepal Stock House (PVT) Ltd.,2026-04-22 12:46:55.074811,NMB Bank Limited
2026042201034001,NMB,28,47,20,240.7,4814.0,2026-04-22,187491589,238,Shree Krishna Securities Ltd.,Neev Securities Pvt. Ltd.,2026-04-22 12:47:24.683095,NMB Bank Limited
2026042201034024,NMB,36,58,1,237.5,237.5,2026-04-22,187491663,238,Secured Securities Ltd.,Naasa Securities Co. Ltd.,2026-04-22 12:47:30.127268,NMB Bank Limited
2026042201034106,NMB,28,40,162,240.7,38993.4,2026-04-22,187492151,238,Shree Krishna Securities Ltd.,Creative Securities Pvt Ltd,2026-04-22 12:48:14.687612,NMB Bank Limited
2026042201034161,NMB,62,65,337,240.8,81149.6,2026-04-22,187492467,238,Capital Max Securities Ltd,Sharepro Securities Private Limited,2026-04-22 12:48:40.453109,NMB Bank Limited
2026042201034457,NMB,32,45,1210,241.0,291610.0,2026-04-22,187493866,238,Premier Securities Company Ltd.,Imperial Securities Company Pvt. Ltd.,2026-04-22 12:50:51.849925,NMB Bank Limited
2026042201034554,NMB,34,42,400,241.0,96400.0,2026-04-22,187494337,238,Vision Securities Pvt. Ltd,Sani Securities Company Ltd.,2026-04-22 12:51:31.685141,NMB Bank Limited
2026042201034572,NMB,34,36,385,241.0,92785.0,2026-04-22,187494398,238,Vision Securities Pvt. Ltd,Secured Securities Ltd.,2026-04-22 12:51:37.009625,NMB Bank Limited
2026042201034808,NMB,64,36,315,241.0,75915.0,2026-04-22,187495358,238,SUN SECURITIES PVT LTD,Secured Securities Ltd.,2026-04-22 12:53:06.450273,NMB Bank Limited
2026042201035904,NMB,76,38,10,243.4,2434.0,2026-04-22,187499137,238,Machhapuchchhre Securities Limited,Dipshikha Dhitopatra Karobar Co. Pvt Ltd.,2026-04-22 12:58:33.103851,NMB Bank Limited
2026042201036486,NMB,62,41,30,241.0,7230.0,2026-04-22,187501227,238,Capital Max Securities Ltd,Linch Stock Market Ltd.,2026-04-22 13:02:09.234567,NMB Bank Limited
2026042201036888,NMB,62,40,10,241.0,2410.0,2026-04-22,187502356,238,Capital Max Securities Ltd,Creative Securities Pvt Ltd,2026-04-22 13:03:52.430440,NMB Bank Limited
2026042201037484,NMB,32,34,225,241.0,54225.0,2026-04-22,187504491,238,Premier Securities Company Ltd.,Vision Securities Pvt. Ltd,2026-04-22 13:07:15.393204,NMB Bank Limited
2026042201037800,NMB,56,7,30,242.0,7260.0,2026-04-22,187505906,238,Sri Hari Securities Pvt. Ltd.,J.F. Securites (PVT) Ltd.,2026-04-22 13:09:32.012401,NMB Bank Limited
2026042201038129,NMB,4,7,50,242.0,12100.0,2026-04-22,187507016,238,Opal Securities Investment (PVT) Ltd.,J.F. Securites (PVT) Ltd.,2026-04-22 13:11:08.093207,NMB Bank Limited
2026042201038252,NMB,58,58,4,242.0,968.0,2026-04-22,187507453,238,Naasa Securities Co. Ltd.,Naasa Securities Co. Ltd.,2026-04-22 13:11:58.951409,NMB Bank Limited
2026042201038488,NMB,29,7,500,242.0,121000.0,2026-04-22,187508196,238,Trisul Securities & Invt. Ltd.,J.F. Securites (PVT) Ltd.,2026-04-22 13:13:15.347557,NMB Bank Limited
2026042201038671,NMB,32,58,14,241.1,3375.4,2026-04-22,187508874,238,Premier Securities Company Ltd.,Naasa Securities Co. Ltd.,2026-04-22 13:14:50.899386,NMB Bank Limited
2026042201038672,NMB,32,58,61,241.0,14701.0,2026-04-22,187508875,238,Premier Securities Company Ltd.,Naasa Securities Co. Ltd.,2026-04-22 13:14:50.899522,NMB Bank Limited
2026042201038696,NMB,58,58,10,241.0,2410.0,2026-04-22,187508990,238,Naasa Securities Co. Ltd.,Naasa Securities Co. Ltd.,2026-04-22 13:15:05.907698,NMB Bank Limited
2026042201038697,NMB,58,58,100,241.0,24100.0,2026-04-22,187508992,238,Naasa Securities Co. Ltd.,Naasa Securities Co. Ltd.,2026-04-22 13:15:05.907833,NMB Bank Limited
2026042201038698,NMB,45,58,20,240.9,4818.0,2026-04-22,187508994,238,Imperial Securities Company Pvt. Ltd.,Naasa Securities Co. Ltd.,2026-04-22 13:15:05.907892,NMB Bank Limited
2026042201038699,NMB,38,58,50,240.9,12045.0,2026-04-22,187508996,238,Dipshikha Dhitopatra Karobar Co. Pvt Ltd.,Naasa Securities Co. Ltd.,2026-04-22 13:15:05.907947,NMB Bank Limited
2026042201038700,NMB,62,58,263,240.8,63330.4,2026-04-22,187508997,238,Capital Max Securities Ltd,Naasa Securities Co. Ltd.,2026-04-22 13:15:05.908041,NMB Bank Limited
2026042201038792,NMB,58,64,18,241.0,4338.0,2026-04-22,187509467,238,Naasa Securities Co. Ltd.,SUN SECURITIES PVT LTD,2026-04-22 13:15:59.518809,NMB Bank Limited
2026042201039048,NMB,76,7,10,242.0,2420.0,2026-04-22,187510572,238,Machhapuchchhre Securities Limited,J.F. Securites (PVT) Ltd.,2026-04-22 13:17:58.412678,NMB Bank Limited
2026042201039323,NMB,58,6,34,241.0,8194.0,2026-04-22,187511715,238,Naasa Securities Co. Ltd.,Agrawal Securities (PVT) Ltd.,2026-04-22 13:19:44.000292,NMB Bank Limited
2026042201040728,NMB,58,64,20,241.0,4820.0,2026-04-22,187516969,238,Naasa Securities Co. Ltd.,SUN SECURITIES PVT LTD,2026-04-22 13:26:47.349207,NMB Bank Limited
2026042201041221,NMB,58,36,28,241.0,6748.0,2026-04-22,187519172,238,Naasa Securities Co. Ltd.,Secured Securities Ltd.,2026-04-22 13:30:19.613823,NMB Bank Limited
2026042201041222,NMB,38,36,10,241.0,2410.0,2026-04-22,187519174,238,Dipshikha Dhitopatra Karobar Co. Pvt Ltd.,Secured Securities Ltd.,2026-04-22 13:30:19.613949,NMB Bank Limited
2026042201041223,NMB,59,36,462,241.0,111342.0,2026-04-22,187519175,238,Deevyaa Securities & Stock House Pvt. Ltd,Secured Securities Ltd.,2026-04-22 13:30:19.614010,NMB Bank Limited
2026042201042004,NMB,42,7,20,242.0,4840.0,2026-04-22,187522342,238,Sani Securities Company Ltd.,J.F. Securites (PVT) Ltd.,2026-04-22 13:35:26.847451,NMB Bank Limited
2026042201042265,NMB,53,7,10,242.0,2420.0,2026-04-22,187523227,238,Investment Management Nepal Pvt. Ltd.,J.F. Securites (PVT) Ltd.,2026-04-22 13:37:03.643234,NMB Bank Limited
2026042201042266,NMB,53,50,105,242.0,25410.0,2026-04-22,187523230,238,Investment Management Nepal Pvt. Ltd.,Cristal Kanchanjanga Securites Pvt. Ltd.,2026-04-22 13:37:03.643501,NMB Bank Limited
2026042201042856,NMB,16,47,200,241.1,48220.0,2026-04-22,187525708,238,Primo Securities (PVT) Ltd.,Neev Securities Pvt. Ltd.,2026-04-22 13:41:21.625253,NMB Bank Limited
2026042201042857,NMB,59,47,101,241.0,24341.0,2026-04-22,187525709,238,Deevyaa Securities & Stock House Pvt. Ltd,Neev Securities Pvt. Ltd.,2026-04-22 13:41:21.625573,NMB Bank Limited
2026042201043034,NMB,59,41,22,241.0,5302.0,2026-04-22,187526229,238,Deevyaa Securities & Stock House Pvt. Ltd,Linch Stock Market Ltd.,2026-04-22 13:42:12.636047,NMB Bank Limited
2026042201043085,NMB,59,19,29,241.0,6989.0,2026-04-22,187526391,238,Deevyaa Securities & Stock House Pvt. Ltd,Nepal Investment And Securities Trading Private Limited,2026-04-22 13:42:31.685837,NMB Bank Limited
2026042201043365,NMB,48,14,25,241.1,6027.5,2026-04-22,187527537,238,Trishakti Securities Public Limited,Nepal Stock House (PVT) Ltd.,2026-04-22 13:44:50.010457,NMB Bank Limited
2026042201043478,NMB,11,57,34,242.0,8228.0,2026-04-22,187527905,238,Malla & Malla Stock Broking Company Pvt. Limited,Aryatara Investment & Securities,2026-04-22 13:45:47.975840,NMB Bank Limited
2026042201043717,NMB,11,50,37,242.0,8954.0,2026-04-22,187528815,238,Malla & Malla Stock Broking Company Pvt. Limited,Cristal Kanchanjanga Securites Pvt. Ltd.,2026-04-22 13:47:31.754483,NMB Bank Limited
2026042201044693,NMB,11,44,29,242.0,7018.0,2026-04-22,187532372,238,Malla & Malla Stock Broking Company Pvt. Limited,Dynamic Money Managers Securities Pvt. Ltd.,2026-04-22 13:53:35.568643,NMB Bank Limited
2026042201044694,NMB,4,44,20,242.0,4840.0,2026-04-22,187532374,238,Opal Securities Investment (PVT) Ltd.,Dynamic Money Managers Securities Pvt. Ltd.,2026-04-22 13:53:35.568726,NMB Bank Limited
2026042201044695,NMB,11,44,20,242.0,4840.0,2026-04-22,187532376,238,Malla & Malla Stock Broking Company Pvt. Limited,Dynamic Money Managers Securities Pvt. Ltd.,2026-04-22 13:53:35.568777,NMB Bank Limited
2026042201044696,NMB,48,44,25,241.1,6027.5,2026-04-22,187532378,238,Trishakti Securities Public Limited,Dynamic Money Managers Securities Pvt. Ltd.,2026-04-22 13:53:35.568806,NMB Bank Limited
2026042201044697,NMB,33,44,200,241.1,48220.0,2026-04-22,187532380,238,Dakshinkali Investment & Securities Pvt. Ltd.,Dynamic Money Managers Securities Pvt. Ltd.,2026-04-22 13:53:35.568828,NMB Bank Limited
2026042201044698,NMB,59,44,286,241.0,68926.0,2026-04-22,187532382,238,Deevyaa Securities & Stock House Pvt. Ltd,Dynamic Money Managers Securities Pvt. Ltd.,2026-04-22 13:53:35.568855,NMB Bank Limited
2026042201044699,NMB,26,44,164,241.0,39524.0,2026-04-22,187532384,238,Asian Securities Private Ltd.,Dynamic Money Managers Securities Pvt. Ltd.,2026-04-22 13:53:35.568883,NMB Bank Limited
2026042201044700,NMB,7,44,30,241.0,7230.0,2026-04-22,187532386,238,J.F. Securites (PVT) Ltd.,Dynamic Money Managers Securities Pvt. Ltd.,2026-04-22 13:53:35.568911,NMB Bank Limited
2026042201044701,NMB,46,44,150,241.0,36150.0,2026-04-22,187532388,238,Kalika Securities Pvt. Ltd.,Dynamic Money Managers Securities Pvt. Ltd.,2026-04-22 13:53:35.568939,NMB Bank Limited
2026042201044702,NMB,11,44,300,241.0,72300.0,2026-04-22,187532390,238,Malla & Malla Stock Broking Company Pvt. Limited,Dynamic Money Managers Securities Pvt. Ltd.,2026-04-22 13:53:35.568964,NMB Bank Limited
2026042201044703,NMB,58,44,10,241.0,2410.0,2026-04-22,187532392,238,Naasa Securities Co. Ltd.,Dynamic Money Managers Securities Pvt. Ltd.,2026-04-22 13:53:35.568990,NMB Bank Limited
2026042201044704,NMB,11,44,50,241.0,12050.0,2026-04-22,187532394,238,Malla & Malla Stock Broking Company Pvt. Limited,Dynamic Money Managers Securities Pvt. Ltd.,2026-04-22 13:53:35.569014,NMB Bank Limited
2026042201044705,NMB,62,44,298,240.8,71758.4,2026-04-22,187532395,238,Capital Max Securities Ltd,Dynamic Money Managers Securities Pvt. Ltd.,2026-04-22 13:53:35.569045,NMB Bank Limited
2026042201045552,NMB,48,50,10,242.9,2429.0,2026-04-22,187535632,238,Trishakti Securities Public Limited,Cristal Kanchanjanga Securites Pvt. Ltd.,2026-04-22 13:58:59.696263,NMB Bank Limited
2026042201047436,NMB,26,7,50,242.8,12140.0,2026-04-22,187542140,238,Asian Securities Private Ltd.,J.F. Securites (PVT) Ltd.,2026-04-22 14:09:38.294711,NMB Bank Limited
2026042201048770,NMB,45,42,100,242.0,24200.0,2026-04-22,187547224,238,Imperial Securities Company Pvt. Ltd.,Sani Securities Company Ltd.,2026-04-22 14:17:51.209314,NMB Bank Limited
2026042201048771,NMB,51,42,50,241.0,12050.0,2026-04-22,187547226,238,Oxford Securities Pvt. Ltd.,Sani Securities Company Ltd.,2026-04-22 14:17:51.209621,NMB Bank Limited
2026042201048772,NMB,32,42,304,241.0,73264.0,2026-04-22,187547228,238,Premier Securities Company Ltd.,Sani Securities Company Ltd.,2026-04-22 14:17:51.209798,NMB Bank Limited
2026042201048773,NMB,58,42,22,241.0,5302.0,2026-04-22,187547230,238,Naasa Securities Co. Ltd.,Sani Securities Company Ltd.,2026-04-22 14:17:51.210001,NMB Bank Limited
2026042201048774,NMB,50,42,24,241.0,5784.0,2026-04-22,187547231,238,Cristal Kanchanjanga Securites Pvt. Ltd.,Sani Securities Company Ltd.,2026-04-22 14:17:51.210213,NMB Bank Limited
2026042201049758,NMB,18,42,200,242.0,48400.0,2026-04-22,187551642,238,Sagarmatha Securities Private Limited,Sani Securities Company Ltd.,2026-04-22 14:23:37.988181,NMB Bank Limited
2026042201049883,NMB,22,41,225,241.5,54337.5,2026-04-22,187552043,238,Siprabi Securities Pvt. Ltd.,Linch Stock Market Ltd.,2026-04-22 14:24:11.222333,NMB Bank Limited
2026042201050113,NMB,45,42,30,242.0,7260.0,2026-04-22,187552988,238,Imperial Securities Company Pvt. Ltd.,Sani Securities Company Ltd.,2026-04-22 14:25:33.687394,NMB Bank Limited
2026042201050185,NMB,48,42,25,242.0,6050.0,2026-04-22,187553245,238,Trishakti Securities Public Limited,Sani Securities Company Ltd.,2026-04-22 14:25:57.197987,NMB Bank Limited
2026042201050236,NMB,48,42,75,242.0,18150.0,2026-04-22,187553404,238,Trishakti Securities Public Limited,Sani Securities Company Ltd.,2026-04-22 14:26:07.923916,NMB Bank Limited
2026042201050621,NMB,22,77,100,241.5,24150.0,2026-04-22,187554627,238,Siprabi Securities Pvt. Ltd.,Nabil Stock Dealer Ltd.,2026-04-22 14:27:23.738671,NMB Bank Limited
2026042201051362,NMB,22,59,185,241.5,44677.5,2026-04-22,187557602,238,Siprabi Securities Pvt. Ltd.,Deevyaa Securities & Stock House Pvt. Ltd,2026-04-22 14:30:46.827653,NMB Bank Limited
2026042201051442,NMB,50,59,176,241.0,42416.0,2026-04-22,187557882,238,Cristal Kanchanjanga Securites Pvt. Ltd.,Deevyaa Securities & Stock House Pvt. Ltd,2026-04-22 14:31:07.391916,NMB Bank Limited
2026042201051443,NMB,33,59,49,241.0,11809.0,2026-04-22,187557884,238,Dakshinkali Investment & Securities Pvt. Ltd.,Deevyaa Securities & Stock House Pvt. Ltd,2026-04-22 14:31:07.392067,NMB Bank Limited
2026042201051603,NMB,32,59,566,241.0,136406.0,2026-04-22,187558575,238,Premier Securities Company Ltd.,Deevyaa Securities & Stock House Pvt. Ltd,2026-04-22 14:31:56.634557,NMB Bank Limited
2026042201051604,NMB,32,36,114,241.0,27474.0,2026-04-22,187558578,238,Premier Securities Company Ltd.,Secured Securities Ltd.,2026-04-22 14:31:56.634904,NMB Bank Limited
2026042201051755,NMB,32,51,1000,241.0,241000.0,2026-04-22,187559282,238,Premier Securities Company Ltd.,Oxford Securities Pvt. Ltd.,2026-04-22 14:32:45.195481,NMB Bank Limited
2026042201052997,NMB,37,45,100,241.0,24100.0,2026-04-22,187564025,238,Swarna Laxmi Securities Pvt. Ltd.,Imperial Securities Company Pvt. Ltd.,2026-04-22 14:37:09.951993,NMB Bank Limited
2026042201053037,NMB,62,42,93,242.0,22506.0,2026-04-22,187564221,238,Capital Max Securities Ltd,Sani Securities Company Ltd.,2026-04-22 14:37:21.031089,NMB Bank Limited
2026042201056232,NMB,32,7,150,242.8,36420.0,2026-04-22,187578073,238,Premier Securities Company Ltd.,J.F. Securites (PVT) Ltd.,2026-04-22 14:43:48.555410,NMB Bank Limited
2026042201056233,NMB,32,36,25,242.8,6070.0,2026-04-22,187578075,238,Premier Securities Company Ltd.,Secured Securities Ltd.,2026-04-22 14:43:48.555573,NMB Bank Limited
2026042201056876,NMB,21,36,200,243.0,48600.0,2026-04-22,187580747,238,Midas Stock Broking Company Private Limited,Secured Securities Ltd.,2026-04-22 14:44:41.644037,NMB Bank Limited
2026042201056878,NMB,22,36,300,243.0,72900.0,2026-04-22,187580795,238,Siprabi Securities Pvt. Ltd.,Secured Securities Ltd.,2026-04-22 14:44:43.153524,NMB Bank Limited
2026042201056879,NMB,22,38,1358,243.0,329994.0,2026-04-22,187580797,238,Siprabi Securities Pvt. Ltd.,Dipshikha Dhitopatra Karobar Co. Pvt Ltd.,2026-04-22 14:44:43.153824,NMB Bank Limited
2026042201056880,NMB,22,3,2000,243.0,486000.0,2026-04-22,187580799,238,Siprabi Securities Pvt. Ltd.,Arun Securities (PVT) Ltd.,2026-04-22 14:44:43.154049,NMB Bank Limited
2026042201056881,NMB,22,25,100,243.0,24300.0,2026-04-22,187580801,238,Siprabi Securities Pvt. Ltd.,Sweta Securities Private Limited,2026-04-22 14:44:43.154232,NMB Bank Limited
2026042201057231,NMB,32,25,100,243.1,24310.0,2026-04-22,187581965,238,Premier Securities Company Ltd.,Sweta Securities Private Limited,2026-04-22 14:45:06.003565,NMB Bank Limited
2026042201058041,NMB,1,38,180,243.4,43812.0,2026-04-22,187585558,238,Kumari Securities Private Limited,Dipshikha Dhitopatra Karobar Co. Pvt Ltd.,2026-04-22 14:46:47.319852,NMB Bank Limited
2026042201058042,NMB,34,25,100,243.5,24350.0,2026-04-22,187585571,238,Vision Securities Pvt. Ltd,Sweta Securities Private Limited,2026-04-22 14:46:47.667190,NMB Bank Limited
2026042201058310,NMB,1,38,190,244.8,46512.0,2026-04-22,187586635,238,Kumari Securities Private Limited,Dipshikha Dhitopatra Karobar Co. Pvt Ltd.,2026-04-22 14:47:15.158587,NMB Bank Limited
2026042201058353,NMB,32,34,800,245.0,196000.0,2026-04-22,187586951,238,Premier Securities Company Ltd.,Vision Securities Pvt. Ltd,2026-04-22 14:47:23.341936,NMB Bank Limited
2026042201058354,NMB,32,36,25,245.0,6125.0,2026-04-22,187586953,238,Premier Securities Company Ltd.,Secured Securities Ltd.,2026-04-22 14:47:23.342244,NMB Bank Limited
2026042201058868,NMB,32,35,90,245.0,22050.0,2026-04-22,187589019,238,Premier Securities Company Ltd.,Kohinoor Investment & Securities Pvt. Ltd.,2026-04-22 14:48:19.795234,NMB Bank Limited
2026042201060625,NMB,28,26,100,245.0,24500.0,2026-04-22,187597109,238,Shree Krishna Securities Ltd.,Asian Securities Private Ltd.,2026-04-22 14:52:47.290391,NMB Bank Limited
2026042201061931,NMB,17,1,20,245.9,4918.0,2026-04-22,187603638,238,ABC Securities Private Limited,Kumari Securities Private Limited,2026-04-22 14:56:13.842435,NMB Bank Limited
2026042201062896,NMB,28,18,100,245.0,24500.0,2026-04-22,187608123,238,Shree Krishna Securities Ltd.,Sagarmatha Securities Private Limited,2026-04-22 14:57:54.818343,NMB Bank Limited
2026042201062969,NMB,28,34,200,245.0,49000.0,2026-04-22,187608660,238,Shree Krishna Securities Ltd.,Vision Securities Pvt. Ltd,2026-04-22 14:58:06.710813,NMB Bank Limited
2026042201062970,NMB,41,34,40,245.0,9800.0,2026-04-22,187608662,238,Linch Stock Market Ltd.,Vision Securities Pvt. Ltd,2026-04-22 14:58:06.710941,NMB Bank Limited
2026042201063001,NMB,49,34,30,245.0,7350.0,2026-04-22,187608806,238,Online Securities Pvt. Ltd.,Vision Securities Pvt. Ltd,2026-04-22 14:58:10.429815,NMB Bank Limited
2026042201063599,NMB,50,6,1000,244.1,244100.0,2026-04-22,187611281,238,Cristal Kanchanjanga Securites Pvt. Ltd.,Agrawal Securities (PVT) Ltd.,2026-04-22 14:59:04.185420,NMB Bank Limited
2026042201063848,NMB,50,58,20,244.1,4882.0,2026-04-22,187612487,238,Cristal Kanchanjanga Securites Pvt. Ltd.,Naasa Securities Co. Ltd.,2026-04-22 14:59:32.936143,NMB Bank Limited
2026042201064088,NMB,22,34,10,245.0,2450.0,2026-04-22,187613572,238,Siprabi Securities Pvt. Ltd.,Vision Securities Pvt. Ltd,2026-04-22 14:59:50.353753,NMB Bank Limited
