contract_id,symbol,buyer_member_id,seller_member_id,volume,price,amount,buyer_broker,seller_broker,transaction_time
2026042205000108,NRN,34,66,33,1503.9,49628.7,Vision Securities Pvt. Ltd,Miyo Securities Pvt Ltd,2026-04-22 11:01:59.950299
2026042205000109,NRN,101,66,121,1489.0,180169.0,APPLE SECURITIES PRIVATE LIMITED,Miyo Securities Pvt Ltd,2026-04-22 11:01:59.950392
2026042205000549,NRN,26,41,50,1491.0,74550.0,Asian Securities Private Ltd.,Linch Stock Market Ltd.,2026-04-22 11:07:11.196720
2026042205000550,NRN,58,41,50,1490.2,74510.0,Naasa Securities Co. Ltd.,Linch Stock Market Ltd.,2026-04-22 11:07:11.196852
2026042205000752,NRN,64,43,10,1518.0,15180.0,SUN SECURITIES PVT LTD,South Asian Bulls Pvt. Ltd.,2026-04-22 11:09:25.756880
2026042205000789,NRN,19,63,10,1492.0,14920.0,Nepal Investment And Securities Trading Private Limited,Himalayan Brokerage Company Limited,2026-04-22 11:09:32.334623
2026042205000813,NRN,58,49,10,1491.0,14910.0,Naasa Securities Co. Ltd.,Online Securities Pvt. Ltd.,2026-04-22 11:09:39.992473
2026042205000849,NRN,21,52,15,1495.0,22425.0,Midas Stock Broking Company Private Limited,Sundhara Securities Limited,2026-04-22 11:10:06.668161
2026042205000963,NRN,58,39,50,1500.0,75000.0,Naasa Securities Co. Ltd.,Sumeru Securities Pvt. Ltd.,2026-04-22 11:11:12.906686
2026042205000978,NRN,29,39,20,1499.0,29980.0,Trisul Securities & Invt. Ltd.,Sumeru Securities Pvt. Ltd.,2026-04-22 11:11:22.101238
2026042205001159,NRN,21,25,15,1495.0,22425.0,Midas Stock Broking Company Private Limited,Sweta Securities Private Limited,2026-04-22 11:13:07.731686
2026042205001336,NRN,29,39,4,1460.0,5840.0,Trisul Securities & Invt. Ltd.,Sumeru Securities Pvt. Ltd.,2026-04-22 11:14:41.203531
2026042205001448,NRN,21,42,170,1495.0,254150.0,Midas Stock Broking Company Private Limited,Sani Securities Company Ltd.,2026-04-22 11:15:44.296273
2026042205001449,NRN,65,42,10,1495.0,14950.0,Sharepro Securities Private Limited,Sani Securities Company Ltd.,2026-04-22 11:15:44.296429
2026042205001450,NRN,26,42,20,1495.0,29900.0,Asian Securities Private Ltd.,Sani Securities Company Ltd.,2026-04-22 11:15:44.296496
2026042205001530,NRN,1,42,1,1451.0,1451.0,Kumari Securities Private Limited,Sani Securities Company Ltd.,2026-04-22 11:16:46.639330
2026042205001565,NRN,26,25,15,1495.0,22425.0,Asian Securities Private Ltd.,Sweta Securities Private Limited,2026-04-22 11:16:59.914184
2026042205001583,NRN,1,49,1,1450.2,1450.2,Kumari Securities Private Limited,Online Securities Pvt. Ltd.,2026-04-22 11:17:08.001147
2026042205001651,NRN,26,64,65,1495.0,97175.0,Asian Securities Private Ltd.,SUN SECURITIES PVT LTD,2026-04-22 11:17:55.799168
2026042205001652,NRN,44,64,100,1495.0,149500.0,Dynamic Money Managers Securities Pvt. Ltd.,SUN SECURITIES PVT LTD,2026-04-22 11:17:55.799405
2026042205001653,NRN,67,64,35,1495.0,52325.0,Property Wiard Limited,SUN SECURITIES PVT LTD,2026-04-22 11:17:55.799476
2026042205001674,NRN,67,40,165,1495.0,246675.0,Property Wiard Limited,Creative Securities Pvt Ltd,2026-04-22 11:18:08.438493
2026042205001686,NRN,22,58,15,1492.1,22381.5,Siprabi Securities Pvt. Ltd.,Naasa Securities Co. Ltd.,2026-04-22 11:18:10.553475
2026042205001687,NRN,57,58,42,1492.0,62664.0,Aryatara Investment & Securities,Naasa Securities Co. Ltd.,2026-04-22 11:18:10.553545
2026042205001688,NRN,67,58,59,1492.0,88028.0,Property Wiard Limited,Naasa Securities Co. Ltd.,2026-04-22 11:18:10.553587
2026042205001767,NRN,67,89,10,1492.0,14920.0,Property Wiard Limited,Global IME Securities Limited,2026-04-22 11:18:58.024754
2026042205001840,NRN,67,6,230,1492.0,343160.0,Property Wiard Limited,Agrawal Securities (PVT) Ltd.,2026-04-22 11:19:38.972745
2026042205001841,NRN,67,8,1,1492.0,1492.0,Property Wiard Limited,Brilliant Securities Pvt. Ltd.,2026-04-22 11:19:38.973003
2026042205001847,NRN,69,40,50,1495.0,74750.0,INDEX SECURITIES LIMITED,Creative Securities Pvt Ltd,2026-04-22 11:19:40.801180
2026042205001864,NRN,37,62,52,1492.0,77584.0,Swarna Laxmi Securities Pvt. Ltd.,Capital Max Securities Ltd,2026-04-22 11:19:51.190980
2026042205001880,NRN,32,40,185,1495.0,276575.0,Premier Securities Company Ltd.,Creative Securities Pvt Ltd,2026-04-22 11:20:00.226510
2026042205001975,NRN,42,14,100,1492.1,149210.0,Sani Securities Company Ltd.,Nepal Stock House (PVT) Ltd.,2026-04-22 11:20:39.365961
2026042205001976,NRN,37,14,48,1492.0,71616.0,Swarna Laxmi Securities Pvt. Ltd.,Nepal Stock House (PVT) Ltd.,2026-04-22 11:20:39.366193
2026042205001977,NRN,39,14,852,1492.0,1271184.0,Sumeru Securities Pvt. Ltd.,Nepal Stock House (PVT) Ltd.,2026-04-22 11:20:39.366279
2026042205002047,NRN,10,25,10,1496.0,14960.0,Pragyan Securities (PVT) Ltd.,Sweta Securities Private Limited,2026-04-22 11:21:38.586377
2026042205002146,NRN,62,39,100,1497.0,149700.0,Capital Max Securities Ltd,Sumeru Securities Pvt. Ltd.,2026-04-22 11:22:20.740496
2026042205002152,NRN,62,39,100,1497.0,149700.0,Capital Max Securities Ltd,Sumeru Securities Pvt. Ltd.,2026-04-22 11:22:28.538719
2026042205002206,NRN,67,45,200,1500.0,300000.0,Property Wiard Limited,Imperial Securities Company Pvt. Ltd.,2026-04-22 11:23:07.518981
2026042205002219,NRN,69,89,30,1495.0,44850.0,INDEX SECURITIES LIMITED,Global IME Securities Limited,2026-04-22 11:23:19.710939
2026042205002245,NRN,21,58,300,1500.0,450000.0,Midas Stock Broking Company Private Limited,Naasa Securities Co. Ltd.,2026-04-22 11:23:42.210666
2026042205002310,NRN,39,39,100,1500.0,150000.0,Sumeru Securities Pvt. Ltd.,Sumeru Securities Pvt. Ltd.,2026-04-22 11:24:29.777801
2026042205002438,NRN,66,45,20,1500.0,30000.0,Miyo Securities Pvt Ltd,Imperial Securities Company Pvt. Ltd.,2026-04-22 11:26:10.210938
2026042205002506,NRN,69,45,20,1500.0,30000.0,INDEX SECURITIES LIMITED,Imperial Securities Company Pvt. Ltd.,2026-04-22 11:26:58.418589
2026042205002548,NRN,6,45,80,1500.0,120000.0,Agrawal Securities (PVT) Ltd.,Imperial Securities Company Pvt. Ltd.,2026-04-22 11:27:32.966661
2026042205002699,NRN,32,32,40,1496.1,59844.0,Premier Securities Company Ltd.,Premier Securities Company Ltd.,2026-04-22 11:28:26.150112
2026042205002700,NRN,66,32,20,1496.0,29920.0,Miyo Securities Pvt Ltd,Premier Securities Company Ltd.,2026-04-22 11:28:26.150366
2026042205002701,NRN,33,32,10,1495.0,14950.0,Dakshinkali Investment & Securities Pvt. Ltd.,Premier Securities Company Ltd.,2026-04-22 11:28:26.150452
2026042205002702,NRN,44,32,100,1495.0,149500.0,Dynamic Money Managers Securities Pvt. Ltd.,Premier Securities Company Ltd.,2026-04-22 11:28:26.150529
2026042205002703,NRN,66,32,20,1495.0,29900.0,Miyo Securities Pvt Ltd,Premier Securities Company Ltd.,2026-04-22 11:28:26.150605
2026042205002713,NRN,78,58,1,1492.0,1492.0,Garima Securities Limited,Naasa Securities Co. Ltd.,2026-04-22 11:28:30.073457
2026042205002717,NRN,6,32,10,1495.0,14950.0,Agrawal Securities (PVT) Ltd.,Premier Securities Company Ltd.,2026-04-22 11:28:42.676935
2026042205002835,NRN,78,63,5,1495.0,7475.0,Garima Securities Limited,Himalayan Brokerage Company Limited,2026-04-22 11:30:09.858552
2026042205002846,NRN,78,44,1,1495.0,1495.0,Garima Securities Limited,Dynamic Money Managers Securities Pvt. Ltd.,2026-04-22 11:30:29.539114
2026042205002871,NRN,57,13,100,1508.0,150800.0,Aryatara Investment & Securities,Thrive Brokerage House Pvt. Ltd,2026-04-22 11:30:55.436710
2026042205003033,NRN,6,65,100,1507.0,150700.0,Agrawal Securities (PVT) Ltd.,Sharepro Securities Private Limited,2026-04-22 11:32:30.150581
2026042205003047,NRN,78,42,1,1496.0,1496.0,Garima Securities Limited,Sani Securities Company Ltd.,2026-04-22 11:32:45.611803
2026042205003055,NRN,78,32,1,1496.0,1496.0,Garima Securities Limited,Premier Securities Company Ltd.,2026-04-22 11:32:59.977609
2026042205003064,NRN,65,13,180,1508.0,271440.0,Sharepro Securities Private Limited,Thrive Brokerage House Pvt. Ltd,2026-04-22 11:33:02.574155
2026042205003087,NRN,3,32,200,1500.1,300020.0,Arun Securities (PVT) Ltd.,Premier Securities Company Ltd.,2026-04-22 11:33:22.580239
2026042205003089,NRN,65,39,10,1509.0,15090.0,Sharepro Securities Private Limited,Sumeru Securities Pvt. Ltd.,2026-04-22 11:33:23.021351
2026042205003090,NRN,65,43,200,1510.0,302000.0,Sharepro Securities Private Limited,South Asian Bulls Pvt. Ltd.,2026-04-22 11:33:23.021565
2026042205003091,NRN,65,32,10,1510.0,15100.0,Sharepro Securities Private Limited,Premier Securities Company Ltd.,2026-04-22 11:33:23.021652
2026042205003092,NRN,65,38,160,1510.0,241600.0,Sharepro Securities Private Limited,Dipshikha Dhitopatra Karobar Co. Pvt Ltd.,2026-04-22 11:33:23.021767
2026042205003249,NRN,65,39,500,1505.0,752500.0,Sharepro Securities Private Limited,Sumeru Securities Pvt. Ltd.,2026-04-22 11:34:51.326459
2026042205003272,NRN,80,71,70,1505.0,105350.0,Indira securities pvt. ltd,SHUBHAKAMANA SECURITIES PVT. LTD,2026-04-22 11:35:09.809145
2026042205003273,NRN,65,71,80,1500.0,120000.0,Sharepro Securities Private Limited,SHUBHAKAMANA SECURITIES PVT. LTD,2026-04-22 11:35:09.809572
2026042205003274,NRN,42,71,50,1500.0,75000.0,Sani Securities Company Ltd.,SHUBHAKAMANA SECURITIES PVT. LTD,2026-04-22 11:35:09.809813
2026042205003428,NRN,65,49,15,1501.0,22515.0,Sharepro Securities Private Limited,Online Securities Pvt. Ltd.,2026-04-22 11:36:52.874013
2026042205003436,NRN,65,11,15,1501.0,22515.0,Sharepro Securities Private Limited,Malla & Malla Stock Broking Company Pvt. Limited,2026-04-22 11:36:58.309019
2026042205003482,NRN,65,45,70,1501.0,105070.0,Sharepro Securities Private Limited,Imperial Securities Company Pvt. Ltd.,2026-04-22 11:37:44.364672
2026042205003483,NRN,49,45,60,1501.0,90060.0,Online Securities Pvt. Ltd.,Imperial Securities Company Pvt. Ltd.,2026-04-22 11:37:44.364898
2026042205003492,NRN,49,45,10,1501.0,15010.0,Online Securities Pvt. Ltd.,Imperial Securities Company Pvt. Ltd.,2026-04-22 11:37:51.633563
2026042205003621,NRN,78,14,1,1500.0,1500.0,Garima Securities Limited,Nepal Stock House (PVT) Ltd.,2026-04-22 11:39:22.079562
2026042205003649,NRN,78,42,1,1500.0,1500.0,Garima Securities Limited,Sani Securities Company Ltd.,2026-04-22 11:39:36.749446
2026042205003677,NRN,78,21,1,1500.0,1500.0,Garima Securities Limited,Midas Stock Broking Company Private Limited,2026-04-22 11:39:53.037764
2026042205003726,NRN,78,38,1,1501.0,1501.0,Garima Securities Limited,Dipshikha Dhitopatra Karobar Co. Pvt Ltd.,2026-04-22 11:40:28.047784
2026042205003814,NRN,58,22,14,1505.0,21070.0,Naasa Securities Co. Ltd.,Siprabi Securities Pvt. Ltd.,2026-04-22 11:41:26.598075
2026042205003862,NRN,38,3,4,1490.0,5960.0,Dipshikha Dhitopatra Karobar Co. Pvt Ltd.,Arun Securities (PVT) Ltd.,2026-04-22 11:41:57.396912
2026042205003932,NRN,41,32,79,1502.1,118665.9,Linch Stock Market Ltd.,Premier Securities Company Ltd.,2026-04-22 11:42:52.898412
2026042205003933,NRN,20,32,121,1502.0,181742.0,Sipla Securities Private Limited,Premier Securities Company Ltd.,2026-04-22 11:42:52.898665
2026042205003964,NRN,20,42,379,1502.0,569258.0,Sipla Securities Private Limited,Sani Securities Company Ltd.,2026-04-22 11:43:21.506672
2026042205003965,NRN,63,42,100,1502.0,150200.0,Himalayan Brokerage Company Limited,Sani Securities Company Ltd.,2026-04-22 11:43:21.506929
2026042205003966,NRN,49,42,30,1501.0,45030.0,Online Securities Pvt. Ltd.,Sani Securities Company Ltd.,2026-04-22 11:43:21.507041
2026042205003967,NRN,65,42,40,1501.0,60040.0,Sharepro Securities Private Limited,Sani Securities Company Ltd.,2026-04-22 11:43:21.507131
2026042205003968,NRN,45,42,20,1500.3,30006.0,Imperial Securities Company Pvt. Ltd.,Sani Securities Company Ltd.,2026-04-22 11:43:21.507220
2026042205003969,NRN,38,42,100,1500.2,150020.0,Dipshikha Dhitopatra Karobar Co. Pvt Ltd.,Sani Securities Company Ltd.,2026-04-22 11:43:21.507308
2026042205003970,NRN,58,42,40,1500.1,60004.0,Naasa Securities Co. Ltd.,Sani Securities Company Ltd.,2026-04-22 11:43:21.507410
2026042205003971,NRN,42,42,13,1500.0,19500.0,Sani Securities Company Ltd.,Sani Securities Company Ltd.,2026-04-22 11:43:21.507500
2026042205003972,NRN,58,42,230,1500.0,345000.0,Naasa Securities Co. Ltd.,Sani Securities Company Ltd.,2026-04-22 11:43:21.507593
2026042205004190,NRN,78,32,1,1501.0,1501.0,Garima Securities Limited,Premier Securities Company Ltd.,2026-04-22 11:46:13.290227
2026042205004314,NRN,6,72,100,1509.0,150900.0,Agrawal Securities (PVT) Ltd.,Hatemalo Financial Services Private Limited,2026-04-22 11:48:09.181339
2026042205004315,NRN,6,6,100,1509.9,150990.0,Agrawal Securities (PVT) Ltd.,Agrawal Securities (PVT) Ltd.,2026-04-22 11:48:09.181586
2026042205004433,NRN,35,39,30,1500.0,45000.0,Kohinoor Investment & Securities Pvt. Ltd.,Sumeru Securities Pvt. Ltd.,2026-04-22 11:49:29.054352
2026042205004434,NRN,35,39,100,1500.0,150000.0,Kohinoor Investment & Securities Pvt. Ltd.,Sumeru Securities Pvt. Ltd.,2026-04-22 11:49:29.054605
2026042205004435,NRN,35,39,100,1500.0,150000.0,Kohinoor Investment & Securities Pvt. Ltd.,Sumeru Securities Pvt. Ltd.,2026-04-22 11:49:29.054704
2026042205004436,NRN,45,39,100,1500.0,150000.0,Imperial Securities Company Pvt. Ltd.,Sumeru Securities Pvt. Ltd.,2026-04-22 11:49:29.054802
2026042205004437,NRN,1,39,70,1500.0,105000.0,Kumari Securities Private Limited,Sumeru Securities Pvt. Ltd.,2026-04-22 11:49:29.054940
2026042205004566,NRN,6,45,42,1505.0,63210.0,Agrawal Securities (PVT) Ltd.,Imperial Securities Company Pvt. Ltd.,2026-04-22 11:50:39.146164
2026042205004592,NRN,1,83,30,1500.0,45000.0,Kumari Securities Private Limited,Sanima Securities Limited,2026-04-22 11:50:55.843944
2026042205004593,NRN,58,83,26,1500.0,39000.0,Naasa Securities Co. Ltd.,Sanima Securities Limited,2026-04-22 11:50:55.844421
2026042205004594,NRN,63,83,100,1500.0,150000.0,Himalayan Brokerage Company Limited,Sanima Securities Limited,2026-04-22 11:50:55.844703
2026042205004649,NRN,37,83,10,1500.0,15000.0,Swarna Laxmi Securities Pvt. Ltd.,Sanima Securities Limited,2026-04-22 11:51:34.196934
2026042205004851,NRN,20,83,184,1499.5,275908.0,Sipla Securities Private Limited,Sanima Securities Limited,2026-04-22 11:52:21.486971
2026042205004900,NRN,38,44,1,1456.1,1456.1,Dipshikha Dhitopatra Karobar Co. Pvt Ltd.,Dynamic Money Managers Securities Pvt. Ltd.,2026-04-22 11:52:55.015681
2026042205005036,NRN,20,83,50,1499.5,74975.0,Sipla Securities Private Limited,Sanima Securities Limited,2026-04-22 11:53:51.407101
2026042205005132,NRN,20,48,21,1499.5,31489.5,Sipla Securities Private Limited,Trishakti Securities Public Limited,2026-04-22 11:54:52.199891
2026042205005147,NRN,38,45,1,1456.0,1456.0,Dipshikha Dhitopatra Karobar Co. Pvt Ltd.,Imperial Securities Company Pvt. Ltd.,2026-04-22 11:54:58.819554
2026042205005161,NRN,20,36,131,1499.5,196434.5,Sipla Securities Private Limited,Secured Securities Ltd.,2026-04-22 11:55:09.288570
2026042205005217,NRN,20,38,114,1499.5,170943.0,Sipla Securities Private Limited,Dipshikha Dhitopatra Karobar Co. Pvt Ltd.,2026-04-22 11:55:48.535291
2026042205005218,NRN,7,38,10,1499.1,14991.0,J.F. Securites (PVT) Ltd.,Dipshikha Dhitopatra Karobar Co. Pvt Ltd.,2026-04-22 11:55:48.535432
2026042205005219,NRN,35,38,100,1499.1,149910.0,Kohinoor Investment & Securities Pvt. Ltd.,Dipshikha Dhitopatra Karobar Co. Pvt Ltd.,2026-04-22 11:55:48.535534
2026042205005220,NRN,49,38,36,1499.0,53964.0,Online Securities Pvt. Ltd.,Dipshikha Dhitopatra Karobar Co. Pvt Ltd.,2026-04-22 11:55:48.535641
2026042205005264,NRN,49,6,164,1499.0,245836.0,Online Securities Pvt. Ltd.,Agrawal Securities (PVT) Ltd.,2026-04-22 11:56:06.682423
2026042205005265,NRN,10,6,36,1499.0,53964.0,Pragyan Securities (PVT) Ltd.,Agrawal Securities (PVT) Ltd.,2026-04-22 11:56:06.682911
2026042205005467,NRN,13,39,250,1500.0,375000.0,Thrive Brokerage House Pvt. Ltd,Sumeru Securities Pvt. Ltd.,2026-04-22 11:57:21.155993
2026042205005468,NRN,57,39,50,1500.0,75000.0,Aryatara Investment & Securities,Sumeru Securities Pvt. Ltd.,2026-04-22 11:57:21.156269
2026042205005469,NRN,57,65,50,1500.0,75000.0,Aryatara Investment & Securities,Sharepro Securities Private Limited,2026-04-22 11:57:22.397524
2026042205005724,NRN,6,64,190,1500.0,285000.0,Agrawal Securities (PVT) Ltd.,SUN SECURITIES PVT LTD,2026-04-22 11:59:14.738609
2026042205005725,NRN,17,64,100,1500.0,150000.0,ABC Securities Private Limited,SUN SECURITIES PVT LTD,2026-04-22 11:59:14.739055
2026042205005883,NRN,38,6,10,1499.1,14991.0,Dipshikha Dhitopatra Karobar Co. Pvt Ltd.,Agrawal Securities (PVT) Ltd.,2026-04-22 11:59:56.925217
2026042205005885,NRN,10,41,14,1499.0,20986.0,Pragyan Securities (PVT) Ltd.,Linch Stock Market Ltd.,2026-04-22 11:59:58.229351
2026042205005886,NRN,38,41,20,1499.0,29980.0,Dipshikha Dhitopatra Karobar Co. Pvt Ltd.,Linch Stock Market Ltd.,2026-04-22 11:59:58.229627
2026042205005925,NRN,58,6,50,1498.0,74900.0,Naasa Securities Co. Ltd.,Agrawal Securities (PVT) Ltd.,2026-04-22 12:00:09.850568
2026042205005926,NRN,36,6,10,1498.0,14980.0,Secured Securities Ltd.,Agrawal Securities (PVT) Ltd.,2026-04-22 12:00:09.850841
2026042205005939,NRN,44,6,50,1497.1,74855.0,Dynamic Money Managers Securities Pvt. Ltd.,Agrawal Securities (PVT) Ltd.,2026-04-22 12:00:19.006065
2026042205005940,NRN,100,6,50,1497.0,74850.0,Sunrise Securities Limited,Agrawal Securities (PVT) Ltd.,2026-04-22 12:00:19.006320
2026042205005958,NRN,69,38,1,1460.0,1460.0,INDEX SECURITIES LIMITED,Dipshikha Dhitopatra Karobar Co. Pvt Ltd.,2026-04-22 12:00:28.200629
2026042205006089,NRN,50,39,10,1495.0,14950.0,Cristal Kanchanjanga Securites Pvt. Ltd.,Sumeru Securities Pvt. Ltd.,2026-04-22 12:01:31.557249
2026042205006090,NRN,58,39,20,1495.0,29900.0,Naasa Securities Co. Ltd.,Sumeru Securities Pvt. Ltd.,2026-04-22 12:01:31.557505
2026042205006091,NRN,22,39,19,1495.0,28405.0,Siprabi Securities Pvt. Ltd.,Sumeru Securities Pvt. Ltd.,2026-04-22 12:01:31.557602
2026042205006092,NRN,17,39,51,1495.0,76245.0,ABC Securities Private Limited,Sumeru Securities Pvt. Ltd.,2026-04-22 12:01:31.557725
2026042205006159,NRN,48,71,20,1498.9,29978.0,Trishakti Securities Public Limited,SHUBHAKAMANA SECURITIES PVT. LTD,2026-04-22 12:02:09.047040
2026042205006289,NRN,58,71,71,1498.9,106421.9,Naasa Securities Co. Ltd.,SHUBHAKAMANA SECURITIES PVT. LTD,2026-04-22 12:03:29.397055
2026042205006432,NRN,38,14,8,1480.0,11840.0,Dipshikha Dhitopatra Karobar Co. Pvt Ltd.,Nepal Stock House (PVT) Ltd.,2026-04-22 12:04:55.455591
2026042205006518,NRN,17,60,49,1495.0,73255.0,ABC Securities Private Limited,Nagarik Stock Dealer ,2026-04-22 12:05:40.890306
2026042205006519,NRN,44,60,50,1495.0,74750.0,Dynamic Money Managers Securities Pvt. Ltd.,Nagarik Stock Dealer ,2026-04-22 12:05:40.890799
2026042205006621,NRN,28,60,11,1495.0,16445.0,Shree Krishna Securities Ltd.,Nagarik Stock Dealer ,2026-04-22 12:06:23.491223
2026042205006719,NRN,47,34,20,1495.0,29900.0,Neev Securities Pvt. Ltd.,Vision Securities Pvt. Ltd,2026-04-22 12:07:11.707838
2026042205006729,NRN,3,65,500,1494.1,747050.0,Arun Securities (PVT) Ltd.,Sharepro Securities Private Limited,2026-04-22 12:07:21.454223
2026042205006730,NRN,78,65,10,1494.1,14941.0,Garima Securities Limited,Sharepro Securities Private Limited,2026-04-22 12:07:21.454505
2026042205006731,NRN,65,65,40,1494.1,59764.0,Sharepro Securities Private Limited,Sharepro Securities Private Limited,2026-04-22 12:07:21.454609
2026042205006785,NRN,65,58,10,1494.1,14941.0,Sharepro Securities Private Limited,Naasa Securities Co. Ltd.,2026-04-22 12:07:34.434082
2026042205006786,NRN,32,58,30,1494.1,44823.0,Premier Securities Company Ltd.,Naasa Securities Co. Ltd.,2026-04-22 12:07:34.434125
2026042205006787,NRN,32,58,20,1494.0,29880.0,Premier Securities Company Ltd.,Naasa Securities Co. Ltd.,2026-04-22 12:07:34.434155
2026042205006788,NRN,54,58,50,1493.2,74660.0,Sewa Securities Pvt. Ltd.,Naasa Securities Co. Ltd.,2026-04-22 12:07:34.434185
2026042205006789,NRN,39,58,148,1492.0,220816.0,Sumeru Securities Pvt. Ltd.,Naasa Securities Co. Ltd.,2026-04-22 12:07:34.434229
2026042205006790,NRN,44,58,50,1492.0,74600.0,Dynamic Money Managers Securities Pvt. Ltd.,Naasa Securities Co. Ltd.,2026-04-22 12:07:34.434254
2026042205006791,NRN,3,58,24,1491.4,35793.6,Arun Securities (PVT) Ltd.,Naasa Securities Co. Ltd.,2026-04-22 12:07:34.434281
2026042205006856,NRN,1,48,1,1448.0,1448.0,Kumari Securities Private Limited,Trishakti Securities Public Limited,2026-04-22 12:08:22.218028
2026042205006969,NRN,38,29,1,1446.7,1446.7,Dipshikha Dhitopatra Karobar Co. Pvt Ltd.,Trisul Securities & Invt. Ltd.,2026-04-22 12:09:06.144668
2026042205007024,NRN,14,34,50,1491.5,74575.0,Nepal Stock House (PVT) Ltd.,Vision Securities Pvt. Ltd,2026-04-22 12:09:53.263394
2026042205007052,NRN,4,34,15,1495.0,22425.0,Opal Securities Investment (PVT) Ltd.,Vision Securities Pvt. Ltd,2026-04-22 12:10:07.420151
2026042205007174,NRN,43,83,130,1492.0,193960.0,South Asian Bulls Pvt. Ltd.,Sanima Securities Limited,2026-04-22 12:11:01.745493
2026042205007190,NRN,45,74,10,1491.6,14916.0,Imperial Securities Company Pvt. Ltd.,KALASH STOCK MARKET PVT. LTD.,2026-04-22 12:11:14.031750
2026042205007191,NRN,14,74,90,1491.5,134235.0,Nepal Stock House (PVT) Ltd.,KALASH STOCK MARKET PVT. LTD.,2026-04-22 12:11:14.032050
2026042205007205,NRN,62,83,70,1492.0,104440.0,Capital Max Securities Ltd,Sanima Securities Limited,2026-04-22 12:11:18.746095
2026042205007244,NRN,14,14,60,1491.5,89490.0,Nepal Stock House (PVT) Ltd.,Nepal Stock House (PVT) Ltd.,2026-04-22 12:11:34.205424
2026042205007245,NRN,14,14,200,1491.5,298300.0,Nepal Stock House (PVT) Ltd.,Nepal Stock House (PVT) Ltd.,2026-04-22 12:11:34.205890
2026042205007246,NRN,3,14,176,1491.4,262486.4,Arun Securities (PVT) Ltd.,Nepal Stock House (PVT) Ltd.,2026-04-22 12:11:34.206192
2026042205007247,NRN,80,14,100,1491.0,149100.0,Indira securities pvt. ltd,Nepal Stock House (PVT) Ltd.,2026-04-22 12:11:34.206506
2026042205007248,NRN,48,14,30,1491.0,44730.0,Trishakti Securities Public Limited,Nepal Stock House (PVT) Ltd.,2026-04-22 12:11:34.206804
2026042205007249,NRN,44,14,10,1491.0,14910.0,Dynamic Money Managers Securities Pvt. Ltd.,Nepal Stock House (PVT) Ltd.,2026-04-22 12:11:34.207096
2026042205007250,NRN,38,14,100,1490.5,149050.0,Dipshikha Dhitopatra Karobar Co. Pvt Ltd.,Nepal Stock House (PVT) Ltd.,2026-04-22 12:11:34.207422
2026042205007251,NRN,62,14,100,1490.3,149030.0,Capital Max Securities Ltd,Nepal Stock House (PVT) Ltd.,2026-04-22 12:11:34.207718
2026042205007252,NRN,49,14,100,1490.3,149030.0,Online Securities Pvt. Ltd.,Nepal Stock House (PVT) Ltd.,2026-04-22 12:11:34.208005
2026042205007253,NRN,10,14,124,1490.2,184784.8,Pragyan Securities (PVT) Ltd.,Nepal Stock House (PVT) Ltd.,2026-04-22 12:11:34.208326
2026042205007304,NRN,58,83,29,1491.5,43253.5,Naasa Securities Co. Ltd.,Sanima Securities Limited,2026-04-22 12:11:58.055383
2026042205007333,NRN,10,35,204,1490.2,304000.8,Pragyan Securities (PVT) Ltd.,Kohinoor Investment & Securities Pvt. Ltd.,2026-04-22 12:12:10.043224
2026042205007339,NRN,89,83,60,1491.5,89490.0,Global IME Securities Limited,Sanima Securities Limited,2026-04-22 12:12:14.156462
2026042205007371,NRN,69,83,11,1491.5,16406.5,INDEX SECURITIES LIMITED,Sanima Securities Limited,2026-04-22 12:12:27.800982
2026042205007382,NRN,69,14,15,1491.5,22372.5,INDEX SECURITIES LIMITED,Nepal Stock House (PVT) Ltd.,2026-04-22 12:12:36.434134
2026042205007387,NRN,38,34,10,1495.0,14950.0,Dipshikha Dhitopatra Karobar Co. Pvt Ltd.,Vision Securities Pvt. Ltd,2026-04-22 12:12:37.782333
2026042205007440,NRN,69,42,14,1491.5,20881.0,INDEX SECURITIES LIMITED,Sani Securities Company Ltd.,2026-04-22 12:13:13.088092
2026042205007480,NRN,69,85,60,1491.5,89490.0,INDEX SECURITIES LIMITED,Capital Hub P. Ltd,2026-04-22 12:13:44.981403
2026042205007481,NRN,74,85,40,1491.0,59640.0,KALASH STOCK MARKET PVT. LTD.,Capital Hub P. Ltd,2026-04-22 12:13:44.981857
2026042205007526,NRN,74,14,60,1491.0,89460.0,KALASH STOCK MARKET PVT. LTD.,Nepal Stock House (PVT) Ltd.,2026-04-22 12:14:17.316570
2026042205007527,NRN,1,14,100,1491.0,149100.0,Kumari Securities Private Limited,Nepal Stock House (PVT) Ltd.,2026-04-22 12:14:17.316812
2026042205007528,NRN,10,14,72,1490.2,107294.4,Pragyan Securities (PVT) Ltd.,Nepal Stock House (PVT) Ltd.,2026-04-22 12:14:17.316916
2026042205007529,NRN,57,14,100,1490.2,149020.0,Aryatara Investment & Securities,Nepal Stock House (PVT) Ltd.,2026-04-22 12:14:17.317013
2026042205007530,NRN,57,14,50,1490.1,74505.0,Aryatara Investment & Securities,Nepal Stock House (PVT) Ltd.,2026-04-22 12:14:17.317114
2026042205007531,NRN,34,14,100,1490.1,149010.0,Vision Securities Pvt. Ltd,Nepal Stock House (PVT) Ltd.,2026-04-22 12:14:17.317211
2026042205007532,NRN,14,14,100,1490.1,149010.0,Nepal Stock House (PVT) Ltd.,Nepal Stock House (PVT) Ltd.,2026-04-22 12:14:17.317307
2026042205007533,NRN,1,14,100,1490.1,149010.0,Kumari Securities Private Limited,Nepal Stock House (PVT) Ltd.,2026-04-22 12:14:17.317433
2026042205007534,NRN,59,14,500,1490.1,745050.0,Deevyaa Securities & Stock House Pvt. Ltd,Nepal Stock House (PVT) Ltd.,2026-04-22 12:14:17.317527
2026042205007535,NRN,95,14,100,1490.0,149000.0,Magnet Securities and Investment Company Private Limited,Nepal Stock House (PVT) Ltd.,2026-04-22 12:14:17.317623
2026042205007536,NRN,21,14,218,1490.0,324820.0,Midas Stock Broking Company Private Limited,Nepal Stock House (PVT) Ltd.,2026-04-22 12:14:17.317718
2026042205007557,NRN,49,42,100,1495.0,149500.0,Online Securities Pvt. Ltd.,Sani Securities Company Ltd.,2026-04-22 12:14:30.100744
2026042205007562,NRN,21,42,82,1490.0,122180.0,Midas Stock Broking Company Private Limited,Sani Securities Company Ltd.,2026-04-22 12:14:31.406458
2026042205007563,NRN,14,42,100,1490.0,149000.0,Nepal Stock House (PVT) Ltd.,Sani Securities Company Ltd.,2026-04-22 12:14:31.406905
2026042205007564,NRN,58,42,20,1490.0,29800.0,Naasa Securities Co. Ltd.,Sani Securities Company Ltd.,2026-04-22 12:14:31.407190
2026042205007565,NRN,34,42,500,1490.0,745000.0,Vision Securities Pvt. Ltd,Sani Securities Company Ltd.,2026-04-22 12:14:31.407719
2026042205007566,NRN,49,42,10,1490.0,14900.0,Online Securities Pvt. Ltd.,Sani Securities Company Ltd.,2026-04-22 12:14:31.408026
2026042205007567,NRN,35,42,500,1490.0,745000.0,Kohinoor Investment & Securities Pvt. Ltd.,Sani Securities Company Ltd.,2026-04-22 12:14:31.408330
2026042205007568,NRN,39,42,500,1490.0,745000.0,Sumeru Securities Pvt. Ltd.,Sani Securities Company Ltd.,2026-04-22 12:14:31.408622
2026042205007569,NRN,57,42,190,1490.0,283100.0,Aryatara Investment & Securities,Sani Securities Company Ltd.,2026-04-22 12:14:31.408911
2026042205007570,NRN,17,42,50,1490.0,74500.0,ABC Securities Private Limited,Sani Securities Company Ltd.,2026-04-22 12:14:31.409302
2026042205007571,NRN,11,42,10,1490.0,14900.0,Malla & Malla Stock Broking Company Pvt. Limited,Sani Securities Company Ltd.,2026-04-22 12:14:31.409531
2026042205007572,NRN,41,42,100,1490.0,149000.0,Linch Stock Market Ltd.,Sani Securities Company Ltd.,2026-04-22 12:14:31.409656
2026042205007573,NRN,8,42,100,1490.0,149000.0,Brilliant Securities Pvt. Ltd.,Sani Securities Company Ltd.,2026-04-22 12:14:31.409749
2026042205007574,NRN,28,42,40,1490.0,59600.0,Shree Krishna Securities Ltd.,Sani Securities Company Ltd.,2026-04-22 12:14:31.409838
2026042205007575,NRN,57,42,100,1490.0,149000.0,Aryatara Investment & Securities,Sani Securities Company Ltd.,2026-04-22 12:14:31.409948
2026042205007576,NRN,17,42,100,1490.0,149000.0,ABC Securities Private Limited,Sani Securities Company Ltd.,2026-04-22 12:14:31.410041
2026042205007577,NRN,44,42,98,1490.0,146020.0,Dynamic Money Managers Securities Pvt. Ltd.,Sani Securities Company Ltd.,2026-04-22 12:14:31.410156
2026042205007630,NRN,65,32,15,1491.5,22372.5,Sharepro Securities Private Limited,Premier Securities Company Ltd.,2026-04-22 12:15:01.698620
2026042205007631,NRN,14,32,150,1490.0,223500.0,Nepal Stock House (PVT) Ltd.,Premier Securities Company Ltd.,2026-04-22 12:15:01.699059
2026042205007632,NRN,28,32,40,1490.0,59600.0,Shree Krishna Securities Ltd.,Premier Securities Company Ltd.,2026-04-22 12:15:01.699350
2026042205007633,NRN,25,32,45,1490.0,67050.0,Sweta Securities Private Limited,Premier Securities Company Ltd.,2026-04-22 12:15:01.699629
2026042205007643,NRN,45,64,100,1490.0,149000.0,Imperial Securities Company Pvt. Ltd.,SUN SECURITIES PVT LTD,2026-04-22 12:15:10.492498
2026042205007672,NRN,39,18,10,1489.1,14891.0,Sumeru Securities Pvt. Ltd.,Sagarmatha Securities Private Limited,2026-04-22 12:15:31.558514
2026042205007673,NRN,101,18,990,1489.0,1474110.0,APPLE SECURITIES PRIVATE LIMITED,Sagarmatha Securities Private Limited,2026-04-22 12:15:31.558784
2026042205007681,NRN,101,81,200,1489.0,297800.0,APPLE SECURITIES PRIVATE LIMITED,Aakashbhairab Securities Ltd.,2026-04-22 12:15:32.110084
2026042205007686,NRN,101,42,400,1489.0,595600.0,APPLE SECURITIES PRIVATE LIMITED,Sani Securities Company Ltd.,2026-04-22 12:15:35.704298
2026042205007757,NRN,101,10,17,1489.0,25313.0,APPLE SECURITIES PRIVATE LIMITED,Pragyan Securities (PVT) Ltd.,2026-04-22 12:16:17.464466
2026042205007817,NRN,19,29,1,1533.0,1533.0,Nepal Investment And Securities Trading Private Limited,Trisul Securities & Invt. Ltd.,2026-04-22 12:16:47.319045
2026042205008185,NRN,6,61,10,1495.0,14950.0,Agrawal Securities (PVT) Ltd.,BHOLE GANESH SECURITIES LTD,2026-04-22 12:19:39.322242
2026042205008583,NRN,13,6,10,1496.9,14969.0,Thrive Brokerage House Pvt. Ltd,Agrawal Securities (PVT) Ltd.,2026-04-22 12:23:03.827759
2026042205008663,NRN,78,45,1,1480.0,1480.0,Garima Securities Limited,Imperial Securities Company Pvt. Ltd.,2026-04-22 12:23:47.408288
2026042205008788,NRN,78,22,1,1490.0,1490.0,Garima Securities Limited,Siprabi Securities Pvt. Ltd.,2026-04-22 12:24:28.723420
2026042205008886,NRN,52,22,20,1496.5,29930.0,Sundhara Securities Limited,Siprabi Securities Pvt. Ltd.,2026-04-22 12:25:03.256480
2026042205008999,NRN,98,22,50,1496.5,74825.0,Trademow Securities Private Limited,Siprabi Securities Pvt. Ltd.,2026-04-22 12:25:56.722367
2026042205009010,NRN,78,58,1,1490.0,1490.0,Garima Securities Limited,Naasa Securities Co. Ltd.,2026-04-22 12:26:11.441658
2026042205009041,NRN,78,49,1,1490.0,1490.0,Garima Securities Limited,Online Securities Pvt. Ltd.,2026-04-22 12:26:23.594410
2026042205009143,NRN,35,46,94,1496.0,140624.0,Kohinoor Investment & Securities Pvt. Ltd.,Kalika Securities Pvt. Ltd.,2026-04-22 12:27:35.685491
2026042205009159,NRN,35,22,106,1496.5,158629.0,Kohinoor Investment & Securities Pvt. Ltd.,Siprabi Securities Pvt. Ltd.,2026-04-22 12:27:47.637974
2026042205009175,NRN,57,51,50,1496.0,74800.0,Aryatara Investment & Securities,Oxford Securities Pvt. Ltd.,2026-04-22 12:27:58.156785
2026042205009200,NRN,42,51,150,1496.0,224400.0,Sani Securities Company Ltd.,Oxford Securities Pvt. Ltd.,2026-04-22 12:28:04.565927
2026042205009201,NRN,42,14,100,1496.0,149600.0,Sani Securities Company Ltd.,Nepal Stock House (PVT) Ltd.,2026-04-22 12:28:04.566212
2026042205009202,NRN,42,22,24,1496.5,35916.0,Sani Securities Company Ltd.,Siprabi Securities Pvt. Ltd.,2026-04-22 12:28:04.566310
2026042205009203,NRN,42,6,226,1496.9,338299.4,Sani Securities Company Ltd.,Agrawal Securities (PVT) Ltd.,2026-04-22 12:28:04.566418
2026042205009296,NRN,56,6,40,1496.9,59876.0,Sri Hari Securities Pvt. Ltd.,Agrawal Securities (PVT) Ltd.,2026-04-22 12:28:37.846813
2026042205009413,NRN,8,21,1,1452.0,1452.0,Brilliant Securities Pvt. Ltd.,Midas Stock Broking Company Private Limited,2026-04-22 12:29:43.595338
2026042205009463,NRN,34,6,50,1496.9,74845.0,Vision Securities Pvt. Ltd,Agrawal Securities (PVT) Ltd.,2026-04-22 12:30:07.998978
2026042205009466,NRN,6,6,100,1496.9,149690.0,Agrawal Securities (PVT) Ltd.,Agrawal Securities (PVT) Ltd.,2026-04-22 12:30:10.366771
2026042205009528,NRN,78,58,1,1490.0,1490.0,Garima Securities Limited,Naasa Securities Co. Ltd.,2026-04-22 12:30:48.405656
2026042205009571,NRN,78,38,1,1490.0,1490.0,Garima Securities Limited,Dipshikha Dhitopatra Karobar Co. Pvt Ltd.,2026-04-22 12:31:04.473207
2026042205009612,NRN,38,26,1,1460.0,1460.0,Dipshikha Dhitopatra Karobar Co. Pvt Ltd.,Asian Securities Private Ltd.,2026-04-22 12:31:18.867584
2026042205009785,NRN,58,6,45,1496.9,67360.5,Naasa Securities Co. Ltd.,Agrawal Securities (PVT) Ltd.,2026-04-22 12:33:23.628103
2026042205009812,NRN,1,6,14,1496.9,20956.6,Kumari Securities Private Limited,Agrawal Securities (PVT) Ltd.,2026-04-22 12:33:42.513579
2026042205009830,NRN,58,13,200,1492.1,298420.0,Naasa Securities Co. Ltd.,Thrive Brokerage House Pvt. Ltd,2026-04-22 12:34:02.903863
2026042205009831,NRN,14,13,130,1492.0,193960.0,Nepal Stock House (PVT) Ltd.,Thrive Brokerage House Pvt. Ltd,2026-04-22 12:34:02.904393
2026042205009959,NRN,38,53,1,1447.3,1447.3,Dipshikha Dhitopatra Karobar Co. Pvt Ltd.,Investment Management Nepal Pvt. Ltd.,2026-04-22 12:35:52.837920
2026042205009981,NRN,74,13,100,1495.0,149500.0,KALASH STOCK MARKET PVT. LTD.,Thrive Brokerage House Pvt. Ltd,2026-04-22 12:36:07.755673
2026042205010016,NRN,58,13,50,1495.0,74750.0,Naasa Securities Co. Ltd.,Thrive Brokerage House Pvt. Ltd,2026-04-22 12:36:28.693728
2026042205010022,NRN,50,13,119,1495.0,177905.0,Cristal Kanchanjanga Securites Pvt. Ltd.,Thrive Brokerage House Pvt. Ltd,2026-04-22 12:36:35.338908
2026042205010024,NRN,45,13,10,1492.5,14925.0,Imperial Securities Company Pvt. Ltd.,Thrive Brokerage House Pvt. Ltd,2026-04-22 12:36:36.008816
2026042205010025,NRN,57,13,50,1492.3,74615.0,Aryatara Investment & Securities,Thrive Brokerage House Pvt. Ltd,2026-04-22 12:36:36.009490
2026042205010026,NRN,65,13,50,1492.2,74610.0,Sharepro Securities Private Limited,Thrive Brokerage House Pvt. Ltd,2026-04-22 12:36:36.010007
2026042205010027,NRN,57,13,50,1492.1,74605.0,Aryatara Investment & Securities,Thrive Brokerage House Pvt. Ltd,2026-04-22 12:36:36.010490
2026042205010028,NRN,14,13,10,1492.0,14920.0,Nepal Stock House (PVT) Ltd.,Thrive Brokerage House Pvt. Ltd,2026-04-22 12:36:36.010983
2026042205010029,NRN,74,13,100,1492.0,149200.0,KALASH STOCK MARKET PVT. LTD.,Thrive Brokerage House Pvt. Ltd,2026-04-22 12:36:36.011462
2026042205010030,NRN,21,13,10,1492.0,14920.0,Midas Stock Broking Company Private Limited,Thrive Brokerage House Pvt. Ltd,2026-04-22 12:36:36.011904
2026042205010032,NRN,34,13,10,1492.0,14920.0,Vision Securities Pvt. Ltd,Thrive Brokerage House Pvt. Ltd,2026-04-22 12:36:36.677804
2026042205010080,NRN,98,13,50,1495.0,74750.0,Trademow Securities Private Limited,Thrive Brokerage House Pvt. Ltd,2026-04-22 12:37:16.137329
2026042205010126,NRN,57,13,11,1495.0,16445.0,Aryatara Investment & Securities,Thrive Brokerage House Pvt. Ltd,2026-04-22 12:37:54.703229
2026042205010127,NRN,57,13,40,1495.0,59800.0,Aryatara Investment & Securities,Thrive Brokerage House Pvt. Ltd,2026-04-22 12:37:54.703527
2026042205010148,NRN,91,13,100,1496.0,149600.0,Citizens Share Broker Limited,Thrive Brokerage House Pvt. Ltd,2026-04-22 12:38:08.521140
2026042205010185,NRN,74,13,230,1496.0,344080.0,KALASH STOCK MARKET PVT. LTD.,Thrive Brokerage House Pvt. Ltd,2026-04-22 12:38:24.219913
2026042205010186,NRN,74,13,70,1496.0,104720.0,KALASH STOCK MARKET PVT. LTD.,Thrive Brokerage House Pvt. Ltd,2026-04-22 12:38:24.220432
2026042205010226,NRN,57,60,10,1495.0,14950.0,Aryatara Investment & Securities,Nagarik Stock Dealer ,2026-04-22 12:38:52.184201
2026042205010269,NRN,19,13,20,1496.0,29920.0,Nepal Investment And Securities Trading Private Limited,Thrive Brokerage House Pvt. Ltd,2026-04-22 12:39:18.994662
2026042205010278,NRN,58,13,240,1496.0,359040.0,Naasa Securities Co. Ltd.,Thrive Brokerage House Pvt. Ltd,2026-04-22 12:39:23.252533
2026042205010279,NRN,58,13,330,1496.0,493680.0,Naasa Securities Co. Ltd.,Thrive Brokerage House Pvt. Ltd,2026-04-22 12:39:23.252759
2026042205010280,NRN,58,13,330,1496.0,493680.0,Naasa Securities Co. Ltd.,Thrive Brokerage House Pvt. Ltd,2026-04-22 12:39:23.252862
2026042205010281,NRN,58,13,100,1496.0,149600.0,Naasa Securities Co. Ltd.,Thrive Brokerage House Pvt. Ltd,2026-04-22 12:39:23.252961
2026042205010311,NRN,28,13,20,1496.0,29920.0,Shree Krishna Securities Ltd.,Thrive Brokerage House Pvt. Ltd,2026-04-22 12:39:38.320797
2026042205010326,NRN,74,13,200,1496.0,299200.0,KALASH STOCK MARKET PVT. LTD.,Thrive Brokerage House Pvt. Ltd,2026-04-22 12:39:50.705033
2026042205010339,NRN,57,25,39,1495.0,58305.0,Aryatara Investment & Securities,Sweta Securities Private Limited,2026-04-22 12:40:01.470339
2026042205010340,NRN,16,25,10,1495.0,14950.0,Primo Securities (PVT) Ltd.,Sweta Securities Private Limited,2026-04-22 12:40:01.470654
2026042205010341,NRN,45,25,29,1495.0,43355.0,Imperial Securities Company Pvt. Ltd.,Sweta Securities Private Limited,2026-04-22 12:40:01.470757
2026042205010393,NRN,38,51,1,1480.0,1480.0,Dipshikha Dhitopatra Karobar Co. Pvt Ltd.,Oxford Securities Pvt. Ltd.,2026-04-22 12:40:24.952787
2026042205010441,NRN,58,25,22,1495.0,32890.0,Naasa Securities Co. Ltd.,Sweta Securities Private Limited,2026-04-22 12:40:53.848827
2026042205010442,NRN,58,13,10,1496.0,14960.0,Naasa Securities Co. Ltd.,Thrive Brokerage House Pvt. Ltd,2026-04-22 12:40:53.848895
2026042205010443,NRN,58,13,168,1496.0,251328.0,Naasa Securities Co. Ltd.,Thrive Brokerage House Pvt. Ltd,2026-04-22 12:40:53.848930
2026042205010462,NRN,38,49,1,1451.2,1451.2,Dipshikha Dhitopatra Karobar Co. Pvt Ltd.,Online Securities Pvt. Ltd.,2026-04-22 12:41:00.111810
2026042205010467,NRN,57,13,50,1496.0,74800.0,Aryatara Investment & Securities,Thrive Brokerage House Pvt. Ltd,2026-04-22 12:41:03.651123
2026042205010509,NRN,35,13,112,1496.0,167552.0,Kohinoor Investment & Securities Pvt. Ltd.,Thrive Brokerage House Pvt. Ltd,2026-04-22 12:41:35.080543
2026042205010510,NRN,35,13,128,1496.0,191488.0,Kohinoor Investment & Securities Pvt. Ltd.,Thrive Brokerage House Pvt. Ltd,2026-04-22 12:41:35.081049
2026042205010828,NRN,38,25,1,1465.0,1465.0,Dipshikha Dhitopatra Karobar Co. Pvt Ltd.,Sweta Securities Private Limited,2026-04-22 12:44:32.950281
2026042205010866,NRN,78,49,4,1485.0,5940.0,Garima Securities Limited,Online Securities Pvt. Ltd.,2026-04-22 12:44:54.931922
2026042205010869,NRN,59,81,50,1494.1,74705.0,Deevyaa Securities & Stock House Pvt. Ltd,Aakashbhairab Securities Ltd.,2026-04-22 12:44:55.244537
2026042205010870,NRN,54,81,15,1494.0,22410.0,Sewa Securities Pvt. Ltd.,Aakashbhairab Securities Ltd.,2026-04-22 12:44:55.245053
2026042205010871,NRN,58,81,30,1493.0,44790.0,Naasa Securities Co. Ltd.,Aakashbhairab Securities Ltd.,2026-04-22 12:44:55.245444
2026042205010872,NRN,57,81,50,1493.0,74650.0,Aryatara Investment & Securities,Aakashbhairab Securities Ltd.,2026-04-22 12:44:55.245773
2026042205010873,NRN,19,81,10,1493.0,14930.0,Nepal Investment And Securities Trading Private Limited,Aakashbhairab Securities Ltd.,2026-04-22 12:44:55.246104
2026042205010874,NRN,34,81,30,1493.0,44790.0,Vision Securities Pvt. Ltd,Aakashbhairab Securities Ltd.,2026-04-22 12:44:55.246436
2026042205010875,NRN,21,81,10,1492.0,14920.0,Midas Stock Broking Company Private Limited,Aakashbhairab Securities Ltd.,2026-04-22 12:44:55.246753
2026042205010908,NRN,14,81,105,1492.0,156660.0,Nepal Stock House (PVT) Ltd.,Aakashbhairab Securities Ltd.,2026-04-22 12:45:24.273407
2026042205010917,NRN,14,59,52,1492.0,77584.0,Nepal Stock House (PVT) Ltd.,Deevyaa Securities & Stock House Pvt. Ltd,2026-04-22 12:45:26.277128
2026042205011077,NRN,78,13,2,1490.0,2980.0,Garima Securities Limited,Thrive Brokerage House Pvt. Ltd,2026-04-22 12:47:19.434157
2026042205011095,NRN,78,45,1,1490.0,1490.0,Garima Securities Limited,Imperial Securities Company Pvt. Ltd.,2026-04-22 12:47:31.735388
2026042205011200,NRN,74,58,10,1492.1,14921.0,KALASH STOCK MARKET PVT. LTD.,Naasa Securities Co. Ltd.,2026-04-22 12:48:27.695075
2026042205011201,NRN,14,58,1143,1492.0,1705356.0,Nepal Stock House (PVT) Ltd.,Naasa Securities Co. Ltd.,2026-04-22 12:48:27.695380
2026042205011202,NRN,26,58,50,1492.0,74600.0,Asian Securities Private Ltd.,Naasa Securities Co. Ltd.,2026-04-22 12:48:27.695491
2026042205011203,NRN,54,58,25,1491.8,37295.0,Sewa Securities Pvt. Ltd.,Naasa Securities Co. Ltd.,2026-04-22 12:48:27.695599
2026042205011204,NRN,35,58,100,1491.7,149170.0,Kohinoor Investment & Securities Pvt. Ltd.,Naasa Securities Co. Ltd.,2026-04-22 12:48:27.695697
2026042205011205,NRN,3,58,300,1491.5,447450.0,Arun Securities (PVT) Ltd.,Naasa Securities Co. Ltd.,2026-04-22 12:48:27.695795
2026042205011206,NRN,3,58,52,1491.1,77537.2,Arun Securities (PVT) Ltd.,Naasa Securities Co. Ltd.,2026-04-22 12:48:27.695900
2026042205011297,NRN,3,48,70,1491.1,104377.0,Arun Securities (PVT) Ltd.,Trishakti Securities Public Limited,2026-04-22 12:49:38.564491
2026042205011374,NRN,6,49,25,1496.8,37420.0,Agrawal Securities (PVT) Ltd.,Online Securities Pvt. Ltd.,2026-04-22 12:50:21.260982
2026042205011375,NRN,6,60,20,1496.9,29938.0,Agrawal Securities (PVT) Ltd.,Nagarik Stock Dealer ,2026-04-22 12:50:21.261557
2026042205011376,NRN,6,49,20,1497.0,29940.0,Agrawal Securities (PVT) Ltd.,Online Securities Pvt. Ltd.,2026-04-22 12:50:21.261914
2026042205011377,NRN,6,6,35,1497.5,52412.5,Agrawal Securities (PVT) Ltd.,Agrawal Securities (PVT) Ltd.,2026-04-22 12:50:21.262411
2026042205011565,NRN,78,44,1,1490.0,1490.0,Garima Securities Limited,Dynamic Money Managers Securities Pvt. Ltd.,2026-04-22 12:53:28.399988
2026042205011803,NRN,52,58,1,1465.0,1465.0,Sundhara Securities Limited,Naasa Securities Co. Ltd.,2026-04-22 12:57:10.199633
2026042205011843,NRN,58,10,500,1492.1,746050.0,Naasa Securities Co. Ltd.,Pragyan Securities (PVT) Ltd.,2026-04-22 12:57:48.194773
2026042205011844,NRN,18,10,500,1492.0,746000.0,Sagarmatha Securities Private Limited,Pragyan Securities (PVT) Ltd.,2026-04-22 12:57:48.195118
2026042205011919,NRN,17,65,300,1496.6,448980.0,ABC Securities Private Limited,Sharepro Securities Private Limited,2026-04-22 12:59:18.760006
2026042205012253,NRN,78,44,1,1490.0,1490.0,Garima Securities Limited,Dynamic Money Managers Securities Pvt. Ltd.,2026-04-22 13:04:56.092258
2026042205012270,NRN,78,1,1,1490.0,1490.0,Garima Securities Limited,Kumari Securities Private Limited,2026-04-22 13:05:11.328638
2026042205012292,NRN,78,1,1,1490.0,1490.0,Garima Securities Limited,Kumari Securities Private Limited,2026-04-22 13:05:30.759636
2026042205012302,NRN,69,49,4,1492.0,5968.0,INDEX SECURITIES LIMITED,Online Securities Pvt. Ltd.,2026-04-22 13:05:50.669227
2026042205012329,NRN,56,57,10,1496.0,14960.0,Sri Hari Securities Pvt. Ltd.,Aryatara Investment & Securities,2026-04-22 13:06:30.836979
2026042205012330,NRN,56,57,10,1496.0,14960.0,Sri Hari Securities Pvt. Ltd.,Aryatara Investment & Securities,2026-04-22 13:06:30.837586
2026042205012331,NRN,43,57,10,1496.0,14960.0,South Asian Bulls Pvt. Ltd.,Aryatara Investment & Securities,2026-04-22 13:06:30.837917
2026042205012390,NRN,69,42,1,1492.0,1492.0,INDEX SECURITIES LIMITED,Sani Securities Company Ltd.,2026-04-22 13:07:23.567654
2026042205012437,NRN,69,49,4,1492.0,5968.0,INDEX SECURITIES LIMITED,Online Securities Pvt. Ltd.,2026-04-22 13:07:59.322437
2026042205012535,NRN,58,58,15,1495.0,22425.0,Naasa Securities Co. Ltd.,Naasa Securities Co. Ltd.,2026-04-22 13:09:00.598417
2026042205012536,NRN,58,54,15,1495.0,22425.0,Naasa Securities Co. Ltd.,Sewa Securities Pvt. Ltd.,2026-04-22 13:09:00.598766
2026042205012609,NRN,58,5,20,1496.8,29936.0,Naasa Securities Co. Ltd.,Market Securities & Exchange (PVT) Ltd.,2026-04-22 13:10:28.896501
2026042205012649,NRN,49,5,230,1496.8,344264.0,Online Securities Pvt. Ltd.,Market Securities & Exchange (PVT) Ltd.,2026-04-22 13:10:54.446115
2026042205012671,NRN,35,82,400,1497.0,598800.0,Kohinoor Investment & Securities Pvt. Ltd.,N.M.B. SECURITIES LIMITED,2026-04-22 13:11:34.429659
2026042205012734,NRN,19,1,1,1495.0,1495.0,Nepal Investment And Securities Trading Private Limited,Kumari Securities Private Limited,2026-04-22 13:13:05.344360
2026042205012735,NRN,35,38,21,1497.3,31443.3,Kohinoor Investment & Securities Pvt. Ltd.,Dipshikha Dhitopatra Karobar Co. Pvt Ltd.,2026-04-22 13:13:06.463394
2026042205012736,NRN,35,39,99,1497.4,148242.6,Kohinoor Investment & Securities Pvt. Ltd.,Sumeru Securities Pvt. Ltd.,2026-04-22 13:13:06.463704
2026042205012773,NRN,35,60,200,1497.0,299400.0,Kohinoor Investment & Securities Pvt. Ltd.,Nagarik Stock Dealer ,2026-04-22 13:14:25.430551
2026042205012786,NRN,58,81,100,1497.9,149790.0,Naasa Securities Co. Ltd.,Aakashbhairab Securities Ltd.,2026-04-22 13:14:45.480921
2026042205012790,NRN,38,48,100,1497.0,149700.0,Dipshikha Dhitopatra Karobar Co. Pvt Ltd.,Trishakti Securities Public Limited,2026-04-22 13:14:47.035623
2026042205012858,NRN,63,66,74,1495.1,110637.4,Himalayan Brokerage Company Limited,Miyo Securities Pvt Ltd,2026-04-22 13:16:01.901212
2026042205012863,NRN,38,56,1,1451.0,1451.0,Dipshikha Dhitopatra Karobar Co. Pvt Ltd.,Sri Hari Securities Pvt. Ltd.,2026-04-22 13:16:12.147841
2026042205012972,NRN,92,38,10,1498.9,14989.0,Roadshow securities limited,Dipshikha Dhitopatra Karobar Co. Pvt Ltd.,2026-04-22 13:18:26.656195
2026042205012973,NRN,92,41,166,1499.0,248834.0,Roadshow securities limited,Linch Stock Market Ltd.,2026-04-22 13:18:26.656546
2026042205012974,NRN,92,41,100,1499.0,149900.0,Roadshow securities limited,Linch Stock Market Ltd.,2026-04-22 13:18:26.656672
2026042205012975,NRN,92,74,100,1499.0,149900.0,Roadshow securities limited,KALASH STOCK MARKET PVT. LTD.,2026-04-22 13:18:26.656786
2026042205012976,NRN,92,8,50,1500.0,75000.0,Roadshow securities limited,Brilliant Securities Pvt. Ltd.,2026-04-22 13:18:26.656901
2026042205012977,NRN,92,58,15,1500.0,22500.0,Roadshow securities limited,Naasa Securities Co. Ltd.,2026-04-22 13:18:26.657017
2026042205012978,NRN,92,36,59,1500.0,88500.0,Roadshow securities limited,Secured Securities Ltd.,2026-04-22 13:18:26.657133
2026042205012997,NRN,38,56,1,1455.0,1455.0,Dipshikha Dhitopatra Karobar Co. Pvt Ltd.,Sri Hari Securities Pvt. Ltd.,2026-04-22 13:18:57.257105
2026042205012998,NRN,49,36,41,1500.0,61500.0,Online Securities Pvt. Ltd.,Secured Securities Ltd.,2026-04-22 13:19:00.588520
2026042205012999,NRN,49,95,123,1500.0,184500.0,Online Securities Pvt. Ltd.,Magnet Securities and Investment Company Private Limited,2026-04-22 13:19:00.588817
2026042205013000,NRN,49,60,100,1500.0,150000.0,Online Securities Pvt. Ltd.,Nagarik Stock Dealer ,2026-04-22 13:19:00.588970
2026042205013166,NRN,49,39,76,1500.0,114000.0,Online Securities Pvt. Ltd.,Sumeru Securities Pvt. Ltd.,2026-04-22 13:21:23.272105
2026042205013182,NRN,57,42,1,1461.0,1461.0,Aryatara Investment & Securities,Sani Securities Company Ltd.,2026-04-22 13:21:37.728080
2026042205013186,NRN,78,54,1,1492.0,1492.0,Garima Securities Limited,Sewa Securities Pvt. Ltd.,2026-04-22 13:21:41.824982
2026042205013197,NRN,78,41,1,1492.0,1492.0,Garima Securities Limited,Linch Stock Market Ltd.,2026-04-22 13:22:06.343385
2026042205013228,NRN,38,59,1,1480.0,1480.0,Dipshikha Dhitopatra Karobar Co. Pvt Ltd.,Deevyaa Securities & Stock House Pvt. Ltd,2026-04-22 13:22:43.964470
2026042205013246,NRN,78,58,1,1480.0,1480.0,Garima Securities Limited,Naasa Securities Co. Ltd.,2026-04-22 13:23:12.006335
2026042205013311,NRN,17,39,100,1500.0,150000.0,ABC Securities Private Limited,Sumeru Securities Pvt. Ltd.,2026-04-22 13:24:20.533259
2026042205013312,NRN,59,60,50,1502.9,75145.0,Deevyaa Securities & Stock House Pvt. Ltd,Nagarik Stock Dealer ,2026-04-22 13:24:21.353905
2026042205013340,NRN,17,101,100,1500.0,150000.0,ABC Securities Private Limited,APPLE SECURITIES PRIVATE LIMITED,2026-04-22 13:24:41.548084
2026042205013369,NRN,45,39,50,1500.0,75000.0,Imperial Securities Company Pvt. Ltd.,Sumeru Securities Pvt. Ltd.,2026-04-22 13:24:56.505396
2026042205013370,NRN,45,60,50,1502.9,75145.0,Imperial Securities Company Pvt. Ltd.,Nagarik Stock Dealer ,2026-04-22 13:24:56.505795
2026042205013382,NRN,45,39,100,1503.0,150300.0,Imperial Securities Company Pvt. Ltd.,Sumeru Securities Pvt. Ltd.,2026-04-22 13:25:14.247044
2026042205013404,NRN,74,101,200,1500.0,300000.0,KALASH STOCK MARKET PVT. LTD.,APPLE SECURITIES PRIVATE LIMITED,2026-04-22 13:25:37.056756
2026042205013433,NRN,48,95,15,1498.0,22470.0,Trishakti Securities Public Limited,Magnet Securities and Investment Company Private Limited,2026-04-22 13:25:58.751800
2026042205013582,NRN,26,60,100,1500.0,150000.0,Asian Securities Private Ltd.,Nagarik Stock Dealer ,2026-04-22 13:27:39.511791
2026042205013632,NRN,78,41,1,1480.0,1480.0,Garima Securities Limited,Linch Stock Market Ltd.,2026-04-22 13:28:20.036800
2026042205013654,NRN,25,34,5,1490.0,7450.0,Sweta Securities Private Limited,Vision Securities Pvt. Ltd,2026-04-22 13:28:45.918879
2026042205013673,NRN,39,34,10,1499.0,14990.0,Sumeru Securities Pvt. Ltd.,Vision Securities Pvt. Ltd,2026-04-22 13:28:58.483308
2026042205013674,NRN,48,34,30,1498.0,44940.0,Trishakti Securities Public Limited,Vision Securities Pvt. Ltd,2026-04-22 13:28:58.483630
2026042205013764,NRN,26,48,200,1498.1,299620.0,Asian Securities Private Ltd.,Trishakti Securities Public Limited,2026-04-22 13:30:38.573683
2026042205013765,NRN,35,48,200,1498.0,299600.0,Kohinoor Investment & Securities Pvt. Ltd.,Trishakti Securities Public Limited,2026-04-22 13:30:38.574298
2026042205013810,NRN,35,66,10,1498.0,14980.0,Kohinoor Investment & Securities Pvt. Ltd.,Miyo Securities Pvt Ltd,2026-04-22 13:31:09.624346
2026042205013927,NRN,56,5,99,1498.5,148351.5,Sri Hari Securities Pvt. Ltd.,Market Securities & Exchange (PVT) Ltd.,2026-04-22 13:32:41.635150
2026042205013930,NRN,35,48,190,1498.0,284620.0,Kohinoor Investment & Securities Pvt. Ltd.,Trishakti Securities Public Limited,2026-04-22 13:32:51.698257
2026042205013931,NRN,35,48,290,1498.0,434420.0,Kohinoor Investment & Securities Pvt. Ltd.,Trishakti Securities Public Limited,2026-04-22 13:32:51.698586
2026042205013932,NRN,39,48,10,1498.0,14980.0,Sumeru Securities Pvt. Ltd.,Trishakti Securities Public Limited,2026-04-22 13:32:51.698842
2026042205013962,NRN,42,48,10,1498.0,14980.0,Sani Securities Company Ltd.,Trishakti Securities Public Limited,2026-04-22 13:32:57.605174
2026042205014074,NRN,49,25,100,1498.0,149800.0,Online Securities Pvt. Ltd.,Sweta Securities Private Limited,2026-04-22 13:34:22.096678
2026042205014193,NRN,29,6,50,1498.1,74905.0,Trisul Securities & Invt. Ltd.,Agrawal Securities (PVT) Ltd.,2026-04-22 13:36:54.170058
2026042205014194,NRN,42,6,13,1498.0,19474.0,Sani Securities Company Ltd.,Agrawal Securities (PVT) Ltd.,2026-04-22 13:36:54.170353
2026042205014237,NRN,29,38,10,1498.0,14980.0,Trisul Securities & Invt. Ltd.,Dipshikha Dhitopatra Karobar Co. Pvt Ltd.,2026-04-22 13:37:43.882247
2026042205014292,NRN,21,57,14,1497.0,20958.0,Midas Stock Broking Company Private Limited,Aryatara Investment & Securities,2026-04-22 13:38:45.551710
2026042205014293,NRN,6,57,10,1497.0,14970.0,Agrawal Securities (PVT) Ltd.,Aryatara Investment & Securities,2026-04-22 13:38:45.552274
2026042205014323,NRN,78,45,1,1480.0,1480.0,Garima Securities Limited,Imperial Securities Company Pvt. Ltd.,2026-04-22 13:38:53.405181
2026042205014330,NRN,78,1,1,1490.0,1490.0,Garima Securities Limited,Kumari Securities Private Limited,2026-04-22 13:39:15.291882
2026042205014406,NRN,58,57,26,1496.0,38896.0,Naasa Securities Co. Ltd.,Aryatara Investment & Securities,2026-04-22 13:40:21.591072
2026042205014407,NRN,42,57,100,1495.7,149570.0,Sani Securities Company Ltd.,Aryatara Investment & Securities,2026-04-22 13:40:21.591430
2026042205014408,NRN,7,57,174,1495.6,260234.4,J.F. Securites (PVT) Ltd.,Aryatara Investment & Securities,2026-04-22 13:40:21.591560
2026042205014414,NRN,35,83,100,1496.1,149610.0,Kohinoor Investment & Securities Pvt. Ltd.,Sanima Securities Limited,2026-04-22 13:40:30.168170
2026042205014423,NRN,7,6,26,1495.6,38885.6,J.F. Securites (PVT) Ltd.,Agrawal Securities (PVT) Ltd.,2026-04-22 13:40:44.377559
2026042205014424,NRN,54,6,100,1495.4,149540.0,Sewa Securities Pvt. Ltd.,Agrawal Securities (PVT) Ltd.,2026-04-22 13:40:44.377857
2026042205014425,NRN,52,6,65,1495.3,97194.5,Sundhara Securities Limited,Agrawal Securities (PVT) Ltd.,2026-04-22 13:40:44.378024
2026042205014426,NRN,48,6,16,1495.2,23923.2,Trishakti Securities Public Limited,Agrawal Securities (PVT) Ltd.,2026-04-22 13:40:44.378220
2026042205014427,NRN,42,6,100,1495.0,149500.0,Sani Securities Company Ltd.,Agrawal Securities (PVT) Ltd.,2026-04-22 13:40:44.378397
2026042205014428,NRN,60,6,110,1495.0,164450.0,Nagarik Stock Dealer ,Agrawal Securities (PVT) Ltd.,2026-04-22 13:40:44.378523
2026042205014433,NRN,60,57,265,1495.0,396175.0,Nagarik Stock Dealer ,Aryatara Investment & Securities,2026-04-22 13:40:50.921507
2026042205014434,NRN,26,57,50,1495.0,74750.0,Asian Securities Private Ltd.,Aryatara Investment & Securities,2026-04-22 13:40:50.921814
2026042205014435,NRN,41,57,50,1495.0,74750.0,Linch Stock Market Ltd.,Aryatara Investment & Securities,2026-04-22 13:40:50.921932
2026042205014436,NRN,58,57,50,1495.0,74750.0,Naasa Securities Co. Ltd.,Aryatara Investment & Securities,2026-04-22 13:40:50.922106
2026042205014437,NRN,21,57,100,1495.0,149500.0,Midas Stock Broking Company Private Limited,Aryatara Investment & Securities,2026-04-22 13:40:50.922280
2026042205014438,NRN,58,57,985,1495.0,1472575.0,Naasa Securities Co. Ltd.,Aryatara Investment & Securities,2026-04-22 13:40:50.922496
2026042205014539,NRN,58,59,15,1495.0,22425.0,Naasa Securities Co. Ltd.,Deevyaa Securities & Stock House Pvt. Ltd,2026-04-22 13:43:30.000735
2026042205014540,NRN,34,59,10,1495.0,14950.0,Vision Securities Pvt. Ltd,Deevyaa Securities & Stock House Pvt. Ltd,2026-04-22 13:43:30.001080
2026042205014541,NRN,3,59,200,1493.1,298620.0,Arun Securities (PVT) Ltd.,Deevyaa Securities & Stock House Pvt. Ltd,2026-04-22 13:43:30.001202
2026042205014542,NRN,94,59,334,1493.0,498662.0,K.B.L. Securities Limited ,Deevyaa Securities & Stock House Pvt. Ltd,2026-04-22 13:43:30.001328
2026042205014543,NRN,7,59,20,1492.5,29850.0,J.F. Securites (PVT) Ltd.,Deevyaa Securities & Stock House Pvt. Ltd,2026-04-22 13:43:30.001446
2026042205014544,NRN,64,59,100,1492.2,149220.0,SUN SECURITIES PVT LTD,Deevyaa Securities & Stock House Pvt. Ltd,2026-04-22 13:43:30.001561
2026042205014545,NRN,21,59,15,1492.0,22380.0,Midas Stock Broking Company Private Limited,Deevyaa Securities & Stock House Pvt. Ltd,2026-04-22 13:43:30.001676
2026042205014546,NRN,28,59,20,1492.0,29840.0,Shree Krishna Securities Ltd.,Deevyaa Securities & Stock House Pvt. Ltd,2026-04-22 13:43:30.001790
2026042205014547,NRN,98,59,286,1492.0,426712.0,Trademow Securities Private Limited,Deevyaa Securities & Stock House Pvt. Ltd,2026-04-22 13:43:30.001903
2026042205014913,NRN,100,38,10,1498.0,14980.0,Sunrise Securities Limited,Dipshikha Dhitopatra Karobar Co. Pvt Ltd.,2026-04-22 13:49:50.734936
2026042205014952,NRN,35,38,20,1498.0,29960.0,Kohinoor Investment & Securities Pvt. Ltd.,Dipshikha Dhitopatra Karobar Co. Pvt Ltd.,2026-04-22 13:50:22.489275
2026042205014955,NRN,35,42,10,1498.0,14980.0,Kohinoor Investment & Securities Pvt. Ltd.,Sani Securities Company Ltd.,2026-04-22 13:50:27.483852
2026042205014963,NRN,35,42,10,1498.0,14980.0,Kohinoor Investment & Securities Pvt. Ltd.,Sani Securities Company Ltd.,2026-04-22 13:50:35.340045
2026042205015056,NRN,100,43,10,1500.0,15000.0,Sunrise Securities Limited,South Asian Bulls Pvt. Ltd.,2026-04-22 13:52:13.939962
2026042205015085,NRN,35,64,160,1498.0,239680.0,Kohinoor Investment & Securities Pvt. Ltd.,SUN SECURITIES PVT LTD,2026-04-22 13:52:58.434781
2026042205015232,NRN,25,64,50,1498.0,74900.0,Sweta Securities Private Limited,SUN SECURITIES PVT LTD,2026-04-22 13:56:25.258471
2026042205015444,NRN,32,60,100,1499.9,149990.0,Premier Securities Company Ltd.,Nagarik Stock Dealer ,2026-04-22 14:00:08.763557
2026042205015579,NRN,77,43,100,1500.0,150000.0,Nabil Stock Dealer Ltd.,South Asian Bulls Pvt. Ltd.,2026-04-22 14:03:00.267692
2026042205015590,NRN,42,43,222,1500.0,333000.0,Sani Securities Company Ltd.,South Asian Bulls Pvt. Ltd.,2026-04-22 14:03:28.641231
2026042205015591,NRN,42,66,200,1500.0,300000.0,Sani Securities Company Ltd.,Miyo Securities Pvt Ltd,2026-04-22 14:03:28.641569
2026042205015592,NRN,42,42,578,1500.0,867000.0,Sani Securities Company Ltd.,Sani Securities Company Ltd.,2026-04-22 14:03:28.641696
2026042205015595,NRN,77,42,100,1500.0,150000.0,Nabil Stock Dealer Ltd.,Sani Securities Company Ltd.,2026-04-22 14:03:34.563282
2026042205015617,NRN,32,42,300,1500.0,450000.0,Premier Securities Company Ltd.,Sani Securities Company Ltd.,2026-04-22 14:03:52.581843
2026042205015621,NRN,32,66,50,1499.9,74995.0,Premier Securities Company Ltd.,Miyo Securities Pvt Ltd,2026-04-22 14:04:00.754034
2026042205015624,NRN,77,42,22,1500.0,33000.0,Nabil Stock Dealer Ltd.,Sani Securities Company Ltd.,2026-04-22 14:04:08.940108
2026042205015660,NRN,77,101,78,1500.0,117000.0,Nabil Stock Dealer Ltd.,APPLE SECURITIES PRIVATE LIMITED,2026-04-22 14:04:29.193655
2026042205015661,NRN,32,101,122,1499.9,182987.8,Premier Securities Company Ltd.,APPLE SECURITIES PRIVATE LIMITED,2026-04-22 14:04:29.193989
2026042205015680,NRN,32,50,28,1499.9,41997.2,Premier Securities Company Ltd.,Cristal Kanchanjanga Securites Pvt. Ltd.,2026-04-22 14:04:36.013337
2026042205015706,NRN,78,1,1,1490.0,1490.0,Garima Securities Limited,Kumari Securities Private Limited,2026-04-22 14:05:04.680482
2026042205015710,NRN,78,45,1,1490.0,1490.0,Garima Securities Limited,Imperial Securities Company Pvt. Ltd.,2026-04-22 14:05:18.910917
2026042205015716,NRN,32,50,100,1499.9,149990.0,Premier Securities Company Ltd.,Cristal Kanchanjanga Securites Pvt. Ltd.,2026-04-22 14:05:29.869510
2026042205015719,NRN,77,50,12,1499.9,17998.8,Nabil Stock Dealer Ltd.,Cristal Kanchanjanga Securites Pvt. Ltd.,2026-04-22 14:05:30.217530
2026042205015724,NRN,78,1,1,1490.0,1490.0,Garima Securities Limited,Kumari Securities Private Limited,2026-04-22 14:05:31.917793
2026042205015770,NRN,77,3,4,1495.0,5980.0,Nabil Stock Dealer Ltd.,Arun Securities (PVT) Ltd.,2026-04-22 14:06:59.622804
2026042205015795,NRN,77,71,1,1494.0,1494.0,Nabil Stock Dealer Ltd.,SHUBHAKAMANA SECURITIES PVT. LTD,2026-04-22 14:07:35.367614
2026042205015805,NRN,77,42,1,1495.0,1495.0,Nabil Stock Dealer Ltd.,Sani Securities Company Ltd.,2026-04-22 14:07:44.354046
2026042205015812,NRN,77,58,1,1497.0,1497.0,Nabil Stock Dealer Ltd.,Naasa Securities Co. Ltd.,2026-04-22 14:08:07.744500
2026042205015823,NRN,77,34,4,1498.0,5992.0,Nabil Stock Dealer Ltd.,Vision Securities Pvt. Ltd,2026-04-22 14:08:21.184260
2026042205015897,NRN,77,44,77,1503.0,115731.0,Nabil Stock Dealer Ltd.,Dynamic Money Managers Securities Pvt. Ltd.,2026-04-22 14:09:36.723471
2026042205015900,NRN,28,101,10,1500.0,15000.0,Shree Krishna Securities Ltd.,APPLE SECURITIES PRIVATE LIMITED,2026-04-22 14:09:39.157266
2026042205015901,NRN,7,101,100,1500.0,150000.0,J.F. Securites (PVT) Ltd.,APPLE SECURITIES PRIVATE LIMITED,2026-04-22 14:09:39.157662
2026042205015910,NRN,34,101,80,1500.0,120000.0,Vision Securities Pvt. Ltd,APPLE SECURITIES PRIVATE LIMITED,2026-04-22 14:09:59.897114
2026042205016030,NRN,89,39,15,1496.0,22440.0,Global IME Securities Limited,Sumeru Securities Pvt. Ltd.,2026-04-22 14:11:55.520219
2026042205016123,NRN,59,59,1,1451.2,1451.2,Deevyaa Securities & Stock House Pvt. Ltd,Deevyaa Securities & Stock House Pvt. Ltd,2026-04-22 14:13:44.298546
2026042205016171,NRN,89,49,15,1496.0,22440.0,Global IME Securities Limited,Online Securities Pvt. Ltd.,2026-04-22 14:14:33.006689
2026042205016212,NRN,58,59,85,1497.0,127245.0,Naasa Securities Co. Ltd.,Deevyaa Securities & Stock House Pvt. Ltd,2026-04-22 14:15:18.010481
2026042205016242,NRN,58,58,15,1497.0,22455.0,Naasa Securities Co. Ltd.,Naasa Securities Co. Ltd.,2026-04-22 14:15:28.917964
2026042205016268,NRN,62,58,35,1497.0,52395.0,Capital Max Securities Ltd,Naasa Securities Co. Ltd.,2026-04-22 14:15:50.383450
2026042205016269,NRN,62,66,50,1500.0,75000.0,Capital Max Securities Ltd,Miyo Securities Pvt Ltd,2026-04-22 14:15:50.383808
2026042205016270,NRN,62,58,47,1500.0,70500.0,Capital Max Securities Ltd,Naasa Securities Co. Ltd.,2026-04-22 14:15:50.383952
2026042205016332,NRN,58,58,10,1500.0,15000.0,Naasa Securities Co. Ltd.,Naasa Securities Co. Ltd.,2026-04-22 14:16:24.900584
2026042205016357,NRN,58,58,50,1500.0,75000.0,Naasa Securities Co. Ltd.,Naasa Securities Co. Ltd.,2026-04-22 14:16:47.939607
2026042205016418,NRN,89,58,57,1500.0,85500.0,Global IME Securities Limited,Naasa Securities Co. Ltd.,2026-04-22 14:17:27.332253
2026042205016419,NRN,89,17,13,1500.0,19500.0,Global IME Securities Limited,ABC Securities Private Limited,2026-04-22 14:17:27.332603
2026042205016425,NRN,58,44,10,1503.0,15030.0,Naasa Securities Co. Ltd.,Dynamic Money Managers Securities Pvt. Ltd.,2026-04-22 14:17:47.473996
2026042205016627,NRN,45,101,10,1500.0,15000.0,Imperial Securities Company Pvt. Ltd.,APPLE SECURITIES PRIVATE LIMITED,2026-04-22 14:19:27.858012
2026042205016628,NRN,7,101,290,1499.0,434710.0,J.F. Securites (PVT) Ltd.,APPLE SECURITIES PRIVATE LIMITED,2026-04-22 14:19:27.858666
2026042205016724,NRN,7,101,10,1499.0,14990.0,J.F. Securites (PVT) Ltd.,APPLE SECURITIES PRIVATE LIMITED,2026-04-22 14:21:04.448909
2026042205016737,NRN,58,60,20,1501.9,30038.0,Naasa Securities Co. Ltd.,Nagarik Stock Dealer ,2026-04-22 14:21:09.185097
2026042205016738,NRN,58,66,50,1502.0,75100.0,Naasa Securities Co. Ltd.,Miyo Securities Pvt Ltd,2026-04-22 14:21:09.185150
2026042205016739,NRN,58,66,30,1502.0,45060.0,Naasa Securities Co. Ltd.,Miyo Securities Pvt Ltd,2026-04-22 14:21:09.185178
2026042205016894,NRN,69,38,1,1458.0,1458.0,INDEX SECURITIES LIMITED,Dipshikha Dhitopatra Karobar Co. Pvt Ltd.,2026-04-22 14:21:56.421402
2026042205016940,NRN,51,49,1,1458.0,1458.0,Oxford Securities Pvt. Ltd.,Online Securities Pvt. Ltd.,2026-04-22 14:22:29.489374
2026042205017045,NRN,38,47,15,1500.0,22500.0,Dipshikha Dhitopatra Karobar Co. Pvt Ltd.,Neev Securities Pvt. Ltd.,2026-04-22 14:24:05.762450
2026042205017122,NRN,43,64,15,1498.0,22470.0,South Asian Bulls Pvt. Ltd.,SUN SECURITIES PVT LTD,2026-04-22 14:25:11.224490
2026042205017123,NRN,26,64,25,1498.0,37450.0,Asian Securities Private Ltd.,SUN SECURITIES PVT LTD,2026-04-22 14:25:11.224838
2026042205017124,NRN,57,64,100,1498.0,149800.0,Aryatara Investment & Securities,SUN SECURITIES PVT LTD,2026-04-22 14:25:11.224977
2026042205017151,NRN,14,64,10,1498.0,14980.0,Nepal Stock House (PVT) Ltd.,SUN SECURITIES PVT LTD,2026-04-22 14:25:27.473023
2026042205017352,NRN,13,64,100,1498.0,149800.0,Thrive Brokerage House Pvt. Ltd,SUN SECURITIES PVT LTD,2026-04-22 14:27:44.321449
2026042205017707,NRN,45,6,50,1498.0,74900.0,Imperial Securities Company Pvt. Ltd.,Agrawal Securities (PVT) Ltd.,2026-04-22 14:31:45.657350
2026042205017766,NRN,32,66,100,1499.0,149900.0,Premier Securities Company Ltd.,Miyo Securities Pvt Ltd,2026-04-22 14:32:42.921632
2026042205017767,NRN,32,64,100,1497.1,149710.0,Premier Securities Company Ltd.,SUN SECURITIES PVT LTD,2026-04-22 14:32:45.464041
2026042205017770,NRN,39,64,150,1497.1,224565.0,Sumeru Securities Pvt. Ltd.,SUN SECURITIES PVT LTD,2026-04-22 14:32:48.592529
2026042205017771,NRN,39,66,100,1499.0,149900.0,Sumeru Securities Pvt. Ltd.,Miyo Securities Pvt Ltd,2026-04-22 14:32:48.592590
2026042205017772,NRN,39,38,100,1500.0,150000.0,Sumeru Securities Pvt. Ltd.,Dipshikha Dhitopatra Karobar Co. Pvt Ltd.,2026-04-22 14:32:48.592620
2026042205017773,NRN,39,67,400,1500.0,600000.0,Sumeru Securities Pvt. Ltd.,Property Wiard Limited,2026-04-22 14:32:48.592645
2026042205017774,NRN,39,58,18,1500.0,27000.0,Sumeru Securities Pvt. Ltd.,Naasa Securities Co. Ltd.,2026-04-22 14:32:48.592666
2026042205017775,NRN,39,66,20,1502.0,30040.0,Sumeru Securities Pvt. Ltd.,Miyo Securities Pvt Ltd,2026-04-22 14:32:48.592693
2026042205017776,NRN,39,64,212,1502.0,318424.0,Sumeru Securities Pvt. Ltd.,SUN SECURITIES PVT LTD,2026-04-22 14:32:48.592723
2026042205017777,NRN,57,6,100,1496.0,149600.0,Aryatara Investment & Securities,Agrawal Securities (PVT) Ltd.,2026-04-22 14:32:49.672008
2026042205017778,NRN,77,6,70,1496.0,104720.0,Nabil Stock Dealer Ltd.,Agrawal Securities (PVT) Ltd.,2026-04-22 14:32:49.672429
2026042205017779,NRN,77,6,50,1496.0,74800.0,Nabil Stock Dealer Ltd.,Agrawal Securities (PVT) Ltd.,2026-04-22 14:32:49.672671
2026042205017780,NRN,77,6,50,1496.0,74800.0,Nabil Stock Dealer Ltd.,Agrawal Securities (PVT) Ltd.,2026-04-22 14:32:49.672882
2026042205017781,NRN,19,6,30,1496.0,44880.0,Nepal Investment And Securities Trading Private Limited,Agrawal Securities (PVT) Ltd.,2026-04-22 14:32:49.673082
2026042205017782,NRN,66,6,60,1496.0,89760.0,Miyo Securities Pvt Ltd,Agrawal Securities (PVT) Ltd.,2026-04-22 14:32:49.673288
2026042205017783,NRN,42,6,140,1496.0,209440.0,Sani Securities Company Ltd.,Agrawal Securities (PVT) Ltd.,2026-04-22 14:32:49.673498
2026042205017811,NRN,32,6,100,1496.0,149600.0,Premier Securities Company Ltd.,Agrawal Securities (PVT) Ltd.,2026-04-22 14:33:09.355995
2026042205017874,NRN,95,64,288,1502.0,432576.0,Magnet Securities and Investment Company Private Limited,SUN SECURITIES PVT LTD,2026-04-22 14:33:43.668546
2026042205017875,NRN,95,45,15,1502.0,22530.0,Magnet Securities and Investment Company Private Limited,Imperial Securities Company Pvt. Ltd.,2026-04-22 14:33:43.668589
2026042205017876,NRN,95,44,413,1503.0,620739.0,Magnet Securities and Investment Company Private Limited,Dynamic Money Managers Securities Pvt. Ltd.,2026-04-22 14:33:43.668621
2026042205017877,NRN,95,43,190,1504.0,285760.0,Magnet Securities and Investment Company Private Limited,South Asian Bulls Pvt. Ltd.,2026-04-22 14:33:43.668652
2026042205017878,NRN,95,52,94,1505.0,141470.0,Magnet Securities and Investment Company Private Limited,Sundhara Securities Limited,2026-04-22 14:33:43.668678
2026042205017948,NRN,62,52,53,1505.0,79765.0,Capital Max Securities Ltd,Sundhara Securities Limited,2026-04-22 14:34:08.555625
2026042205017949,NRN,62,4,100,1505.0,150500.0,Capital Max Securities Ltd,Opal Securities Investment (PVT) Ltd.,2026-04-22 14:34:08.555957
2026042205017950,NRN,62,59,15,1505.0,22575.0,Capital Max Securities Ltd,Deevyaa Securities & Stock House Pvt. Ltd,2026-04-22 14:34:08.556091
2026042205017951,NRN,62,32,10,1505.0,15050.0,Capital Max Securities Ltd,Premier Securities Company Ltd.,2026-04-22 14:34:08.556222
2026042205017952,NRN,62,81,628,1505.0,945140.0,Capital Max Securities Ltd,Aakashbhairab Securities Ltd.,2026-04-22 14:34:08.556394
2026042205017953,NRN,62,49,194,1506.0,292164.0,Capital Max Securities Ltd,Online Securities Pvt. Ltd.,2026-04-22 14:34:08.556566
2026042205017971,NRN,62,49,500,1506.0,753000.0,Capital Max Securities Ltd,Online Securities Pvt. Ltd.,2026-04-22 14:34:16.942653
2026042205017986,NRN,13,35,100,1506.0,150600.0,Thrive Brokerage House Pvt. Ltd,Kohinoor Investment & Securities Pvt. Ltd.,2026-04-22 14:34:32.378270
2026042205017992,NRN,3,101,700,1503.0,1052100.0,Arun Securities (PVT) Ltd.,APPLE SECURITIES PRIVATE LIMITED,2026-04-22 14:34:36.522271
2026042205017995,NRN,14,101,100,1503.0,150300.0,Nepal Stock House (PVT) Ltd.,APPLE SECURITIES PRIVATE LIMITED,2026-04-22 14:34:38.161014
2026042205017996,NRN,14,35,100,1506.0,150600.0,Nepal Stock House (PVT) Ltd.,Kohinoor Investment & Securities Pvt. Ltd.,2026-04-22 14:34:38.161354
2026042205018014,NRN,3,35,100,1506.0,150600.0,Arun Securities (PVT) Ltd.,Kohinoor Investment & Securities Pvt. Ltd.,2026-04-22 14:34:47.991844
2026042205018490,NRN,57,56,200,1508.0,301600.0,Aryatara Investment & Securities,Sri Hari Securities Pvt. Ltd.,2026-04-22 14:38:38.296837
2026042205018528,NRN,45,66,100,1509.0,150900.0,Imperial Securities Company Pvt. Ltd.,Miyo Securities Pvt Ltd,2026-04-22 14:38:58.798131
2026042205018572,NRN,49,66,150,1509.0,226350.0,Online Securities Pvt. Ltd.,Miyo Securities Pvt Ltd,2026-04-22 14:39:13.312254
2026042205018573,NRN,49,14,200,1509.9,301980.0,Online Securities Pvt. Ltd.,Nepal Stock House (PVT) Ltd.,2026-04-22 14:39:13.312840
2026042205018574,NRN,49,58,100,1510.0,151000.0,Online Securities Pvt. Ltd.,Naasa Securities Co. Ltd.,2026-04-22 14:39:13.313233
2026042205018575,NRN,49,41,20,1510.0,30200.0,Online Securities Pvt. Ltd.,Linch Stock Market Ltd.,2026-04-22 14:39:13.313641
2026042205018576,NRN,49,35,30,1510.0,45300.0,Online Securities Pvt. Ltd.,Kohinoor Investment & Securities Pvt. Ltd.,2026-04-22 14:39:13.313971
2026042205018594,NRN,78,52,1,1475.0,1475.0,Garima Securities Limited,Sundhara Securities Limited,2026-04-22 14:39:20.651932
2026042205018640,NRN,77,35,40,1510.0,60400.0,Nabil Stock Dealer Ltd.,Kohinoor Investment & Securities Pvt. Ltd.,2026-04-22 14:39:33.524753
2026042205018694,NRN,34,35,230,1510.0,347300.0,Vision Securities Pvt. Ltd,Kohinoor Investment & Securities Pvt. Ltd.,2026-04-22 14:39:38.158218
2026042205018695,NRN,34,67,300,1510.0,453000.0,Vision Securities Pvt. Ltd,Property Wiard Limited,2026-04-22 14:39:38.158527
2026042205018696,NRN,34,48,21,1510.0,31710.0,Vision Securities Pvt. Ltd,Trishakti Securities Public Limited,2026-04-22 14:39:38.158666
2026042205018708,NRN,49,42,15,1511.0,22665.0,Online Securities Pvt. Ltd.,Sani Securities Company Ltd.,2026-04-22 14:39:44.343031
2026042205018759,NRN,49,65,15,1511.0,22665.0,Online Securities Pvt. Ltd.,Sharepro Securities Private Limited,2026-04-22 14:39:50.526155
2026042205018795,NRN,85,65,985,1511.0,1488335.0,Capital Hub P. Ltd,Sharepro Securities Private Limited,2026-04-22 14:40:02.822351
2026042205018839,NRN,34,65,40,1510.0,60400.0,Vision Securities Pvt. Ltd,Sharepro Securities Private Limited,2026-04-22 14:40:16.017876
2026042205018840,NRN,77,65,50,1510.0,75500.0,Nabil Stock Dealer Ltd.,Sharepro Securities Private Limited,2026-04-22 14:40:16.018234
2026042205018862,NRN,34,65,500,1510.0,755000.0,Vision Securities Pvt. Ltd,Sharepro Securities Private Limited,2026-04-22 14:40:20.461428
2026042205018893,NRN,32,65,100,1510.0,151000.0,Premier Securities Company Ltd.,Sharepro Securities Private Limited,2026-04-22 14:40:30.679098
2026042205018935,NRN,13,65,100,1510.0,151000.0,Thrive Brokerage House Pvt. Ltd,Sharepro Securities Private Limited,2026-04-22 14:40:38.283662
2026042205018936,NRN,57,65,210,1510.0,317100.0,Aryatara Investment & Securities,Sharepro Securities Private Limited,2026-04-22 14:40:39.369082
2026042205018976,NRN,3,65,200,1514.0,302800.0,Arun Securities (PVT) Ltd.,Sharepro Securities Private Limited,2026-04-22 14:40:51.368875
2026042205018977,NRN,3,4,500,1515.0,757500.0,Arun Securities (PVT) Ltd.,Opal Securities Investment (PVT) Ltd.,2026-04-22 14:40:51.369588
2026042205019055,NRN,6,19,30,1518.0,45540.0,Agrawal Securities (PVT) Ltd.,Nepal Investment And Securities Trading Private Limited,2026-04-22 14:41:14.274407
2026042205019058,NRN,66,19,20,1518.0,30360.0,Miyo Securities Pvt Ltd,Nepal Investment And Securities Trading Private Limited,2026-04-22 14:41:15.445717
2026042205019059,NRN,66,65,30,1518.0,45540.0,Miyo Securities Pvt Ltd,Sharepro Securities Private Limited,2026-04-22 14:41:15.445796
2026042205019119,NRN,34,65,500,1518.0,759000.0,Vision Securities Pvt. Ltd,Sharepro Securities Private Limited,2026-04-22 14:41:31.109529
2026042205019180,NRN,49,65,470,1518.0,713460.0,Online Securities Pvt. Ltd.,Sharepro Securities Private Limited,2026-04-22 14:41:45.836813
2026042205019210,NRN,49,59,14,1518.0,21252.0,Online Securities Pvt. Ltd.,Deevyaa Securities & Stock House Pvt. Ltd,2026-04-22 14:41:46.990832
2026042205019270,NRN,78,52,1,1495.0,1495.0,Garima Securities Limited,Sundhara Securities Limited,2026-04-22 14:42:04.011123
2026042205019289,NRN,63,14,200,1520.0,304000.0,Himalayan Brokerage Company Limited,Nepal Stock House (PVT) Ltd.,2026-04-22 14:42:11.408059
2026042205019290,NRN,63,25,100,1521.0,152100.0,Himalayan Brokerage Company Limited,Sweta Securities Private Limited,2026-04-22 14:42:11.408175
2026042205019291,NRN,63,13,200,1522.0,304400.0,Himalayan Brokerage Company Limited,Thrive Brokerage House Pvt. Ltd,2026-04-22 14:42:11.408277
2026042205019327,NRN,85,59,50,1521.9,76095.0,Capital Hub P. Ltd,Deevyaa Securities & Stock House Pvt. Ltd,2026-04-22 14:42:21.537630
2026042205019328,NRN,85,13,750,1522.0,1141500.0,Capital Hub P. Ltd,Thrive Brokerage House Pvt. Ltd,2026-04-22 14:42:21.537930
2026042205019335,NRN,78,45,1,1495.0,1495.0,Garima Securities Limited,Imperial Securities Company Pvt. Ltd.,2026-04-22 14:42:23.108296
2026042205019376,NRN,46,39,50,1520.0,76000.0,Kalika Securities Pvt. Ltd.,Sumeru Securities Pvt. Ltd.,2026-04-22 14:42:35.868553
2026042205019377,NRN,58,39,50,1520.0,76000.0,Naasa Securities Co. Ltd.,Sumeru Securities Pvt. Ltd.,2026-04-22 14:42:35.868862
2026042205019423,NRN,78,6,1,1495.0,1495.0,Garima Securities Limited,Agrawal Securities (PVT) Ltd.,2026-04-22 14:42:45.934082
2026042205019444,NRN,49,63,20,1521.0,30420.0,Online Securities Pvt. Ltd.,Himalayan Brokerage Company Limited,2026-04-22 14:42:53.318021
2026042205019461,NRN,59,63,80,1521.0,121680.0,Deevyaa Securities & Stock House Pvt. Ltd,Himalayan Brokerage Company Limited,2026-04-22 14:42:57.996273
2026042205019462,NRN,59,13,50,1522.0,76100.0,Deevyaa Securities & Stock House Pvt. Ltd,Thrive Brokerage House Pvt. Ltd,2026-04-22 14:42:57.996629
2026042205019463,NRN,59,1,50,1525.0,76250.0,Deevyaa Securities & Stock House Pvt. Ltd,Kumari Securities Private Limited,2026-04-22 14:42:57.996770
2026042205019464,NRN,59,14,200,1525.0,305000.0,Deevyaa Securities & Stock House Pvt. Ltd,Nepal Stock House (PVT) Ltd.,2026-04-22 14:42:57.996930
2026042205019465,NRN,59,34,15,1530.0,22950.0,Deevyaa Securities & Stock House Pvt. Ltd,Vision Securities Pvt. Ltd,2026-04-22 14:42:57.997086
2026042205019466,NRN,59,45,150,1530.0,229500.0,Deevyaa Securities & Stock House Pvt. Ltd,Imperial Securities Company Pvt. Ltd.,2026-04-22 14:42:57.997223
2026042205019467,NRN,59,58,455,1530.0,696150.0,Deevyaa Securities & Stock House Pvt. Ltd,Naasa Securities Co. Ltd.,2026-04-22 14:42:57.997370
2026042205019481,NRN,35,18,93,1519.0,141267.0,Kohinoor Investment & Securities Pvt. Ltd.,Sagarmatha Securities Private Limited,2026-04-22 14:43:02.105159
2026042205019495,NRN,78,54,1,1495.0,1495.0,Garima Securities Limited,Sewa Securities Pvt. Ltd.,2026-04-22 14:43:03.799850
2026042205019537,NRN,57,54,25,1522.0,38050.0,Aryatara Investment & Securities,Sewa Securities Pvt. Ltd.,2026-04-22 14:43:14.151986
2026042205019615,NRN,78,26,1,1495.0,1495.0,Garima Securities Limited,Asian Securities Private Ltd.,2026-04-22 14:43:26.340587
2026042205019740,NRN,78,6,1,1495.0,1495.0,Garima Securities Limited,Agrawal Securities (PVT) Ltd.,2026-04-22 14:43:55.995334
2026042205019779,NRN,66,65,280,1528.0,427840.0,Miyo Securities Pvt Ltd,Sharepro Securities Private Limited,2026-04-22 14:44:03.156272
2026042205019787,NRN,34,65,10,1528.0,15280.0,Vision Securities Pvt. Ltd,Sharepro Securities Private Limited,2026-04-22 14:44:04.250545
2026042205019788,NRN,49,65,710,1528.0,1084880.0,Online Securities Pvt. Ltd.,Sharepro Securities Private Limited,2026-04-22 14:44:04.974005
2026042205019891,NRN,49,39,290,1528.0,443120.0,Online Securities Pvt. Ltd.,Sumeru Securities Pvt. Ltd.,2026-04-22 14:44:20.815555
2026042205019980,NRN,58,58,12,1530.0,18360.0,Naasa Securities Co. Ltd.,Naasa Securities Co. Ltd.,2026-04-22 14:44:36.275578
2026042205020061,NRN,56,18,100,1529.0,152900.0,Sri Hari Securities Pvt. Ltd.,Sagarmatha Securities Private Limited,2026-04-22 14:44:54.618723
2026042205020062,NRN,56,58,33,1530.0,50490.0,Sri Hari Securities Pvt. Ltd.,Naasa Securities Co. Ltd.,2026-04-22 14:44:54.619093
2026042205020063,NRN,56,58,15,1530.0,22950.0,Sri Hari Securities Pvt. Ltd.,Naasa Securities Co. Ltd.,2026-04-22 14:44:54.619228
2026042205020064,NRN,56,6,117,1530.0,179010.0,Sri Hari Securities Pvt. Ltd.,Agrawal Securities (PVT) Ltd.,2026-04-22 14:44:54.619367
2026042205020100,NRN,17,6,56,1530.0,85680.0,ABC Securities Private Limited,Agrawal Securities (PVT) Ltd.,2026-04-22 14:45:03.389858
2026042205020162,NRN,26,48,30,1530.0,45900.0,Asian Securities Private Ltd.,Trishakti Securities Public Limited,2026-04-22 14:45:12.163521
2026042205020163,NRN,26,70,70,1530.0,107100.0,Asian Securities Private Ltd.,Infinity Securities Limited,2026-04-22 14:45:12.164148
2026042205020235,NRN,59,39,100,1529.0,152900.0,Deevyaa Securities & Stock House Pvt. Ltd,Sumeru Securities Pvt. Ltd.,2026-04-22 14:45:34.494665
2026042205020236,NRN,59,70,100,1530.0,153000.0,Deevyaa Securities & Stock House Pvt. Ltd,Infinity Securities Limited,2026-04-22 14:45:34.494971
2026042205020249,NRN,78,45,1,1495.0,1495.0,Garima Securities Limited,Imperial Securities Company Pvt. Ltd.,2026-04-22 14:45:40.796920
2026042205020289,NRN,26,70,100,1530.0,153000.0,Asian Securities Private Ltd.,Infinity Securities Limited,2026-04-22 14:45:47.500026
2026042205020339,NRN,54,70,30,1530.0,45900.0,Sewa Securities Pvt. Ltd.,Infinity Securities Limited,2026-04-22 14:46:05.897018
2026042205020354,NRN,78,44,1,1496.0,1496.0,Garima Securities Limited,Dynamic Money Managers Securities Pvt. Ltd.,2026-04-22 14:46:07.844014
2026042205020422,NRN,56,39,30,1530.0,45900.0,Sri Hari Securities Pvt. Ltd.,Sumeru Securities Pvt. Ltd.,2026-04-22 14:46:24.944782
2026042205020584,NRN,85,43,100,1532.9,153290.0,Capital Hub P. Ltd,South Asian Bulls Pvt. Ltd.,2026-04-22 14:47:10.075833
2026042205020585,NRN,85,32,200,1533.0,306600.0,Capital Hub P. Ltd,Premier Securities Company Ltd.,2026-04-22 14:47:10.076156
2026042205020586,NRN,85,35,300,1533.0,459900.0,Capital Hub P. Ltd,Kohinoor Investment & Securities Pvt. Ltd.,2026-04-22 14:47:10.076297
2026042205020587,NRN,85,65,1000,1534.9,1534900.0,Capital Hub P. Ltd,Sharepro Securities Private Limited,2026-04-22 14:47:10.076445
2026042205020588,NRN,35,10,20,1530.0,30600.0,Kohinoor Investment & Securities Pvt. Ltd.,Pragyan Securities (PVT) Ltd.,2026-04-22 14:47:11.040909
2026042205020589,NRN,64,10,30,1530.0,45900.0,SUN SECURITIES PVT LTD,Pragyan Securities (PVT) Ltd.,2026-04-22 14:47:11.041204
2026042205020722,NRN,33,32,100,1535.0,153500.0,Dakshinkali Investment & Securities Pvt. Ltd.,Premier Securities Company Ltd.,2026-04-22 14:47:44.521084
2026042205020737,NRN,33,38,50,1535.0,76750.0,Dakshinkali Investment & Securities Pvt. Ltd.,Dipshikha Dhitopatra Karobar Co. Pvt Ltd.,2026-04-22 14:47:50.751164
2026042205020744,NRN,33,18,107,1535.0,164245.0,Dakshinkali Investment & Securities Pvt. Ltd.,Sagarmatha Securities Private Limited,2026-04-22 14:47:55.291767
2026042205020768,NRN,33,65,43,1535.0,66005.0,Dakshinkali Investment & Securities Pvt. Ltd.,Sharepro Securities Private Limited,2026-04-22 14:47:56.816614
2026042205020809,NRN,56,65,270,1535.0,414450.0,Sri Hari Securities Pvt. Ltd.,Sharepro Securities Private Limited,2026-04-22 14:48:04.960419
2026042205021001,NRN,58,39,68,1533.0,104244.0,Naasa Securities Co. Ltd.,Sumeru Securities Pvt. Ltd.,2026-04-22 14:48:50.790103
2026042205021156,NRN,64,89,50,1532.0,76600.0,SUN SECURITIES PVT LTD,Global IME Securities Limited,2026-04-22 14:49:42.383286
2026042205021237,NRN,64,34,11,1532.0,16852.0,SUN SECURITIES PVT LTD,Vision Securities Pvt. Ltd,2026-04-22 14:50:10.545177
2026042205021327,NRN,64,35,50,1532.0,76600.0,SUN SECURITIES PVT LTD,Kohinoor Investment & Securities Pvt. Ltd.,2026-04-22 14:50:46.223881
2026042205021341,NRN,57,39,10,1533.0,15330.0,Aryatara Investment & Securities,Sumeru Securities Pvt. Ltd.,2026-04-22 14:50:51.351200
2026042205021353,NRN,64,39,59,1532.0,90388.0,SUN SECURITIES PVT LTD,Sumeru Securities Pvt. Ltd.,2026-04-22 14:50:54.688872
2026042205021354,NRN,80,39,41,1532.0,62812.0,Indira securities pvt. ltd,Sumeru Securities Pvt. Ltd.,2026-04-22 14:50:54.689205
2026042205021435,NRN,56,39,22,1533.0,33726.0,Sri Hari Securities Pvt. Ltd.,Sumeru Securities Pvt. Ltd.,2026-04-22 14:51:14.364190
2026042205021457,NRN,58,56,100,1534.0,153400.0,Naasa Securities Co. Ltd.,Sri Hari Securities Pvt. Ltd.,2026-04-22 14:51:17.888580
2026042205021483,NRN,58,56,100,1534.0,153400.0,Naasa Securities Co. Ltd.,Sri Hari Securities Pvt. Ltd.,2026-04-22 14:51:30.655558
2026042205021484,NRN,58,65,100,1535.0,153500.0,Naasa Securities Co. Ltd.,Sharepro Securities Private Limited,2026-04-22 14:51:30.655647
2026042205021508,NRN,49,78,60,1534.9,92094.0,Online Securities Pvt. Ltd.,Garima Securities Limited,2026-04-22 14:51:42.097472
2026042205021509,NRN,49,65,587,1535.0,901045.0,Online Securities Pvt. Ltd.,Sharepro Securities Private Limited,2026-04-22 14:51:42.098021
2026042205021510,NRN,49,21,250,1536.0,384000.0,Online Securities Pvt. Ltd.,Midas Stock Broking Company Private Limited,2026-04-22 14:51:42.098466
2026042205021511,NRN,49,67,20,1536.0,30720.0,Online Securities Pvt. Ltd.,Property Wiard Limited,2026-04-22 14:51:42.098681
2026042205021512,NRN,49,38,100,1538.0,153800.0,Online Securities Pvt. Ltd.,Dipshikha Dhitopatra Karobar Co. Pvt Ltd.,2026-04-22 14:51:42.098811
2026042205021513,NRN,49,65,1000,1539.0,1539000.0,Online Securities Pvt. Ltd.,Sharepro Securities Private Limited,2026-04-22 14:51:42.098942
2026042205021514,NRN,49,34,483,1539.0,743337.0,Online Securities Pvt. Ltd.,Vision Securities Pvt. Ltd,2026-04-22 14:51:42.099070
2026042205021528,NRN,33,33,21,1534.0,32214.0,Dakshinkali Investment & Securities Pvt. Ltd.,Dakshinkali Investment & Securities Pvt. Ltd.,2026-04-22 14:51:48.740395
2026042205021535,NRN,33,18,29,1534.0,44486.0,Dakshinkali Investment & Securities Pvt. Ltd.,Sagarmatha Securities Private Limited,2026-04-22 14:51:50.030414
2026042205021536,NRN,32,18,171,1534.0,262314.0,Premier Securities Company Ltd.,Sagarmatha Securities Private Limited,2026-04-22 14:51:50.030730
2026042205021567,NRN,52,39,100,1538.0,153800.0,Sundhara Securities Limited,Sumeru Securities Pvt. Ltd.,2026-04-22 14:52:02.247185
2026042205021588,NRN,32,34,500,1539.0,769500.0,Premier Securities Company Ltd.,Vision Securities Pvt. Ltd,2026-04-22 14:52:08.292694
2026042205021592,NRN,52,41,50,1538.0,76900.0,Sundhara Securities Limited,Linch Stock Market Ltd.,2026-04-22 14:52:10.604432
2026042205021630,NRN,78,45,1,1495.0,1495.0,Garima Securities Limited,Imperial Securities Company Pvt. Ltd.,2026-04-22 14:52:28.987596
2026042205021680,NRN,52,43,191,1538.0,293758.0,Sundhara Securities Limited,South Asian Bulls Pvt. Ltd.,2026-04-22 14:52:47.122013
2026042205021682,NRN,19,34,17,1539.0,26163.0,Nepal Investment And Securities Trading Private Limited,Vision Securities Pvt. Ltd,2026-04-22 14:52:49.282456
2026042205021683,NRN,19,39,33,1539.0,50787.0,Nepal Investment And Securities Trading Private Limited,Sumeru Securities Pvt. Ltd.,2026-04-22 14:52:49.282821
2026042205021689,NRN,62,38,100,1538.0,153800.0,Capital Max Securities Ltd,Dipshikha Dhitopatra Karobar Co. Pvt Ltd.,2026-04-22 14:52:51.119969
2026042205021693,NRN,25,38,32,1538.0,49216.0,Sweta Securities Private Limited,Dipshikha Dhitopatra Karobar Co. Pvt Ltd.,2026-04-22 14:52:52.417999
2026042205021696,NRN,58,72,100,1534.1,153410.0,Naasa Securities Co. Ltd.,Hatemalo Financial Services Private Limited,2026-04-22 14:52:56.348848
2026042205021741,NRN,32,49,1,1497.0,1497.0,Premier Securities Company Ltd.,Online Securities Pvt. Ltd.,2026-04-22 14:53:11.807920
2026042205021753,NRN,1,56,10,1535.0,15350.0,Kumari Securities Private Limited,Sri Hari Securities Pvt. Ltd.,2026-04-22 14:53:15.140656
2026042205021768,NRN,34,56,10,1535.0,15350.0,Vision Securities Pvt. Ltd,Sri Hari Securities Pvt. Ltd.,2026-04-22 14:53:25.364613
2026042205021815,NRN,5,38,12,1534.2,18410.4,Market Securities & Exchange (PVT) Ltd.,Dipshikha Dhitopatra Karobar Co. Pvt Ltd.,2026-04-22 14:53:37.544719
2026042205021816,NRN,58,38,27,1534.1,41420.7,Naasa Securities Co. Ltd.,Dipshikha Dhitopatra Karobar Co. Pvt Ltd.,2026-04-22 14:53:37.545336
2026042205021842,NRN,58,56,50,1535.0,76750.0,Naasa Securities Co. Ltd.,Sri Hari Securities Pvt. Ltd.,2026-04-22 14:53:41.662355
2026042205021882,NRN,58,6,40,1534.1,61364.0,Naasa Securities Co. Ltd.,Agrawal Securities (PVT) Ltd.,2026-04-22 14:53:50.491895
2026042205021904,NRN,58,38,133,1534.1,204035.3,Naasa Securities Co. Ltd.,Dipshikha Dhitopatra Karobar Co. Pvt Ltd.,2026-04-22 14:54:02.347807
2026042205021905,NRN,32,38,167,1534.0,256178.0,Premier Securities Company Ltd.,Dipshikha Dhitopatra Karobar Co. Pvt Ltd.,2026-04-22 14:54:02.348124
2026042205021919,NRN,32,65,10,1534.0,15340.0,Premier Securities Company Ltd.,Sharepro Securities Private Limited,2026-04-22 14:54:06.598047
2026042205021941,NRN,32,96,152,1534.0,233168.0,Premier Securities Company Ltd.,Himalayan Securities Limited,2026-04-22 14:54:13.420453
2026042205021942,NRN,80,96,59,1532.0,90388.0,Indira securities pvt. ltd,Himalayan Securities Limited,2026-04-22 14:54:13.420760
2026042205021943,NRN,51,96,195,1531.0,298545.0,Oxford Securities Pvt. Ltd.,Himalayan Securities Limited,2026-04-22 14:54:13.420928
2026042205021944,NRN,39,96,50,1530.0,76500.0,Sumeru Securities Pvt. Ltd.,Himalayan Securities Limited,2026-04-22 14:54:13.421107
2026042205021965,NRN,22,96,100,1529.0,152900.0,Siprabi Securities Pvt. Ltd.,Himalayan Securities Limited,2026-04-22 14:54:21.701994
2026042205022048,NRN,58,96,100,1529.0,152900.0,Naasa Securities Co. Ltd.,Himalayan Securities Limited,2026-04-22 14:54:44.984606
2026042205022051,NRN,26,25,100,1524.0,152400.0,Asian Securities Private Ltd.,Sweta Securities Private Limited,2026-04-22 14:54:45.354170
2026042205022058,NRN,32,59,1,1498.0,1498.0,Premier Securities Company Ltd.,Deevyaa Securities & Stock House Pvt. Ltd,2026-04-22 14:54:48.370914
2026042205022077,NRN,71,25,100,1524.0,152400.0,SHUBHAKAMANA SECURITIES PVT. LTD,Sweta Securities Private Limited,2026-04-22 14:54:57.941241
2026042205022178,NRN,50,38,70,1522.1,106547.0,Cristal Kanchanjanga Securites Pvt. Ltd.,Dipshikha Dhitopatra Karobar Co. Pvt Ltd.,2026-04-22 14:55:24.938277
2026042205022179,NRN,57,38,31,1522.0,47182.0,Aryatara Investment & Securities,Dipshikha Dhitopatra Karobar Co. Pvt Ltd.,2026-04-22 14:55:24.938593
2026042205022243,NRN,26,21,15,1524.0,22860.0,Asian Securities Private Ltd.,Midas Stock Broking Company Private Limited,2026-04-22 14:55:42.792352
2026042205022255,NRN,57,43,44,1522.0,66968.0,Aryatara Investment & Securities,South Asian Bulls Pvt. Ltd.,2026-04-22 14:55:45.525198
2026042205022256,NRN,22,43,100,1522.0,152200.0,Siprabi Securities Pvt. Ltd.,South Asian Bulls Pvt. Ltd.,2026-04-22 14:55:45.525737
2026042205022257,NRN,62,43,56,1520.0,85120.0,Capital Max Securities Ltd,South Asian Bulls Pvt. Ltd.,2026-04-22 14:55:45.526143
2026042205022285,NRN,78,62,1,1497.0,1497.0,Garima Securities Limited,Capital Max Securities Ltd,2026-04-22 14:55:53.788915
2026042205022300,NRN,77,42,200,1527.9,305580.0,Nabil Stock Dealer Ltd.,Sani Securities Company Ltd.,2026-04-22 14:55:56.301446
2026042205022370,NRN,62,48,26,1520.0,39520.0,Capital Max Securities Ltd,Trishakti Securities Public Limited,2026-04-22 14:56:09.736495
2026042205022387,NRN,51,19,1,1475.0,1475.0,Oxford Securities Pvt. Ltd.,Nepal Investment And Securities Trading Private Limited,2026-04-22 14:56:18.172265
2026042205022509,NRN,62,25,18,1520.0,27360.0,Capital Max Securities Ltd,Sweta Securities Private Limited,2026-04-22 14:56:44.331004
2026042205022510,NRN,35,25,907,1519.0,1377733.0,Kohinoor Investment & Securities Pvt. Ltd.,Sweta Securities Private Limited,2026-04-22 14:56:44.331291
2026042205022511,NRN,58,25,50,1519.0,75950.0,Naasa Securities Co. Ltd.,Sweta Securities Private Limited,2026-04-22 14:56:44.331436
2026042205022560,NRN,49,66,16,1518.0,24288.0,Online Securities Pvt. Ltd.,Miyo Securities Pvt Ltd,2026-04-22 14:56:55.455486
2026042205022603,NRN,42,44,40,1515.0,60600.0,Sani Securities Company Ltd.,Dynamic Money Managers Securities Pvt. Ltd.,2026-04-22 14:57:04.871757
2026042205022704,NRN,42,1,160,1515.0,242400.0,Sani Securities Company Ltd.,Kumari Securities Private Limited,2026-04-22 14:57:23.278998
2026042205022705,NRN,34,1,40,1512.0,60480.0,Vision Securities Pvt. Ltd,Kumari Securities Private Limited,2026-04-22 14:57:23.279280
2026042205022792,NRN,34,70,10,1512.0,15120.0,Vision Securities Pvt. Ltd,Infinity Securities Limited,2026-04-22 14:57:37.876335
2026042205022793,NRN,49,70,490,1512.0,740880.0,Online Securities Pvt. Ltd.,Infinity Securities Limited,2026-04-22 14:57:37.876874
2026042205022804,NRN,38,17,1,1498.0,1498.0,Dipshikha Dhitopatra Karobar Co. Pvt Ltd.,ABC Securities Private Limited,2026-04-22 14:57:39.207802
2026042205022859,NRN,49,6,15,1512.0,22680.0,Online Securities Pvt. Ltd.,Agrawal Securities (PVT) Ltd.,2026-04-22 14:57:46.289089
2026042205022880,NRN,38,50,1,1498.0,1498.0,Dipshikha Dhitopatra Karobar Co. Pvt Ltd.,Cristal Kanchanjanga Securites Pvt. Ltd.,2026-04-22 14:57:49.804526
2026042205022937,NRN,38,6,1,1498.0,1498.0,Dipshikha Dhitopatra Karobar Co. Pvt Ltd.,Agrawal Securities (PVT) Ltd.,2026-04-22 14:58:00.865998
2026042205022941,NRN,49,56,150,1512.0,226800.0,Online Securities Pvt. Ltd.,Sri Hari Securities Pvt. Ltd.,2026-04-22 14:58:02.155764
2026042205022965,NRN,49,32,10,1512.0,15120.0,Online Securities Pvt. Ltd.,Premier Securities Company Ltd.,2026-04-22 14:58:07.760890
2026042205022993,NRN,69,39,1,1498.0,1498.0,INDEX SECURITIES LIMITED,Sumeru Securities Pvt. Ltd.,2026-04-22 14:58:15.058771
2026042205023053,NRN,85,58,29,1514.0,43906.0,Capital Hub P. Ltd,Naasa Securities Co. Ltd.,2026-04-22 14:58:21.787254
2026042205023054,NRN,85,49,200,1515.0,303000.0,Capital Hub P. Ltd,Online Securities Pvt. Ltd.,2026-04-22 14:58:21.787547
2026042205023058,NRN,49,60,20,1512.0,30240.0,Online Securities Pvt. Ltd.,Nagarik Stock Dealer ,2026-04-22 14:58:22.917277
2026042205023123,NRN,17,32,30,1515.0,45450.0,ABC Securities Private Limited,Premier Securities Company Ltd.,2026-04-22 14:58:47.532246
2026042205023158,NRN,38,47,1,1500.0,1500.0,Dipshikha Dhitopatra Karobar Co. Pvt Ltd.,Neev Securities Pvt. Ltd.,2026-04-22 14:58:55.504792
2026042205023171,NRN,49,60,300,1512.0,453600.0,Online Securities Pvt. Ltd.,Nagarik Stock Dealer ,2026-04-22 14:59:00.397749
2026042205023195,NRN,38,58,1,1500.0,1500.0,Dipshikha Dhitopatra Karobar Co. Pvt Ltd.,Naasa Securities Co. Ltd.,2026-04-22 14:59:08.468493
2026042205023225,NRN,49,56,15,1512.0,22680.0,Online Securities Pvt. Ltd.,Sri Hari Securities Pvt. Ltd.,2026-04-22 14:59:14.300025
2026042205023226,NRN,58,56,11,1512.0,16632.0,Naasa Securities Co. Ltd.,Sri Hari Securities Pvt. Ltd.,2026-04-22 14:59:14.300335
2026042205023229,NRN,38,35,1,1500.0,1500.0,Dipshikha Dhitopatra Karobar Co. Pvt Ltd.,Kohinoor Investment & Securities Pvt. Ltd.,2026-04-22 14:59:15.549571
2026042205023239,NRN,32,66,84,1518.0,127512.0,Premier Securities Company Ltd.,Miyo Securities Pvt Ltd,2026-04-22 14:59:16.669177
2026042205023240,NRN,32,67,100,1518.0,151800.0,Premier Securities Company Ltd.,Property Wiard Limited,2026-04-22 14:59:16.669549
2026042205023241,NRN,32,25,10,1527.0,15270.0,Premier Securities Company Ltd.,Sweta Securities Private Limited,2026-04-22 14:59:16.669680
2026042205023242,NRN,32,57,20,1527.0,30540.0,Premier Securities Company Ltd.,Aryatara Investment & Securities,2026-04-22 14:59:16.669799
2026042205023243,NRN,32,66,100,1527.0,152700.0,Premier Securities Company Ltd.,Miyo Securities Pvt Ltd,2026-04-22 14:59:16.669918
2026042205023244,NRN,32,58,200,1528.9,305780.0,Premier Securities Company Ltd.,Naasa Securities Co. Ltd.,2026-04-22 14:59:16.670053
2026042205023245,NRN,32,96,344,1529.0,525976.0,Premier Securities Company Ltd.,Himalayan Securities Limited,2026-04-22 14:59:16.670189
2026042205023246,NRN,32,47,50,1529.0,76450.0,Premier Securities Company Ltd.,Neev Securities Pvt. Ltd.,2026-04-22 14:59:16.670317
2026042205023247,NRN,32,26,270,1530.0,413100.0,Premier Securities Company Ltd.,Asian Securities Private Ltd.,2026-04-22 14:59:16.670439
2026042205023267,NRN,38,32,1,1500.0,1500.0,Dipshikha Dhitopatra Karobar Co. Pvt Ltd.,Premier Securities Company Ltd.,2026-04-22 14:59:23.608005
2026042205023302,NRN,38,19,1,1500.0,1500.0,Dipshikha Dhitopatra Karobar Co. Pvt Ltd.,Nepal Investment And Securities Trading Private Limited,2026-04-22 14:59:34.159698
2026042205023316,NRN,32,83,322,1530.0,492660.0,Premier Securities Company Ltd.,Sanima Securities Limited,2026-04-22 14:59:36.821570
2026042205023350,NRN,38,37,1,1500.0,1500.0,Dipshikha Dhitopatra Karobar Co. Pvt Ltd.,Swarna Laxmi Securities Pvt. Ltd.,2026-04-22 14:59:41.288922
2026042205023385,NRN,25,32,10,1530.0,15300.0,Sweta Securities Private Limited,Premier Securities Company Ltd.,2026-04-22 14:59:46.445108
2026042205023386,NRN,25,58,90,1534.0,138060.0,Sweta Securities Private Limited,Naasa Securities Co. Ltd.,2026-04-22 14:59:46.445421
2026042205023437,NRN,38,45,1,1500.0,1500.0,Dipshikha Dhitopatra Karobar Co. Pvt Ltd.,Imperial Securities Company Pvt. Ltd.,2026-04-22 14:59:52.487109
2026042205023476,NRN,42,60,10,1515.0,15150.0,Sani Securities Company Ltd.,Nagarik Stock Dealer ,2026-04-22 14:59:56.687751
