contract_id,symbol,buyer_member_id,seller_member_id,volume,price,amount,buyer_broker,seller_broker,transaction_time
2026042204000012,RADHI,58,34,30,790.0,23700.0,Naasa Securities Co. Ltd.,Vision Securities Pvt. Ltd,2026-04-22 10:46:00.098362
2026042204000046,RADHI,58,39,10,800.0,8000.0,Naasa Securities Co. Ltd.,Sumeru Securities Pvt. Ltd.,2026-04-22 11:00:41.571991
2026042204000057,RADHI,81,39,490,800.0,392000.0,Aakashbhairab Securities Ltd.,Sumeru Securities Pvt. Ltd.,2026-04-22 11:01:04.343987
2026042204000060,RADHI,33,48,20,805.0,16100.0,Dakshinkali Investment & Securities Pvt. Ltd.,Trishakti Securities Public Limited,2026-04-22 11:01:19.388351
2026042204000061,RADHI,33,81,19980,805.0,16083900.0,Dakshinkali Investment & Securities Pvt. Ltd.,Aakashbhairab Securities Ltd.,2026-04-22 11:01:19.388411
2026042204000122,RADHI,32,33,10,783.0,7830.0,Premier Securities Company Ltd.,Dakshinkali Investment & Securities Pvt. Ltd.,2026-04-22 11:03:00.747333
2026042204000427,RADHI,16,38,200,786.3,157260.0,Primo Securities (PVT) Ltd.,Dipshikha Dhitopatra Karobar Co. Pvt Ltd.,2026-04-22 11:06:27.648511
2026042204000428,RADHI,58,38,200,786.1,157220.0,Naasa Securities Co. Ltd.,Dipshikha Dhitopatra Karobar Co. Pvt Ltd.,2026-04-22 11:06:27.648610
2026042204000429,RADHI,100,38,200,785.2,157040.0,Sunrise Securities Limited,Dipshikha Dhitopatra Karobar Co. Pvt Ltd.,2026-04-22 11:06:27.648658
2026042204000430,RADHI,65,38,2000,785.1,1570200.0,Sharepro Securities Private Limited,Dipshikha Dhitopatra Karobar Co. Pvt Ltd.,2026-04-22 11:06:27.648696
2026042204000431,RADHI,74,38,300,785.0,235500.0,KALASH STOCK MARKET PVT. LTD.,Dipshikha Dhitopatra Karobar Co. Pvt Ltd.,2026-04-22 11:06:27.648731
2026042204000520,RADHI,57,81,400,785.1,314040.0,Aryatara Investment & Securities,Aakashbhairab Securities Ltd.,2026-04-22 11:07:05.378117
2026042204000521,RADHI,74,81,200,785.0,157000.0,KALASH STOCK MARKET PVT. LTD.,Aakashbhairab Securities Ltd.,2026-04-22 11:07:05.378197
2026042204001756,RADHI,58,59,50,787.0,39350.0,Naasa Securities Co. Ltd.,Deevyaa Securities & Stock House Pvt. Ltd,2026-04-22 11:18:15.554812
2026042204001757,RADHI,52,59,25,786.5,19662.5,Sundhara Securities Limited,Deevyaa Securities & Stock House Pvt. Ltd,2026-04-22 11:18:15.554943
2026042204001758,RADHI,34,59,300,786.0,235800.0,Vision Securities Pvt. Ltd,Deevyaa Securities & Stock House Pvt. Ltd,2026-04-22 11:18:15.554997
2026042204001759,RADHI,58,59,1000,785.5,785500.0,Naasa Securities Co. Ltd.,Deevyaa Securities & Stock House Pvt. Ltd,2026-04-22 11:18:15.555095
2026042204001760,RADHI,21,59,200,785.3,157060.0,Midas Stock Broking Company Private Limited,Deevyaa Securities & Stock House Pvt. Ltd,2026-04-22 11:18:15.555159
2026042204001761,RADHI,57,59,100,785.2,78520.0,Aryatara Investment & Securities,Deevyaa Securities & Stock House Pvt. Ltd,2026-04-22 11:18:15.555206
2026042204001762,RADHI,65,59,1000,785.1,785100.0,Sharepro Securities Private Limited,Deevyaa Securities & Stock House Pvt. Ltd,2026-04-22 11:18:15.555253
2026042204001763,RADHI,57,59,400,785.0,314000.0,Aryatara Investment & Securities,Deevyaa Securities & Stock House Pvt. Ltd,2026-04-22 11:18:15.555301
2026042204001764,RADHI,32,59,1000,785.0,785000.0,Premier Securities Company Ltd.,Deevyaa Securities & Stock House Pvt. Ltd,2026-04-22 11:18:15.555358
2026042204001765,RADHI,51,59,25,785.0,19625.0,Oxford Securities Pvt. Ltd.,Deevyaa Securities & Stock House Pvt. Ltd,2026-04-22 11:18:15.555402
2026042204001766,RADHI,13,59,75,785.0,58875.0,Thrive Brokerage House Pvt. Ltd,Deevyaa Securities & Stock House Pvt. Ltd,2026-04-22 11:18:15.555443
2026042204001767,RADHI,66,59,1000,785.0,785000.0,Miyo Securities Pvt Ltd,Deevyaa Securities & Stock House Pvt. Ltd,2026-04-22 11:18:15.555485
2026042204001768,RADHI,18,59,500,784.0,392000.0,Sagarmatha Securities Private Limited,Deevyaa Securities & Stock House Pvt. Ltd,2026-04-22 11:18:15.555526
2026042204001769,RADHI,32,59,30,783.0,23490.0,Premier Securities Company Ltd.,Deevyaa Securities & Stock House Pvt. Ltd,2026-04-22 11:18:15.555575
2026042204001770,RADHI,50,59,200,783.0,156600.0,Cristal Kanchanjanga Securites Pvt. Ltd.,Deevyaa Securities & Stock House Pvt. Ltd,2026-04-22 11:18:15.555616
2026042204001771,RADHI,74,59,500,783.0,391500.0,KALASH STOCK MARKET PVT. LTD.,Deevyaa Securities & Stock House Pvt. Ltd,2026-04-22 11:18:15.555657
2026042204001772,RADHI,65,59,2000,782.1,1564200.0,Sharepro Securities Private Limited,Deevyaa Securities & Stock House Pvt. Ltd,2026-04-22 11:18:15.555701
2026042204001773,RADHI,38,59,100,781.0,78100.0,Dipshikha Dhitopatra Karobar Co. Pvt Ltd.,Deevyaa Securities & Stock House Pvt. Ltd,2026-04-22 11:18:15.555756
2026042204001774,RADHI,65,59,1495,781.0,1167595.0,Sharepro Securities Private Limited,Deevyaa Securities & Stock House Pvt. Ltd,2026-04-22 11:18:15.555820
2026042204002996,RADHI,38,38,200,785.2,157040.0,Dipshikha Dhitopatra Karobar Co. Pvt Ltd.,Dipshikha Dhitopatra Karobar Co. Pvt Ltd.,2026-04-22 11:31:41.981689
2026042204003036,RADHI,19,51,150,785.2,117780.0,Nepal Investment And Securities Trading Private Limited,Oxford Securities Pvt. Ltd.,2026-04-22 11:32:35.942124
2026042204003037,RADHI,36,51,150,785.1,117765.0,Secured Securities Ltd.,Oxford Securities Pvt. Ltd.,2026-04-22 11:32:35.942456
2026042204003664,RADHI,44,32,200,794.7,158940.0,Dynamic Money Managers Securities Pvt. Ltd.,Premier Securities Company Ltd.,2026-04-22 11:40:56.806371
2026042204003728,RADHI,44,34,100,794.7,79470.0,Dynamic Money Managers Securities Pvt. Ltd.,Vision Securities Pvt. Ltd,2026-04-22 11:41:25.284831
2026042204004258,RADHI,44,19,65,791.0,51415.0,Dynamic Money Managers Securities Pvt. Ltd.,Nepal Investment And Securities Trading Private Limited,2026-04-22 11:46:21.993856
2026042204004259,RADHI,58,19,100,791.0,79100.0,Naasa Securities Co. Ltd.,Nepal Investment And Securities Trading Private Limited,2026-04-22 11:46:21.994191
2026042204004391,RADHI,32,38,8,775.0,6200.0,Premier Securities Company Ltd.,Dipshikha Dhitopatra Karobar Co. Pvt Ltd.,2026-04-22 11:48:26.015819
2026042204004449,RADHI,36,45,357,788.0,281316.0,Secured Securities Ltd.,Imperial Securities Company Pvt. Ltd.,2026-04-22 11:49:28.612238
2026042204004614,RADHI,36,45,10,787.1,7871.0,Secured Securities Ltd.,Imperial Securities Company Pvt. Ltd.,2026-04-22 11:51:28.320035
2026042204004615,RADHI,44,45,100,787.1,78710.0,Dynamic Money Managers Securities Pvt. Ltd.,Imperial Securities Company Pvt. Ltd.,2026-04-22 11:51:28.320241
2026042204004629,RADHI,36,60,75,787.0,59025.0,Secured Securities Ltd.,Nagarik Stock Dealer ,2026-04-22 11:51:35.472929
2026042204004667,RADHI,22,45,100,786.0,78600.0,Siprabi Securities Pvt. Ltd.,Imperial Securities Company Pvt. Ltd.,2026-04-22 11:52:00.545627
2026042204004668,RADHI,58,45,30,786.0,23580.0,Naasa Securities Co. Ltd.,Imperial Securities Company Pvt. Ltd.,2026-04-22 11:52:00.545961
2026042204004782,RADHI,57,19,25,785.5,19637.5,Aryatara Investment & Securities,Nepal Investment And Securities Trading Private Limited,2026-04-22 11:53:12.035082
2026042204004783,RADHI,44,19,200,785.4,157080.0,Dynamic Money Managers Securities Pvt. Ltd.,Nepal Investment And Securities Trading Private Limited,2026-04-22 11:53:12.035276
2026042204004784,RADHI,57,19,100,785.3,78530.0,Aryatara Investment & Securities,Nepal Investment And Securities Trading Private Limited,2026-04-22 11:53:12.035360
2026042204004785,RADHI,34,19,110,785.3,86383.0,Vision Securities Pvt. Ltd,Nepal Investment And Securities Trading Private Limited,2026-04-22 11:53:12.035437
2026042204004809,RADHI,34,45,90,785.3,70677.0,Vision Securities Pvt. Ltd,Imperial Securities Company Pvt. Ltd.,2026-04-22 11:53:37.472410
2026042204004813,RADHI,32,42,2,767.3,1534.6,Premier Securities Company Ltd.,Sani Securities Company Ltd.,2026-04-22 11:53:47.511889
2026042204004814,RADHI,8,32,85,785.2,66742.0,Brilliant Securities Pvt. Ltd.,Premier Securities Company Ltd.,2026-04-22 11:53:48.428995
2026042204004859,RADHI,8,39,415,785.2,325858.0,Brilliant Securities Pvt. Ltd.,Sumeru Securities Pvt. Ltd.,2026-04-22 11:54:27.630328
2026042204004864,RADHI,63,39,100,785.0,78500.0,Himalayan Brokerage Company Limited,Sumeru Securities Pvt. Ltd.,2026-04-22 11:54:38.581168
2026042204004865,RADHI,58,39,100,785.0,78500.0,Naasa Securities Co. Ltd.,Sumeru Securities Pvt. Ltd.,2026-04-22 11:54:38.581241
2026042204004866,RADHI,34,39,15,785.0,11775.0,Vision Securities Pvt. Ltd,Sumeru Securities Pvt. Ltd.,2026-04-22 11:54:38.581267
2026042204004908,RADHI,14,45,100,784.0,78400.0,Nepal Stock House (PVT) Ltd.,Imperial Securities Company Pvt. Ltd.,2026-04-22 11:54:57.838771
2026042204004909,RADHI,22,45,10,784.0,7840.0,Siprabi Securities Pvt. Ltd.,Imperial Securities Company Pvt. Ltd.,2026-04-22 11:54:57.838961
2026042204005010,RADHI,34,77,400,783.7,313480.0,Vision Securities Pvt. Ltd,Nabil Stock Dealer Ltd.,2026-04-22 11:55:40.846327
2026042204005011,RADHI,74,77,1000,783.6,783600.0,KALASH STOCK MARKET PVT. LTD.,Nabil Stock Dealer Ltd.,2026-04-22 11:55:40.846556
2026042204005012,RADHI,5,77,10,783.5,7835.0,Market Securities & Exchange (PVT) Ltd.,Nabil Stock Dealer Ltd.,2026-04-22 11:55:40.846642
2026042204005013,RADHI,57,77,90,783.5,70515.0,Aryatara Investment & Securities,Nabil Stock Dealer Ltd.,2026-04-22 11:55:40.846723
2026042204005036,RADHI,57,58,100,783.5,78350.0,Aryatara Investment & Securities,Naasa Securities Co. Ltd.,2026-04-22 11:56:02.283402
2026042204005058,RADHI,57,45,260,783.5,203710.0,Aryatara Investment & Securities,Imperial Securities Company Pvt. Ltd.,2026-04-22 11:56:22.146558
2026042204005059,RADHI,34,45,100,783.5,78350.0,Vision Securities Pvt. Ltd,Imperial Securities Company Pvt. Ltd.,2026-04-22 11:56:22.146603
2026042204005060,RADHI,34,45,200,783.5,156700.0,Vision Securities Pvt. Ltd,Imperial Securities Company Pvt. Ltd.,2026-04-22 11:56:22.146628
2026042204005061,RADHI,57,45,100,783.4,78340.0,Aryatara Investment & Securities,Imperial Securities Company Pvt. Ltd.,2026-04-22 11:56:22.146652
2026042204005062,RADHI,34,45,100,783.2,78320.0,Vision Securities Pvt. Ltd,Imperial Securities Company Pvt. Ltd.,2026-04-22 11:56:22.146690
2026042204005063,RADHI,8,45,333,783.1,260772.3,Brilliant Securities Pvt. Ltd.,Imperial Securities Company Pvt. Ltd.,2026-04-22 11:56:22.146745
2026042204005117,RADHI,8,45,60,783.1,46986.0,Brilliant Securities Pvt. Ltd.,Imperial Securities Company Pvt. Ltd.,2026-04-22 11:56:37.479910
2026042204005302,RADHI,8,19,107,783.1,83791.7,Brilliant Securities Pvt. Ltd.,Nepal Investment And Securities Trading Private Limited,2026-04-22 11:58:33.870851
2026042204005303,RADHI,63,19,75,783.1,58732.5,Himalayan Brokerage Company Limited,Nepal Investment And Securities Trading Private Limited,2026-04-22 11:58:33.871156
2026042204005304,RADHI,39,19,418,783.0,327294.0,Sumeru Securities Pvt. Ltd.,Nepal Investment And Securities Trading Private Limited,2026-04-22 11:58:33.871372
2026042204005340,RADHI,39,81,82,783.0,64206.0,Sumeru Securities Pvt. Ltd.,Aakashbhairab Securities Ltd.,2026-04-22 11:59:11.841493
2026042204005341,RADHI,36,81,30,783.0,23490.0,Secured Securities Ltd.,Aakashbhairab Securities Ltd.,2026-04-22 11:59:11.841671
2026042204006112,RADHI,42,62,10,782.9,7829.0,Sani Securities Company Ltd.,Capital Max Securities Ltd,2026-04-22 12:05:19.487072
2026042204006135,RADHI,17,62,20,782.9,15658.0,ABC Securities Private Limited,Capital Max Securities Ltd,2026-04-22 12:05:51.107842
2026042204006136,RADHI,17,81,80,783.0,62640.0,ABC Securities Private Limited,Aakashbhairab Securities Ltd.,2026-04-22 12:05:51.108167
2026042204006219,RADHI,17,60,100,783.1,78310.0,ABC Securities Private Limited,Nagarik Stock Dealer ,2026-04-22 12:06:32.050677
2026042204006559,RADHI,39,58,10,782.4,7824.0,Sumeru Securities Pvt. Ltd.,Naasa Securities Co. Ltd.,2026-04-22 12:10:03.400774
2026042204006931,RADHI,39,8,90,782.4,70416.0,Sumeru Securities Pvt. Ltd.,Brilliant Securities Pvt. Ltd.,2026-04-22 12:12:50.523286
2026042204006932,RADHI,88,8,100,782.3,78230.0,Blue Chip Securities Ltd,Brilliant Securities Pvt. Ltd.,2026-04-22 12:12:50.523483
2026042204006933,RADHI,50,8,110,782.1,86031.0,Cristal Kanchanjanga Securites Pvt. Ltd.,Brilliant Securities Pvt. Ltd.,2026-04-22 12:12:50.523558
2026042204007012,RADHI,50,47,90,782.1,70389.0,Cristal Kanchanjanga Securites Pvt. Ltd.,Neev Securities Pvt. Ltd.,2026-04-22 12:13:27.732060
2026042204007013,RADHI,88,47,50,781.5,39075.0,Blue Chip Securities Ltd,Neev Securities Pvt. Ltd.,2026-04-22 12:13:27.732268
2026042204007014,RADHI,38,47,20,781.0,15620.0,Dipshikha Dhitopatra Karobar Co. Pvt Ltd.,Neev Securities Pvt. Ltd.,2026-04-22 12:13:27.732352
2026042204007015,RADHI,58,47,100,781.0,78100.0,Naasa Securities Co. Ltd.,Neev Securities Pvt. Ltd.,2026-04-22 12:13:27.732420
2026042204007016,RADHI,62,47,30,781.0,23430.0,Capital Max Securities Ltd,Neev Securities Pvt. Ltd.,2026-04-22 12:13:27.732488
2026042204007017,RADHI,26,47,200,781.0,156200.0,Asian Securities Private Ltd.,Neev Securities Pvt. Ltd.,2026-04-22 12:13:27.732557
2026042204007018,RADHI,88,47,50,780.1,39005.0,Blue Chip Securities Ltd,Neev Securities Pvt. Ltd.,2026-04-22 12:13:27.732625
2026042204007019,RADHI,48,47,100,780.0,78000.0,Trishakti Securities Public Limited,Neev Securities Pvt. Ltd.,2026-04-22 12:13:27.732702
2026042204007020,RADHI,66,47,360,780.0,280800.0,Miyo Securities Pvt Ltd,Neev Securities Pvt. Ltd.,2026-04-22 12:13:27.732784
2026042204007158,RADHI,66,54,500,780.0,390000.0,Miyo Securities Pvt Ltd,Sewa Securities Pvt. Ltd.,2026-04-22 12:14:43.126767
2026042204007261,RADHI,66,44,12,780.0,9360.0,Miyo Securities Pvt Ltd,Dynamic Money Managers Securities Pvt. Ltd.,2026-04-22 12:15:44.728850
2026042204007263,RADHI,66,60,128,780.0,99840.0,Miyo Securities Pvt Ltd,Nagarik Stock Dealer ,2026-04-22 12:15:52.076747
2026042204007264,RADHI,49,60,200,780.0,156000.0,Online Securities Pvt. Ltd.,Nagarik Stock Dealer ,2026-04-22 12:15:52.077062
2026042204007265,RADHI,65,60,20,780.0,15600.0,Sharepro Securities Private Limited,Nagarik Stock Dealer ,2026-04-22 12:15:52.077329
2026042204007266,RADHI,22,60,30,780.0,23400.0,Siprabi Securities Pvt. Ltd.,Nagarik Stock Dealer ,2026-04-22 12:15:52.077537
2026042204007267,RADHI,45,60,25,780.0,19500.0,Imperial Securities Company Pvt. Ltd.,Nagarik Stock Dealer ,2026-04-22 12:15:52.077754
2026042204007268,RADHI,58,60,20,780.0,15600.0,Naasa Securities Co. Ltd.,Nagarik Stock Dealer ,2026-04-22 12:15:52.077948
2026042204007269,RADHI,45,60,70,780.0,54600.0,Imperial Securities Company Pvt. Ltd.,Nagarik Stock Dealer ,2026-04-22 12:15:52.078198
2026042204007270,RADHI,26,60,107,780.0,83460.0,Asian Securities Private Ltd.,Nagarik Stock Dealer ,2026-04-22 12:15:52.078396
2026042204007271,RADHI,26,58,150,780.0,117000.0,Asian Securities Private Ltd.,Naasa Securities Co. Ltd.,2026-04-22 12:15:52.975897
2026042204007289,RADHI,26,62,20,780.0,15600.0,Asian Securities Private Ltd.,Capital Max Securities Ltd,2026-04-22 12:16:15.926490
2026042204007487,RADHI,58,41,20,780.1,15602.0,Naasa Securities Co. Ltd.,Linch Stock Market Ltd.,2026-04-22 12:18:02.135113
2026042204007488,RADHI,26,41,23,780.0,17940.0,Asian Securities Private Ltd.,Linch Stock Market Ltd.,2026-04-22 12:18:02.135279
2026042204007489,RADHI,47,41,20,780.0,15600.0,Neev Securities Pvt. Ltd.,Linch Stock Market Ltd.,2026-04-22 12:18:02.135354
2026042204007490,RADHI,52,41,20,780.0,15600.0,Sundhara Securities Limited,Linch Stock Market Ltd.,2026-04-22 12:18:02.135422
2026042204007588,RADHI,34,18,10,778.0,7780.0,Vision Securities Pvt. Ltd,Sagarmatha Securities Private Limited,2026-04-22 12:19:13.183285
2026042204007589,RADHI,49,18,50,777.1,38855.0,Online Securities Pvt. Ltd.,Sagarmatha Securities Private Limited,2026-04-22 12:19:13.183601
2026042204007590,RADHI,49,18,50,777.0,38850.0,Online Securities Pvt. Ltd.,Sagarmatha Securities Private Limited,2026-04-22 12:19:13.183693
2026042204007756,RADHI,46,18,890,777.0,691530.0,Kalika Securities Pvt. Ltd.,Sagarmatha Securities Private Limited,2026-04-22 12:20:18.416283
2026042204007757,RADHI,46,52,50,777.0,38850.0,Kalika Securities Pvt. Ltd.,Sundhara Securities Limited,2026-04-22 12:20:18.416621
2026042204007873,RADHI,58,34,10,777.1,7771.0,Naasa Securities Co. Ltd.,Vision Securities Pvt. Ltd,2026-04-22 12:21:39.879600
2026042204007874,RADHI,46,34,90,777.0,69930.0,Kalika Securities Pvt. Ltd.,Vision Securities Pvt. Ltd,2026-04-22 12:21:39.879822
2026042204007962,RADHI,17,50,100,777.1,77710.0,ABC Securities Private Limited,Cristal Kanchanjanga Securites Pvt. Ltd.,2026-04-22 12:22:39.202966
2026042204007963,RADHI,46,50,970,777.0,753690.0,Kalika Securities Pvt. Ltd.,Cristal Kanchanjanga Securites Pvt. Ltd.,2026-04-22 12:22:39.203311
2026042204008099,RADHI,57,50,1930,777.0,1499610.0,Aryatara Investment & Securities,Cristal Kanchanjanga Securites Pvt. Ltd.,2026-04-22 12:24:04.808048
2026042204008100,RADHI,57,52,60,777.0,46620.0,Aryatara Investment & Securities,Sundhara Securities Limited,2026-04-22 12:24:04.808395
2026042204008211,RADHI,62,58,20,777.1,15542.0,Capital Max Securities Ltd,Naasa Securities Co. Ltd.,2026-04-22 12:25:40.477539
2026042204008212,RADHI,57,58,10,777.0,7770.0,Aryatara Investment & Securities,Naasa Securities Co. Ltd.,2026-04-22 12:25:40.477708
2026042204008213,RADHI,19,58,970,777.0,753690.0,Nepal Investment And Securities Trading Private Limited,Naasa Securities Co. Ltd.,2026-04-22 12:25:40.477779
2026042204008258,RADHI,19,26,30,777.0,23310.0,Nepal Investment And Securities Trading Private Limited,Asian Securities Private Ltd.,2026-04-22 12:26:17.658140
2026042204008275,RADHI,36,58,10,776.2,7762.0,Secured Securities Ltd.,Naasa Securities Co. Ltd.,2026-04-22 12:26:33.768598
2026042204008319,RADHI,22,26,10,777.0,7770.0,Siprabi Securities Pvt. Ltd.,Asian Securities Private Ltd.,2026-04-22 12:27:12.767999
2026042204008432,RADHI,65,26,260,777.0,202020.0,Sharepro Securities Private Limited,Asian Securities Private Ltd.,2026-04-22 12:28:09.664703
2026042204008553,RADHI,32,41,1,762.0,762.0,Premier Securities Company Ltd.,Linch Stock Market Ltd.,2026-04-22 12:29:25.382992
2026042204008560,RADHI,17,38,200,777.0,155400.0,ABC Securities Private Limited,Dipshikha Dhitopatra Karobar Co. Pvt Ltd.,2026-04-22 12:29:30.955534
2026042204008561,RADHI,81,38,800,777.0,621600.0,Aakashbhairab Securities Ltd.,Dipshikha Dhitopatra Karobar Co. Pvt Ltd.,2026-04-22 12:29:30.955711
2026042204008562,RADHI,81,44,200,777.0,155400.0,Aakashbhairab Securities Ltd.,Dynamic Money Managers Securities Pvt. Ltd.,2026-04-22 12:29:31.607036
2026042204008563,RADHI,58,44,20,777.0,15540.0,Naasa Securities Co. Ltd.,Dynamic Money Managers Securities Pvt. Ltd.,2026-04-22 12:29:31.607241
2026042204008564,RADHI,17,44,100,777.0,77700.0,ABC Securities Private Limited,Dynamic Money Managers Securities Pvt. Ltd.,2026-04-22 12:29:31.607324
2026042204008635,RADHI,58,44,100,777.0,77700.0,Naasa Securities Co. Ltd.,Dynamic Money Managers Securities Pvt. Ltd.,2026-04-22 12:30:06.503268
2026042204008673,RADHI,36,44,250,777.0,194250.0,Secured Securities Ltd.,Dynamic Money Managers Securities Pvt. Ltd.,2026-04-22 12:30:30.391204
2026042204008758,RADHI,65,44,1000,777.0,777000.0,Sharepro Securities Private Limited,Dynamic Money Managers Securities Pvt. Ltd.,2026-04-22 12:31:26.140742
2026042204008796,RADHI,50,44,330,777.0,256410.0,Cristal Kanchanjanga Securites Pvt. Ltd.,Dynamic Money Managers Securities Pvt. Ltd.,2026-04-22 12:31:57.645152
2026042204008966,RADHI,49,61,29,779.0,22591.0,Online Securities Pvt. Ltd.,BHOLE GANESH SECURITIES LTD,2026-04-22 12:33:33.759078
2026042204009054,RADHI,17,41,117,780.0,91260.0,ABC Securities Private Limited,Linch Stock Market Ltd.,2026-04-22 12:34:40.532627
2026042204009055,RADHI,17,62,30,780.0,23400.0,ABC Securities Private Limited,Capital Max Securities Ltd,2026-04-22 12:34:40.532795
2026042204009056,RADHI,17,13,53,780.0,41340.0,ABC Securities Private Limited,Thrive Brokerage House Pvt. Ltd,2026-04-22 12:34:40.532879
2026042204009073,RADHI,6,13,77,780.0,60060.0,Agrawal Securities (PVT) Ltd.,Thrive Brokerage House Pvt. Ltd,2026-04-22 12:34:44.603159
2026042204009188,RADHI,14,14,193,780.0,150540.0,Nepal Stock House (PVT) Ltd.,Nepal Stock House (PVT) Ltd.,2026-04-22 12:36:03.737497
2026042204009206,RADHI,65,1,500,781.0,390500.0,Sharepro Securities Private Limited,Kumari Securities Private Limited,2026-04-22 12:36:17.828433
2026042204009297,RADHI,8,1,2700,781.0,2108700.0,Brilliant Securities Pvt. Ltd.,Kumari Securities Private Limited,2026-04-22 12:37:29.665676
2026042204009350,RADHI,17,94,100,781.0,78100.0,ABC Securities Private Limited,K.B.L. Securities Limited ,2026-04-22 12:38:21.127628
2026042204009351,RADHI,58,94,10,781.0,7810.0,Naasa Securities Co. Ltd.,K.B.L. Securities Limited ,2026-04-22 12:38:21.127846
2026042204009352,RADHI,54,94,30,780.2,23406.0,Sewa Securities Pvt. Ltd.,K.B.L. Securities Limited ,2026-04-22 12:38:21.127940
2026042204009353,RADHI,56,94,1290,780.0,1006200.0,Sri Hari Securities Pvt. Ltd.,K.B.L. Securities Limited ,2026-04-22 12:38:21.128015
2026042204009354,RADHI,26,94,41,780.0,31980.0,Asian Securities Private Ltd.,K.B.L. Securities Limited ,2026-04-22 12:38:21.128088
2026042204009417,RADHI,14,94,210,779.8,163758.0,Nepal Stock House (PVT) Ltd.,K.B.L. Securities Limited ,2026-04-22 12:39:01.394077
2026042204009418,RADHI,6,94,23,779.1,17919.3,Agrawal Securities (PVT) Ltd.,K.B.L. Securities Limited ,2026-04-22 12:39:01.394460
2026042204009419,RADHI,65,94,296,779.1,230613.6,Sharepro Securities Private Limited,K.B.L. Securities Limited ,2026-04-22 12:39:01.394873
2026042204009598,RADHI,57,14,100,780.0,78000.0,Aryatara Investment & Securities,Nepal Stock House (PVT) Ltd.,2026-04-22 12:41:07.132240
2026042204009717,RADHI,25,86,83,780.1,64748.3,Sweta Securities Private Limited,Stoxkarts Securities Limited,2026-04-22 12:42:23.465372
2026042204009765,RADHI,49,68,21,785.0,16485.0,Online Securities Pvt. Ltd.,Elite Stock House Limited,2026-04-22 12:42:51.733367
2026042204009977,RADHI,65,14,200,779.1,155820.0,Sharepro Securities Private Limited,Nepal Stock House (PVT) Ltd.,2026-04-22 12:44:38.127908
2026042204010259,RADHI,32,58,100,779.1,77910.0,Premier Securities Company Ltd.,Naasa Securities Co. Ltd.,2026-04-22 12:47:41.552736
2026042204010260,RADHI,42,58,100,779.0,77900.0,Sani Securities Company Ltd.,Naasa Securities Co. Ltd.,2026-04-22 12:47:41.552963
2026042204010457,RADHI,18,45,150,780.0,117000.0,Sagarmatha Securities Private Limited,Imperial Securities Company Pvt. Ltd.,2026-04-22 12:50:35.507762
2026042204010745,RADHI,18,4,100,780.0,78000.0,Sagarmatha Securities Private Limited,Opal Securities Investment (PVT) Ltd.,2026-04-22 12:53:59.550402
2026042204010902,RADHI,58,14,100,782.0,78200.0,Naasa Securities Co. Ltd.,Nepal Stock House (PVT) Ltd.,2026-04-22 12:57:28.793707
2026042204010903,RADHI,58,14,100,782.0,78200.0,Naasa Securities Co. Ltd.,Nepal Stock House (PVT) Ltd.,2026-04-22 12:57:28.793946
2026042204011056,RADHI,58,64,47,782.0,36754.0,Naasa Securities Co. Ltd.,SUN SECURITIES PVT LTD,2026-04-22 13:00:47.442747
2026042204011087,RADHI,58,38,20,782.0,15640.0,Naasa Securities Co. Ltd.,Dipshikha Dhitopatra Karobar Co. Pvt Ltd.,2026-04-22 13:01:45.567646
2026042204011129,RADHI,49,38,20,782.1,15642.0,Online Securities Pvt. Ltd.,Dipshikha Dhitopatra Karobar Co. Pvt Ltd.,2026-04-22 13:02:48.121720
2026042204011328,RADHI,49,81,80,782.1,62568.0,Online Securities Pvt. Ltd.,Aakashbhairab Securities Ltd.,2026-04-22 13:07:03.285918
2026042204011329,RADHI,58,81,20,782.0,15640.0,Naasa Securities Co. Ltd.,Aakashbhairab Securities Ltd.,2026-04-22 13:07:03.286242
2026042204011683,RADHI,58,6,75,782.0,58650.0,Naasa Securities Co. Ltd.,Agrawal Securities (PVT) Ltd.,2026-04-22 13:13:22.827940
2026042204011720,RADHI,25,34,7,758.7,5310.9,Sweta Securities Private Limited,Vision Securities Pvt. Ltd,2026-04-22 13:14:07.178393
2026042204011802,RADHI,8,6,20,782.0,15640.0,Brilliant Securities Pvt. Ltd.,Agrawal Securities (PVT) Ltd.,2026-04-22 13:15:49.656606
2026042204012061,RADHI,18,19,200,780.0,156000.0,Sagarmatha Securities Private Limited,Nepal Investment And Securities Trading Private Limited,2026-04-22 13:18:54.630367
2026042204012671,RADHI,45,58,355,784.0,278320.0,Imperial Securities Company Pvt. Ltd.,Naasa Securities Co. Ltd.,2026-04-22 13:25:29.614519
2026042204012672,RADHI,45,6,145,784.0,113680.0,Imperial Securities Company Pvt. Ltd.,Agrawal Securities (PVT) Ltd.,2026-04-22 13:25:29.614954
2026042204012820,RADHI,36,81,43,781.7,33613.1,Secured Securities Ltd.,Aakashbhairab Securities Ltd.,2026-04-22 13:27:45.182966
2026042204012821,RADHI,57,81,500,781.6,390800.0,Aryatara Investment & Securities,Aakashbhairab Securities Ltd.,2026-04-22 13:27:45.183387
2026042204012822,RADHI,18,81,550,781.5,429825.0,Sagarmatha Securities Private Limited,Aakashbhairab Securities Ltd.,2026-04-22 13:27:45.183637
2026042204012823,RADHI,81,81,500,781.0,390500.0,Aakashbhairab Securities Ltd.,Aakashbhairab Securities Ltd.,2026-04-22 13:27:45.183881
2026042204012824,RADHI,22,81,10,780.4,7804.0,Siprabi Securities Pvt. Ltd.,Aakashbhairab Securities Ltd.,2026-04-22 13:27:45.184128
2026042204012854,RADHI,26,81,100,780.3,78030.0,Asian Securities Private Ltd.,Aakashbhairab Securities Ltd.,2026-04-22 13:28:07.169420
2026042204012855,RADHI,58,81,50,780.2,39010.0,Naasa Securities Co. Ltd.,Aakashbhairab Securities Ltd.,2026-04-22 13:28:07.169688
2026042204012856,RADHI,17,81,247,780.2,192709.4,ABC Securities Private Limited,Aakashbhairab Securities Ltd.,2026-04-22 13:28:07.169804
2026042204012998,RADHI,63,49,200,784.9,156980.0,Himalayan Brokerage Company Limited,Online Securities Pvt. Ltd.,2026-04-22 13:30:00.392575
2026042204013069,RADHI,17,49,14,780.2,10922.8,ABC Securities Private Limited,Online Securities Pvt. Ltd.,2026-04-22 13:31:20.245741
2026042204013259,RADHI,17,45,10,780.2,7802.0,ABC Securities Private Limited,Imperial Securities Company Pvt. Ltd.,2026-04-22 13:34:54.605218
2026042204013261,RADHI,17,59,229,780.2,178665.8,ABC Securities Private Limited,Deevyaa Securities & Stock House Pvt. Ltd,2026-04-22 13:34:56.517926
2026042204013262,RADHI,60,59,65,780.2,50713.0,Nagarik Stock Dealer ,Deevyaa Securities & Stock House Pvt. Ltd,2026-04-22 13:34:56.518400
2026042204013263,RADHI,52,59,20,780.1,15602.0,Sundhara Securities Limited,Deevyaa Securities & Stock House Pvt. Ltd,2026-04-22 13:34:56.518666
2026042204013264,RADHI,58,59,380,780.1,296438.0,Naasa Securities Co. Ltd.,Deevyaa Securities & Stock House Pvt. Ltd,2026-04-22 13:34:56.518915
2026042204013265,RADHI,57,59,100,780.0,78000.0,Aryatara Investment & Securities,Deevyaa Securities & Stock House Pvt. Ltd,2026-04-22 13:34:56.519226
2026042204013266,RADHI,47,59,716,780.0,558480.0,Neev Securities Pvt. Ltd.,Deevyaa Securities & Stock House Pvt. Ltd,2026-04-22 13:34:56.519511
2026042204013594,RADHI,47,42,50,780.0,39000.0,Neev Securities Pvt. Ltd.,Sani Securities Company Ltd.,2026-04-22 13:40:09.881953
2026042204013596,RADHI,47,74,234,780.0,182520.0,Neev Securities Pvt. Ltd.,KALASH STOCK MARKET PVT. LTD.,2026-04-22 13:40:12.456412
2026042204013597,RADHI,19,74,150,780.0,117000.0,Nepal Investment And Securities Trading Private Limited,KALASH STOCK MARKET PVT. LTD.,2026-04-22 13:40:12.456801
2026042204013598,RADHI,49,74,10,780.0,7800.0,Online Securities Pvt. Ltd.,KALASH STOCK MARKET PVT. LTD.,2026-04-22 13:40:12.457060
2026042204013599,RADHI,26,74,200,778.2,155640.0,Asian Securities Private Ltd.,KALASH STOCK MARKET PVT. LTD.,2026-04-22 13:40:12.457339
2026042204013600,RADHI,32,74,200,778.1,155620.0,Premier Securities Company Ltd.,KALASH STOCK MARKET PVT. LTD.,2026-04-22 13:40:12.457587
2026042204013601,RADHI,65,74,505,778.0,392890.0,Sharepro Securities Private Limited,KALASH STOCK MARKET PVT. LTD.,2026-04-22 13:40:12.457829
2026042204013602,RADHI,7,74,100,778.0,77800.0,J.F. Securites (PVT) Ltd.,KALASH STOCK MARKET PVT. LTD.,2026-04-22 13:40:12.458076
2026042204013603,RADHI,42,74,20,778.0,15560.0,Sani Securities Company Ltd.,KALASH STOCK MARKET PVT. LTD.,2026-04-22 13:40:12.458335
2026042204013604,RADHI,39,74,100,778.0,77800.0,Sumeru Securities Pvt. Ltd.,KALASH STOCK MARKET PVT. LTD.,2026-04-22 13:40:12.458571
2026042204013605,RADHI,62,74,330,777.5,256575.0,Capital Max Securities Ltd,KALASH STOCK MARKET PVT. LTD.,2026-04-22 13:40:12.458830
2026042204013606,RADHI,49,74,2000,777.5,1555000.0,Online Securities Pvt. Ltd.,KALASH STOCK MARKET PVT. LTD.,2026-04-22 13:40:12.459079
2026042204013607,RADHI,39,74,100,777.4,77740.0,Sumeru Securities Pvt. Ltd.,KALASH STOCK MARKET PVT. LTD.,2026-04-22 13:40:12.459448
2026042204013608,RADHI,66,74,51,777.4,39647.4,Miyo Securities Pvt Ltd,KALASH STOCK MARKET PVT. LTD.,2026-04-22 13:40:12.459740
2026042204013634,RADHI,66,74,949,777.4,737752.6,Miyo Securities Pvt Ltd,KALASH STOCK MARKET PVT. LTD.,2026-04-22 13:40:48.522358
2026042204013635,RADHI,8,74,500,777.1,388550.0,Brilliant Securities Pvt. Ltd.,KALASH STOCK MARKET PVT. LTD.,2026-04-22 13:40:48.522555
2026042204013636,RADHI,8,74,1000,777.1,777100.0,Brilliant Securities Pvt. Ltd.,KALASH STOCK MARKET PVT. LTD.,2026-04-22 13:40:48.522632
2026042204013637,RADHI,26,74,50,777.0,38850.0,Asian Securities Private Ltd.,KALASH STOCK MARKET PVT. LTD.,2026-04-22 13:40:48.522718
2026042204013638,RADHI,62,74,15,777.0,11655.0,Capital Max Securities Ltd,KALASH STOCK MARKET PVT. LTD.,2026-04-22 13:40:48.522792
2026042204013639,RADHI,65,74,400,777.0,310800.0,Sharepro Securities Private Limited,KALASH STOCK MARKET PVT. LTD.,2026-04-22 13:40:48.522868
2026042204013640,RADHI,34,74,100,777.0,77700.0,Vision Securities Pvt. Ltd,KALASH STOCK MARKET PVT. LTD.,2026-04-22 13:40:48.522939
2026042204013641,RADHI,58,74,10,777.0,7770.0,Naasa Securities Co. Ltd.,KALASH STOCK MARKET PVT. LTD.,2026-04-22 13:40:48.523016
2026042204013642,RADHI,36,74,90,776.2,69858.0,Secured Securities Ltd.,KALASH STOCK MARKET PVT. LTD.,2026-04-22 13:40:48.523086
2026042204013643,RADHI,52,74,20,776.2,15524.0,Sundhara Securities Limited,KALASH STOCK MARKET PVT. LTD.,2026-04-22 13:40:48.523179
2026042204013644,RADHI,11,74,300,776.2,232860.0,Malla & Malla Stock Broking Company Pvt. Limited,KALASH STOCK MARKET PVT. LTD.,2026-04-22 13:40:48.523253
2026042204013645,RADHI,39,74,150,776.1,116415.0,Sumeru Securities Pvt. Ltd.,KALASH STOCK MARKET PVT. LTD.,2026-04-22 13:40:48.523334
2026042204013646,RADHI,50,74,416,776.0,322816.0,Cristal Kanchanjanga Securites Pvt. Ltd.,KALASH STOCK MARKET PVT. LTD.,2026-04-22 13:40:48.523413
2026042204013664,RADHI,50,74,83,776.0,64408.0,Cristal Kanchanjanga Securites Pvt. Ltd.,KALASH STOCK MARKET PVT. LTD.,2026-04-22 13:41:15.975074
2026042204013665,RADHI,4,74,300,775.1,232530.0,Opal Securities Investment (PVT) Ltd.,KALASH STOCK MARKET PVT. LTD.,2026-04-22 13:41:15.975301
2026042204013666,RADHI,81,74,1000,775.0,775000.0,Aakashbhairab Securities Ltd.,KALASH STOCK MARKET PVT. LTD.,2026-04-22 13:41:15.975395
2026042204013667,RADHI,58,74,24,775.0,18600.0,Naasa Securities Co. Ltd.,KALASH STOCK MARKET PVT. LTD.,2026-04-22 13:41:15.975474
2026042204013668,RADHI,21,74,50,775.0,38750.0,Midas Stock Broking Company Private Limited,KALASH STOCK MARKET PVT. LTD.,2026-04-22 13:41:15.975547
2026042204013669,RADHI,57,74,50,775.0,38750.0,Aryatara Investment & Securities,KALASH STOCK MARKET PVT. LTD.,2026-04-22 13:41:15.975664
2026042204013670,RADHI,72,74,503,775.0,389825.0,Hatemalo Financial Services Private Limited,KALASH STOCK MARKET PVT. LTD.,2026-04-22 13:41:15.975751
2026042204013690,RADHI,81,43,194,775.1,150369.4,Aakashbhairab Securities Ltd.,South Asian Bulls Pvt. Ltd.,2026-04-22 13:41:37.777704
2026042204013875,RADHI,89,42,12,776.0,9312.0,Global IME Securities Limited,Sani Securities Company Ltd.,2026-04-22 13:46:12.561579
2026042204013920,RADHI,32,58,1,763.0,763.0,Premier Securities Company Ltd.,Naasa Securities Co. Ltd.,2026-04-22 13:47:30.295082
2026042204014427,RADHI,81,19,550,779.0,428450.0,Aakashbhairab Securities Ltd.,Nepal Investment And Securities Trading Private Limited,2026-04-22 13:56:46.202890
2026042204014483,RADHI,59,19,10,780.0,7800.0,Deevyaa Securities & Stock House Pvt. Ltd,Nepal Investment And Securities Trading Private Limited,2026-04-22 13:57:49.622223
2026042204014484,RADHI,59,62,50,780.0,39000.0,Deevyaa Securities & Stock House Pvt. Ltd,Capital Max Securities Ltd,2026-04-22 13:57:49.622469
2026042204014485,RADHI,59,58,30,781.0,23430.0,Deevyaa Securities & Stock House Pvt. Ltd,Naasa Securities Co. Ltd.,2026-04-22 13:57:49.622556
2026042204014486,RADHI,59,25,210,782.0,164220.0,Deevyaa Securities & Stock House Pvt. Ltd,Sweta Securities Private Limited,2026-04-22 13:57:49.622638
2026042204014871,RADHI,14,83,200,781.0,156200.0,Nepal Stock House (PVT) Ltd.,Sanima Securities Limited,2026-04-22 14:04:39.268364
2026042204014884,RADHI,58,83,20,781.0,15620.0,Naasa Securities Co. Ltd.,Sanima Securities Limited,2026-04-22 14:05:00.671112
2026042204015018,RADHI,58,83,40,781.0,31240.0,Naasa Securities Co. Ltd.,Sanima Securities Limited,2026-04-22 14:07:34.120204
2026042204015107,RADHI,50,83,40,781.0,31240.0,Cristal Kanchanjanga Securites Pvt. Ltd.,Sanima Securities Limited,2026-04-22 14:08:51.955526
2026042204015260,RADHI,81,25,80,782.0,62560.0,Aakashbhairab Securities Ltd.,Sweta Securities Private Limited,2026-04-22 14:11:40.075057
2026042204015261,RADHI,81,13,300,782.9,234870.0,Aakashbhairab Securities Ltd.,Thrive Brokerage House Pvt. Ltd,2026-04-22 14:11:40.075616
2026042204015262,RADHI,81,42,13,783.0,10179.0,Aakashbhairab Securities Ltd.,Sani Securities Company Ltd.,2026-04-22 14:11:40.076052
2026042204015263,RADHI,81,38,300,783.0,234900.0,Aakashbhairab Securities Ltd.,Dipshikha Dhitopatra Karobar Co. Pvt Ltd.,2026-04-22 14:11:40.076465
2026042204015264,RADHI,81,95,1000,784.8,784800.0,Aakashbhairab Securities Ltd.,Magnet Securities and Investment Company Private Limited,2026-04-22 14:11:40.076840
2026042204015265,RADHI,81,7,492,784.9,386170.8,Aakashbhairab Securities Ltd.,J.F. Securites (PVT) Ltd.,2026-04-22 14:11:40.077171
2026042204015266,RADHI,81,13,400,785.0,314000.0,Aakashbhairab Securities Ltd.,Thrive Brokerage House Pvt. Ltd,2026-04-22 14:11:40.077567
2026042204015267,RADHI,81,16,100,785.0,78500.0,Aakashbhairab Securities Ltd.,Primo Securities (PVT) Ltd.,2026-04-22 14:11:40.077940
2026042204015300,RADHI,58,33,10,788.0,7880.0,Naasa Securities Co. Ltd.,Dakshinkali Investment & Securities Pvt. Ltd.,2026-04-22 14:12:18.176222
2026042204015500,RADHI,25,17,1,776.0,776.0,Sweta Securities Private Limited,ABC Securities Private Limited,2026-04-22 14:16:39.594548
2026042204016111,RADHI,81,83,200,782.0,156400.0,Aakashbhairab Securities Ltd.,Sanima Securities Limited,2026-04-22 14:25:18.402550
2026042204016123,RADHI,81,81,2000,782.0,1564000.0,Aakashbhairab Securities Ltd.,Aakashbhairab Securities Ltd.,2026-04-22 14:25:40.364768
2026042204016268,RADHI,36,45,16,782.1,12513.6,Secured Securities Ltd.,Imperial Securities Company Pvt. Ltd.,2026-04-22 14:28:16.604077
2026042204016269,RADHI,81,45,284,782.0,222088.0,Aakashbhairab Securities Ltd.,Imperial Securities Company Pvt. Ltd.,2026-04-22 14:28:16.604361
2026042204016338,RADHI,81,40,2000,782.0,1564000.0,Aakashbhairab Securities Ltd.,Creative Securities Pvt Ltd,2026-04-22 14:28:40.480770
2026042204016360,RADHI,81,45,200,782.0,156400.0,Aakashbhairab Securities Ltd.,Imperial Securities Company Pvt. Ltd.,2026-04-22 14:28:49.550164
2026042204017034,RADHI,59,41,89,783.0,69687.0,Deevyaa Securities & Stock House Pvt. Ltd,Linch Stock Market Ltd.,2026-04-22 14:35:59.906223
2026042204017035,RADHI,81,41,316,782.0,247112.0,Aakashbhairab Securities Ltd.,Linch Stock Market Ltd.,2026-04-22 14:35:59.906347
2026042204017036,RADHI,42,41,100,782.0,78200.0,Sani Securities Company Ltd.,Linch Stock Market Ltd.,2026-04-22 14:35:59.906458
2026042204017037,RADHI,66,41,200,782.0,156400.0,Miyo Securities Pvt Ltd,Linch Stock Market Ltd.,2026-04-22 14:35:59.906517
2026042204017038,RADHI,81,41,295,782.0,230690.0,Aakashbhairab Securities Ltd.,Linch Stock Market Ltd.,2026-04-22 14:35:59.906581
2026042204017902,RADHI,50,7,50,784.0,39200.0,Cristal Kanchanjanga Securites Pvt. Ltd.,J.F. Securites (PVT) Ltd.,2026-04-22 14:39:46.910348
2026042204017907,RADHI,57,25,10,787.0,7870.0,Aryatara Investment & Securities,Sweta Securities Private Limited,2026-04-22 14:39:49.130617
2026042204017908,RADHI,57,94,490,787.0,385630.0,Aryatara Investment & Securities,K.B.L. Securities Limited ,2026-04-22 14:39:49.131098
2026042204017922,RADHI,34,94,1011,787.0,795657.0,Vision Securities Pvt. Ltd,K.B.L. Securities Limited ,2026-04-22 14:39:53.158382
2026042204017937,RADHI,14,32,10,788.0,7880.0,Nepal Stock House (PVT) Ltd.,Premier Securities Company Ltd.,2026-04-22 14:39:55.373452
2026042204017938,RADHI,14,42,20,790.0,15800.0,Nepal Stock House (PVT) Ltd.,Sani Securities Company Ltd.,2026-04-22 14:39:55.373566
2026042204017939,RADHI,14,25,150,792.8,118920.0,Nepal Stock House (PVT) Ltd.,Sweta Securities Private Limited,2026-04-22 14:39:55.373606
2026042204017940,RADHI,14,33,404,793.0,320372.0,Nepal Stock House (PVT) Ltd.,Dakshinkali Investment & Securities Pvt. Ltd.,2026-04-22 14:39:55.373633
2026042204017941,RADHI,14,101,916,793.9,727212.4,Nepal Stock House (PVT) Ltd.,APPLE SECURITIES PRIVATE LIMITED,2026-04-22 14:39:55.373660
2026042204018308,RADHI,81,45,500,794.0,397000.0,Aakashbhairab Securities Ltd.,Imperial Securities Company Pvt. Ltd.,2026-04-22 14:40:59.654089
2026042204018309,RADHI,81,57,100,794.0,79400.0,Aakashbhairab Securities Ltd.,Aryatara Investment & Securities,2026-04-22 14:40:59.654339
2026042204018310,RADHI,81,32,1000,794.9,794900.0,Aakashbhairab Securities Ltd.,Premier Securities Company Ltd.,2026-04-22 14:40:59.654437
2026042204018311,RADHI,81,17,470,795.0,373650.0,Aakashbhairab Securities Ltd.,ABC Securities Private Limited,2026-04-22 14:40:59.654533
2026042204018312,RADHI,81,101,2930,795.0,2329350.0,Aakashbhairab Securities Ltd.,APPLE SECURITIES PRIVATE LIMITED,2026-04-22 14:40:59.654627
2026042204019074,RADHI,59,16,105,796.0,83580.0,Deevyaa Securities & Stock House Pvt. Ltd,Primo Securities (PVT) Ltd.,2026-04-22 14:43:58.535796
2026042204019075,RADHI,59,14,209,798.0,166782.0,Deevyaa Securities & Stock House Pvt. Ltd,Nepal Stock House (PVT) Ltd.,2026-04-22 14:43:58.536211
2026042204019076,RADHI,59,48,100,798.0,79800.0,Deevyaa Securities & Stock House Pvt. Ltd,Trishakti Securities Public Limited,2026-04-22 14:43:58.536533
2026042204019077,RADHI,59,58,586,799.0,468214.0,Deevyaa Securities & Stock House Pvt. Ltd,Naasa Securities Co. Ltd.,2026-04-22 14:43:58.536811
2026042204019792,RADHI,8,74,100,798.0,79800.0,Brilliant Securities Pvt. Ltd.,KALASH STOCK MARKET PVT. LTD.,2026-04-22 14:46:33.986359
2026042204019874,RADHI,81,74,900,798.0,718200.0,Aakashbhairab Securities Ltd.,KALASH STOCK MARKET PVT. LTD.,2026-04-22 14:46:56.844805
2026042204019875,RADHI,81,58,164,799.0,131036.0,Aakashbhairab Securities Ltd.,Naasa Securities Co. Ltd.,2026-04-22 14:46:56.845043
2026042204019876,RADHI,81,64,100,799.0,79900.0,Aakashbhairab Securities Ltd.,SUN SECURITIES PVT LTD,2026-04-22 14:46:56.845140
2026042204019877,RADHI,81,101,154,799.0,123046.0,Aakashbhairab Securities Ltd.,APPLE SECURITIES PRIVATE LIMITED,2026-04-22 14:46:56.845236
2026042204019878,RADHI,81,21,200,799.2,159840.0,Aakashbhairab Securities Ltd.,Midas Stock Broking Company Private Limited,2026-04-22 14:46:56.845335
2026042204019879,RADHI,81,44,500,800.0,400000.0,Aakashbhairab Securities Ltd.,Dynamic Money Managers Securities Pvt. Ltd.,2026-04-22 14:46:56.845429
2026042204019880,RADHI,81,11,10,800.0,8000.0,Aakashbhairab Securities Ltd.,Malla & Malla Stock Broking Company Pvt. Limited,2026-04-22 14:46:56.845522
2026042204019881,RADHI,81,57,100,800.0,80000.0,Aakashbhairab Securities Ltd.,Aryatara Investment & Securities,2026-04-22 14:46:56.845616
2026042204019882,RADHI,81,37,100,800.0,80000.0,Aakashbhairab Securities Ltd.,Swarna Laxmi Securities Pvt. Ltd.,2026-04-22 14:46:56.845707
2026042204019883,RADHI,81,45,20,800.0,16000.0,Aakashbhairab Securities Ltd.,Imperial Securities Company Pvt. Ltd.,2026-04-22 14:46:56.845793
2026042204019884,RADHI,81,38,119,800.0,95200.0,Aakashbhairab Securities Ltd.,Dipshikha Dhitopatra Karobar Co. Pvt Ltd.,2026-04-22 14:46:56.845884
2026042204019885,RADHI,81,34,100,800.0,80000.0,Aakashbhairab Securities Ltd.,Vision Securities Pvt. Ltd,2026-04-22 14:46:56.845972
2026042204020229,RADHI,81,50,33,800.0,26400.0,Aakashbhairab Securities Ltd.,Cristal Kanchanjanga Securites Pvt. Ltd.,2026-04-22 14:48:26.755117
2026042204020230,RADHI,58,50,14,800.0,11200.0,Naasa Securities Co. Ltd.,Cristal Kanchanjanga Securites Pvt. Ltd.,2026-04-22 14:48:26.755349
2026042204020308,RADHI,48,50,100,800.0,80000.0,Trishakti Securities Public Limited,Cristal Kanchanjanga Securites Pvt. Ltd.,2026-04-22 14:48:47.212093
2026042204020447,RADHI,63,50,200,800.0,160000.0,Himalayan Brokerage Company Limited,Cristal Kanchanjanga Securites Pvt. Ltd.,2026-04-22 14:49:16.880542
2026042204020531,RADHI,32,50,100,800.0,80000.0,Premier Securities Company Ltd.,Cristal Kanchanjanga Securites Pvt. Ltd.,2026-04-22 14:49:39.419403
2026042204020622,RADHI,33,50,53,800.0,42400.0,Dakshinkali Investment & Securities Pvt. Ltd.,Cristal Kanchanjanga Securites Pvt. Ltd.,2026-04-22 14:49:57.359130
2026042204020771,RADHI,32,44,1,787.0,787.0,Premier Securities Company Ltd.,Dynamic Money Managers Securities Pvt. Ltd.,2026-04-22 14:50:37.152040
2026042204021040,RADHI,43,45,100,802.0,80200.0,South Asian Bulls Pvt. Ltd.,Imperial Securities Company Pvt. Ltd.,2026-04-22 14:51:59.377442
2026042204021041,RADHI,43,50,50,802.0,40100.0,South Asian Bulls Pvt. Ltd.,Cristal Kanchanjanga Securites Pvt. Ltd.,2026-04-22 14:51:59.377675
2026042204021042,RADHI,43,64,272,802.0,218144.0,South Asian Bulls Pvt. Ltd.,SUN SECURITIES PVT LTD,2026-04-22 14:51:59.855094
2026042204021048,RADHI,81,6,10,803.0,8030.0,Aakashbhairab Securities Ltd.,Agrawal Securities (PVT) Ltd.,2026-04-22 14:52:01.409470
2026042204021049,RADHI,81,44,470,804.0,377880.0,Aakashbhairab Securities Ltd.,Dynamic Money Managers Securities Pvt. Ltd.,2026-04-22 14:52:01.409897
2026042204021050,RADHI,81,71,1000,804.0,804000.0,Aakashbhairab Securities Ltd.,SHUBHAKAMANA SECURITIES PVT. LTD,2026-04-22 14:52:01.410159
2026042204021150,RADHI,43,38,78,802.0,62556.0,South Asian Bulls Pvt. Ltd.,Dipshikha Dhitopatra Karobar Co. Pvt Ltd.,2026-04-22 14:52:31.755955
2026042204021151,RADHI,63,38,194,801.0,155394.0,Himalayan Brokerage Company Limited,Dipshikha Dhitopatra Karobar Co. Pvt Ltd.,2026-04-22 14:52:31.756202
2026042204021323,RADHI,65,45,20,804.0,16080.0,Sharepro Securities Private Limited,Imperial Securities Company Pvt. Ltd.,2026-04-22 14:53:18.412240
2026042204021324,RADHI,65,81,20,805.0,16100.0,Sharepro Securities Private Limited,Aakashbhairab Securities Ltd.,2026-04-22 14:53:18.412747
2026042204021325,RADHI,65,63,300,805.0,241500.0,Sharepro Securities Private Limited,Himalayan Brokerage Company Limited,2026-04-22 14:53:18.413124
2026042204021326,RADHI,65,65,50,805.0,40250.0,Sharepro Securities Private Limited,Sharepro Securities Private Limited,2026-04-22 14:53:18.413440
2026042204021327,RADHI,65,45,200,805.0,161000.0,Sharepro Securities Private Limited,Imperial Securities Company Pvt. Ltd.,2026-04-22 14:53:18.413794
2026042204021328,RADHI,65,51,170,805.0,136850.0,Sharepro Securities Private Limited,Oxford Securities Pvt. Ltd.,2026-04-22 14:53:18.414119
2026042204021329,RADHI,65,7,30,805.0,24150.0,Sharepro Securities Private Limited,J.F. Securites (PVT) Ltd.,2026-04-22 14:53:18.414494
2026042204021330,RADHI,65,49,50,805.0,40250.0,Sharepro Securities Private Limited,Online Securities Pvt. Ltd.,2026-04-22 14:53:18.414792
2026042204021372,RADHI,65,62,160,805.0,128800.0,Sharepro Securities Private Limited,Capital Max Securities Ltd,2026-04-22 14:53:32.259105
2026042204021373,RADHI,32,62,40,805.0,32200.0,Premier Securities Company Ltd.,Capital Max Securities Ltd,2026-04-22 14:53:32.259366
2026042204021518,RADHI,58,48,100,805.3,80530.0,Naasa Securities Co. Ltd.,Trishakti Securities Public Limited,2026-04-22 14:54:19.570831
2026042204021562,RADHI,32,38,160,805.0,128800.0,Premier Securities Company Ltd.,Dipshikha Dhitopatra Karobar Co. Pvt Ltd.,2026-04-22 14:54:35.037546
2026042204021563,RADHI,26,38,50,805.0,40250.0,Asian Securities Private Ltd.,Dipshikha Dhitopatra Karobar Co. Pvt Ltd.,2026-04-22 14:54:35.037777
2026042204021564,RADHI,63,38,35,803.0,28105.0,Himalayan Brokerage Company Limited,Dipshikha Dhitopatra Karobar Co. Pvt Ltd.,2026-04-22 14:54:35.037890
2026042204021723,RADHI,42,39,20,805.0,16100.0,Sani Securities Company Ltd.,Sumeru Securities Pvt. Ltd.,2026-04-22 14:55:06.122418
2026042204021731,RADHI,63,58,86,803.0,69058.0,Himalayan Brokerage Company Limited,Naasa Securities Co. Ltd.,2026-04-22 14:55:07.361667
2026042204021776,RADHI,34,39,180,805.0,144900.0,Vision Securities Pvt. Ltd,Sumeru Securities Pvt. Ltd.,2026-04-22 14:55:15.345124
2026042204021777,RADHI,34,57,200,805.0,161000.0,Vision Securities Pvt. Ltd,Aryatara Investment & Securities,2026-04-22 14:55:15.345722
2026042204021778,RADHI,34,66,120,805.0,96600.0,Vision Securities Pvt. Ltd,Miyo Securities Pvt Ltd,2026-04-22 14:55:15.346227
2026042204021873,RADHI,63,40,79,803.0,63437.0,Himalayan Brokerage Company Limited,Creative Securities Pvt Ltd,2026-04-22 14:55:24.872053
2026042204021874,RADHI,63,40,21,801.0,16821.0,Himalayan Brokerage Company Limited,Creative Securities Pvt Ltd,2026-04-22 14:55:24.872145
2026042204021964,RADHI,63,57,285,801.0,228285.0,Himalayan Brokerage Company Limited,Aryatara Investment & Securities,2026-04-22 14:55:34.829211
2026042204021965,RADHI,33,57,215,800.0,172000.0,Dakshinkali Investment & Securities Pvt. Ltd.,Aryatara Investment & Securities,2026-04-22 14:55:34.829253
2026042204022041,RADHI,88,1,9,779.0,7011.0,Blue Chip Securities Ltd,Kumari Securities Private Limited,2026-04-22 14:55:45.684390
2026042204022067,RADHI,33,57,232,800.0,185600.0,Dakshinkali Investment & Securities Pvt. Ltd.,Aryatara Investment & Securities,2026-04-22 14:55:50.756961
2026042204022068,RADHI,58,57,39,800.0,31200.0,Naasa Securities Co. Ltd.,Aryatara Investment & Securities,2026-04-22 14:55:50.756993
2026042204022069,RADHI,63,57,129,800.0,103200.0,Himalayan Brokerage Company Limited,Aryatara Investment & Securities,2026-04-22 14:55:50.757017
2026042204022077,RADHI,63,34,71,800.0,56800.0,Himalayan Brokerage Company Limited,Vision Securities Pvt. Ltd,2026-04-22 14:55:54.499943
2026042204022078,RADHI,81,34,229,800.0,183200.0,Aakashbhairab Securities Ltd.,Vision Securities Pvt. Ltd,2026-04-22 14:55:54.500145
2026042204022305,RADHI,8,48,10,803.0,8030.0,Brilliant Securities Pvt. Ltd.,Trishakti Securities Public Limited,2026-04-22 14:56:39.827759
2026042204022825,RADHI,66,59,100,795.0,79500.0,Miyo Securities Pvt Ltd,Deevyaa Securities & Stock House Pvt. Ltd,2026-04-22 14:58:13.447227
2026042204022888,RADHI,66,45,27,795.0,21465.0,Miyo Securities Pvt Ltd,Imperial Securities Company Pvt. Ltd.,2026-04-22 14:58:22.048742
2026042204022955,RADHI,37,13,50,800.0,40000.0,Swarna Laxmi Securities Pvt. Ltd.,Thrive Brokerage House Pvt. Ltd,2026-04-22 14:58:34.532360
2026042204023025,RADHI,66,60,10,795.0,7950.0,Miyo Securities Pvt Ltd,Nagarik Stock Dealer ,2026-04-22 14:58:42.848843
2026042204023102,RADHI,37,4,200,800.0,160000.0,Swarna Laxmi Securities Pvt. Ltd.,Opal Securities Investment (PVT) Ltd.,2026-04-22 14:59:03.874640
2026042204023116,RADHI,66,48,63,795.0,50085.0,Miyo Securities Pvt Ltd,Trishakti Securities Public Limited,2026-04-22 14:59:05.636022
2026042204023117,RADHI,38,48,27,795.0,21465.0,Dipshikha Dhitopatra Karobar Co. Pvt Ltd.,Trishakti Securities Public Limited,2026-04-22 14:59:05.636220
2026042204023141,RADHI,38,57,23,795.0,18285.0,Dipshikha Dhitopatra Karobar Co. Pvt Ltd.,Aryatara Investment & Securities,2026-04-22 14:59:08.379261
2026042204023142,RADHI,39,57,477,793.1,378308.7,Sumeru Securities Pvt. Ltd.,Aryatara Investment & Securities,2026-04-22 14:59:08.379671
2026042204023234,RADHI,39,21,23,793.1,18241.3,Sumeru Securities Pvt. Ltd.,Midas Stock Broking Company Private Limited,2026-04-22 14:59:24.309746
2026042204023235,RADHI,43,21,77,793.0,61061.0,South Asian Bulls Pvt. Ltd.,Midas Stock Broking Company Private Limited,2026-04-22 14:59:24.310000
2026042204023302,RADHI,34,57,150,799.0,119850.0,Vision Securities Pvt. Ltd,Aryatara Investment & Securities,2026-04-22 14:59:38.479522
2026042204023502,RADHI,8,4,20,800.0,16000.0,Brilliant Securities Pvt. Ltd.,Opal Securities Investment (PVT) Ltd.,2026-04-22 14:59:57.894365
2026042204023527,RADHI,34,4,20,800.0,16000.0,Vision Securities Pvt. Ltd,Opal Securities Investment (PVT) Ltd.,2026-04-22 14:59:58.248564
2026042204023529,RADHI,81,4,260,800.0,208000.0,Aakashbhairab Securities Ltd.,Opal Securities Investment (PVT) Ltd.,2026-04-22 14:59:58.498809
2026042204023530,RADHI,81,57,150,801.9,120285.0,Aakashbhairab Securities Ltd.,Aryatara Investment & Securities,2026-04-22 14:59:58.499014
2026042204023531,RADHI,81,40,130,802.0,104260.0,Aakashbhairab Securities Ltd.,Creative Securities Pvt Ltd,2026-04-22 14:59:58.499112
2026042204023532,RADHI,81,74,2000,803.0,1606000.0,Aakashbhairab Securities Ltd.,KALASH STOCK MARKET PVT. LTD.,2026-04-22 14:59:58.499208
2026042204023533,RADHI,81,38,100,803.0,80300.0,Aakashbhairab Securities Ltd.,Dipshikha Dhitopatra Karobar Co. Pvt Ltd.,2026-04-22 14:59:58.499304
2026042204023534,RADHI,81,44,360,803.0,289080.0,Aakashbhairab Securities Ltd.,Dynamic Money Managers Securities Pvt. Ltd.,2026-04-22 14:59:58.499406
