contractId,stockSymbol,buyerMemberId,sellerMemberId,quantity,rate,amount,businessDate,tradeBookId,stockId,buyerBrokerName,sellerBrokerName,transaction_time,securityName
2026042204000224,RHPL,34,58,50,285.0,14250.0,2026-04-22,187375493,2841,Vision Securities Pvt. Ltd,Naasa Securities Co. Ltd.,2026-04-22 11:04:38.235091,RASUWAGADHI HYDROPOWER COMPANY LIMITED
2026042204000688,RHPL,34,36,30,285.0,8550.0,2026-04-22,187379641,2841,Vision Securities Pvt. Ltd,Secured Securities Ltd.,2026-04-22 11:08:30.578420,RASUWAGADHI HYDROPOWER COMPANY LIMITED
2026042204000798,RHPL,34,58,20,285.0,5700.0,2026-04-22,187380608,2841,Vision Securities Pvt. Ltd,Naasa Securities Co. Ltd.,2026-04-22 11:09:13.618515,RASUWAGADHI HYDROPOWER COMPANY LIMITED
2026042204000799,RHPL,1,58,100,285.0,28500.0,2026-04-22,187380610,2841,Kumari Securities Private Limited,Naasa Securities Co. Ltd.,2026-04-22 11:09:13.618579,RASUWAGADHI HYDROPOWER COMPANY LIMITED
2026042204001237,RHPL,49,58,40,285.0,11400.0,2026-04-22,187386104,2841,Online Securities Pvt. Ltd.,Naasa Securities Co. Ltd.,2026-04-22 11:13:28.380032,RASUWAGADHI HYDROPOWER COMPANY LIMITED
2026042204002084,RHPL,80,41,20,284.0,5680.0,2026-04-22,187397134,2841,Indira securities pvt. ltd,Linch Stock Market Ltd.,2026-04-22 11:20:56.671731,RASUWAGADHI HYDROPOWER COMPANY LIMITED
2026042204002127,RHPL,51,32,400,282.2,112880.0,2026-04-22,187397810,2841,Oxford Securities Pvt. Ltd.,Premier Securities Company Ltd.,2026-04-22 11:21:27.961142,RASUWAGADHI HYDROPOWER COMPANY LIMITED
2026042204002167,RHPL,26,29,10,282.1,2821.0,2026-04-22,187398389,2841,Asian Securities Private Ltd.,Trisul Securities & Invt. Ltd.,2026-04-22 11:21:50.052846,RASUWAGADHI HYDROPOWER COMPANY LIMITED
2026042204002280,RHPL,51,32,100,282.2,28220.0,2026-04-22,187399919,2841,Oxford Securities Pvt. Ltd.,Premier Securities Company Ltd.,2026-04-22 11:23:05.742729,RASUWAGADHI HYDROPOWER COMPANY LIMITED
2026042204002289,RHPL,51,45,30,282.2,8466.0,2026-04-22,187400067,2841,Oxford Securities Pvt. Ltd.,Imperial Securities Company Pvt. Ltd.,2026-04-22 11:23:10.123584,RASUWAGADHI HYDROPOWER COMPANY LIMITED
2026042204002630,RHPL,10,49,80,282.4,22592.0,2026-04-22,187404265,2841,Pragyan Securities (PVT) Ltd.,Online Securities Pvt. Ltd.,2026-04-22 11:27:01.880049,RASUWAGADHI HYDROPOWER COMPANY LIMITED
2026042204003158,RHPL,25,45,30,282.9,8487.0,2026-04-22,187411819,2841,Sweta Securities Private Limited,Imperial Securities Company Pvt. Ltd.,2026-04-22 11:34:26.265817,RASUWAGADHI HYDROPOWER COMPANY LIMITED
2026042204003164,RHPL,59,41,20,284.0,5680.0,2026-04-22,187412073,2841,Deevyaa Securities & Stock House Pvt. Ltd,Linch Stock Market Ltd.,2026-04-22 11:34:39.506924,RASUWAGADHI HYDROPOWER COMPANY LIMITED
2026042204003165,RHPL,59,5,10,284.0,2840.0,2026-04-22,187412075,2841,Deevyaa Securities & Stock House Pvt. Ltd,Market Securities & Exchange (PVT) Ltd.,2026-04-22 11:34:39.507067,RASUWAGADHI HYDROPOWER COMPANY LIMITED
2026042204003166,RHPL,59,41,82,284.0,23288.0,2026-04-22,187412078,2841,Deevyaa Securities & Stock House Pvt. Ltd,Linch Stock Market Ltd.,2026-04-22 11:34:39.507112,RASUWAGADHI HYDROPOWER COMPANY LIMITED
2026042204003536,RHPL,58,42,70,283.1,19817.0,2026-04-22,187416607,2841,Naasa Securities Co. Ltd.,Sani Securities Company Ltd.,2026-04-22 11:39:10.578965,RASUWAGADHI HYDROPOWER COMPANY LIMITED
2026042204003591,RHPL,58,42,26,283.1,7360.6,2026-04-22,187417378,2841,Naasa Securities Co. Ltd.,Sani Securities Company Ltd.,2026-04-22 11:39:58.137031,RASUWAGADHI HYDROPOWER COMPANY LIMITED
2026042204003592,RHPL,59,42,74,283.0,20942.0,2026-04-22,187417379,2841,Deevyaa Securities & Stock House Pvt. Ltd,Sani Securities Company Ltd.,2026-04-22 11:39:58.137243,RASUWAGADHI HYDROPOWER COMPANY LIMITED
2026042204003659,RHPL,59,28,26,283.0,7358.0,2026-04-22,187418280,2841,Deevyaa Securities & Stock House Pvt. Ltd,Shree Krishna Securities Ltd.,2026-04-22 11:40:55.952491,RASUWAGADHI HYDROPOWER COMPANY LIMITED
2026042204003660,RHPL,4,28,30,283.0,8490.0,2026-04-22,187418282,2841,Opal Securities Investment (PVT) Ltd.,Shree Krishna Securities Ltd.,2026-04-22 11:40:55.952638,RASUWAGADHI HYDROPOWER COMPANY LIMITED
2026042204003661,RHPL,25,28,175,282.9,49507.5,2026-04-22,187418284,2841,Sweta Securities Private Limited,Shree Krishna Securities Ltd.,2026-04-22 11:40:55.952689,RASUWAGADHI HYDROPOWER COMPANY LIMITED
2026042204003662,RHPL,59,28,54,282.8,15271.2,2026-04-22,187418285,2841,Deevyaa Securities & Stock House Pvt. Ltd,Shree Krishna Securities Ltd.,2026-04-22 11:40:55.952747,RASUWAGADHI HYDROPOWER COMPANY LIMITED
2026042204003790,RHPL,49,52,20,284.0,5680.0,2026-04-22,187419487,2841,Online Securities Pvt. Ltd.,Sundhara Securities Limited,2026-04-22 11:41:59.623623,RASUWAGADHI HYDROPOWER COMPANY LIMITED
2026042204004103,RHPL,49,14,31,284.0,8804.0,2026-04-22,187422228,2841,Online Securities Pvt. Ltd.,Nepal Stock House (PVT) Ltd.,2026-04-22 11:44:37.961003,RASUWAGADHI HYDROPOWER COMPANY LIMITED
2026042204004104,RHPL,42,14,70,284.0,19880.0,2026-04-22,187422230,2841,Sani Securities Company Ltd.,Nepal Stock House (PVT) Ltd.,2026-04-22 11:44:37.961207,RASUWAGADHI HYDROPOWER COMPANY LIMITED
2026042204004771,RHPL,36,45,100,282.7,28270.0,2026-04-22,187431300,2841,Secured Securities Ltd.,Imperial Securities Company Pvt. Ltd.,2026-04-22 11:53:08.035198,RASUWAGADHI HYDROPOWER COMPANY LIMITED
2026042204004772,RHPL,81,45,100,282.6,28260.0,2026-04-22,187431302,2841,Aakashbhairab Securities Ltd.,Imperial Securities Company Pvt. Ltd.,2026-04-22 11:53:08.035368,RASUWAGADHI HYDROPOWER COMPANY LIMITED
2026042204004773,RHPL,59,45,100,282.5,28250.0,2026-04-22,187431304,2841,Deevyaa Securities & Stock House Pvt. Ltd,Imperial Securities Company Pvt. Ltd.,2026-04-22 11:53:08.035436,RASUWAGADHI HYDROPOWER COMPANY LIMITED
2026042204004774,RHPL,10,45,70,282.4,19768.0,2026-04-22,187431306,2841,Pragyan Securities (PVT) Ltd.,Imperial Securities Company Pvt. Ltd.,2026-04-22 11:53:08.035483,RASUWAGADHI HYDROPOWER COMPANY LIMITED
2026042204004775,RHPL,51,45,270,282.4,76248.0,2026-04-22,187431308,2841,Oxford Securities Pvt. Ltd.,Imperial Securities Company Pvt. Ltd.,2026-04-22 11:53:08.035531,RASUWAGADHI HYDROPOWER COMPANY LIMITED
2026042204004776,RHPL,33,45,360,282.3,101628.0,2026-04-22,187431309,2841,Dakshinkali Investment & Securities Pvt. Ltd.,Imperial Securities Company Pvt. Ltd.,2026-04-22 11:53:08.035575,RASUWAGADHI HYDROPOWER COMPANY LIMITED
2026042204004932,RHPL,33,14,20,282.3,5646.0,2026-04-22,187433851,2841,Dakshinkali Investment & Securities Pvt. Ltd.,Nepal Stock House (PVT) Ltd.,2026-04-22 11:55:03.239891,RASUWAGADHI HYDROPOWER COMPANY LIMITED
2026042204004977,RHPL,33,22,10,282.3,2823.0,2026-04-22,187434291,2841,Dakshinkali Investment & Securities Pvt. Ltd.,Siprabi Securities Pvt. Ltd.,2026-04-22 11:55:28.391575,RASUWAGADHI HYDROPOWER COMPANY LIMITED
2026042204005959,RHPL,1,49,50,283.0,14150.0,2026-04-22,187444566,2841,Kumari Securities Private Limited,Online Securities Pvt. Ltd.,2026-04-22 12:03:53.489102,RASUWAGADHI HYDROPOWER COMPANY LIMITED
2026042204005960,RHPL,1,49,235,282.5,66387.5,2026-04-22,187444567,2841,Kumari Securities Private Limited,Online Securities Pvt. Ltd.,2026-04-22 12:03:53.489227,RASUWAGADHI HYDROPOWER COMPANY LIMITED
2026042204006332,RHPL,47,95,500,283.0,141500.0,2026-04-22,187448877,2841,Neev Securities Pvt. Ltd.,Magnet Securities and Investment Company Private Limited,2026-04-22 12:07:37.206740,RASUWAGADHI HYDROPOWER COMPANY LIMITED
2026042204006456,RHPL,47,14,40,283.0,11320.0,2026-04-22,187450575,2841,Neev Securities Pvt. Ltd.,Nepal Stock House (PVT) Ltd.,2026-04-22 12:09:04.759183,RASUWAGADHI HYDROPOWER COMPANY LIMITED
2026042204006541,RHPL,58,53,500,283.1,141550.0,2026-04-22,187451548,2841,Naasa Securities Co. Ltd.,Investment Management Nepal Pvt. Ltd.,2026-04-22 12:09:55.549540,RASUWAGADHI HYDROPOWER COMPANY LIMITED
2026042204006571,RHPL,47,58,460,283.0,130180.0,2026-04-22,187451900,2841,Neev Securities Pvt. Ltd.,Naasa Securities Co. Ltd.,2026-04-22 12:10:17.566027,RASUWAGADHI HYDROPOWER COMPANY LIMITED
2026042204006572,RHPL,47,58,1000,283.0,283000.0,2026-04-22,187451902,2841,Neev Securities Pvt. Ltd.,Naasa Securities Co. Ltd.,2026-04-22 12:10:17.566284,RASUWAGADHI HYDROPOWER COMPANY LIMITED
2026042204006844,RHPL,1,58,140,283.0,39620.0,2026-04-22,187454260,2841,Kumari Securities Private Limited,Naasa Securities Co. Ltd.,2026-04-22 12:12:15.814000,RASUWAGADHI HYDROPOWER COMPANY LIMITED
2026042204007183,RHPL,49,48,40,283.0,11320.0,2026-04-22,187457410,2841,Online Securities Pvt. Ltd.,Trishakti Securities Public Limited,2026-04-22 12:15:06.015061,RASUWAGADHI HYDROPOWER COMPANY LIMITED
2026042204007391,RHPL,101,62,10,282.5,2825.0,2026-04-22,187459482,2841,APPLE SECURITIES PRIVATE LIMITED,Capital Max Securities Ltd,2026-04-22 12:16:59.540812,RASUWAGADHI HYDROPOWER COMPANY LIMITED
2026042204007440,RHPL,1,62,125,282.5,35312.5,2026-04-22,187459808,2841,Kumari Securities Private Limited,Capital Max Securities Ltd,2026-04-22 12:17:20.509542,RASUWAGADHI HYDROPOWER COMPANY LIMITED
2026042204007711,RHPL,59,57,25,282.4,7060.0,2026-04-22,187462827,2841,Deevyaa Securities & Stock House Pvt. Ltd,Aryatara Investment & Securities,2026-04-22 12:20:00.930206,RASUWAGADHI HYDROPOWER COMPANY LIMITED
2026042204007833,RHPL,59,47,75,282.4,21180.0,2026-04-22,187464150,2841,Deevyaa Securities & Stock House Pvt. Ltd,Neev Securities Pvt. Ltd.,2026-04-22 12:21:01.854501,RASUWAGADHI HYDROPOWER COMPANY LIMITED
2026042204007834,RHPL,33,47,266,282.3,75091.8,2026-04-22,187464152,2841,Dakshinkali Investment & Securities Pvt. Ltd.,Neev Securities Pvt. Ltd.,2026-04-22 12:21:01.854663,RASUWAGADHI HYDROPOWER COMPANY LIMITED
2026042204007835,RHPL,26,47,90,282.1,25389.0,2026-04-22,187464154,2841,Asian Securities Private Ltd.,Neev Securities Pvt. Ltd.,2026-04-22 12:21:01.854718,RASUWAGADHI HYDROPOWER COMPANY LIMITED
2026042204007836,RHPL,22,47,69,282.1,19464.9,2026-04-22,187464155,2841,Siprabi Securities Pvt. Ltd.,Neev Securities Pvt. Ltd.,2026-04-22 12:21:01.854766,RASUWAGADHI HYDROPOWER COMPANY LIMITED
2026042204008045,RHPL,52,25,25,282.4,7060.0,2026-04-22,187466766,2841,Sundhara Securities Limited,Sweta Securities Private Limited,2026-04-22 12:23:33.193725,RASUWAGADHI HYDROPOWER COMPANY LIMITED
2026042204008136,RHPL,11,25,200,282.4,56480.0,2026-04-22,187467946,2841,Malla & Malla Stock Broking Company Pvt. Limited,Sweta Securities Private Limited,2026-04-22 12:24:33.234345,RASUWAGADHI HYDROPOWER COMPANY LIMITED
2026042204008162,RHPL,65,25,200,282.2,56440.0,2026-04-22,187468218,2841,Sharepro Securities Private Limited,Sweta Securities Private Limited,2026-04-22 12:24:53.620501,RASUWAGADHI HYDROPOWER COMPANY LIMITED
2026042204008194,RHPL,22,25,31,282.1,8745.1,2026-04-22,187468734,2841,Siprabi Securities Pvt. Ltd.,Sweta Securities Private Limited,2026-04-22 12:25:21.217415,RASUWAGADHI HYDROPOWER COMPANY LIMITED
2026042204008263,RHPL,3,45,280,282.0,78960.0,2026-04-22,187470025,2841,Arun Securities (PVT) Ltd.,Imperial Securities Company Pvt. Ltd.,2026-04-22 12:26:21.584423,RASUWAGADHI HYDROPOWER COMPANY LIMITED
2026042204008265,RHPL,3,25,44,282.0,12408.0,2026-04-22,187470069,2841,Arun Securities (PVT) Ltd.,Sweta Securities Private Limited,2026-04-22 12:26:24.890789,RASUWAGADHI HYDROPOWER COMPANY LIMITED
2026042204008655,RHPL,11,36,90,282.2,25398.0,2026-04-22,187474655,2841,Malla & Malla Stock Broking Company Pvt. Limited,Secured Securities Ltd.,2026-04-22 12:30:25.939051,RASUWAGADHI HYDROPOWER COMPANY LIMITED
2026042204008656,RHPL,11,41,10,282.3,2823.0,2026-04-22,187474658,2841,Malla & Malla Stock Broking Company Pvt. Limited,Linch Stock Market Ltd.,2026-04-22 12:30:25.939175,RASUWAGADHI HYDROPOWER COMPANY LIMITED
2026042204008716,RHPL,38,41,100,282.3,28230.0,2026-04-22,187475314,2841,Dipshikha Dhitopatra Karobar Co. Pvt Ltd.,Linch Stock Market Ltd.,2026-04-22 12:30:57.943937,RASUWAGADHI HYDROPOWER COMPANY LIMITED
2026042204008786,RHPL,38,41,281,282.3,79326.3,2026-04-22,187476512,2841,Dipshikha Dhitopatra Karobar Co. Pvt Ltd.,Linch Stock Market Ltd.,2026-04-22 12:31:48.157445,RASUWAGADHI HYDROPOWER COMPANY LIMITED
2026042204009028,RHPL,38,62,119,282.5,33617.5,2026-04-22,187479864,2841,Dipshikha Dhitopatra Karobar Co. Pvt Ltd.,Capital Max Securities Ltd,2026-04-22 12:34:18.694185,RASUWAGADHI HYDROPOWER COMPANY LIMITED
2026042204009178,RHPL,42,62,50,282.5,14125.0,2026-04-22,187481326,2841,Sani Securities Company Ltd.,Capital Max Securities Ltd,2026-04-22 12:35:57.816678,RASUWAGADHI HYDROPOWER COMPANY LIMITED
2026042204009289,RHPL,49,62,50,282.5,14125.0,2026-04-22,187482854,2841,Online Securities Pvt. Ltd.,Capital Max Securities Ltd,2026-04-22 12:37:22.777486,RASUWAGADHI HYDROPOWER COMPANY LIMITED
2026042204009293,RHPL,94,62,100,282.5,28250.0,2026-04-22,187482918,2841,K.B.L. Securities Limited ,Capital Max Securities Ltd,2026-04-22 12:37:26.494952,RASUWAGADHI HYDROPOWER COMPANY LIMITED
2026042204009328,RHPL,62,44,20,282.3,5646.0,2026-04-22,187483394,2841,Capital Max Securities Ltd,Dynamic Money Managers Securities Pvt. Ltd.,2026-04-22 12:38:02.278800,RASUWAGADHI HYDROPOWER COMPANY LIMITED
2026042204009329,RHPL,58,44,50,282.2,14110.0,2026-04-22,187483396,2841,Naasa Securities Co. Ltd.,Dynamic Money Managers Securities Pvt. Ltd.,2026-04-22 12:38:02.278942,RASUWAGADHI HYDROPOWER COMPANY LIMITED
2026042204009330,RHPL,81,44,400,282.1,112840.0,2026-04-22,187483398,2841,Aakashbhairab Securities Ltd.,Dynamic Money Managers Securities Pvt. Ltd.,2026-04-22 12:38:02.279013,RASUWAGADHI HYDROPOWER COMPANY LIMITED
2026042204009331,RHPL,3,44,130,282.0,36660.0,2026-04-22,187483399,2841,Arun Securities (PVT) Ltd.,Dynamic Money Managers Securities Pvt. Ltd.,2026-04-22 12:38:02.279067,RASUWAGADHI HYDROPOWER COMPANY LIMITED
2026042204009362,RHPL,3,71,40,282.0,11280.0,2026-04-22,187483841,2841,Arun Securities (PVT) Ltd.,SHUBHAKAMANA SECURITIES PVT. LTD,2026-04-22 12:38:29.258198,RASUWAGADHI HYDROPOWER COMPANY LIMITED
2026042204009380,RHPL,58,62,19,282.5,5367.5,2026-04-22,187483976,2841,Naasa Securities Co. Ltd.,Capital Max Securities Ltd,2026-04-22 12:38:37.038506,RASUWAGADHI HYDROPOWER COMPANY LIMITED
2026042204009386,RHPL,35,47,50,282.0,14100.0,2026-04-22,187484094,2841,Kohinoor Investment & Securities Pvt. Ltd.,Neev Securities Pvt. Ltd.,2026-04-22 12:38:44.947711,RASUWAGADHI HYDROPOWER COMPANY LIMITED
2026042204009387,RHPL,11,47,40,282.0,11280.0,2026-04-22,187484096,2841,Malla & Malla Stock Broking Company Pvt. Limited,Neev Securities Pvt. Ltd.,2026-04-22 12:38:44.947953,RASUWAGADHI HYDROPOWER COMPANY LIMITED
2026042204009388,RHPL,1,47,50,282.0,14100.0,2026-04-22,187484098,2841,Kumari Securities Private Limited,Neev Securities Pvt. Ltd.,2026-04-22 12:38:44.948093,RASUWAGADHI HYDROPOWER COMPANY LIMITED
2026042204009389,RHPL,1,47,10,282.0,2820.0,2026-04-22,187484099,2841,Kumari Securities Private Limited,Neev Securities Pvt. Ltd.,2026-04-22 12:38:44.948225,RASUWAGADHI HYDROPOWER COMPANY LIMITED
2026042204009615,RHPL,1,58,20,282.0,5640.0,2026-04-22,187486388,2841,Kumari Securities Private Limited,Naasa Securities Co. Ltd.,2026-04-22 12:41:22.822286,RASUWAGADHI HYDROPOWER COMPANY LIMITED
2026042204009616,RHPL,58,58,20,282.0,5640.0,2026-04-22,187486389,2841,Naasa Securities Co. Ltd.,Naasa Securities Co. Ltd.,2026-04-22 12:41:22.822443,RASUWAGADHI HYDROPOWER COMPANY LIMITED
2026042204009801,RHPL,58,17,50,282.0,14100.0,2026-04-22,187487714,2841,Naasa Securities Co. Ltd.,ABC Securities Private Limited,2026-04-22 12:43:16.908211,RASUWAGADHI HYDROPOWER COMPANY LIMITED
2026042204009802,RHPL,62,17,10,282.0,2820.0,2026-04-22,187487716,2841,Capital Max Securities Ltd,ABC Securities Private Limited,2026-04-22 12:43:16.908342,RASUWAGADHI HYDROPOWER COMPANY LIMITED
2026042204009803,RHPL,49,17,100,282.0,28200.0,2026-04-22,187487718,2841,Online Securities Pvt. Ltd.,ABC Securities Private Limited,2026-04-22 12:43:16.908393,RASUWAGADHI HYDROPOWER COMPANY LIMITED
2026042204009804,RHPL,49,17,50,282.0,14100.0,2026-04-22,187487720,2841,Online Securities Pvt. Ltd.,ABC Securities Private Limited,2026-04-22 12:43:16.908445,RASUWAGADHI HYDROPOWER COMPANY LIMITED
2026042204009946,RHPL,11,45,30,281.9,8457.0,2026-04-22,187489052,2841,Malla & Malla Stock Broking Company Pvt. Limited,Imperial Securities Company Pvt. Ltd.,2026-04-22 12:44:23.516742,RASUWAGADHI HYDROPOWER COMPANY LIMITED
2026042204010276,RHPL,42,62,60,281.8,16908.0,2026-04-22,187491988,2841,Sani Securities Company Ltd.,Capital Max Securities Ltd,2026-04-22 12:47:58.879401,RASUWAGADHI HYDROPOWER COMPANY LIMITED
2026042204010386,RHPL,42,13,100,281.2,28120.0,2026-04-22,187492849,2841,Sani Securities Company Ltd.,Thrive Brokerage House Pvt. Ltd,2026-04-22 12:49:13.445667,RASUWAGADHI HYDROPOWER COMPANY LIMITED
2026042204010428,RHPL,51,65,250,281.1,70275.0,2026-04-22,187493463,2841,Oxford Securities Pvt. Ltd.,Sharepro Securities Private Limited,2026-04-22 12:50:07.045789,RASUWAGADHI HYDROPOWER COMPANY LIMITED
2026042204010726,RHPL,51,49,110,281.1,30921.0,2026-04-22,187495714,2841,Oxford Securities Pvt. Ltd.,Online Securities Pvt. Ltd.,2026-04-22 12:53:46.647906,RASUWAGADHI HYDROPOWER COMPANY LIMITED
2026042204010727,RHPL,58,49,50,281.1,14055.0,2026-04-22,187495716,2841,Naasa Securities Co. Ltd.,Online Securities Pvt. Ltd.,2026-04-22 12:53:46.648113,RASUWAGADHI HYDROPOWER COMPANY LIMITED
2026042204010728,RHPL,25,49,20,281.1,5622.0,2026-04-22,187495718,2841,Sweta Securities Private Limited,Online Securities Pvt. Ltd.,2026-04-22 12:53:46.648171,RASUWAGADHI HYDROPOWER COMPANY LIMITED
2026042204010729,RHPL,32,49,700,281.0,196700.0,2026-04-22,187495720,2841,Premier Securities Company Ltd.,Online Securities Pvt. Ltd.,2026-04-22 12:53:46.648228,RASUWAGADHI HYDROPOWER COMPANY LIMITED
2026042204010730,RHPL,26,49,50,281.0,14050.0,2026-04-22,187495722,2841,Asian Securities Private Ltd.,Online Securities Pvt. Ltd.,2026-04-22 12:53:46.648283,RASUWAGADHI HYDROPOWER COMPANY LIMITED
2026042204010731,RHPL,13,49,100,281.0,28100.0,2026-04-22,187495724,2841,Thrive Brokerage House Pvt. Ltd,Online Securities Pvt. Ltd.,2026-04-22 12:53:46.648358,RASUWAGADHI HYDROPOWER COMPANY LIMITED
2026042204010732,RHPL,1,49,50,281.0,14050.0,2026-04-22,187495726,2841,Kumari Securities Private Limited,Online Securities Pvt. Ltd.,2026-04-22 12:53:46.648411,RASUWAGADHI HYDROPOWER COMPANY LIMITED
2026042204010733,RHPL,21,49,500,281.0,140500.0,2026-04-22,187495728,2841,Midas Stock Broking Company Private Limited,Online Securities Pvt. Ltd.,2026-04-22 12:53:46.648466,RASUWAGADHI HYDROPOWER COMPANY LIMITED
2026042204010734,RHPL,57,49,331,281.0,93011.0,2026-04-22,187495729,2841,Aryatara Investment & Securities,Online Securities Pvt. Ltd.,2026-04-22 12:53:46.648517,RASUWAGADHI HYDROPOWER COMPANY LIMITED
2026042204010880,RHPL,57,45,169,281.0,47489.0,2026-04-22,187498062,2841,Aryatara Investment & Securities,Imperial Securities Company Pvt. Ltd.,2026-04-22 12:57:07.439079,RASUWAGADHI HYDROPOWER COMPANY LIMITED
2026042204010881,RHPL,36,45,50,281.0,14050.0,2026-04-22,187498064,2841,Secured Securities Ltd.,Imperial Securities Company Pvt. Ltd.,2026-04-22 12:57:07.439327,RASUWAGADHI HYDROPOWER COMPANY LIMITED
2026042204010882,RHPL,8,45,200,281.0,56200.0,2026-04-22,187498066,2841,Brilliant Securities Pvt. Ltd.,Imperial Securities Company Pvt. Ltd.,2026-04-22 12:57:07.439387,RASUWAGADHI HYDROPOWER COMPANY LIMITED
2026042204010883,RHPL,56,45,50,281.0,14050.0,2026-04-22,187498068,2841,Sri Hari Securities Pvt. Ltd.,Imperial Securities Company Pvt. Ltd.,2026-04-22 12:57:07.439442,RASUWAGADHI HYDROPOWER COMPANY LIMITED
2026042204010884,RHPL,35,45,500,280.4,140200.0,2026-04-22,187498070,2841,Kohinoor Investment & Securities Pvt. Ltd.,Imperial Securities Company Pvt. Ltd.,2026-04-22 12:57:07.439496,RASUWAGADHI HYDROPOWER COMPANY LIMITED
2026042204011010,RHPL,42,11,23,280.4,6449.2,2026-04-22,187499893,2841,Sani Securities Company Ltd.,Malla & Malla Stock Broking Company Pvt. Limited,2026-04-22 12:59:51.232777,RASUWAGADHI HYDROPOWER COMPANY LIMITED
2026042204011189,RHPL,59,11,80,280.7,22456.0,2026-04-22,187502607,2841,Deevyaa Securities & Stock House Pvt. Ltd,Malla & Malla Stock Broking Company Pvt. Limited,2026-04-22 13:04:20.021992,RASUWAGADHI HYDROPOWER COMPANY LIMITED
2026042204011392,RHPL,81,57,500,280.8,140400.0,2026-04-22,187505055,2841,Aakashbhairab Securities Ltd.,Aryatara Investment & Securities,2026-04-22 13:08:08.146943,RASUWAGADHI HYDROPOWER COMPANY LIMITED
2026042204011561,RHPL,42,34,20,281.0,5620.0,2026-04-22,187506456,2841,Sani Securities Company Ltd.,Vision Securities Pvt. Ltd,2026-04-22 13:10:20.363513,RASUWAGADHI HYDROPOWER COMPANY LIMITED
2026042204011562,RHPL,59,34,20,280.7,5614.0,2026-04-22,187506458,2841,Deevyaa Securities & Stock House Pvt. Ltd,Vision Securities Pvt. Ltd,2026-04-22 13:10:20.363601,RASUWAGADHI HYDROPOWER COMPANY LIMITED
2026042204011563,RHPL,29,34,10,280.5,2805.0,2026-04-22,187506459,2841,Trisul Securities & Invt. Ltd.,Vision Securities Pvt. Ltd,2026-04-22 13:10:20.363625,RASUWAGADHI HYDROPOWER COMPANY LIMITED
2026042204011948,RHPL,42,62,1237,281.8,348586.6,2026-04-22,187510444,2841,Sani Securities Company Ltd.,Capital Max Securities Ltd,2026-04-22 13:17:47.643816,RASUWAGADHI HYDROPOWER COMPANY LIMITED
2026042204012013,RHPL,42,45,150,281.0,42150.0,2026-04-22,187510907,2841,Sani Securities Company Ltd.,Imperial Securities Company Pvt. Ltd.,2026-04-22 13:18:31.116359,RASUWAGADHI HYDROPOWER COMPANY LIMITED
2026042204012163,RHPL,42,45,50,281.0,14050.0,2026-04-22,187511934,2841,Sani Securities Company Ltd.,Imperial Securities Company Pvt. Ltd.,2026-04-22 13:19:56.537629,RASUWAGADHI HYDROPOWER COMPANY LIMITED
2026042204012164,RHPL,53,45,45,281.0,12645.0,2026-04-22,187511936,2841,Investment Management Nepal Pvt. Ltd.,Imperial Securities Company Pvt. Ltd.,2026-04-22 13:19:56.537916,RASUWAGADHI HYDROPOWER COMPANY LIMITED
2026042204012165,RHPL,57,45,55,280.6,15433.0,2026-04-22,187511937,2841,Aryatara Investment & Securities,Imperial Securities Company Pvt. Ltd.,2026-04-22 13:19:56.538096,RASUWAGADHI HYDROPOWER COMPANY LIMITED
2026042204012436,RHPL,58,52,20,281.0,5620.0,2026-04-22,187514216,2841,Naasa Securities Co. Ltd.,Sundhara Securities Limited,2026-04-22 13:23:08.616822,RASUWAGADHI HYDROPOWER COMPANY LIMITED
2026042204012443,RHPL,47,13,180,280.8,50544.0,2026-04-22,187514321,2841,Neev Securities Pvt. Ltd.,Thrive Brokerage House Pvt. Ltd,2026-04-22 13:23:19.648123,RASUWAGADHI HYDROPOWER COMPANY LIMITED
2026042204012464,RHPL,47,26,40,280.8,11232.0,2026-04-22,187514495,2841,Neev Securities Pvt. Ltd.,Asian Securities Private Ltd.,2026-04-22 13:23:36.518326,RASUWAGADHI HYDROPOWER COMPANY LIMITED
2026042204012512,RHPL,29,52,20,280.9,5618.0,2026-04-22,187514800,2841,Trisul Securities & Invt. Ltd.,Sundhara Securities Limited,2026-04-22 13:24:07.849139,RASUWAGADHI HYDROPOWER COMPANY LIMITED
2026042204012525,RHPL,47,95,70,280.8,19656.0,2026-04-22,187514863,2841,Neev Securities Pvt. Ltd.,Magnet Securities and Investment Company Private Limited,2026-04-22 13:24:14.400325,RASUWAGADHI HYDROPOWER COMPANY LIMITED
2026042204012633,RHPL,47,52,11,280.8,3088.8,2026-04-22,187515667,2841,Neev Securities Pvt. Ltd.,Sundhara Securities Limited,2026-04-22 13:25:19.429564,RASUWAGADHI HYDROPOWER COMPANY LIMITED
2026042204012766,RHPL,19,17,290,282.0,81780.0,2026-04-22,187517115,2841,Nepal Investment And Securities Trading Private Limited,ABC Securities Private Limited,2026-04-22 13:26:55.228260,RASUWAGADHI HYDROPOWER COMPANY LIMITED
2026042204012992,RHPL,26,7,100,283.0,28300.0,2026-04-22,187518943,2841,Asian Securities Private Ltd.,J.F. Securites (PVT) Ltd.,2026-04-22 13:29:55.831419,RASUWAGADHI HYDROPOWER COMPANY LIMITED
2026042204012993,RHPL,26,36,49,283.0,13867.0,2026-04-22,187518945,2841,Asian Securities Private Ltd.,Secured Securities Ltd.,2026-04-22 13:29:55.831737,RASUWAGADHI HYDROPOWER COMPANY LIMITED
2026042204012994,RHPL,26,17,359,283.0,101597.0,2026-04-22,187518948,2841,Asian Securities Private Ltd.,ABC Securities Private Limited,2026-04-22 13:29:55.831918,RASUWAGADHI HYDROPOWER COMPANY LIMITED
2026042204013123,RHPL,34,17,20,283.0,5660.0,2026-04-22,187520254,2841,Vision Securities Pvt. Ltd,ABC Securities Private Limited,2026-04-22 13:32:02.985584,RASUWAGADHI HYDROPOWER COMPANY LIMITED
2026042204013433,RHPL,19,53,60,282.0,16920.0,2026-04-22,187523784,2841,Nepal Investment And Securities Trading Private Limited,Investment Management Nepal Pvt. Ltd.,2026-04-22 13:38:00.342299,RASUWAGADHI HYDROPOWER COMPANY LIMITED
2026042204013434,RHPL,45,53,100,282.0,28200.0,2026-04-22,187523785,2841,Imperial Securities Company Pvt. Ltd.,Investment Management Nepal Pvt. Ltd.,2026-04-22 13:38:00.342611,RASUWAGADHI HYDROPOWER COMPANY LIMITED
2026042204013509,RHPL,35,53,200,281.0,56200.0,2026-04-22,187524526,2841,Kohinoor Investment & Securities Pvt. Ltd.,Investment Management Nepal Pvt. Ltd.,2026-04-22 13:39:18.054616,RASUWAGADHI HYDROPOWER COMPANY LIMITED
2026042204013510,RHPL,5,53,150,281.0,42150.0,2026-04-22,187524528,2841,Market Securities & Exchange (PVT) Ltd.,Investment Management Nepal Pvt. Ltd.,2026-04-22 13:39:18.054815,RASUWAGADHI HYDROPOWER COMPANY LIMITED
2026042204013511,RHPL,49,53,650,281.0,182650.0,2026-04-22,187524529,2841,Online Securities Pvt. Ltd.,Investment Management Nepal Pvt. Ltd.,2026-04-22 13:39:18.054882,RASUWAGADHI HYDROPOWER COMPANY LIMITED
2026042204013900,RHPL,49,4,50,281.0,14050.0,2026-04-22,187528429,2841,Online Securities Pvt. Ltd.,Opal Securities Investment (PVT) Ltd.,2026-04-22 13:46:47.590275,RASUWAGADHI HYDROPOWER COMPANY LIMITED
2026042204014063,RHPL,49,58,300,281.0,84300.0,2026-04-22,187530804,2841,Online Securities Pvt. Ltd.,Naasa Securities Co. Ltd.,2026-04-22 13:50:21.718326,RASUWAGADHI HYDROPOWER COMPANY LIMITED
2026042204014064,RHPL,51,58,100,281.0,28100.0,2026-04-22,187530806,2841,Oxford Securities Pvt. Ltd.,Naasa Securities Co. Ltd.,2026-04-22 13:50:21.718513,RASUWAGADHI HYDROPOWER COMPANY LIMITED
2026042204014103,RHPL,22,58,200,281.0,56200.0,2026-04-22,187531226,2841,Siprabi Securities Pvt. Ltd.,Naasa Securities Co. Ltd.,2026-04-22 13:51:18.243531,RASUWAGADHI HYDROPOWER COMPANY LIMITED
2026042204014142,RHPL,25,58,10,280.9,2809.0,2026-04-22,187531740,2841,Sweta Securities Private Limited,Naasa Securities Co. Ltd.,2026-04-22 13:52:22.085552,RASUWAGADHI HYDROPOWER COMPANY LIMITED
2026042204014143,RHPL,1,58,20,280.9,5618.0,2026-04-22,187531741,2841,Kumari Securities Private Limited,Naasa Securities Co. Ltd.,2026-04-22 13:52:22.085766,RASUWAGADHI HYDROPOWER COMPANY LIMITED
2026042204014367,RHPL,43,36,200,281.9,56380.0,2026-04-22,187533782,2841,South Asian Bulls Pvt. Ltd.,Secured Securities Ltd.,2026-04-22 13:55:57.330616,RASUWAGADHI HYDROPOWER COMPANY LIMITED
2026042204014572,RHPL,57,36,240,281.9,67656.0,2026-04-22,187535910,2841,Aryatara Investment & Securities,Secured Securities Ltd.,2026-04-22 13:59:25.760303,RASUWAGADHI HYDROPOWER COMPANY LIMITED
2026042204015032,RHPL,43,36,500,281.9,140950.0,2026-04-22,187541100,2841,South Asian Bulls Pvt. Ltd.,Secured Securities Ltd.,2026-04-22 14:08:04.027851,RASUWAGADHI HYDROPOWER COMPANY LIMITED
2026042204015110,RHPL,42,36,760,281.9,214244.0,2026-04-22,187541657,2841,Sani Securities Company Ltd.,Secured Securities Ltd.,2026-04-22 14:08:53.434026,RASUWAGADHI HYDROPOWER COMPANY LIMITED
2026042204015111,RHPL,42,36,1700,281.9,479230.0,2026-04-22,187541659,2841,Sani Securities Company Ltd.,Secured Securities Ltd.,2026-04-22 14:08:53.434346,RASUWAGADHI HYDROPOWER COMPANY LIMITED
2026042204015112,RHPL,42,49,80,281.9,22552.0,2026-04-22,187541661,2841,Sani Securities Company Ltd.,Online Securities Pvt. Ltd.,2026-04-22 14:08:53.434551,RASUWAGADHI HYDROPOWER COMPANY LIMITED
2026042204015249,RHPL,32,49,50,281.9,14095.0,2026-04-22,187543171,2841,Premier Securities Company Ltd.,Online Securities Pvt. Ltd.,2026-04-22 14:11:23.738387,RASUWAGADHI HYDROPOWER COMPANY LIMITED
2026042204015301,RHPL,32,66,50,281.9,14095.0,2026-04-22,187543766,2841,Premier Securities Company Ltd.,Miyo Securities Pvt Ltd,2026-04-22 14:12:28.997715,RASUWAGADHI HYDROPOWER COMPANY LIMITED
2026042204015302,RHPL,11,66,40,281.0,11240.0,2026-04-22,187543768,2841,Malla & Malla Stock Broking Company Pvt. Limited,Miyo Securities Pvt Ltd,2026-04-22 14:12:28.997753,RASUWAGADHI HYDROPOWER COMPANY LIMITED
2026042204015303,RHPL,49,66,50,281.0,14050.0,2026-04-22,187543770,2841,Online Securities Pvt. Ltd.,Miyo Securities Pvt Ltd,2026-04-22 14:12:28.997821,RASUWAGADHI HYDROPOWER COMPANY LIMITED
2026042204015304,RHPL,38,66,100,281.0,28100.0,2026-04-22,187543774,2841,Dipshikha Dhitopatra Karobar Co. Pvt Ltd.,Miyo Securities Pvt Ltd,2026-04-22 14:12:28.997849,RASUWAGADHI HYDROPOWER COMPANY LIMITED
2026042204015305,RHPL,1,66,180,280.9,50562.0,2026-04-22,187543776,2841,Kumari Securities Private Limited,Miyo Securities Pvt Ltd,2026-04-22 14:12:28.997881,RASUWAGADHI HYDROPOWER COMPANY LIMITED
2026042204015495,RHPL,21,26,70,281.0,19670.0,2026-04-22,187546389,2841,Midas Stock Broking Company Private Limited,Asian Securities Private Ltd.,2026-04-22 14:16:29.283062,RASUWAGADHI HYDROPOWER COMPANY LIMITED
2026042204015518,RHPL,35,36,20,282.9,5658.0,2026-04-22,187546600,2841,Kohinoor Investment & Securities Pvt. Ltd.,Secured Securities Ltd.,2026-04-22 14:16:54.187037,RASUWAGADHI HYDROPOWER COMPANY LIMITED
2026042204015573,RHPL,21,39,10,281.0,2810.0,2026-04-22,187547645,2841,Midas Stock Broking Company Private Limited,Sumeru Securities Pvt. Ltd.,2026-04-22 14:18:20.878961,RASUWAGADHI HYDROPOWER COMPANY LIMITED
2026042204015776,RHPL,21,57,30,281.0,8430.0,2026-04-22,187549151,2841,Midas Stock Broking Company Private Limited,Aryatara Investment & Securities,2026-04-22 14:20:20.099651,RASUWAGADHI HYDROPOWER COMPANY LIMITED
2026042204015789,RHPL,21,42,150,281.0,42150.0,2026-04-22,187549355,2841,Midas Stock Broking Company Private Limited,Sani Securities Company Ltd.,2026-04-22 14:20:48.286670,RASUWAGADHI HYDROPOWER COMPANY LIMITED
2026042204015992,RHPL,21,21,30,281.0,8430.0,2026-04-22,187551513,2841,Midas Stock Broking Company Private Limited,Midas Stock Broking Company Private Limited,2026-04-22 14:23:26.977862,RASUWAGADHI HYDROPOWER COMPANY LIMITED
2026042204016116,RHPL,45,41,50,281.1,14055.0,2026-04-22,187552861,2841,Imperial Securities Company Pvt. Ltd.,Linch Stock Market Ltd.,2026-04-22 14:25:22.485619,RASUWAGADHI HYDROPOWER COMPANY LIMITED
2026042204016241,RHPL,45,1,50,281.1,14055.0,2026-04-22,187554988,2841,Imperial Securities Company Pvt. Ltd.,Kumari Securities Private Limited,2026-04-22 14:27:48.391337,RASUWAGADHI HYDROPOWER COMPANY LIMITED
2026042204016242,RHPL,11,1,50,281.1,14055.0,2026-04-22,187554989,2841,Malla & Malla Stock Broking Company Pvt. Limited,Kumari Securities Private Limited,2026-04-22 14:27:48.391556,RASUWAGADHI HYDROPOWER COMPANY LIMITED
2026042204016335,RHPL,11,52,50,281.1,14055.0,2026-04-22,187555853,2841,Malla & Malla Stock Broking Company Pvt. Limited,Sundhara Securities Limited,2026-04-22 14:28:37.037071,RASUWAGADHI HYDROPOWER COMPANY LIMITED
2026042204016414,RHPL,11,58,10,281.1,2811.0,2026-04-22,187556535,2841,Malla & Malla Stock Broking Company Pvt. Limited,Naasa Securities Co. Ltd.,2026-04-22 14:29:23.699238,RASUWAGADHI HYDROPOWER COMPANY LIMITED
2026042204016500,RHPL,11,32,190,281.1,53409.0,2026-04-22,187557820,2841,Malla & Malla Stock Broking Company Pvt. Limited,Premier Securities Company Ltd.,2026-04-22 14:31:02.996154,RASUWAGADHI HYDROPOWER COMPANY LIMITED
2026042204016501,RHPL,58,32,100,281.1,28110.0,2026-04-22,187557822,2841,Naasa Securities Co. Ltd.,Premier Securities Company Ltd.,2026-04-22 14:31:02.996271,RASUWAGADHI HYDROPOWER COMPANY LIMITED
2026042204016502,RHPL,21,32,210,281.0,59010.0,2026-04-22,187557823,2841,Midas Stock Broking Company Private Limited,Premier Securities Company Ltd.,2026-04-22 14:31:02.996387,RASUWAGADHI HYDROPOWER COMPANY LIMITED
2026042204016616,RHPL,36,6,40,281.9,11276.0,2026-04-22,187558840,2841,Secured Securities Ltd.,Agrawal Securities (PVT) Ltd.,2026-04-22 14:32:14.772723,RASUWAGADHI HYDROPOWER COMPANY LIMITED
2026042204016702,RHPL,57,6,60,281.9,16914.0,2026-04-22,187559474,2841,Aryatara Investment & Securities,Agrawal Securities (PVT) Ltd.,2026-04-22 14:32:57.748349,RASUWAGADHI HYDROPOWER COMPANY LIMITED
2026042204016875,RHPL,58,21,30,281.0,8430.0,2026-04-22,187561545,2841,Naasa Securities Co. Ltd.,Midas Stock Broking Company Private Limited,2026-04-22 14:34:42.830693,RASUWAGADHI HYDROPOWER COMPANY LIMITED
2026042204016940,RHPL,38,58,4,280.0,1120.0,2026-04-22,187562033,2841,Dipshikha Dhitopatra Karobar Co. Pvt Ltd.,Naasa Securities Co. Ltd.,2026-04-22 14:35:13.735192,RASUWAGADHI HYDROPOWER COMPANY LIMITED
2026042204016993,RHPL,38,45,1,279.0,279.0,2026-04-22,187562387,2841,Dipshikha Dhitopatra Karobar Co. Pvt Ltd.,Imperial Securities Company Pvt. Ltd.,2026-04-22 14:35:44.516657,RASUWAGADHI HYDROPOWER COMPANY LIMITED
2026042204018282,RHPL,32,36,300,282.9,84870.0,2026-04-22,187570714,2841,Premier Securities Company Ltd.,Secured Securities Ltd.,2026-04-22 14:40:52.224053,RASUWAGADHI HYDROPOWER COMPANY LIMITED
2026042204018286,RHPL,47,36,1180,282.9,333822.0,2026-04-22,187570751,2841,Neev Securities Pvt. Ltd.,Secured Securities Ltd.,2026-04-22 14:40:53.291621,RASUWAGADHI HYDROPOWER COMPANY LIMITED
2026042204018287,RHPL,47,17,20,283.0,5660.0,2026-04-22,187570754,2841,Neev Securities Pvt. Ltd.,ABC Securities Private Limited,2026-04-22 14:40:53.291940,RASUWAGADHI HYDROPOWER COMPANY LIMITED
2026042204018380,RHPL,42,17,100,283.0,28300.0,2026-04-22,187571910,2841,Sani Securities Company Ltd.,ABC Securities Private Limited,2026-04-22 14:41:19.234133,RASUWAGADHI HYDROPOWER COMPANY LIMITED
2026042204018386,RHPL,53,50,50,283.0,14150.0,2026-04-22,187572336,2841,Investment Management Nepal Pvt. Ltd.,Cristal Kanchanjanga Securites Pvt. Ltd.,2026-04-22 14:41:21.817905,RASUWAGADHI HYDROPOWER COMPANY LIMITED
2026042204018574,RHPL,21,50,10,283.0,2830.0,2026-04-22,187573621,2841,Midas Stock Broking Company Private Limited,Cristal Kanchanjanga Securites Pvt. Ltd.,2026-04-22 14:41:52.605266,RASUWAGADHI HYDROPOWER COMPANY LIMITED
2026042204018575,RHPL,21,89,10,283.4,2834.0,2026-04-22,187573623,2841,Midas Stock Broking Company Private Limited,Global IME Securities Limited,2026-04-22 14:41:52.605469,RASUWAGADHI HYDROPOWER COMPANY LIMITED
2026042204018576,RHPL,21,80,10,283.5,2835.0,2026-04-22,187573625,2841,Midas Stock Broking Company Private Limited,Indira securities pvt. ltd,2026-04-22 14:41:52.605546,RASUWAGADHI HYDROPOWER COMPANY LIMITED
2026042204018577,RHPL,21,34,170,283.6,48212.0,2026-04-22,187573628,2841,Midas Stock Broking Company Private Limited,Vision Securities Pvt. Ltd,2026-04-22 14:41:52.605613,RASUWAGADHI HYDROPOWER COMPANY LIMITED
2026042204018643,RHPL,21,14,99,284.0,28116.0,2026-04-22,187574258,2841,Midas Stock Broking Company Private Limited,Nepal Stock House (PVT) Ltd.,2026-04-22 14:42:06.302461,RASUWAGADHI HYDROPOWER COMPANY LIMITED
2026042204018799,RHPL,44,58,40,285.0,11400.0,2026-04-22,187575751,2841,Dynamic Money Managers Securities Pvt. Ltd.,Naasa Securities Co. Ltd.,2026-04-22 14:42:53.869283,RASUWAGADHI HYDROPOWER COMPANY LIMITED
2026042204018800,RHPL,44,38,30,285.0,8550.0,2026-04-22,187575753,2841,Dynamic Money Managers Securities Pvt. Ltd.,Dipshikha Dhitopatra Karobar Co. Pvt Ltd.,2026-04-22 14:42:53.869456,RASUWAGADHI HYDROPOWER COMPANY LIMITED
2026042204018801,RHPL,44,47,200,285.0,57000.0,2026-04-22,187575755,2841,Dynamic Money Managers Securities Pvt. Ltd.,Neev Securities Pvt. Ltd.,2026-04-22 14:42:53.869524,RASUWAGADHI HYDROPOWER COMPANY LIMITED
2026042204018802,RHPL,44,51,50,285.0,14250.0,2026-04-22,187575757,2841,Dynamic Money Managers Securities Pvt. Ltd.,Oxford Securities Pvt. Ltd.,2026-04-22 14:42:53.869591,RASUWAGADHI HYDROPOWER COMPANY LIMITED
2026042204018803,RHPL,44,21,100,285.0,28500.0,2026-04-22,187575759,2841,Dynamic Money Managers Securities Pvt. Ltd.,Midas Stock Broking Company Private Limited,2026-04-22 14:42:53.869656,RASUWAGADHI HYDROPOWER COMPANY LIMITED
2026042204018804,RHPL,44,35,80,285.0,22800.0,2026-04-22,187575762,2841,Dynamic Money Managers Securities Pvt. Ltd.,Kohinoor Investment & Securities Pvt. Ltd.,2026-04-22 14:42:53.869718,RASUWAGADHI HYDROPOWER COMPANY LIMITED
2026042204018868,RHPL,58,35,20,285.0,5700.0,2026-04-22,187576431,2841,Naasa Securities Co. Ltd.,Kohinoor Investment & Securities Pvt. Ltd.,2026-04-22 14:43:06.386712,RASUWAGADHI HYDROPOWER COMPANY LIMITED
2026042204018869,RHPL,58,35,10,285.0,2850.0,2026-04-22,187576434,2841,Naasa Securities Co. Ltd.,Kohinoor Investment & Securities Pvt. Ltd.,2026-04-22 14:43:06.386923,RASUWAGADHI HYDROPOWER COMPANY LIMITED
2026042204019073,RHPL,57,35,90,285.0,25650.0,2026-04-22,187578545,2841,Aryatara Investment & Securities,Kohinoor Investment & Securities Pvt. Ltd.,2026-04-22 14:43:57.600883,RASUWAGADHI HYDROPOWER COMPANY LIMITED
2026042204019589,RHPL,50,38,1000,285.9,285900.0,2026-04-22,187583662,2841,Cristal Kanchanjanga Securites Pvt. Ltd.,Dipshikha Dhitopatra Karobar Co. Pvt Ltd.,2026-04-22 14:45:52.316557,RASUWAGADHI HYDROPOWER COMPANY LIMITED
2026042204019644,RHPL,50,38,500,285.9,142950.0,2026-04-22,187584120,2841,Cristal Kanchanjanga Securites Pvt. Ltd.,Dipshikha Dhitopatra Karobar Co. Pvt Ltd.,2026-04-22 14:46:07.496751,RASUWAGADHI HYDROPOWER COMPANY LIMITED
2026042204019684,RHPL,42,49,10,286.0,2860.0,2026-04-22,187584410,2841,Sani Securities Company Ltd.,Online Securities Pvt. Ltd.,2026-04-22 14:46:15.318042,RASUWAGADHI HYDROPOWER COMPANY LIMITED
2026042204019809,RHPL,21,49,290,286.0,82940.0,2026-04-22,187585332,2841,Midas Stock Broking Company Private Limited,Online Securities Pvt. Ltd.,2026-04-22 14:46:40.280573,RASUWAGADHI HYDROPOWER COMPANY LIMITED
2026042204019823,RHPL,57,74,70,285.0,19950.0,2026-04-22,187585445,2841,Aryatara Investment & Securities,KALASH STOCK MARKET PVT. LTD.,2026-04-22 14:46:44.152821,RASUWAGADHI HYDROPOWER COMPANY LIMITED
2026042204020128,RHPL,50,49,10,287.0,2870.0,2026-04-22,187588106,2841,Cristal Kanchanjanga Securites Pvt. Ltd.,Online Securities Pvt. Ltd.,2026-04-22 14:47:57.621285,RASUWAGADHI HYDROPOWER COMPANY LIMITED
2026042204020269,RHPL,83,49,500,287.0,143500.0,2026-04-22,187589650,2841,Sanima Securities Limited,Online Securities Pvt. Ltd.,2026-04-22 14:48:37.556912,RASUWAGADHI HYDROPOWER COMPANY LIMITED
2026042204020389,RHPL,21,49,90,287.0,25830.0,2026-04-22,187590558,2841,Midas Stock Broking Company Private Limited,Online Securities Pvt. Ltd.,2026-04-22 14:49:07.153650,RASUWAGADHI HYDROPOWER COMPANY LIMITED
2026042204020390,RHPL,21,38,210,287.9,60459.0,2026-04-22,187590561,2841,Midas Stock Broking Company Private Limited,Dipshikha Dhitopatra Karobar Co. Pvt Ltd.,2026-04-22 14:49:07.153784,RASUWAGADHI HYDROPOWER COMPANY LIMITED
2026042204020440,RHPL,35,38,790,287.9,227441.0,2026-04-22,187590895,2841,Kohinoor Investment & Securities Pvt. Ltd.,Dipshikha Dhitopatra Karobar Co. Pvt Ltd.,2026-04-22 14:49:15.838729,RASUWAGADHI HYDROPOWER COMPANY LIMITED
2026042204020441,RHPL,35,43,950,288.0,273600.0,2026-04-22,187590897,2841,Kohinoor Investment & Securities Pvt. Ltd.,South Asian Bulls Pvt. Ltd.,2026-04-22 14:49:15.838987,RASUWAGADHI HYDROPOWER COMPANY LIMITED
2026042204020442,RHPL,35,51,40,288.0,11520.0,2026-04-22,187590899,2841,Kohinoor Investment & Securities Pvt. Ltd.,Oxford Securities Pvt. Ltd.,2026-04-22 14:49:15.839188,RASUWAGADHI HYDROPOWER COMPANY LIMITED
2026042204020626,RHPL,50,49,10,288.7,2887.0,2026-04-22,187592144,2841,Cristal Kanchanjanga Securites Pvt. Ltd.,Online Securities Pvt. Ltd.,2026-04-22 14:49:57.806741,RASUWAGADHI HYDROPOWER COMPANY LIMITED
2026042204020663,RHPL,21,49,90,288.7,25983.0,2026-04-22,187592357,2841,Midas Stock Broking Company Private Limited,Online Securities Pvt. Ltd.,2026-04-22 14:50:04.211649,RASUWAGADHI HYDROPOWER COMPANY LIMITED
2026042204020664,RHPL,21,51,50,289.0,14450.0,2026-04-22,187592359,2841,Midas Stock Broking Company Private Limited,Oxford Securities Pvt. Ltd.,2026-04-22 14:50:04.211803,RASUWAGADHI HYDROPOWER COMPANY LIMITED
2026042204020665,RHPL,21,48,50,290.0,14500.0,2026-04-22,187592361,2841,Midas Stock Broking Company Private Limited,Trishakti Securities Public Limited,2026-04-22 14:50:04.211880,RASUWAGADHI HYDROPOWER COMPANY LIMITED
2026042204020666,RHPL,21,44,50,290.0,14500.0,2026-04-22,187592363,2841,Midas Stock Broking Company Private Limited,Dynamic Money Managers Securities Pvt. Ltd.,2026-04-22 14:50:04.211945,RASUWAGADHI HYDROPOWER COMPANY LIMITED
2026042204020667,RHPL,21,47,30,290.0,8700.0,2026-04-22,187592366,2841,Midas Stock Broking Company Private Limited,Neev Securities Pvt. Ltd.,2026-04-22 14:50:04.212006,RASUWAGADHI HYDROPOWER COMPANY LIMITED
2026042204020850,RHPL,38,41,9,282.3,2540.7,2026-04-22,187594301,2841,Dipshikha Dhitopatra Karobar Co. Pvt Ltd.,Linch Stock Market Ltd.,2026-04-22 14:51:07.062662,RASUWAGADHI HYDROPOWER COMPANY LIMITED
2026042204021070,RHPL,38,17,1,283.0,283.0,2026-04-22,187596085,2841,Dipshikha Dhitopatra Karobar Co. Pvt Ltd.,ABC Securities Private Limited,2026-04-22 14:52:09.792083,RASUWAGADHI HYDROPOWER COMPANY LIMITED
2026042204021922,RHPL,13,42,50,288.8,14440.0,2026-04-22,187601921,2841,Thrive Brokerage House Pvt. Ltd,Sani Securities Company Ltd.,2026-04-22 14:55:29.616464,RASUWAGADHI HYDROPOWER COMPANY LIMITED
2026042204022158,RHPL,46,29,10,288.7,2887.0,2026-04-22,187603475,2841,Kalika Securities Pvt. Ltd.,Trisul Securities & Invt. Ltd.,2026-04-22 14:56:09.290214,RASUWAGADHI HYDROPOWER COMPANY LIMITED
2026042204022307,RHPL,22,29,10,288.0,2880.0,2026-04-22,187604675,2841,Siprabi Securities Pvt. Ltd.,Trisul Securities & Invt. Ltd.,2026-04-22 14:56:40.153798,RASUWAGADHI HYDROPOWER COMPANY LIMITED
2026042204022445,RHPL,46,29,10,288.9,2889.0,2026-04-22,187605587,2841,Kalika Securities Pvt. Ltd.,Trisul Securities & Invt. Ltd.,2026-04-22 14:57:02.338999,RASUWAGADHI HYDROPOWER COMPANY LIMITED
2026042204022446,RHPL,46,57,10,289.0,2890.0,2026-04-22,187605590,2841,Kalika Securities Pvt. Ltd.,Aryatara Investment & Securities,2026-04-22 14:57:02.339169,RASUWAGADHI HYDROPOWER COMPANY LIMITED
2026042204023082,RHPL,25,56,10,285.1,2851.0,2026-04-22,187611128,2841,Sweta Securities Private Limited,Sri Hari Securities Pvt. Ltd.,2026-04-22 14:59:00.259833,RASUWAGADHI HYDROPOWER COMPANY LIMITED
2026042204023083,RHPL,1,56,50,285.0,14250.0,2026-04-22,187611130,2841,Kumari Securities Private Limited,Sri Hari Securities Pvt. Ltd.,2026-04-22 14:59:00.259992,RASUWAGADHI HYDROPOWER COMPANY LIMITED
2026042204023084,RHPL,77,56,15,285.0,4275.0,2026-04-22,187611132,2841,Nabil Stock Dealer Ltd.,Sri Hari Securities Pvt. Ltd.,2026-04-22 14:59:00.260069,RASUWAGADHI HYDROPOWER COMPANY LIMITED
2026042204023085,RHPL,5,56,100,283.5,28350.0,2026-04-22,187611134,2841,Market Securities & Exchange (PVT) Ltd.,Sri Hari Securities Pvt. Ltd.,2026-04-22 14:59:00.260134,RASUWAGADHI HYDROPOWER COMPANY LIMITED
2026042204023086,RHPL,22,56,125,283.1,35387.5,2026-04-22,187611135,2841,Siprabi Securities Pvt. Ltd.,Sri Hari Securities Pvt. Ltd.,2026-04-22 14:59:00.260204,RASUWAGADHI HYDROPOWER COMPANY LIMITED
2026042204023492,RHPL,48,46,10,288.0,2880.0,2026-04-22,187614160,2841,Trishakti Securities Public Limited,Kalika Securities Pvt. Ltd.,2026-04-22 14:59:57.445503,RASUWAGADHI HYDROPOWER COMPANY LIMITED
