contract_id,symbol,buyer_member_id,seller_member_id,volume,price,amount,buyer_broker,seller_broker,transaction_time
2026042203000088,SAPDBL,14,17,10,849.0,8490.0,Nepal Stock House (PVT) Ltd.,ABC Securities Private Limited,2026-04-22 11:03:16.126779
2026042203000089,SAPDBL,57,17,140,849.0,118860.0,Aryatara Investment & Securities,ABC Securities Private Limited,2026-04-22 11:03:16.126907
2026042203000106,SAPDBL,57,57,160,849.0,135840.0,Aryatara Investment & Securities,Aryatara Investment & Securities,2026-04-22 11:03:36.343245
2026042203000107,SAPDBL,57,57,88,849.0,74712.0,Aryatara Investment & Securities,Aryatara Investment & Securities,2026-04-22 11:03:36.343301
2026042203000154,SAPDBL,57,87,12,849.0,10188.0,Aryatara Investment & Securities,S.P.S.A. Securities Limited,2026-04-22 11:05:15.913250
2026042203000155,SAPDBL,22,87,11,830.1,9131.1,Siprabi Securities Pvt. Ltd.,S.P.S.A. Securities Limited,2026-04-22 11:05:15.913343
2026042203000156,SAPDBL,32,87,10,825.0,8250.0,Premier Securities Company Ltd.,S.P.S.A. Securities Limited,2026-04-22 11:05:19.272527
2026042203000327,SAPDBL,22,85,100,840.0,84000.0,Siprabi Securities Pvt. Ltd.,Capital Hub P. Ltd,2026-04-22 11:08:48.763242
2026042203000343,SAPDBL,45,72,10,832.0,8320.0,Imperial Securities Company Pvt. Ltd.,Hatemalo Financial Services Private Limited,2026-04-22 11:09:02.850288
2026042203000416,SAPDBL,4,85,20,840.0,16800.0,Opal Securities Investment (PVT) Ltd.,Capital Hub P. Ltd,2026-04-22 11:11:28.858289
2026042203000503,SAPDBL,57,57,10,840.1,8401.0,Aryatara Investment & Securities,Aryatara Investment & Securities,2026-04-22 11:14:00.440424
2026042203000504,SAPDBL,14,57,30,840.0,25200.0,Nepal Stock House (PVT) Ltd.,Aryatara Investment & Securities,2026-04-22 11:14:00.440555
2026042203000505,SAPDBL,14,57,16,840.0,13440.0,Nepal Stock House (PVT) Ltd.,Aryatara Investment & Securities,2026-04-22 11:14:00.440617
2026042203000506,SAPDBL,32,57,944,840.0,792960.0,Premier Securities Company Ltd.,Aryatara Investment & Securities,2026-04-22 11:14:00.440681
2026042203000690,SAPDBL,32,61,56,840.0,47040.0,Premier Securities Company Ltd.,BHOLE GANESH SECURITIES LTD,2026-04-22 11:18:02.524069
2026042203000691,SAPDBL,42,61,30,840.0,25200.0,Sani Securities Company Ltd.,BHOLE GANESH SECURITIES LTD,2026-04-22 11:18:02.524200
2026042203000692,SAPDBL,35,61,24,840.0,20160.0,Kohinoor Investment & Securities Pvt. Ltd.,BHOLE GANESH SECURITIES LTD,2026-04-22 11:18:02.524266
2026042203000693,SAPDBL,42,61,40,840.0,33600.0,Sani Securities Company Ltd.,BHOLE GANESH SECURITIES LTD,2026-04-22 11:18:02.524331
2026042203000763,SAPDBL,42,34,10,840.0,8400.0,Sani Securities Company Ltd.,Vision Securities Pvt. Ltd,2026-04-22 11:19:44.712823
2026042203000868,SAPDBL,34,58,50,850.0,42500.0,Vision Securities Pvt. Ltd,Naasa Securities Co. Ltd.,2026-04-22 11:22:26.516440
2026042203001312,SAPDBL,43,48,10,854.9,8549.0,South Asian Bulls Pvt. Ltd.,Trishakti Securities Public Limited,2026-04-22 11:32:36.413799
2026042203001313,SAPDBL,43,57,190,854.9,162431.0,South Asian Bulls Pvt. Ltd.,Aryatara Investment & Securities,2026-04-22 11:32:36.413972
2026042203001360,SAPDBL,49,57,20,854.9,17098.0,Online Securities Pvt. Ltd.,Aryatara Investment & Securities,2026-04-22 11:34:31.737200
2026042203001402,SAPDBL,16,57,200,854.9,170980.0,Primo Securities (PVT) Ltd.,Aryatara Investment & Securities,2026-04-22 11:35:15.438213
2026042203001445,SAPDBL,45,34,200,841.0,168200.0,Imperial Securities Company Pvt. Ltd.,Vision Securities Pvt. Ltd,2026-04-22 11:36:42.535446
2026042203001449,SAPDBL,58,34,50,840.0,42000.0,Naasa Securities Co. Ltd.,Vision Securities Pvt. Ltd,2026-04-22 11:36:57.431819
2026042203001450,SAPDBL,45,34,20,840.0,16800.0,Imperial Securities Company Pvt. Ltd.,Vision Securities Pvt. Ltd,2026-04-22 11:36:57.431974
2026042203001704,SAPDBL,38,11,30,840.0,25200.0,Dipshikha Dhitopatra Karobar Co. Pvt Ltd.,Malla & Malla Stock Broking Company Pvt. Limited,2026-04-22 11:41:04.976680
2026042203001705,SAPDBL,41,11,50,840.0,42000.0,Linch Stock Market Ltd.,Malla & Malla Stock Broking Company Pvt. Limited,2026-04-22 11:41:04.977096
2026042203001720,SAPDBL,57,11,15,840.0,12600.0,Aryatara Investment & Securities,Malla & Malla Stock Broking Company Pvt. Limited,2026-04-22 11:41:25.247629
2026042203001952,SAPDBL,32,34,10,836.1,8361.0,Premier Securities Company Ltd.,Vision Securities Pvt. Ltd,2026-04-22 11:47:31.200821
2026042203001953,SAPDBL,26,34,100,836.0,83600.0,Asian Securities Private Ltd.,Vision Securities Pvt. Ltd,2026-04-22 11:47:31.201216
2026042203001954,SAPDBL,33,34,190,836.0,158840.0,Dakshinkali Investment & Securities Pvt. Ltd.,Vision Securities Pvt. Ltd,2026-04-22 11:47:31.201323
2026042203002130,SAPDBL,33,34,10,836.0,8360.0,Dakshinkali Investment & Securities Pvt. Ltd.,Vision Securities Pvt. Ltd,2026-04-22 11:53:23.392148
2026042203002131,SAPDBL,25,34,50,836.0,41800.0,Sweta Securities Private Limited,Vision Securities Pvt. Ltd,2026-04-22 11:53:23.392363
2026042203002132,SAPDBL,41,34,30,836.0,25080.0,Linch Stock Market Ltd.,Vision Securities Pvt. Ltd,2026-04-22 11:53:23.392456
2026042203002133,SAPDBL,26,34,100,836.0,83600.0,Asian Securities Private Ltd.,Vision Securities Pvt. Ltd,2026-04-22 11:53:23.392542
2026042203002141,SAPDBL,22,34,50,835.0,41750.0,Siprabi Securities Pvt. Ltd.,Vision Securities Pvt. Ltd,2026-04-22 11:53:44.214320
2026042203002142,SAPDBL,22,34,100,835.0,83500.0,Siprabi Securities Pvt. Ltd.,Vision Securities Pvt. Ltd,2026-04-22 11:53:44.214509
2026042203002143,SAPDBL,45,34,20,835.0,16700.0,Imperial Securities Company Pvt. Ltd.,Vision Securities Pvt. Ltd,2026-04-22 11:53:44.214597
2026042203002144,SAPDBL,41,34,50,835.0,41750.0,Linch Stock Market Ltd.,Vision Securities Pvt. Ltd,2026-04-22 11:53:44.214694
2026042203002294,SAPDBL,22,57,40,835.0,33400.0,Siprabi Securities Pvt. Ltd.,Aryatara Investment & Securities,2026-04-22 11:57:02.172539
2026042203002295,SAPDBL,32,57,60,833.0,49980.0,Premier Securities Company Ltd.,Aryatara Investment & Securities,2026-04-22 11:57:02.172925
2026042203002603,SAPDBL,87,58,10,849.8,8498.0,S.P.S.A. Securities Limited,Naasa Securities Co. Ltd.,2026-04-22 12:03:56.734492
2026042203002773,SAPDBL,26,5,50,835.0,41750.0,Asian Securities Private Ltd.,Market Securities & Exchange (PVT) Ltd.,2026-04-22 12:08:41.509763
2026042203002786,SAPDBL,26,3,50,835.0,41750.0,Asian Securities Private Ltd.,Arun Securities (PVT) Ltd.,2026-04-22 12:09:09.548931
2026042203002802,SAPDBL,13,4,28,840.0,23520.0,Thrive Brokerage House Pvt. Ltd,Opal Securities Investment (PVT) Ltd.,2026-04-22 12:09:26.720460
2026042203002826,SAPDBL,13,58,70,840.0,58800.0,Thrive Brokerage House Pvt. Ltd,Naasa Securities Co. Ltd.,2026-04-22 12:09:54.433242
2026042203002829,SAPDBL,87,26,10,847.0,8470.0,S.P.S.A. Securities Limited,Asian Securities Private Ltd.,2026-04-22 12:10:00.157107
2026042203002837,SAPDBL,13,61,100,840.0,84000.0,Thrive Brokerage House Pvt. Ltd,BHOLE GANESH SECURITIES LTD,2026-04-22 12:10:19.307996
2026042203002875,SAPDBL,26,26,50,835.0,41750.0,Asian Securities Private Ltd.,Asian Securities Private Ltd.,2026-04-22 12:11:23.544680
2026042203002876,SAPDBL,22,26,50,834.6,41730.0,Siprabi Securities Pvt. Ltd.,Asian Securities Private Ltd.,2026-04-22 12:11:23.545127
2026042203002908,SAPDBL,87,56,10,840.0,8400.0,S.P.S.A. Securities Limited,Sri Hari Securities Pvt. Ltd.,2026-04-22 12:12:09.748220
2026042203002997,SAPDBL,14,58,30,835.0,25050.0,Nepal Stock House (PVT) Ltd.,Naasa Securities Co. Ltd.,2026-04-22 12:14:03.076768
2026042203002998,SAPDBL,13,58,20,835.0,16700.0,Thrive Brokerage House Pvt. Ltd,Naasa Securities Co. Ltd.,2026-04-22 12:14:03.077225
2026042203003157,SAPDBL,49,38,10,838.0,8380.0,Online Securities Pvt. Ltd.,Dipshikha Dhitopatra Karobar Co. Pvt Ltd.,2026-04-22 12:16:50.836255
2026042203003193,SAPDBL,7,39,20,837.0,16740.0,J.F. Securites (PVT) Ltd.,Sumeru Securities Pvt. Ltd.,2026-04-22 12:17:52.819758
2026042203003194,SAPDBL,57,39,130,835.1,108563.0,Aryatara Investment & Securities,Sumeru Securities Pvt. Ltd.,2026-04-22 12:17:52.819976
2026042203003212,SAPDBL,87,58,10,839.9,8399.0,S.P.S.A. Securities Limited,Naasa Securities Co. Ltd.,2026-04-22 12:18:15.246158
2026042203003243,SAPDBL,49,58,80,839.9,67192.0,Online Securities Pvt. Ltd.,Naasa Securities Co. Ltd.,2026-04-22 12:19:16.579804
2026042203003244,SAPDBL,26,56,53,840.0,44520.0,Asian Securities Private Ltd.,Sri Hari Securities Pvt. Ltd.,2026-04-22 12:19:17.153835
2026042203003254,SAPDBL,87,26,10,847.0,8470.0,S.P.S.A. Securities Limited,Asian Securities Private Ltd.,2026-04-22 12:19:26.248186
2026042203003262,SAPDBL,26,38,47,840.0,39480.0,Asian Securities Private Ltd.,Dipshikha Dhitopatra Karobar Co. Pvt Ltd.,2026-04-22 12:19:38.478050
2026042203003278,SAPDBL,87,26,10,847.0,8470.0,S.P.S.A. Securities Limited,Asian Securities Private Ltd.,2026-04-22 12:20:00.993820
2026042203003401,SAPDBL,51,38,10,840.0,8400.0,Oxford Securities Pvt. Ltd.,Dipshikha Dhitopatra Karobar Co. Pvt Ltd.,2026-04-22 12:22:46.229565
2026042203003418,SAPDBL,87,26,11,847.0,9317.0,S.P.S.A. Securities Limited,Asian Securities Private Ltd.,2026-04-22 12:23:08.480354
2026042203003441,SAPDBL,51,58,20,840.0,16800.0,Oxford Securities Pvt. Ltd.,Naasa Securities Co. Ltd.,2026-04-22 12:23:25.026193
2026042203003611,SAPDBL,58,38,20,840.0,16800.0,Naasa Securities Co. Ltd.,Dipshikha Dhitopatra Karobar Co. Pvt Ltd.,2026-04-22 12:26:12.408949
2026042203003617,SAPDBL,87,29,10,846.0,8460.0,S.P.S.A. Securities Limited,Trisul Securities & Invt. Ltd.,2026-04-22 12:26:36.011651
2026042203003754,SAPDBL,49,46,10,839.9,8399.0,Online Securities Pvt. Ltd.,Kalika Securities Pvt. Ltd.,2026-04-22 12:28:57.048997
2026042203003755,SAPDBL,16,46,200,837.1,167420.0,Primo Securities (PVT) Ltd.,Kalika Securities Pvt. Ltd.,2026-04-22 12:28:57.049075
2026042203003756,SAPDBL,13,46,52,835.0,43420.0,Thrive Brokerage House Pvt. Ltd,Kalika Securities Pvt. Ltd.,2026-04-22 12:28:57.049100
2026042203003757,SAPDBL,45,46,20,835.0,16700.0,Imperial Securities Company Pvt. Ltd.,Kalika Securities Pvt. Ltd.,2026-04-22 12:28:57.049123
2026042203003758,SAPDBL,32,46,40,835.0,33400.0,Premier Securities Company Ltd.,Kalika Securities Pvt. Ltd.,2026-04-22 12:28:57.049143
2026042203003759,SAPDBL,1,46,178,834.7,148576.6,Kumari Securities Private Limited,Kalika Securities Pvt. Ltd.,2026-04-22 12:28:57.049174
2026042203003769,SAPDBL,1,46,162,834.7,135221.4,Kumari Securities Private Limited,Kalika Securities Pvt. Ltd.,2026-04-22 12:29:07.305389
2026042203003770,SAPDBL,26,46,50,834.5,41725.0,Asian Securities Private Ltd.,Kalika Securities Pvt. Ltd.,2026-04-22 12:29:07.305608
2026042203003771,SAPDBL,25,46,50,834.1,41705.0,Sweta Securities Private Limited,Kalika Securities Pvt. Ltd.,2026-04-22 12:29:07.305708
2026042203003772,SAPDBL,57,46,70,834.0,58380.0,Aryatara Investment & Securities,Kalika Securities Pvt. Ltd.,2026-04-22 12:29:07.305806
2026042203003773,SAPDBL,33,46,100,833.0,83300.0,Dakshinkali Investment & Securities Pvt. Ltd.,Kalika Securities Pvt. Ltd.,2026-04-22 12:29:07.305902
2026042203003774,SAPDBL,34,46,100,832.1,83210.0,Vision Securities Pvt. Ltd,Kalika Securities Pvt. Ltd.,2026-04-22 12:29:07.305997
2026042203003775,SAPDBL,52,46,200,832.1,166420.0,Sundhara Securities Limited,Kalika Securities Pvt. Ltd.,2026-04-22 12:29:07.306102
2026042203003776,SAPDBL,3,46,100,832.0,83200.0,Arun Securities (PVT) Ltd.,Kalika Securities Pvt. Ltd.,2026-04-22 12:29:07.306195
2026042203003777,SAPDBL,14,46,33,832.0,27456.0,Nepal Stock House (PVT) Ltd.,Kalika Securities Pvt. Ltd.,2026-04-22 12:29:07.306295
2026042203003778,SAPDBL,17,46,100,830.1,83010.0,ABC Securities Private Limited,Kalika Securities Pvt. Ltd.,2026-04-22 12:29:07.306391
2026042203003779,SAPDBL,58,46,100,830.0,83000.0,Naasa Securities Co. Ltd.,Kalika Securities Pvt. Ltd.,2026-04-22 12:29:07.306488
2026042203003780,SAPDBL,11,46,1200,830.0,996000.0,Malla & Malla Stock Broking Company Pvt. Limited,Kalika Securities Pvt. Ltd.,2026-04-22 12:29:07.306578
2026042203003781,SAPDBL,58,46,100,830.0,83000.0,Naasa Securities Co. Ltd.,Kalika Securities Pvt. Ltd.,2026-04-22 12:29:07.306672
2026042203003782,SAPDBL,35,46,25,830.0,20750.0,Kohinoor Investment & Securities Pvt. Ltd.,Kalika Securities Pvt. Ltd.,2026-04-22 12:29:07.306774
2026042203003783,SAPDBL,42,46,119,830.0,98770.0,Sani Securities Company Ltd.,Kalika Securities Pvt. Ltd.,2026-04-22 12:29:07.306864
2026042203003784,SAPDBL,13,46,20,830.0,16600.0,Thrive Brokerage House Pvt. Ltd,Kalika Securities Pvt. Ltd.,2026-04-22 12:29:07.306956
2026042203003785,SAPDBL,38,46,600,830.0,498000.0,Dipshikha Dhitopatra Karobar Co. Pvt Ltd.,Kalika Securities Pvt. Ltd.,2026-04-22 12:29:07.307051
2026042203003790,SAPDBL,58,46,500,830.0,415000.0,Naasa Securities Co. Ltd.,Kalika Securities Pvt. Ltd.,2026-04-22 12:29:17.857260
2026042203003797,SAPDBL,21,46,15,830.0,12450.0,Midas Stock Broking Company Private Limited,Kalika Securities Pvt. Ltd.,2026-04-22 12:29:32.974765
2026042203003813,SAPDBL,32,46,20,830.0,16600.0,Premier Securities Company Ltd.,Kalika Securities Pvt. Ltd.,2026-04-22 12:30:03.489885
2026042203003820,SAPDBL,6,46,100,830.0,83000.0,Agrawal Securities (PVT) Ltd.,Kalika Securities Pvt. Ltd.,2026-04-22 12:30:08.531170
2026042203003842,SAPDBL,14,46,50,830.0,41500.0,Nepal Stock House (PVT) Ltd.,Kalika Securities Pvt. Ltd.,2026-04-22 12:30:42.830886
2026042203003880,SAPDBL,58,46,120,830.0,99600.0,Naasa Securities Co. Ltd.,Kalika Securities Pvt. Ltd.,2026-04-22 12:31:53.035800
2026042203003883,SAPDBL,57,46,65,830.0,53950.0,Aryatara Investment & Securities,Kalika Securities Pvt. Ltd.,2026-04-22 12:31:56.083779
2026042203003888,SAPDBL,32,46,30,830.0,24900.0,Premier Securities Company Ltd.,Kalika Securities Pvt. Ltd.,2026-04-22 12:32:05.554257
2026042203003893,SAPDBL,52,42,77,829.0,63833.0,Sundhara Securities Limited,Sani Securities Company Ltd.,2026-04-22 12:32:22.273143
2026042203003894,SAPDBL,90,42,50,828.2,41410.0,Sajilo Broker Limited,Sani Securities Company Ltd.,2026-04-22 12:32:22.273184
2026042203003895,SAPDBL,41,42,40,828.0,33120.0,Linch Stock Market Ltd.,Sani Securities Company Ltd.,2026-04-22 12:32:22.273207
2026042203003896,SAPDBL,7,42,50,827.0,41350.0,J.F. Securites (PVT) Ltd.,Sani Securities Company Ltd.,2026-04-22 12:32:22.273231
2026042203003897,SAPDBL,87,42,1733,827.0,1433191.0,S.P.S.A. Securities Limited,Sani Securities Company Ltd.,2026-04-22 12:32:22.273253
2026042203003906,SAPDBL,49,46,100,830.0,83000.0,Online Securities Pvt. Ltd.,Kalika Securities Pvt. Ltd.,2026-04-22 12:32:38.464405
2026042203003924,SAPDBL,35,46,10,830.0,8300.0,Kohinoor Investment & Securities Pvt. Ltd.,Kalika Securities Pvt. Ltd.,2026-04-22 12:33:21.143654
2026042203003931,SAPDBL,29,46,500,830.0,415000.0,Trisul Securities & Invt. Ltd.,Kalika Securities Pvt. Ltd.,2026-04-22 12:33:31.107811
2026042203003944,SAPDBL,35,46,50,830.0,41500.0,Kohinoor Investment & Securities Pvt. Ltd.,Kalika Securities Pvt. Ltd.,2026-04-22 12:33:47.101967
2026042203003945,SAPDBL,29,46,500,830.0,415000.0,Trisul Securities & Invt. Ltd.,Kalika Securities Pvt. Ltd.,2026-04-22 12:33:51.980454
2026042203003946,SAPDBL,34,46,30,830.0,24900.0,Vision Securities Pvt. Ltd,Kalika Securities Pvt. Ltd.,2026-04-22 12:33:52.984851
2026042203003947,SAPDBL,49,46,100,830.0,83000.0,Online Securities Pvt. Ltd.,Kalika Securities Pvt. Ltd.,2026-04-22 12:33:55.196271
2026042203003965,SAPDBL,42,46,480,830.0,398400.0,Sani Securities Company Ltd.,Kalika Securities Pvt. Ltd.,2026-04-22 12:34:21.687094
2026042203003987,SAPDBL,62,46,100,830.0,83000.0,Capital Max Securities Ltd,Kalika Securities Pvt. Ltd.,2026-04-22 12:34:47.678925
2026042203004000,SAPDBL,36,46,400,830.0,332000.0,Secured Securities Ltd.,Kalika Securities Pvt. Ltd.,2026-04-22 12:35:05.116404
2026042203004013,SAPDBL,35,46,50,830.0,41500.0,Kohinoor Investment & Securities Pvt. Ltd.,Kalika Securities Pvt. Ltd.,2026-04-22 12:35:20.302824
2026042203004063,SAPDBL,10,46,500,830.0,415000.0,Pragyan Securities (PVT) Ltd.,Kalika Securities Pvt. Ltd.,2026-04-22 12:36:49.130568
2026042203004074,SAPDBL,54,46,480,830.0,398400.0,Sewa Securities Pvt. Ltd.,Kalika Securities Pvt. Ltd.,2026-04-22 12:37:30.211097
2026042203004088,SAPDBL,54,45,10,829.9,8299.0,Sewa Securities Pvt. Ltd.,Imperial Securities Company Pvt. Ltd.,2026-04-22 12:37:51.195274
2026042203004089,SAPDBL,54,46,170,830.0,141100.0,Sewa Securities Pvt. Ltd.,Kalika Securities Pvt. Ltd.,2026-04-22 12:37:51.195734
2026042203004092,SAPDBL,14,46,50,830.0,41500.0,Nepal Stock House (PVT) Ltd.,Kalika Securities Pvt. Ltd.,2026-04-22 12:37:55.251456
2026042203004106,SAPDBL,60,46,100,830.0,83000.0,Nagarik Stock Dealer ,Kalika Securities Pvt. Ltd.,2026-04-22 12:38:18.871789
2026042203004107,SAPDBL,49,46,40,830.0,33200.0,Online Securities Pvt. Ltd.,Kalika Securities Pvt. Ltd.,2026-04-22 12:38:20.895909
2026042203004108,SAPDBL,99,46,10,830.0,8300.0,Prabhu Stock Market Limited,Kalika Securities Pvt. Ltd.,2026-04-22 12:38:24.388913
2026042203004112,SAPDBL,34,46,500,830.0,415000.0,Vision Securities Pvt. Ltd,Kalika Securities Pvt. Ltd.,2026-04-22 12:38:31.952821
2026042203004113,SAPDBL,99,52,10,829.9,8299.0,Prabhu Stock Market Limited,Sundhara Securities Limited,2026-04-22 12:38:32.803128
2026042203004116,SAPDBL,14,52,150,829.9,124485.0,Nepal Stock House (PVT) Ltd.,Sundhara Securities Limited,2026-04-22 12:38:36.358956
2026042203004128,SAPDBL,33,52,200,829.9,165980.0,Dakshinkali Investment & Securities Pvt. Ltd.,Sundhara Securities Limited,2026-04-22 12:38:52.050315
2026042203004142,SAPDBL,34,45,10,829.8,8298.0,Vision Securities Pvt. Ltd,Imperial Securities Company Pvt. Ltd.,2026-04-22 12:39:20.075266
2026042203004143,SAPDBL,34,52,10,829.9,8299.0,Vision Securities Pvt. Ltd,Sundhara Securities Limited,2026-04-22 12:39:20.075560
2026042203004144,SAPDBL,34,46,180,830.0,149400.0,Vision Securities Pvt. Ltd,Kalika Securities Pvt. Ltd.,2026-04-22 12:39:20.075672
2026042203004160,SAPDBL,99,45,10,829.9,8299.0,Prabhu Stock Market Limited,Imperial Securities Company Pvt. Ltd.,2026-04-22 12:40:02.487219
2026042203004163,SAPDBL,58,46,168,830.0,139440.0,Naasa Securities Co. Ltd.,Kalika Securities Pvt. Ltd.,2026-04-22 12:40:04.183663
2026042203004178,SAPDBL,45,45,10,829.9,8299.0,Imperial Securities Company Pvt. Ltd.,Imperial Securities Company Pvt. Ltd.,2026-04-22 12:40:32.168828
2026042203004179,SAPDBL,45,52,15,829.9,12448.5,Imperial Securities Company Pvt. Ltd.,Sundhara Securities Limited,2026-04-22 12:40:32.169364
2026042203004183,SAPDBL,99,52,50,829.9,41495.0,Prabhu Stock Market Limited,Sundhara Securities Limited,2026-04-22 12:40:42.971983
2026042203004184,SAPDBL,26,19,15,828.3,12424.5,Asian Securities Private Ltd.,Nepal Investment And Securities Trading Private Limited,2026-04-22 12:40:44.979288
2026042203004186,SAPDBL,25,52,200,829.9,165980.0,Sweta Securities Private Limited,Sundhara Securities Limited,2026-04-22 12:40:53.769416
2026042203004206,SAPDBL,64,58,13,830.0,10790.0,SUN SECURITIES PVT LTD,Naasa Securities Co. Ltd.,2026-04-22 12:42:07.684951
2026042203004235,SAPDBL,64,87,37,830.0,30710.0,SUN SECURITIES PVT LTD,S.P.S.A. Securities Limited,2026-04-22 12:43:08.701987
2026042203004264,SAPDBL,50,52,20,829.9,16598.0,Cristal Kanchanjanga Securites Pvt. Ltd.,Sundhara Securities Limited,2026-04-22 12:43:27.375843
2026042203004265,SAPDBL,34,52,70,829.9,58093.0,Vision Securities Pvt. Ltd,Sundhara Securities Limited,2026-04-22 12:43:29.610215
2026042203004270,SAPDBL,1,52,10,829.9,8299.0,Kumari Securities Private Limited,Sundhara Securities Limited,2026-04-22 12:43:39.553593
2026042203004281,SAPDBL,53,52,50,829.9,41495.0,Investment Management Nepal Pvt. Ltd.,Sundhara Securities Limited,2026-04-22 12:43:53.049842
2026042203004285,SAPDBL,38,52,15,829.9,12448.5,Dipshikha Dhitopatra Karobar Co. Pvt Ltd.,Sundhara Securities Limited,2026-04-22 12:43:53.758697
2026042203004302,SAPDBL,26,52,35,829.5,29032.5,Asian Securities Private Ltd.,Sundhara Securities Limited,2026-04-22 12:44:08.205820
2026042203004348,SAPDBL,36,52,50,829.9,41495.0,Secured Securities Ltd.,Sundhara Securities Limited,2026-04-22 12:45:07.937234
2026042203004364,SAPDBL,1,52,10,829.9,8299.0,Kumari Securities Private Limited,Sundhara Securities Limited,2026-04-22 12:45:33.901984
2026042203004365,SAPDBL,17,52,100,829.9,82990.0,ABC Securities Private Limited,Sundhara Securities Limited,2026-04-22 12:45:39.064453
2026042203004366,SAPDBL,38,52,100,829.9,82990.0,Dipshikha Dhitopatra Karobar Co. Pvt Ltd.,Sundhara Securities Limited,2026-04-22 12:45:41.840596
2026042203004376,SAPDBL,99,52,50,829.9,41495.0,Prabhu Stock Market Limited,Sundhara Securities Limited,2026-04-22 12:45:56.309422
2026042203004381,SAPDBL,99,52,20,829.9,16598.0,Prabhu Stock Market Limited,Sundhara Securities Limited,2026-04-22 12:46:15.202835
2026042203004386,SAPDBL,58,52,100,829.9,82990.0,Naasa Securities Co. Ltd.,Sundhara Securities Limited,2026-04-22 12:46:26.390019
2026042203004451,SAPDBL,21,3,50,829.6,41480.0,Midas Stock Broking Company Private Limited,Arun Securities (PVT) Ltd.,2026-04-22 12:47:57.137083
2026042203004485,SAPDBL,35,45,10,829.8,8298.0,Kohinoor Investment & Securities Pvt. Ltd.,Imperial Securities Company Pvt. Ltd.,2026-04-22 12:48:58.035888
2026042203004486,SAPDBL,35,52,90,829.9,74691.0,Kohinoor Investment & Securities Pvt. Ltd.,Sundhara Securities Limited,2026-04-22 12:48:58.036208
2026042203004500,SAPDBL,21,52,10,829.6,8296.0,Midas Stock Broking Company Private Limited,Sundhara Securities Limited,2026-04-22 12:49:34.613240
2026042203004501,SAPDBL,26,52,30,829.5,24885.0,Asian Securities Private Ltd.,Sundhara Securities Limited,2026-04-22 12:49:34.613355
2026042203004502,SAPDBL,34,52,20,829.2,16584.0,Vision Securities Pvt. Ltd,Sundhara Securities Limited,2026-04-22 12:49:34.613419
2026042203004503,SAPDBL,26,52,20,829.1,16582.0,Asian Securities Private Ltd.,Sundhara Securities Limited,2026-04-22 12:49:34.613487
2026042203004504,SAPDBL,59,52,100,829.0,82900.0,Deevyaa Securities & Stock House Pvt. Ltd,Sundhara Securities Limited,2026-04-22 12:49:34.613547
2026042203004505,SAPDBL,45,52,20,829.0,16580.0,Imperial Securities Company Pvt. Ltd.,Sundhara Securities Limited,2026-04-22 12:49:34.613608
2026042203004506,SAPDBL,87,52,3886,829.0,3221494.0,S.P.S.A. Securities Limited,Sundhara Securities Limited,2026-04-22 12:49:34.613667
2026042203004522,SAPDBL,26,87,100,828.0,82800.0,Asian Securities Private Ltd.,S.P.S.A. Securities Limited,2026-04-22 12:50:20.275261
2026042203004523,SAPDBL,25,87,28,828.0,23184.0,Sweta Securities Private Limited,S.P.S.A. Securities Limited,2026-04-22 12:50:20.275357
2026042203004524,SAPDBL,34,87,200,828.0,165600.0,Vision Securities Pvt. Ltd,S.P.S.A. Securities Limited,2026-04-22 12:50:20.275431
2026042203004525,SAPDBL,49,87,20,828.0,16560.0,Online Securities Pvt. Ltd.,S.P.S.A. Securities Limited,2026-04-22 12:50:20.275488
2026042203004528,SAPDBL,32,87,10,827.0,8270.0,Premier Securities Company Ltd.,S.P.S.A. Securities Limited,2026-04-22 12:50:26.630449
2026042203004529,SAPDBL,6,87,10,825.5,8255.0,Agrawal Securities (PVT) Ltd.,S.P.S.A. Securities Limited,2026-04-22 12:50:26.630566
2026042203004530,SAPDBL,58,87,11,825.1,9076.1,Naasa Securities Co. Ltd.,S.P.S.A. Securities Limited,2026-04-22 12:50:26.630692
2026042203004552,SAPDBL,17,52,50,829.9,41495.0,ABC Securities Private Limited,Sundhara Securities Limited,2026-04-22 12:51:08.233268
2026042203004594,SAPDBL,17,45,10,829.8,8298.0,ABC Securities Private Limited,Imperial Securities Company Pvt. Ltd.,2026-04-22 12:53:09.105933
2026042203004595,SAPDBL,17,52,40,829.9,33196.0,ABC Securities Private Limited,Sundhara Securities Limited,2026-04-22 12:53:09.106447
2026042203004674,SAPDBL,74,52,225,829.9,186727.5,KALASH STOCK MARKET PVT. LTD.,Sundhara Securities Limited,2026-04-22 12:55:20.005469
2026042203004711,SAPDBL,16,87,11,830.0,9130.0,Primo Securities (PVT) Ltd.,S.P.S.A. Securities Limited,2026-04-22 12:56:24.598119
2026042203004748,SAPDBL,52,87,100,830.0,83000.0,Sundhara Securities Limited,S.P.S.A. Securities Limited,2026-04-22 12:57:27.124455
2026042203004755,SAPDBL,22,87,10,830.0,8300.0,Siprabi Securities Pvt. Ltd.,S.P.S.A. Securities Limited,2026-04-22 12:57:50.702953
2026042203004791,SAPDBL,35,45,10,829.8,8298.0,Kohinoor Investment & Securities Pvt. Ltd.,Imperial Securities Company Pvt. Ltd.,2026-04-22 12:58:57.269255
2026042203004792,SAPDBL,35,49,80,829.9,66392.0,Kohinoor Investment & Securities Pvt. Ltd.,Online Securities Pvt. Ltd.,2026-04-22 12:58:57.269788
2026042203004793,SAPDBL,14,49,500,829.9,414950.0,Nepal Stock House (PVT) Ltd.,Online Securities Pvt. Ltd.,2026-04-22 12:58:57.353490
2026042203004864,SAPDBL,87,52,34,829.0,28186.0,S.P.S.A. Securities Limited,Sundhara Securities Limited,2026-04-22 13:01:15.151397
2026042203004875,SAPDBL,56,49,275,829.9,228222.5,Sri Hari Securities Pvt. Ltd.,Online Securities Pvt. Ltd.,2026-04-22 13:01:33.376487
2026042203004881,SAPDBL,56,87,225,830.0,186750.0,Sri Hari Securities Pvt. Ltd.,S.P.S.A. Securities Limited,2026-04-22 13:01:50.612714
2026042203004892,SAPDBL,36,87,25,830.0,20750.0,Secured Securities Ltd.,S.P.S.A. Securities Limited,2026-04-22 13:02:37.646444
2026042203004899,SAPDBL,58,87,91,830.0,75530.0,Naasa Securities Co. Ltd.,S.P.S.A. Securities Limited,2026-04-22 13:03:05.615857
2026042203004959,SAPDBL,74,87,250,830.0,207500.0,KALASH STOCK MARKET PVT. LTD.,S.P.S.A. Securities Limited,2026-04-22 13:06:01.835157
2026042203005031,SAPDBL,87,57,26,829.0,21554.0,S.P.S.A. Securities Limited,Aryatara Investment & Securities,2026-04-22 13:08:33.501456
2026042203005032,SAPDBL,74,57,25,828.1,20702.5,KALASH STOCK MARKET PVT. LTD.,Aryatara Investment & Securities,2026-04-22 13:08:33.501775
2026042203005033,SAPDBL,21,57,50,828.1,41405.0,Midas Stock Broking Company Private Limited,Aryatara Investment & Securities,2026-04-22 13:08:33.501900
2026042203005034,SAPDBL,42,57,30,828.0,24840.0,Sani Securities Company Ltd.,Aryatara Investment & Securities,2026-04-22 13:08:33.502019
2026042203005035,SAPDBL,8,57,100,828.0,82800.0,Brilliant Securities Pvt. Ltd.,Aryatara Investment & Securities,2026-04-22 13:08:33.502149
2026042203005036,SAPDBL,41,57,50,827.0,41350.0,Linch Stock Market Ltd.,Aryatara Investment & Securities,2026-04-22 13:08:33.502268
2026042203005037,SAPDBL,6,57,50,827.0,41350.0,Agrawal Securities (PVT) Ltd.,Aryatara Investment & Securities,2026-04-22 13:08:33.502387
2026042203005038,SAPDBL,87,57,169,827.0,139763.0,S.P.S.A. Securities Limited,Aryatara Investment & Securities,2026-04-22 13:08:33.502505
2026042203005116,SAPDBL,5,52,250,829.9,207475.0,Market Securities & Exchange (PVT) Ltd.,Sundhara Securities Limited,2026-04-22 13:12:00.869090
2026042203005123,SAPDBL,4,52,25,829.9,20747.5,Opal Securities Investment (PVT) Ltd.,Sundhara Securities Limited,2026-04-22 13:12:27.167080
2026042203005135,SAPDBL,4,52,31,829.9,25726.9,Opal Securities Investment (PVT) Ltd.,Sundhara Securities Limited,2026-04-22 13:12:46.896482
2026042203005156,SAPDBL,58,51,18,828.1,14905.8,Naasa Securities Co. Ltd.,Oxford Securities Pvt. Ltd.,2026-04-22 13:14:00.863966
2026042203005157,SAPDBL,74,51,68,828.0,56304.0,KALASH STOCK MARKET PVT. LTD.,Oxford Securities Pvt. Ltd.,2026-04-22 13:14:00.864099
2026042203005160,SAPDBL,74,66,32,828.0,26496.0,KALASH STOCK MARKET PVT. LTD.,Miyo Securities Pvt Ltd,2026-04-22 13:14:04.015714
2026042203005161,SAPDBL,62,66,113,828.0,93564.0,Capital Max Securities Ltd,Miyo Securities Pvt Ltd,2026-04-22 13:14:04.016279
2026042203005166,SAPDBL,42,52,100,829.9,82990.0,Sani Securities Company Ltd.,Sundhara Securities Limited,2026-04-22 13:14:22.816029
2026042203005173,SAPDBL,16,51,30,827.3,24819.0,Primo Securities (PVT) Ltd.,Oxford Securities Pvt. Ltd.,2026-04-22 13:14:46.441263
2026042203005174,SAPDBL,99,51,20,826.1,16522.0,Prabhu Stock Market Limited,Oxford Securities Pvt. Ltd.,2026-04-22 13:14:46.441307
2026042203005175,SAPDBL,38,51,520,826.1,429572.0,Dipshikha Dhitopatra Karobar Co. Pvt Ltd.,Oxford Securities Pvt. Ltd.,2026-04-22 13:14:46.441331
2026042203005176,SAPDBL,21,51,300,826.0,247800.0,Midas Stock Broking Company Private Limited,Oxford Securities Pvt. Ltd.,2026-04-22 13:14:46.441355
2026042203005177,SAPDBL,26,51,100,826.0,82600.0,Asian Securities Private Ltd.,Oxford Securities Pvt. Ltd.,2026-04-22 13:14:46.441377
2026042203005178,SAPDBL,49,51,500,825.5,412750.0,Online Securities Pvt. Ltd.,Oxford Securities Pvt. Ltd.,2026-04-22 13:14:46.441402
2026042203005179,SAPDBL,51,51,10,825.5,8255.0,Oxford Securities Pvt. Ltd.,Oxford Securities Pvt. Ltd.,2026-04-22 13:14:46.441429
2026042203005180,SAPDBL,87,51,1000,825.5,825500.0,S.P.S.A. Securities Limited,Oxford Securities Pvt. Ltd.,2026-04-22 13:14:46.441450
2026042203005181,SAPDBL,59,51,50,825.1,41255.0,Deevyaa Securities & Stock House Pvt. Ltd,Oxford Securities Pvt. Ltd.,2026-04-22 13:14:46.441472
2026042203005182,SAPDBL,87,51,1370,825.1,1130387.0,S.P.S.A. Securities Limited,Oxford Securities Pvt. Ltd.,2026-04-22 13:14:46.441495
2026042203005197,SAPDBL,36,52,94,829.9,78010.6,Secured Securities Ltd.,Sundhara Securities Limited,2026-04-22 13:15:14.695661
2026042203005198,SAPDBL,36,52,206,829.9,170959.4,Secured Securities Ltd.,Sundhara Securities Limited,2026-04-22 13:15:14.696230
2026042203005238,SAPDBL,58,52,94,825.2,77568.8,Naasa Securities Co. Ltd.,Sundhara Securities Limited,2026-04-22 13:16:50.274861
2026042203005318,SAPDBL,58,74,29,829.8,24064.2,Naasa Securities Co. Ltd.,KALASH STOCK MARKET PVT. LTD.,2026-04-22 13:19:57.134400
2026042203005330,SAPDBL,16,74,15,829.8,12447.0,Primo Securities (PVT) Ltd.,KALASH STOCK MARKET PVT. LTD.,2026-04-22 13:20:36.173388
2026042203005387,SAPDBL,74,74,20,829.6,16592.0,KALASH STOCK MARKET PVT. LTD.,KALASH STOCK MARKET PVT. LTD.,2026-04-22 13:22:30.058484
2026042203005406,SAPDBL,58,74,36,828.9,29840.4,Naasa Securities Co. Ltd.,KALASH STOCK MARKET PVT. LTD.,2026-04-22 13:23:37.822231
2026042203005407,SAPDBL,58,26,10,829.0,8290.0,Naasa Securities Co. Ltd.,Asian Securities Private Ltd.,2026-04-22 13:23:37.822782
2026042203005408,SAPDBL,58,26,10,829.7,8297.0,Naasa Securities Co. Ltd.,Asian Securities Private Ltd.,2026-04-22 13:23:37.823135
2026042203005409,SAPDBL,58,11,50,830.0,41500.0,Naasa Securities Co. Ltd.,Malla & Malla Stock Broking Company Pvt. Limited,2026-04-22 13:23:37.823468
2026042203005417,SAPDBL,58,87,24,830.0,19920.0,Naasa Securities Co. Ltd.,S.P.S.A. Securities Limited,2026-04-22 13:23:52.128999
2026042203005432,SAPDBL,5,87,50,830.0,41500.0,Market Securities & Exchange (PVT) Ltd.,S.P.S.A. Securities Limited,2026-04-22 13:25:10.897931
2026042203005439,SAPDBL,74,87,80,830.0,66400.0,KALASH STOCK MARKET PVT. LTD.,S.P.S.A. Securities Limited,2026-04-22 13:25:28.175802
2026042203005445,SAPDBL,74,87,100,830.0,83000.0,KALASH STOCK MARKET PVT. LTD.,S.P.S.A. Securities Limited,2026-04-22 13:25:56.712113
2026042203005502,SAPDBL,41,14,200,829.0,165800.0,Linch Stock Market Ltd.,Nepal Stock House (PVT) Ltd.,2026-04-22 13:29:07.851443
2026042203005503,SAPDBL,74,52,100,827.1,82710.0,KALASH STOCK MARKET PVT. LTD.,Sundhara Securities Limited,2026-04-22 13:29:11.143889
2026042203005504,SAPDBL,62,52,15,827.0,12405.0,Capital Max Securities Ltd,Sundhara Securities Limited,2026-04-22 13:29:11.143997
2026042203005505,SAPDBL,38,52,100,827.0,82700.0,Dipshikha Dhitopatra Karobar Co. Pvt Ltd.,Sundhara Securities Limited,2026-04-22 13:29:11.144099
2026042203005506,SAPDBL,97,52,150,827.0,124050.0,R.B.B. Securities Company Ltd,Sundhara Securities Limited,2026-04-22 13:29:11.144165
2026042203005507,SAPDBL,58,52,200,826.3,165260.0,Naasa Securities Co. Ltd.,Sundhara Securities Limited,2026-04-22 13:29:11.144239
2026042203005508,SAPDBL,58,52,13,826.2,10740.6,Naasa Securities Co. Ltd.,Sundhara Securities Limited,2026-04-22 13:29:11.144315
2026042203005509,SAPDBL,38,52,50,826.2,41310.0,Dipshikha Dhitopatra Karobar Co. Pvt Ltd.,Sundhara Securities Limited,2026-04-22 13:29:11.144418
2026042203005510,SAPDBL,47,52,50,826.1,41305.0,Neev Securities Pvt. Ltd.,Sundhara Securities Limited,2026-04-22 13:29:11.144505
2026042203005511,SAPDBL,21,52,100,826.1,82610.0,Midas Stock Broking Company Private Limited,Sundhara Securities Limited,2026-04-22 13:29:11.144611
2026042203005512,SAPDBL,14,52,50,826.1,41305.0,Nepal Stock House (PVT) Ltd.,Sundhara Securities Limited,2026-04-22 13:29:11.144703
2026042203005513,SAPDBL,5,52,100,826.0,82600.0,Market Securities & Exchange (PVT) Ltd.,Sundhara Securities Limited,2026-04-22 13:29:11.144794
2026042203005514,SAPDBL,87,52,772,826.0,637672.0,S.P.S.A. Securities Limited,Sundhara Securities Limited,2026-04-22 13:29:11.144860
2026042203005550,SAPDBL,87,77,10,827.1,8271.0,S.P.S.A. Securities Limited,Nabil Stock Dealer Ltd.,2026-04-22 13:30:14.904496
2026042203005551,SAPDBL,87,62,10,840.0,8400.0,S.P.S.A. Securities Limited,Capital Max Securities Ltd,2026-04-22 13:30:14.904552
2026042203005689,SAPDBL,1,46,100,830.0,83000.0,Kumari Securities Private Limited,Kalika Securities Pvt. Ltd.,2026-04-22 13:34:37.775181
2026042203005690,SAPDBL,44,17,10,827.0,8270.0,Dynamic Money Managers Securities Pvt. Ltd.,ABC Securities Private Limited,2026-04-22 13:34:39.099204
2026042203005772,SAPDBL,58,46,29,830.0,24070.0,Naasa Securities Co. Ltd.,Kalika Securities Pvt. Ltd.,2026-04-22 13:38:53.617629
2026042203005783,SAPDBL,74,62,10,829.0,8290.0,KALASH STOCK MARKET PVT. LTD.,Capital Max Securities Ltd,2026-04-22 13:39:37.387133
2026042203005784,SAPDBL,74,62,48,828.0,39744.0,KALASH STOCK MARKET PVT. LTD.,Capital Max Securities Ltd,2026-04-22 13:39:37.387209
2026042203005802,SAPDBL,1,46,15,830.0,12450.0,Kumari Securities Private Limited,Kalika Securities Pvt. Ltd.,2026-04-22 13:40:31.699601
2026042203005813,SAPDBL,74,54,52,828.0,43056.0,KALASH STOCK MARKET PVT. LTD.,Sewa Securities Pvt. Ltd.,2026-04-22 13:40:58.130154
2026042203005814,SAPDBL,67,54,150,828.0,124200.0,Property Wiard Limited,Sewa Securities Pvt. Ltd.,2026-04-22 13:40:58.130739
2026042203005815,SAPDBL,62,54,10,828.0,8280.0,Capital Max Securities Ltd,Sewa Securities Pvt. Ltd.,2026-04-22 13:40:58.131124
2026042203005816,SAPDBL,6,54,30,827.3,24819.0,Agrawal Securities (PVT) Ltd.,Sewa Securities Pvt. Ltd.,2026-04-22 13:40:58.131519
2026042203005817,SAPDBL,87,54,508,827.3,420268.4,S.P.S.A. Securities Limited,Sewa Securities Pvt. Ltd.,2026-04-22 13:40:58.131884
2026042203005826,SAPDBL,36,46,800,830.0,664000.0,Secured Securities Ltd.,Kalika Securities Pvt. Ltd.,2026-04-22 13:41:24.640343
2026042203005946,SAPDBL,4,46,20,830.0,16600.0,Opal Securities Investment (PVT) Ltd.,Kalika Securities Pvt. Ltd.,2026-04-22 13:46:25.869591
2026042203005994,SAPDBL,39,46,36,830.0,29880.0,Sumeru Securities Pvt. Ltd.,Kalika Securities Pvt. Ltd.,2026-04-22 13:48:11.980196
2026042203005995,SAPDBL,39,45,50,830.0,41500.0,Sumeru Securities Pvt. Ltd.,Imperial Securities Company Pvt. Ltd.,2026-04-22 13:48:11.980790
2026042203005996,SAPDBL,39,46,14,830.0,11620.0,Sumeru Securities Pvt. Ltd.,Kalika Securities Pvt. Ltd.,2026-04-22 13:48:11.981217
2026042203006007,SAPDBL,39,46,100,830.0,83000.0,Sumeru Securities Pvt. Ltd.,Kalika Securities Pvt. Ltd.,2026-04-22 13:48:41.563185
2026042203006008,SAPDBL,99,46,400,830.0,332000.0,Prabhu Stock Market Limited,Kalika Securities Pvt. Ltd.,2026-04-22 13:48:43.085239
2026042203006023,SAPDBL,44,46,550,830.0,456500.0,Dynamic Money Managers Securities Pvt. Ltd.,Kalika Securities Pvt. Ltd.,2026-04-22 13:48:57.169182
2026042203006046,SAPDBL,39,46,30,830.0,24900.0,Sumeru Securities Pvt. Ltd.,Kalika Securities Pvt. Ltd.,2026-04-22 13:49:32.915339
2026042203006059,SAPDBL,49,87,10,829.0,8290.0,Online Securities Pvt. Ltd.,S.P.S.A. Securities Limited,2026-04-22 13:49:56.867956
2026042203006061,SAPDBL,57,46,20,830.0,16600.0,Aryatara Investment & Securities,Kalika Securities Pvt. Ltd.,2026-04-22 13:49:57.587317
2026042203006068,SAPDBL,42,46,86,830.0,71380.0,Sani Securities Company Ltd.,Kalika Securities Pvt. Ltd.,2026-04-22 13:50:12.318816
2026042203006087,SAPDBL,87,46,10,835.0,8350.0,S.P.S.A. Securities Limited,Kalika Securities Pvt. Ltd.,2026-04-22 13:51:13.732364
2026042203006093,SAPDBL,57,32,10,830.0,8300.0,Aryatara Investment & Securities,Premier Securities Company Ltd.,2026-04-22 13:51:44.648424
2026042203006098,SAPDBL,58,32,165,829.0,136785.0,Naasa Securities Co. Ltd.,Premier Securities Company Ltd.,2026-04-22 13:52:08.483964
2026042203006099,SAPDBL,74,32,125,829.0,103625.0,KALASH STOCK MARKET PVT. LTD.,Premier Securities Company Ltd.,2026-04-22 13:52:23.989661
2026042203006122,SAPDBL,87,46,10,835.0,8350.0,S.P.S.A. Securities Limited,Kalika Securities Pvt. Ltd.,2026-04-22 13:53:04.400144
2026042203006253,SAPDBL,42,1,10,834.9,8349.0,Sani Securities Company Ltd.,Kumari Securities Private Limited,2026-04-22 13:57:46.961298
2026042203006254,SAPDBL,42,46,90,835.0,75150.0,Sani Securities Company Ltd.,Kalika Securities Pvt. Ltd.,2026-04-22 13:57:46.961888
2026042203006269,SAPDBL,74,7,10,834.9,8349.0,KALASH STOCK MARKET PVT. LTD.,J.F. Securites (PVT) Ltd.,2026-04-22 13:58:20.382675
2026042203006316,SAPDBL,58,36,32,830.3,26569.6,Naasa Securities Co. Ltd.,Secured Securities Ltd.,2026-04-22 14:00:09.944352
2026042203006317,SAPDBL,34,36,200,830.2,166040.0,Vision Securities Pvt. Ltd,Secured Securities Ltd.,2026-04-22 14:00:09.944659
2026042203006318,SAPDBL,52,36,500,830.0,415000.0,Sundhara Securities Limited,Secured Securities Ltd.,2026-04-22 14:00:09.944801
2026042203006319,SAPDBL,74,36,50,829.0,41450.0,KALASH STOCK MARKET PVT. LTD.,Secured Securities Ltd.,2026-04-22 14:00:09.944930
2026042203006320,SAPDBL,35,36,100,829.0,82900.0,Kohinoor Investment & Securities Pvt. Ltd.,Secured Securities Ltd.,2026-04-22 14:00:09.945069
2026042203006321,SAPDBL,46,36,118,829.0,97822.0,Kalika Securities Pvt. Ltd.,Secured Securities Ltd.,2026-04-22 14:00:09.945196
2026042203006322,SAPDBL,87,7,10,834.9,8349.0,S.P.S.A. Securities Limited,J.F. Securites (PVT) Ltd.,2026-04-22 14:00:20.697119
2026042203006339,SAPDBL,46,52,700,829.0,580300.0,Kalika Securities Pvt. Ltd.,Sundhara Securities Limited,2026-04-22 14:01:02.224195
2026042203006341,SAPDBL,87,7,21,834.9,17532.9,S.P.S.A. Securities Limited,J.F. Securites (PVT) Ltd.,2026-04-22 14:01:13.571706
2026042203006358,SAPDBL,51,46,185,835.0,154475.0,Oxford Securities Pvt. Ltd.,Kalika Securities Pvt. Ltd.,2026-04-22 14:01:46.530173
2026042203006399,SAPDBL,6,46,110,835.0,91850.0,Agrawal Securities (PVT) Ltd.,Kalika Securities Pvt. Ltd.,2026-04-22 14:03:28.925250
2026042203006427,SAPDBL,6,46,20,835.0,16700.0,Agrawal Securities (PVT) Ltd.,Kalika Securities Pvt. Ltd.,2026-04-22 14:04:31.416174
2026042203006463,SAPDBL,42,58,5,820.0,4100.0,Sani Securities Company Ltd.,Naasa Securities Co. Ltd.,2026-04-22 14:06:47.082640
2026042203006520,SAPDBL,58,46,10,834.6,8346.0,Naasa Securities Co. Ltd.,Kalika Securities Pvt. Ltd.,2026-04-22 14:09:01.365718
2026042203006522,SAPDBL,38,46,20,834.0,16680.0,Dipshikha Dhitopatra Karobar Co. Pvt Ltd.,Kalika Securities Pvt. Ltd.,2026-04-22 14:09:07.061439
2026042203006606,SAPDBL,58,7,15,833.9,12508.5,Naasa Securities Co. Ltd.,J.F. Securites (PVT) Ltd.,2026-04-22 14:11:57.318257
2026042203006612,SAPDBL,17,7,15,833.9,12508.5,ABC Securities Private Limited,J.F. Securites (PVT) Ltd.,2026-04-22 14:12:04.985663
2026042203006649,SAPDBL,32,7,19,832.0,15808.0,Premier Securities Company Ltd.,J.F. Securites (PVT) Ltd.,2026-04-22 14:13:48.436657
2026042203006652,SAPDBL,87,7,11,833.9,9172.9,S.P.S.A. Securities Limited,J.F. Securites (PVT) Ltd.,2026-04-22 14:14:00.084592
2026042203006676,SAPDBL,32,46,281,832.0,233792.0,Premier Securities Company Ltd.,Kalika Securities Pvt. Ltd.,2026-04-22 14:15:08.619216
2026042203006692,SAPDBL,57,70,110,830.1,91311.0,Aryatara Investment & Securities,Infinity Securities Limited,2026-04-22 14:15:23.552621
2026042203006693,SAPDBL,95,70,40,830.1,33204.0,Magnet Securities and Investment Company Private Limited,Infinity Securities Limited,2026-04-22 14:15:23.553300
2026042203006694,SAPDBL,38,70,20,830.1,16602.0,Dipshikha Dhitopatra Karobar Co. Pvt Ltd.,Infinity Securities Limited,2026-04-22 14:15:23.553693
2026042203006695,SAPDBL,45,70,50,830.0,41500.0,Imperial Securities Company Pvt. Ltd.,Infinity Securities Limited,2026-04-22 14:15:23.554091
2026042203006696,SAPDBL,59,70,35,830.0,29050.0,Deevyaa Securities & Stock House Pvt. Ltd,Infinity Securities Limited,2026-04-22 14:15:23.554476
2026042203006697,SAPDBL,51,70,50,830.0,41500.0,Oxford Securities Pvt. Ltd.,Infinity Securities Limited,2026-04-22 14:15:23.554854
2026042203006698,SAPDBL,58,70,10,829.1,8291.0,Naasa Securities Co. Ltd.,Infinity Securities Limited,2026-04-22 14:15:23.555248
2026042203006699,SAPDBL,54,70,215,829.1,178256.5,Sewa Securities Pvt. Ltd.,Infinity Securities Limited,2026-04-22 14:15:23.555630
2026042203006707,SAPDBL,87,7,10,833.9,8339.0,S.P.S.A. Securities Limited,J.F. Securites (PVT) Ltd.,2026-04-22 14:15:45.159329
2026042203006982,SAPDBL,74,57,12,830.0,9960.0,KALASH STOCK MARKET PVT. LTD.,Aryatara Investment & Securities,2026-04-22 14:23:01.392085
2026042203007006,SAPDBL,74,57,40,830.0,33200.0,KALASH STOCK MARKET PVT. LTD.,Aryatara Investment & Securities,2026-04-22 14:23:47.605894
2026042203007048,SAPDBL,54,7,89,829.1,73789.9,Sewa Securities Pvt. Ltd.,J.F. Securites (PVT) Ltd.,2026-04-22 14:25:07.659104
2026042203007066,SAPDBL,74,46,50,830.0,41500.0,KALASH STOCK MARKET PVT. LTD.,Kalika Securities Pvt. Ltd.,2026-04-22 14:25:48.566101
2026042203007078,SAPDBL,74,46,110,830.0,91300.0,KALASH STOCK MARKET PVT. LTD.,Kalika Securities Pvt. Ltd.,2026-04-22 14:26:02.161110
2026042203007085,SAPDBL,54,38,28,829.1,23214.8,Sewa Securities Pvt. Ltd.,Dipshikha Dhitopatra Karobar Co. Pvt Ltd.,2026-04-22 14:26:32.734654
2026042203007167,SAPDBL,38,46,50,830.0,41500.0,Dipshikha Dhitopatra Karobar Co. Pvt Ltd.,Kalika Securities Pvt. Ltd.,2026-04-22 14:28:20.144780
2026042203007174,SAPDBL,74,46,50,830.0,41500.0,KALASH STOCK MARKET PVT. LTD.,Kalika Securities Pvt. Ltd.,2026-04-22 14:28:40.467562
2026042203007184,SAPDBL,38,46,35,830.0,29050.0,Dipshikha Dhitopatra Karobar Co. Pvt Ltd.,Kalika Securities Pvt. Ltd.,2026-04-22 14:28:58.466132
2026042203007230,SAPDBL,49,46,205,830.0,170150.0,Online Securities Pvt. Ltd.,Kalika Securities Pvt. Ltd.,2026-04-22 14:29:48.473267
2026042203007234,SAPDBL,87,46,10,831.0,8310.0,S.P.S.A. Securities Limited,Kalika Securities Pvt. Ltd.,2026-04-22 14:29:53.940537
2026042203007250,SAPDBL,49,45,35,830.0,29050.0,Online Securities Pvt. Ltd.,Imperial Securities Company Pvt. Ltd.,2026-04-22 14:30:29.733784
2026042203007251,SAPDBL,54,45,68,829.1,56378.8,Sewa Securities Pvt. Ltd.,Imperial Securities Company Pvt. Ltd.,2026-04-22 14:30:29.734114
2026042203007252,SAPDBL,74,45,20,829.1,16582.0,KALASH STOCK MARKET PVT. LTD.,Imperial Securities Company Pvt. Ltd.,2026-04-22 14:30:29.734247
2026042203007253,SAPDBL,42,45,10,829.1,8291.0,Sani Securities Company Ltd.,Imperial Securities Company Pvt. Ltd.,2026-04-22 14:30:29.734374
2026042203007254,SAPDBL,38,45,20,829.1,16582.0,Dipshikha Dhitopatra Karobar Co. Pvt Ltd.,Imperial Securities Company Pvt. Ltd.,2026-04-22 14:30:29.734500
2026042203007255,SAPDBL,95,45,20,829.1,16582.0,Magnet Securities and Investment Company Private Limited,Imperial Securities Company Pvt. Ltd.,2026-04-22 14:30:29.734624
2026042203007256,SAPDBL,46,45,927,829.0,768483.0,Kalika Securities Pvt. Ltd.,Imperial Securities Company Pvt. Ltd.,2026-04-22 14:30:29.734759
2026042203007262,SAPDBL,46,34,505,829.0,418645.0,Kalika Securities Pvt. Ltd.,Vision Securities Pvt. Ltd,2026-04-22 14:30:45.596157
2026042203007278,SAPDBL,87,46,10,831.0,8310.0,S.P.S.A. Securities Limited,Kalika Securities Pvt. Ltd.,2026-04-22 14:31:07.469338
2026042203007318,SAPDBL,42,49,70,829.0,58030.0,Sani Securities Company Ltd.,Online Securities Pvt. Ltd.,2026-04-22 14:31:48.059603
2026042203007340,SAPDBL,52,87,500,828.5,414250.0,Sundhara Securities Limited,S.P.S.A. Securities Limited,2026-04-22 14:32:05.916759
2026042203007341,SAPDBL,32,87,70,828.3,57981.0,Premier Securities Company Ltd.,S.P.S.A. Securities Limited,2026-04-22 14:32:05.916864
2026042203007342,SAPDBL,65,87,115,827.4,95151.0,Sharepro Securities Private Limited,S.P.S.A. Securities Limited,2026-04-22 14:32:05.916899
2026042203007343,SAPDBL,44,87,90,827.0,74430.0,Dynamic Money Managers Securities Pvt. Ltd.,S.P.S.A. Securities Limited,2026-04-22 14:32:05.916925
2026042203007344,SAPDBL,56,87,200,827.0,165400.0,Sri Hari Securities Pvt. Ltd.,S.P.S.A. Securities Limited,2026-04-22 14:32:05.916951
2026042203007345,SAPDBL,59,87,25,826.0,20650.0,Deevyaa Securities & Stock House Pvt. Ltd,S.P.S.A. Securities Limited,2026-04-22 14:32:05.916991
2026042203007361,SAPDBL,59,87,75,826.0,61950.0,Deevyaa Securities & Stock House Pvt. Ltd,S.P.S.A. Securities Limited,2026-04-22 14:32:24.550702
2026042203007362,SAPDBL,33,87,100,825.2,82520.0,Dakshinkali Investment & Securities Pvt. Ltd.,S.P.S.A. Securities Limited,2026-04-22 14:32:24.551006
2026042203007363,SAPDBL,54,87,30,825.2,24756.0,Sewa Securities Pvt. Ltd.,S.P.S.A. Securities Limited,2026-04-22 14:32:24.551143
2026042203007364,SAPDBL,57,87,100,825.1,82510.0,Aryatara Investment & Securities,S.P.S.A. Securities Limited,2026-04-22 14:32:24.551267
2026042203007365,SAPDBL,60,87,100,825.1,82510.0,Nagarik Stock Dealer ,S.P.S.A. Securities Limited,2026-04-22 14:32:24.551382
2026042203007366,SAPDBL,57,87,200,825.0,165000.0,Aryatara Investment & Securities,S.P.S.A. Securities Limited,2026-04-22 14:32:24.551507
2026042203007367,SAPDBL,38,87,120,825.0,99000.0,Dipshikha Dhitopatra Karobar Co. Pvt Ltd.,S.P.S.A. Securities Limited,2026-04-22 14:32:24.551630
2026042203007368,SAPDBL,58,87,60,825.0,49500.0,Naasa Securities Co. Ltd.,S.P.S.A. Securities Limited,2026-04-22 14:32:24.551746
2026042203007369,SAPDBL,38,87,23,825.0,18975.0,Dipshikha Dhitopatra Karobar Co. Pvt Ltd.,S.P.S.A. Securities Limited,2026-04-22 14:32:24.551866
2026042203007370,SAPDBL,5,87,20,825.0,16500.0,Market Securities & Exchange (PVT) Ltd.,S.P.S.A. Securities Limited,2026-04-22 14:32:24.551992
2026042203007371,SAPDBL,5,87,10,825.0,8250.0,Market Securities & Exchange (PVT) Ltd.,S.P.S.A. Securities Limited,2026-04-22 14:32:24.552112
2026042203007372,SAPDBL,3,87,50,825.0,41250.0,Arun Securities (PVT) Ltd.,S.P.S.A. Securities Limited,2026-04-22 14:32:24.552230
2026042203007373,SAPDBL,49,87,100,825.0,82500.0,Online Securities Pvt. Ltd.,S.P.S.A. Securities Limited,2026-04-22 14:32:24.552346
2026042203007374,SAPDBL,34,87,50,825.0,41250.0,Vision Securities Pvt. Ltd,S.P.S.A. Securities Limited,2026-04-22 14:32:24.552462
2026042203007375,SAPDBL,34,87,100,825.0,82500.0,Vision Securities Pvt. Ltd,S.P.S.A. Securities Limited,2026-04-22 14:32:24.552579
2026042203007376,SAPDBL,14,87,150,825.0,123750.0,Nepal Stock House (PVT) Ltd.,S.P.S.A. Securities Limited,2026-04-22 14:32:24.552693
2026042203007377,SAPDBL,21,87,25,825.0,20625.0,Midas Stock Broking Company Private Limited,S.P.S.A. Securities Limited,2026-04-22 14:32:24.552810
2026042203007378,SAPDBL,49,87,100,825.0,82500.0,Online Securities Pvt. Ltd.,S.P.S.A. Securities Limited,2026-04-22 14:32:24.552922
2026042203007379,SAPDBL,26,87,50,825.0,41250.0,Asian Securities Private Ltd.,S.P.S.A. Securities Limited,2026-04-22 14:32:24.553041
2026042203007380,SAPDBL,41,87,100,825.0,82500.0,Linch Stock Market Ltd.,S.P.S.A. Securities Limited,2026-04-22 14:32:24.553157
2026042203007381,SAPDBL,58,87,500,825.0,412500.0,Naasa Securities Co. Ltd.,S.P.S.A. Securities Limited,2026-04-22 14:32:24.553273
2026042203007382,SAPDBL,42,87,100,825.0,82500.0,Sani Securities Company Ltd.,S.P.S.A. Securities Limited,2026-04-22 14:32:24.553389
2026042203007383,SAPDBL,14,87,166,825.0,136950.0,Nepal Stock House (PVT) Ltd.,S.P.S.A. Securities Limited,2026-04-22 14:32:24.553513
2026042203007384,SAPDBL,58,87,200,825.0,165000.0,Naasa Securities Co. Ltd.,S.P.S.A. Securities Limited,2026-04-22 14:32:24.553628
2026042203007385,SAPDBL,17,87,50,825.0,41250.0,ABC Securities Private Limited,S.P.S.A. Securities Limited,2026-04-22 14:32:24.553742
2026042203007386,SAPDBL,44,87,90,825.0,74250.0,Dynamic Money Managers Securities Pvt. Ltd.,S.P.S.A. Securities Limited,2026-04-22 14:32:24.553854
2026042203007390,SAPDBL,58,87,59,825.0,48675.0,Naasa Securities Co. Ltd.,S.P.S.A. Securities Limited,2026-04-22 14:32:28.487570
2026042203007499,SAPDBL,43,87,50,825.0,41250.0,South Asian Bulls Pvt. Ltd.,S.P.S.A. Securities Limited,2026-04-22 14:35:36.041275
2026042203007554,SAPDBL,6,87,50,825.0,41250.0,Agrawal Securities (PVT) Ltd.,S.P.S.A. Securities Limited,2026-04-22 14:37:06.964550
2026042203007571,SAPDBL,41,87,50,825.0,41250.0,Linch Stock Market Ltd.,S.P.S.A. Securities Limited,2026-04-22 14:37:35.137457
2026042203007601,SAPDBL,49,87,64,825.0,52800.0,Online Securities Pvt. Ltd.,S.P.S.A. Securities Limited,2026-04-22 14:38:09.367790
2026042203007607,SAPDBL,26,87,50,825.0,41250.0,Asian Securities Private Ltd.,S.P.S.A. Securities Limited,2026-04-22 14:38:13.514681
2026042203007621,SAPDBL,32,87,15,825.0,12375.0,Premier Securities Company Ltd.,S.P.S.A. Securities Limited,2026-04-22 14:38:45.507940
2026042203007627,SAPDBL,62,87,45,825.0,37125.0,Capital Max Securities Ltd,S.P.S.A. Securities Limited,2026-04-22 14:38:49.179335
2026042203007630,SAPDBL,74,87,200,825.0,165000.0,KALASH STOCK MARKET PVT. LTD.,S.P.S.A. Securities Limited,2026-04-22 14:38:57.111095
2026042203007639,SAPDBL,32,87,10,825.0,8250.0,Premier Securities Company Ltd.,S.P.S.A. Securities Limited,2026-04-22 14:39:19.439067
2026042203007648,SAPDBL,22,87,10,825.0,8250.0,Siprabi Securities Pvt. Ltd.,S.P.S.A. Securities Limited,2026-04-22 14:39:25.786102
2026042203007657,SAPDBL,56,87,50,825.0,41250.0,Sri Hari Securities Pvt. Ltd.,S.P.S.A. Securities Limited,2026-04-22 14:39:33.219009
2026042203007670,SAPDBL,58,87,100,825.0,82500.0,Naasa Securities Co. Ltd.,S.P.S.A. Securities Limited,2026-04-22 14:39:37.671205
2026042203007690,SAPDBL,26,87,50,825.0,41250.0,Asian Securities Private Ltd.,S.P.S.A. Securities Limited,2026-04-22 14:39:55.037820
2026042203007698,SAPDBL,54,87,500,825.0,412500.0,Sewa Securities Pvt. Ltd.,S.P.S.A. Securities Limited,2026-04-22 14:40:07.043632
2026042203007699,SAPDBL,4,87,10,825.0,8250.0,Opal Securities Investment (PVT) Ltd.,S.P.S.A. Securities Limited,2026-04-22 14:40:08.783796
2026042203007705,SAPDBL,54,87,200,825.0,165000.0,Sewa Securities Pvt. Ltd.,S.P.S.A. Securities Limited,2026-04-22 14:40:12.144437
2026042203007711,SAPDBL,26,87,100,825.0,82500.0,Asian Securities Private Ltd.,S.P.S.A. Securities Limited,2026-04-22 14:40:17.108112
2026042203007713,SAPDBL,58,87,100,825.0,82500.0,Naasa Securities Co. Ltd.,S.P.S.A. Securities Limited,2026-04-22 14:40:20.321206
2026042203007714,SAPDBL,32,87,100,825.0,82500.0,Premier Securities Company Ltd.,S.P.S.A. Securities Limited,2026-04-22 14:40:21.056035
2026042203007717,SAPDBL,54,87,500,825.0,412500.0,Sewa Securities Pvt. Ltd.,S.P.S.A. Securities Limited,2026-04-22 14:40:23.021674
2026042203007736,SAPDBL,48,87,18,825.0,14850.0,Trishakti Securities Public Limited,S.P.S.A. Securities Limited,2026-04-22 14:40:44.280016
2026042203007742,SAPDBL,34,87,900,825.0,742500.0,Vision Securities Pvt. Ltd,S.P.S.A. Securities Limited,2026-04-22 14:40:52.459009
2026042203007799,SAPDBL,58,87,50,826.0,41300.0,Naasa Securities Co. Ltd.,S.P.S.A. Securities Limited,2026-04-22 14:41:28.028123
2026042203007800,SAPDBL,7,87,50,825.0,41250.0,J.F. Securites (PVT) Ltd.,S.P.S.A. Securities Limited,2026-04-22 14:41:28.028436
2026042203007801,SAPDBL,35,87,18,825.0,14850.0,Kohinoor Investment & Securities Pvt. Ltd.,S.P.S.A. Securities Limited,2026-04-22 14:41:28.028573
2026042203007802,SAPDBL,35,87,10,825.0,8250.0,Kohinoor Investment & Securities Pvt. Ltd.,S.P.S.A. Securities Limited,2026-04-22 14:41:28.028704
2026042203007803,SAPDBL,58,87,162,825.0,133650.0,Naasa Securities Co. Ltd.,S.P.S.A. Securities Limited,2026-04-22 14:41:28.028833
2026042203007808,SAPDBL,21,87,300,825.0,247500.0,Midas Stock Broking Company Private Limited,S.P.S.A. Securities Limited,2026-04-22 14:41:32.821639
2026042203007833,SAPDBL,17,87,29,825.0,23925.0,ABC Securities Private Limited,S.P.S.A. Securities Limited,2026-04-22 14:41:42.445928
2026042203007836,SAPDBL,46,87,500,825.0,412500.0,Kalika Securities Pvt. Ltd.,S.P.S.A. Securities Limited,2026-04-22 14:41:43.353287
2026042203007838,SAPDBL,42,87,100,825.0,82500.0,Sani Securities Company Ltd.,S.P.S.A. Securities Limited,2026-04-22 14:41:44.985385
2026042203007840,SAPDBL,41,87,10,825.0,8250.0,Linch Stock Market Ltd.,S.P.S.A. Securities Limited,2026-04-22 14:41:45.463561
2026042203007845,SAPDBL,57,87,200,825.0,165000.0,Aryatara Investment & Securities,S.P.S.A. Securities Limited,2026-04-22 14:41:48.986928
2026042203007846,SAPDBL,33,87,200,825.0,165000.0,Dakshinkali Investment & Securities Pvt. Ltd.,S.P.S.A. Securities Limited,2026-04-22 14:41:49.473076
2026042203007864,SAPDBL,57,87,200,825.0,165000.0,Aryatara Investment & Securities,S.P.S.A. Securities Limited,2026-04-22 14:42:00.010903
2026042203007882,SAPDBL,17,87,20,825.0,16500.0,ABC Securities Private Limited,S.P.S.A. Securities Limited,2026-04-22 14:42:07.594924
2026042203007885,SAPDBL,51,87,100,825.0,82500.0,Oxford Securities Pvt. Ltd.,S.P.S.A. Securities Limited,2026-04-22 14:42:13.002707
2026042203007892,SAPDBL,17,87,10,825.0,8250.0,ABC Securities Private Limited,S.P.S.A. Securities Limited,2026-04-22 14:42:22.021469
2026042203007893,SAPDBL,38,87,41,825.0,33825.0,Dipshikha Dhitopatra Karobar Co. Pvt Ltd.,S.P.S.A. Securities Limited,2026-04-22 14:42:23.160934
2026042203007915,SAPDBL,34,87,10,825.0,8250.0,Vision Securities Pvt. Ltd,S.P.S.A. Securities Limited,2026-04-22 14:42:28.206252
2026042203007934,SAPDBL,40,87,500,825.0,412500.0,Creative Securities Pvt Ltd,S.P.S.A. Securities Limited,2026-04-22 14:42:54.029306
2026042203007937,SAPDBL,34,87,490,825.0,404250.0,Vision Securities Pvt. Ltd,S.P.S.A. Securities Limited,2026-04-22 14:42:56.312548
2026042203007984,SAPDBL,34,46,110,825.0,90750.0,Vision Securities Pvt. Ltd,Kalika Securities Pvt. Ltd.,2026-04-22 14:43:21.501444
2026042203007985,SAPDBL,62,46,28,825.0,23100.0,Capital Max Securities Ltd,Kalika Securities Pvt. Ltd.,2026-04-22 14:43:21.502098
2026042203007986,SAPDBL,38,46,30,825.0,24750.0,Dipshikha Dhitopatra Karobar Co. Pvt Ltd.,Kalika Securities Pvt. Ltd.,2026-04-22 14:43:21.502516
2026042203007988,SAPDBL,7,46,10,825.0,8250.0,J.F. Securites (PVT) Ltd.,Kalika Securities Pvt. Ltd.,2026-04-22 14:43:22.768995
2026042203007999,SAPDBL,22,46,100,825.0,82500.0,Siprabi Securities Pvt. Ltd.,Kalika Securities Pvt. Ltd.,2026-04-22 14:43:29.729214
2026042203008008,SAPDBL,16,46,75,825.0,61875.0,Primo Securities (PVT) Ltd.,Kalika Securities Pvt. Ltd.,2026-04-22 14:43:41.197306
2026042203008023,SAPDBL,26,46,100,825.0,82500.0,Asian Securities Private Ltd.,Kalika Securities Pvt. Ltd.,2026-04-22 14:43:49.976127
2026042203008027,SAPDBL,52,46,200,825.0,165000.0,Sundhara Securities Limited,Kalika Securities Pvt. Ltd.,2026-04-22 14:43:51.656003
2026042203008049,SAPDBL,40,46,347,825.0,286275.0,Creative Securities Pvt Ltd,Kalika Securities Pvt. Ltd.,2026-04-22 14:43:55.652462
2026042203008077,SAPDBL,40,46,1643,825.0,1355475.0,Creative Securities Pvt Ltd,Kalika Securities Pvt. Ltd.,2026-04-22 14:44:15.991699
2026042203008078,SAPDBL,38,46,100,825.0,82500.0,Dipshikha Dhitopatra Karobar Co. Pvt Ltd.,Kalika Securities Pvt. Ltd.,2026-04-22 14:44:15.992314
2026042203008079,SAPDBL,45,46,200,825.0,165000.0,Imperial Securities Company Pvt. Ltd.,Kalika Securities Pvt. Ltd.,2026-04-22 14:44:15.992720
2026042203008080,SAPDBL,25,46,30,825.0,24750.0,Sweta Securities Private Limited,Kalika Securities Pvt. Ltd.,2026-04-22 14:44:15.993134
2026042203008121,SAPDBL,26,46,50,825.0,41250.0,Asian Securities Private Ltd.,Kalika Securities Pvt. Ltd.,2026-04-22 14:44:29.075538
2026042203008142,SAPDBL,38,46,500,825.0,412500.0,Dipshikha Dhitopatra Karobar Co. Pvt Ltd.,Kalika Securities Pvt. Ltd.,2026-04-22 14:44:36.060346
2026042203008146,SAPDBL,13,46,10,825.0,8250.0,Thrive Brokerage House Pvt. Ltd,Kalika Securities Pvt. Ltd.,2026-04-22 14:44:37.792752
2026042203008181,SAPDBL,38,46,100,825.0,82500.0,Dipshikha Dhitopatra Karobar Co. Pvt Ltd.,Kalika Securities Pvt. Ltd.,2026-04-22 14:44:50.237552
2026042203008182,SAPDBL,43,46,30,825.0,24750.0,South Asian Bulls Pvt. Ltd.,Kalika Securities Pvt. Ltd.,2026-04-22 14:44:50.999290
2026042203008184,SAPDBL,32,46,20,825.0,16500.0,Premier Securities Company Ltd.,Kalika Securities Pvt. Ltd.,2026-04-22 14:44:52.992075
2026042203008186,SAPDBL,17,46,10,825.0,8250.0,ABC Securities Private Limited,Kalika Securities Pvt. Ltd.,2026-04-22 14:44:53.572207
2026042203008197,SAPDBL,40,46,1000,825.0,825000.0,Creative Securities Pvt Ltd,Kalika Securities Pvt. Ltd.,2026-04-22 14:45:03.625570
2026042203008200,SAPDBL,10,46,500,825.0,412500.0,Pragyan Securities (PVT) Ltd.,Kalika Securities Pvt. Ltd.,2026-04-22 14:45:06.196905
2026042203008201,SAPDBL,22,46,500,825.0,412500.0,Siprabi Securities Pvt. Ltd.,Kalika Securities Pvt. Ltd.,2026-04-22 14:45:08.236347
2026042203008203,SAPDBL,57,46,100,825.0,82500.0,Aryatara Investment & Securities,Kalika Securities Pvt. Ltd.,2026-04-22 14:45:13.175569
2026042203008205,SAPDBL,40,46,207,825.0,170775.0,Creative Securities Pvt Ltd,Kalika Securities Pvt. Ltd.,2026-04-22 14:45:15.043600
2026042203008218,SAPDBL,40,46,793,825.0,654225.0,Creative Securities Pvt Ltd,Kalika Securities Pvt. Ltd.,2026-04-22 14:45:21.879402
2026042203008219,SAPDBL,42,46,300,825.0,247500.0,Sani Securities Company Ltd.,Kalika Securities Pvt. Ltd.,2026-04-22 14:45:21.879737
2026042203008220,SAPDBL,38,46,100,825.0,82500.0,Dipshikha Dhitopatra Karobar Co. Pvt Ltd.,Kalika Securities Pvt. Ltd.,2026-04-22 14:45:22.155297
2026042203008229,SAPDBL,17,46,200,825.0,165000.0,ABC Securities Private Limited,Kalika Securities Pvt. Ltd.,2026-04-22 14:45:27.982216
2026042203008239,SAPDBL,45,46,25,825.0,20625.0,Imperial Securities Company Pvt. Ltd.,Kalika Securities Pvt. Ltd.,2026-04-22 14:45:35.092789
2026042203008248,SAPDBL,58,46,100,825.0,82500.0,Naasa Securities Co. Ltd.,Kalika Securities Pvt. Ltd.,2026-04-22 14:45:42.143013
2026042203008249,SAPDBL,43,46,100,825.0,82500.0,South Asian Bulls Pvt. Ltd.,Kalika Securities Pvt. Ltd.,2026-04-22 14:45:42.699063
2026042203008250,SAPDBL,32,46,10,825.0,8250.0,Premier Securities Company Ltd.,Kalika Securities Pvt. Ltd.,2026-04-22 14:45:42.847142
2026042203008262,SAPDBL,42,46,70,825.0,57750.0,Sani Securities Company Ltd.,Kalika Securities Pvt. Ltd.,2026-04-22 14:45:51.462482
2026042203008265,SAPDBL,14,46,500,825.0,412500.0,Nepal Stock House (PVT) Ltd.,Kalika Securities Pvt. Ltd.,2026-04-22 14:45:54.474351
2026042203008269,SAPDBL,32,46,100,825.0,82500.0,Premier Securities Company Ltd.,Kalika Securities Pvt. Ltd.,2026-04-22 14:45:57.089109
2026042203008273,SAPDBL,7,46,50,825.0,41250.0,J.F. Securites (PVT) Ltd.,Kalika Securities Pvt. Ltd.,2026-04-22 14:45:58.067567
2026042203008275,SAPDBL,58,46,420,825.0,346500.0,Naasa Securities Co. Ltd.,Kalika Securities Pvt. Ltd.,2026-04-22 14:46:00.361130
2026042203008278,SAPDBL,58,46,50,825.0,41250.0,Naasa Securities Co. Ltd.,Kalika Securities Pvt. Ltd.,2026-04-22 14:46:02.444367
2026042203008279,SAPDBL,32,46,30,825.0,24750.0,Premier Securities Company Ltd.,Kalika Securities Pvt. Ltd.,2026-04-22 14:46:02.582282
2026042203008287,SAPDBL,40,46,1000,825.0,825000.0,Creative Securities Pvt Ltd,Kalika Securities Pvt. Ltd.,2026-04-22 14:46:04.892402
2026042203008288,SAPDBL,52,46,500,825.0,412500.0,Sundhara Securities Limited,Kalika Securities Pvt. Ltd.,2026-04-22 14:46:06.980286
2026042203008289,SAPDBL,34,46,10,825.0,8250.0,Vision Securities Pvt. Ltd,Kalika Securities Pvt. Ltd.,2026-04-22 14:46:07.649099
2026042203008297,SAPDBL,51,46,642,825.0,529650.0,Oxford Securities Pvt. Ltd.,Kalika Securities Pvt. Ltd.,2026-04-22 14:46:09.877475
2026042203008304,SAPDBL,51,46,1858,825.0,1532850.0,Oxford Securities Pvt. Ltd.,Kalika Securities Pvt. Ltd.,2026-04-22 14:46:18.766548
2026042203008305,SAPDBL,22,46,10,825.0,8250.0,Siprabi Securities Pvt. Ltd.,Kalika Securities Pvt. Ltd.,2026-04-22 14:46:18.766845
2026042203008318,SAPDBL,74,46,50,825.0,41250.0,KALASH STOCK MARKET PVT. LTD.,Kalika Securities Pvt. Ltd.,2026-04-22 14:46:25.435911
2026042203008338,SAPDBL,57,46,50,825.0,41250.0,Aryatara Investment & Securities,Kalika Securities Pvt. Ltd.,2026-04-22 14:46:35.871460
2026042203008343,SAPDBL,74,46,30,825.0,24750.0,KALASH STOCK MARKET PVT. LTD.,Kalika Securities Pvt. Ltd.,2026-04-22 14:46:37.882963
2026042203008351,SAPDBL,40,46,500,825.0,412500.0,Creative Securities Pvt Ltd,Kalika Securities Pvt. Ltd.,2026-04-22 14:46:45.277006
2026042203008358,SAPDBL,58,46,240,825.0,198000.0,Naasa Securities Co. Ltd.,Kalika Securities Pvt. Ltd.,2026-04-22 14:46:49.767210
2026042203008361,SAPDBL,45,46,30,825.0,24750.0,Imperial Securities Company Pvt. Ltd.,Kalika Securities Pvt. Ltd.,2026-04-22 14:46:52.600304
2026042203008383,SAPDBL,52,46,300,825.0,247500.0,Sundhara Securities Limited,Kalika Securities Pvt. Ltd.,2026-04-22 14:47:02.760392
2026042203008396,SAPDBL,32,46,100,825.0,82500.0,Premier Securities Company Ltd.,Kalika Securities Pvt. Ltd.,2026-04-22 14:47:07.299727
2026042203008397,SAPDBL,22,46,20,825.0,16500.0,Siprabi Securities Pvt. Ltd.,Kalika Securities Pvt. Ltd.,2026-04-22 14:47:09.458859
2026042203008407,SAPDBL,41,46,100,825.0,82500.0,Linch Stock Market Ltd.,Kalika Securities Pvt. Ltd.,2026-04-22 14:47:13.721267
2026042203008412,SAPDBL,14,46,350,825.0,288750.0,Nepal Stock House (PVT) Ltd.,Kalika Securities Pvt. Ltd.,2026-04-22 14:47:15.253340
2026042203008420,SAPDBL,1,46,30,825.0,24750.0,Kumari Securities Private Limited,Kalika Securities Pvt. Ltd.,2026-04-22 14:47:22.749983
2026042203008422,SAPDBL,22,46,50,825.0,41250.0,Siprabi Securities Pvt. Ltd.,Kalika Securities Pvt. Ltd.,2026-04-22 14:47:23.861539
2026042203008425,SAPDBL,48,46,10,825.0,8250.0,Trishakti Securities Public Limited,Kalika Securities Pvt. Ltd.,2026-04-22 14:47:24.131196
2026042203008430,SAPDBL,74,46,300,825.0,247500.0,KALASH STOCK MARKET PVT. LTD.,Kalika Securities Pvt. Ltd.,2026-04-22 14:47:26.041936
2026042203008439,SAPDBL,45,46,300,825.0,247500.0,Imperial Securities Company Pvt. Ltd.,Kalika Securities Pvt. Ltd.,2026-04-22 14:47:32.059539
2026042203008445,SAPDBL,34,46,100,825.0,82500.0,Vision Securities Pvt. Ltd,Kalika Securities Pvt. Ltd.,2026-04-22 14:47:36.639941
2026042203008446,SAPDBL,39,46,100,825.0,82500.0,Sumeru Securities Pvt. Ltd.,Kalika Securities Pvt. Ltd.,2026-04-22 14:47:38.305040
2026042203008456,SAPDBL,51,46,472,825.0,389400.0,Oxford Securities Pvt. Ltd.,Kalika Securities Pvt. Ltd.,2026-04-22 14:47:47.084889
2026042203008457,SAPDBL,51,46,28,825.0,23100.0,Oxford Securities Pvt. Ltd.,Kalika Securities Pvt. Ltd.,2026-04-22 14:47:47.085488
2026042203008461,SAPDBL,22,46,20,825.0,16500.0,Siprabi Securities Pvt. Ltd.,Kalika Securities Pvt. Ltd.,2026-04-22 14:47:48.071950
2026042203008463,SAPDBL,92,46,200,825.0,165000.0,Roadshow securities limited,Kalika Securities Pvt. Ltd.,2026-04-22 14:47:49.024372
2026042203008464,SAPDBL,42,46,100,825.0,82500.0,Sani Securities Company Ltd.,Kalika Securities Pvt. Ltd.,2026-04-22 14:47:52.382736
2026042203008478,SAPDBL,40,46,200,825.0,165000.0,Creative Securities Pvt Ltd,Kalika Securities Pvt. Ltd.,2026-04-22 14:47:56.885920
2026042203008485,SAPDBL,34,46,500,825.0,412500.0,Vision Securities Pvt. Ltd,Kalika Securities Pvt. Ltd.,2026-04-22 14:48:02.062614
2026042203008495,SAPDBL,35,46,20,825.0,16500.0,Kohinoor Investment & Securities Pvt. Ltd.,Kalika Securities Pvt. Ltd.,2026-04-22 14:48:05.141131
2026042203008496,SAPDBL,36,46,50,825.0,41250.0,Secured Securities Ltd.,Kalika Securities Pvt. Ltd.,2026-04-22 14:48:05.771555
2026042203008539,SAPDBL,26,46,100,825.0,82500.0,Asian Securities Private Ltd.,Kalika Securities Pvt. Ltd.,2026-04-22 14:48:16.950248
2026042203008561,SAPDBL,60,46,600,825.0,495000.0,Nagarik Stock Dealer ,Kalika Securities Pvt. Ltd.,2026-04-22 14:48:22.955270
2026042203008592,SAPDBL,22,46,20,825.0,16500.0,Siprabi Securities Pvt. Ltd.,Kalika Securities Pvt. Ltd.,2026-04-22 14:48:35.018626
2026042203008601,SAPDBL,57,46,50,825.0,41250.0,Aryatara Investment & Securities,Kalika Securities Pvt. Ltd.,2026-04-22 14:48:40.966277
2026042203008602,SAPDBL,26,46,100,825.0,82500.0,Asian Securities Private Ltd.,Kalika Securities Pvt. Ltd.,2026-04-22 14:48:41.013633
2026042203008620,SAPDBL,38,36,20,824.8,16496.0,Dipshikha Dhitopatra Karobar Co. Pvt Ltd.,Secured Securities Ltd.,2026-04-22 14:48:52.276918
2026042203008621,SAPDBL,61,36,140,824.8,115472.0,BHOLE GANESH SECURITIES LTD,Secured Securities Ltd.,2026-04-22 14:48:52.277207
2026042203008631,SAPDBL,57,46,150,825.0,123750.0,Aryatara Investment & Securities,Kalika Securities Pvt. Ltd.,2026-04-22 14:49:05.698556
2026042203008662,SAPDBL,49,46,260,825.0,214500.0,Online Securities Pvt. Ltd.,Kalika Securities Pvt. Ltd.,2026-04-22 14:49:19.642008
2026042203008666,SAPDBL,34,46,15,825.0,12375.0,Vision Securities Pvt. Ltd,Kalika Securities Pvt. Ltd.,2026-04-22 14:49:24.038230
2026042203008669,SAPDBL,38,46,300,825.0,247500.0,Dipshikha Dhitopatra Karobar Co. Pvt Ltd.,Kalika Securities Pvt. Ltd.,2026-04-22 14:49:27.324931
2026042203008696,SAPDBL,42,46,25,825.0,20625.0,Sani Securities Company Ltd.,Kalika Securities Pvt. Ltd.,2026-04-22 14:49:41.839754
2026042203008697,SAPDBL,16,46,500,825.0,412500.0,Primo Securities (PVT) Ltd.,Kalika Securities Pvt. Ltd.,2026-04-22 14:49:43.273635
2026042203008699,SAPDBL,95,46,11,825.0,9075.0,Magnet Securities and Investment Company Private Limited,Kalika Securities Pvt. Ltd.,2026-04-22 14:49:44.129341
2026042203008707,SAPDBL,26,46,280,825.0,231000.0,Asian Securities Private Ltd.,Kalika Securities Pvt. Ltd.,2026-04-22 14:49:49.556218
2026042203008709,SAPDBL,49,46,50,825.0,41250.0,Online Securities Pvt. Ltd.,Kalika Securities Pvt. Ltd.,2026-04-22 14:49:50.549810
2026042203008711,SAPDBL,74,46,50,825.0,41250.0,KALASH STOCK MARKET PVT. LTD.,Kalika Securities Pvt. Ltd.,2026-04-22 14:49:51.920707
2026042203008713,SAPDBL,21,46,10,825.0,8250.0,Midas Stock Broking Company Private Limited,Kalika Securities Pvt. Ltd.,2026-04-22 14:49:54.834584
2026042203008720,SAPDBL,26,46,100,825.0,82500.0,Asian Securities Private Ltd.,Kalika Securities Pvt. Ltd.,2026-04-22 14:49:59.522828
2026042203008724,SAPDBL,8,46,50,825.0,41250.0,Brilliant Securities Pvt. Ltd.,Kalika Securities Pvt. Ltd.,2026-04-22 14:50:01.711997
2026042203008738,SAPDBL,34,46,170,825.0,140250.0,Vision Securities Pvt. Ltd,Kalika Securities Pvt. Ltd.,2026-04-22 14:50:11.368568
2026042203008744,SAPDBL,40,46,1041,825.0,858825.0,Creative Securities Pvt Ltd,Kalika Securities Pvt. Ltd.,2026-04-22 14:50:15.464942
2026042203008748,SAPDBL,40,46,1259,825.0,1038675.0,Creative Securities Pvt Ltd,Kalika Securities Pvt. Ltd.,2026-04-22 14:50:21.992032
2026042203008749,SAPDBL,34,46,150,825.0,123750.0,Vision Securities Pvt. Ltd,Kalika Securities Pvt. Ltd.,2026-04-22 14:50:21.992378
2026042203008750,SAPDBL,49,46,200,825.0,165000.0,Online Securities Pvt. Ltd.,Kalika Securities Pvt. Ltd.,2026-04-22 14:50:22.351988
2026042203008751,SAPDBL,34,46,400,825.0,330000.0,Vision Securities Pvt. Ltd,Kalika Securities Pvt. Ltd.,2026-04-22 14:50:22.638734
2026042203008755,SAPDBL,36,46,126,825.0,103950.0,Secured Securities Ltd.,Kalika Securities Pvt. Ltd.,2026-04-22 14:50:27.601771
2026042203008777,SAPDBL,74,46,50,825.0,41250.0,KALASH STOCK MARKET PVT. LTD.,Kalika Securities Pvt. Ltd.,2026-04-22 14:50:38.993800
2026042203008781,SAPDBL,92,46,100,825.0,82500.0,Roadshow securities limited,Kalika Securities Pvt. Ltd.,2026-04-22 14:50:41.189191
2026042203008792,SAPDBL,47,46,100,825.0,82500.0,Neev Securities Pvt. Ltd.,Kalika Securities Pvt. Ltd.,2026-04-22 14:50:49.626108
2026042203008804,SAPDBL,49,46,200,825.0,165000.0,Online Securities Pvt. Ltd.,Kalika Securities Pvt. Ltd.,2026-04-22 14:51:04.293118
2026042203008867,SAPDBL,58,46,100,825.0,82500.0,Naasa Securities Co. Ltd.,Kalika Securities Pvt. Ltd.,2026-04-22 14:51:23.580093
2026042203008877,SAPDBL,36,46,42,825.0,34650.0,Secured Securities Ltd.,Kalika Securities Pvt. Ltd.,2026-04-22 14:51:29.247142
2026042203008893,SAPDBL,42,46,30,825.0,24750.0,Sani Securities Company Ltd.,Kalika Securities Pvt. Ltd.,2026-04-22 14:51:39.846661
2026042203008897,SAPDBL,74,46,100,825.0,82500.0,KALASH STOCK MARKET PVT. LTD.,Kalika Securities Pvt. Ltd.,2026-04-22 14:51:42.076364
2026042203008898,SAPDBL,42,46,100,825.0,82500.0,Sani Securities Company Ltd.,Kalika Securities Pvt. Ltd.,2026-04-22 14:51:43.002983
2026042203008903,SAPDBL,58,46,100,825.0,82500.0,Naasa Securities Co. Ltd.,Kalika Securities Pvt. Ltd.,2026-04-22 14:51:47.954095
2026042203008920,SAPDBL,42,46,10,825.0,8250.0,Sani Securities Company Ltd.,Kalika Securities Pvt. Ltd.,2026-04-22 14:51:55.749608
2026042203008923,SAPDBL,58,46,85,825.0,70125.0,Naasa Securities Co. Ltd.,Kalika Securities Pvt. Ltd.,2026-04-22 14:52:00.399371
2026042203008926,SAPDBL,58,46,370,825.0,305250.0,Naasa Securities Co. Ltd.,Kalika Securities Pvt. Ltd.,2026-04-22 14:52:01.805175
2026042203008930,SAPDBL,28,46,1478,825.0,1219350.0,Shree Krishna Securities Ltd.,Kalika Securities Pvt. Ltd.,2026-04-22 14:52:02.678216
2026042203008946,SAPDBL,28,46,465,825.0,383625.0,Shree Krishna Securities Ltd.,Kalika Securities Pvt. Ltd.,2026-04-22 14:52:16.793869
2026042203008947,SAPDBL,32,46,400,825.0,330000.0,Premier Securities Company Ltd.,Kalika Securities Pvt. Ltd.,2026-04-22 14:52:16.794476
2026042203008948,SAPDBL,58,46,100,825.0,82500.0,Naasa Securities Co. Ltd.,Kalika Securities Pvt. Ltd.,2026-04-22 14:52:16.794898
2026042203008949,SAPDBL,49,46,55,825.0,45375.0,Online Securities Pvt. Ltd.,Kalika Securities Pvt. Ltd.,2026-04-22 14:52:16.795321
2026042203008950,SAPDBL,35,46,100,825.0,82500.0,Kohinoor Investment & Securities Pvt. Ltd.,Kalika Securities Pvt. Ltd.,2026-04-22 14:52:16.795729
2026042203008972,SAPDBL,16,46,100,825.0,82500.0,Primo Securities (PVT) Ltd.,Kalika Securities Pvt. Ltd.,2026-04-22 14:52:35.410596
2026042203008974,SAPDBL,26,46,100,825.0,82500.0,Asian Securities Private Ltd.,Kalika Securities Pvt. Ltd.,2026-04-22 14:52:38.128365
2026042203008976,SAPDBL,14,46,200,825.0,165000.0,Nepal Stock House (PVT) Ltd.,Kalika Securities Pvt. Ltd.,2026-04-22 14:52:41.482789
2026042203008985,SAPDBL,59,46,100,825.0,82500.0,Deevyaa Securities & Stock House Pvt. Ltd,Kalika Securities Pvt. Ltd.,2026-04-22 14:52:44.440630
2026042203009006,SAPDBL,7,46,200,825.0,165000.0,J.F. Securites (PVT) Ltd.,Kalika Securities Pvt. Ltd.,2026-04-22 14:52:57.992114
2026042203009025,SAPDBL,56,46,50,825.0,41250.0,Sri Hari Securities Pvt. Ltd.,Kalika Securities Pvt. Ltd.,2026-04-22 14:53:13.154353
2026042203009026,SAPDBL,49,46,700,825.0,577500.0,Online Securities Pvt. Ltd.,Kalika Securities Pvt. Ltd.,2026-04-22 14:53:14.387015
2026042203009035,SAPDBL,38,46,300,825.0,247500.0,Dipshikha Dhitopatra Karobar Co. Pvt Ltd.,Kalika Securities Pvt. Ltd.,2026-04-22 14:53:20.033288
2026042203009048,SAPDBL,32,46,240,825.0,198000.0,Premier Securities Company Ltd.,Kalika Securities Pvt. Ltd.,2026-04-22 14:53:37.660398
2026042203009053,SAPDBL,26,46,250,825.0,206250.0,Asian Securities Private Ltd.,Kalika Securities Pvt. Ltd.,2026-04-22 14:53:44.421993
2026042203009054,SAPDBL,42,46,120,825.0,99000.0,Sani Securities Company Ltd.,Kalika Securities Pvt. Ltd.,2026-04-22 14:53:44.499619
2026042203009058,SAPDBL,61,46,60,825.0,49500.0,BHOLE GANESH SECURITIES LTD,Kalika Securities Pvt. Ltd.,2026-04-22 14:53:49.079290
2026042203009084,SAPDBL,56,46,300,825.0,247500.0,Sri Hari Securities Pvt. Ltd.,Kalika Securities Pvt. Ltd.,2026-04-22 14:54:08.567858
2026042203009089,SAPDBL,32,46,43,825.0,35475.0,Premier Securities Company Ltd.,Kalika Securities Pvt. Ltd.,2026-04-22 14:54:16.824246
2026042203009098,SAPDBL,40,46,25,825.0,20625.0,Creative Securities Pvt Ltd,Kalika Securities Pvt. Ltd.,2026-04-22 14:54:25.369951
2026042203009107,SAPDBL,64,46,200,825.0,165000.0,SUN SECURITIES PVT LTD,Kalika Securities Pvt. Ltd.,2026-04-22 14:54:29.810404
2026042203009116,SAPDBL,26,46,150,825.0,123750.0,Asian Securities Private Ltd.,Kalika Securities Pvt. Ltd.,2026-04-22 14:54:34.974337
2026042203009122,SAPDBL,44,46,220,825.0,181500.0,Dynamic Money Managers Securities Pvt. Ltd.,Kalika Securities Pvt. Ltd.,2026-04-22 14:54:36.861082
2026042203009125,SAPDBL,1,46,200,825.0,165000.0,Kumari Securities Private Limited,Kalika Securities Pvt. Ltd.,2026-04-22 14:54:39.388770
2026042203009132,SAPDBL,17,46,50,825.0,41250.0,ABC Securities Private Limited,Kalika Securities Pvt. Ltd.,2026-04-22 14:54:43.579464
2026042203009136,SAPDBL,40,46,20,825.0,16500.0,Creative Securities Pvt Ltd,Kalika Securities Pvt. Ltd.,2026-04-22 14:54:44.119031
2026042203009141,SAPDBL,72,46,100,825.0,82500.0,Hatemalo Financial Services Private Limited,Kalika Securities Pvt. Ltd.,2026-04-22 14:54:50.262330
2026042203009149,SAPDBL,1,46,100,825.0,82500.0,Kumari Securities Private Limited,Kalika Securities Pvt. Ltd.,2026-04-22 14:54:57.821181
2026042203009153,SAPDBL,38,46,52,825.0,42900.0,Dipshikha Dhitopatra Karobar Co. Pvt Ltd.,Kalika Securities Pvt. Ltd.,2026-04-22 14:55:01.238526
2026042203009154,SAPDBL,38,46,48,825.0,39600.0,Dipshikha Dhitopatra Karobar Co. Pvt Ltd.,Kalika Securities Pvt. Ltd.,2026-04-22 14:55:01.239147
2026042203009168,SAPDBL,72,46,100,825.0,82500.0,Hatemalo Financial Services Private Limited,Kalika Securities Pvt. Ltd.,2026-04-22 14:55:03.483568
2026042203009180,SAPDBL,66,46,200,825.0,165000.0,Miyo Securities Pvt Ltd,Kalika Securities Pvt. Ltd.,2026-04-22 14:55:07.046814
2026042203009183,SAPDBL,42,46,200,825.0,165000.0,Sani Securities Company Ltd.,Kalika Securities Pvt. Ltd.,2026-04-22 14:55:09.917156
2026042203009193,SAPDBL,60,46,300,825.0,247500.0,Nagarik Stock Dealer ,Kalika Securities Pvt. Ltd.,2026-04-22 14:55:15.841318
2026042203009194,SAPDBL,52,46,100,825.0,82500.0,Sundhara Securities Limited,Kalika Securities Pvt. Ltd.,2026-04-22 14:55:16.221383
2026042203009207,SAPDBL,3,46,20,825.0,16500.0,Arun Securities (PVT) Ltd.,Kalika Securities Pvt. Ltd.,2026-04-22 14:55:31.432859
2026042203009216,SAPDBL,59,46,20,825.0,16500.0,Deevyaa Securities & Stock House Pvt. Ltd,Kalika Securities Pvt. Ltd.,2026-04-22 14:55:33.003614
2026042203009218,SAPDBL,74,46,200,825.0,165000.0,KALASH STOCK MARKET PVT. LTD.,Kalika Securities Pvt. Ltd.,2026-04-22 14:55:35.835821
2026042203009221,SAPDBL,4,46,500,825.0,412500.0,Opal Securities Investment (PVT) Ltd.,Kalika Securities Pvt. Ltd.,2026-04-22 14:55:37.859039
2026042203009238,SAPDBL,38,46,20,825.0,16500.0,Dipshikha Dhitopatra Karobar Co. Pvt Ltd.,Kalika Securities Pvt. Ltd.,2026-04-22 14:55:53.196859
2026042203009239,SAPDBL,58,46,50,825.0,41250.0,Naasa Securities Co. Ltd.,Kalika Securities Pvt. Ltd.,2026-04-22 14:55:53.517742
2026042203009246,SAPDBL,33,46,107,825.0,88275.0,Dakshinkali Investment & Securities Pvt. Ltd.,Kalika Securities Pvt. Ltd.,2026-04-22 14:55:57.310645
2026042203009247,SAPDBL,49,46,322,825.0,265650.0,Online Securities Pvt. Ltd.,Kalika Securities Pvt. Ltd.,2026-04-22 14:55:57.857460
2026042203009262,SAPDBL,17,46,200,825.0,165000.0,ABC Securities Private Limited,Kalika Securities Pvt. Ltd.,2026-04-22 14:56:08.763718
2026042203009278,SAPDBL,44,46,2500,825.0,2062500.0,Dynamic Money Managers Securities Pvt. Ltd.,Kalika Securities Pvt. Ltd.,2026-04-22 14:56:15.968226
2026042203009283,SAPDBL,42,46,113,825.0,93225.0,Sani Securities Company Ltd.,Kalika Securities Pvt. Ltd.,2026-04-22 14:56:18.192806
2026042203009319,SAPDBL,42,46,87,825.0,71775.0,Sani Securities Company Ltd.,Kalika Securities Pvt. Ltd.,2026-04-22 14:56:39.159448
2026042203009320,SAPDBL,58,46,20,825.0,16500.0,Naasa Securities Co. Ltd.,Kalika Securities Pvt. Ltd.,2026-04-22 14:56:39.160098
2026042203009321,SAPDBL,22,46,10,825.0,8250.0,Siprabi Securities Pvt. Ltd.,Kalika Securities Pvt. Ltd.,2026-04-22 14:56:39.160542
2026042203009322,SAPDBL,52,46,100,825.0,82500.0,Sundhara Securities Limited,Kalika Securities Pvt. Ltd.,2026-04-22 14:56:39.160987
2026042203009323,SAPDBL,85,46,50,825.0,41250.0,Capital Hub P. Ltd,Kalika Securities Pvt. Ltd.,2026-04-22 14:56:39.161461
2026042203009326,SAPDBL,74,46,30,825.0,24750.0,KALASH STOCK MARKET PVT. LTD.,Kalika Securities Pvt. Ltd.,2026-04-22 14:56:41.348359
2026042203009345,SAPDBL,49,46,100,825.0,82500.0,Online Securities Pvt. Ltd.,Kalika Securities Pvt. Ltd.,2026-04-22 14:56:45.296558
2026042203009381,SAPDBL,43,46,296,825.0,244200.0,South Asian Bulls Pvt. Ltd.,Kalika Securities Pvt. Ltd.,2026-04-22 14:56:59.736253
2026042203009382,SAPDBL,58,46,20,825.0,16500.0,Naasa Securities Co. Ltd.,Kalika Securities Pvt. Ltd.,2026-04-22 14:57:00.411931
2026042203009387,SAPDBL,17,38,25,824.9,20622.5,ABC Securities Private Limited,Dipshikha Dhitopatra Karobar Co. Pvt Ltd.,2026-04-22 14:57:01.556499
2026042203009392,SAPDBL,45,46,200,825.0,165000.0,Imperial Securities Company Pvt. Ltd.,Kalika Securities Pvt. Ltd.,2026-04-22 14:57:05.162674
2026042203009400,SAPDBL,88,46,20,825.0,16500.0,Blue Chip Securities Ltd,Kalika Securities Pvt. Ltd.,2026-04-22 14:57:11.161832
2026042203009415,SAPDBL,56,46,12,825.0,9900.0,Sri Hari Securities Pvt. Ltd.,Kalika Securities Pvt. Ltd.,2026-04-22 14:57:16.924048
2026042203009525,SAPDBL,17,46,25,824.9,20622.5,ABC Securities Private Limited,Kalika Securities Pvt. Ltd.,2026-04-22 14:58:01.155398
2026042203009526,SAPDBL,57,46,10,824.9,8249.0,Aryatara Investment & Securities,Kalika Securities Pvt. Ltd.,2026-04-22 14:58:01.155499
2026042203009527,SAPDBL,49,46,100,824.9,82490.0,Online Securities Pvt. Ltd.,Kalika Securities Pvt. Ltd.,2026-04-22 14:58:01.155573
2026042203009528,SAPDBL,48,46,20,824.9,16498.0,Trishakti Securities Public Limited,Kalika Securities Pvt. Ltd.,2026-04-22 14:58:01.155645
2026042203009529,SAPDBL,95,46,40,824.8,32992.0,Magnet Securities and Investment Company Private Limited,Kalika Securities Pvt. Ltd.,2026-04-22 14:58:01.155722
2026042203009530,SAPDBL,39,46,20,824.7,16494.0,Sumeru Securities Pvt. Ltd.,Kalika Securities Pvt. Ltd.,2026-04-22 14:58:01.155808
2026042203009531,SAPDBL,17,46,50,824.4,41220.0,ABC Securities Private Limited,Kalika Securities Pvt. Ltd.,2026-04-22 14:58:01.155901
2026042203009532,SAPDBL,42,46,10,824.0,8240.0,Sani Securities Company Ltd.,Kalika Securities Pvt. Ltd.,2026-04-22 14:58:01.155993
2026042203009533,SAPDBL,42,46,121,824.0,99704.0,Sani Securities Company Ltd.,Kalika Securities Pvt. Ltd.,2026-04-22 14:58:01.156083
2026042203009534,SAPDBL,74,46,100,824.0,82400.0,KALASH STOCK MARKET PVT. LTD.,Kalika Securities Pvt. Ltd.,2026-04-22 14:58:01.156158
2026042203009535,SAPDBL,58,46,100,823.6,82360.0,Naasa Securities Co. Ltd.,Kalika Securities Pvt. Ltd.,2026-04-22 14:58:01.156231
2026042203009536,SAPDBL,6,46,30,823.0,24690.0,Agrawal Securities (PVT) Ltd.,Kalika Securities Pvt. Ltd.,2026-04-22 14:58:01.156327
2026042203009537,SAPDBL,49,46,39,823.0,32097.0,Online Securities Pvt. Ltd.,Kalika Securities Pvt. Ltd.,2026-04-22 14:58:01.156403
2026042203009538,SAPDBL,13,46,335,823.0,275705.0,Thrive Brokerage House Pvt. Ltd,Kalika Securities Pvt. Ltd.,2026-04-22 14:58:01.156483
2026042203009563,SAPDBL,58,47,10,825.0,8250.0,Naasa Securities Co. Ltd.,Neev Securities Pvt. Ltd.,2026-04-22 14:58:08.013741
2026042203009644,SAPDBL,22,49,30,829.0,24870.0,Siprabi Securities Pvt. Ltd.,Online Securities Pvt. Ltd.,2026-04-22 14:58:32.606504
2026042203009645,SAPDBL,22,45,50,829.0,41450.0,Siprabi Securities Pvt. Ltd.,Imperial Securities Company Pvt. Ltd.,2026-04-22 14:58:32.606802
2026042203009646,SAPDBL,22,46,55,831.0,45705.0,Siprabi Securities Pvt. Ltd.,Kalika Securities Pvt. Ltd.,2026-04-22 14:58:32.606952
2026042203009647,SAPDBL,22,46,270,831.0,224370.0,Siprabi Securities Pvt. Ltd.,Kalika Securities Pvt. Ltd.,2026-04-22 14:58:32.607105
2026042203009654,SAPDBL,22,33,45,831.0,37395.0,Siprabi Securities Pvt. Ltd.,Dakshinkali Investment & Securities Pvt. Ltd.,2026-04-22 14:58:37.744563
2026042203009655,SAPDBL,19,33,100,825.0,82500.0,Nepal Investment And Securities Trading Private Limited,Dakshinkali Investment & Securities Pvt. Ltd.,2026-04-22 14:58:37.744850
2026042203009777,SAPDBL,42,42,10,834.0,8340.0,Sani Securities Company Ltd.,Sani Securities Company Ltd.,2026-04-22 14:59:33.821035
2026042203009856,SAPDBL,58,22,10,825.2,8252.0,Naasa Securities Co. Ltd.,Siprabi Securities Pvt. Ltd.,2026-04-22 14:59:56.901965
2026042203009857,SAPDBL,74,22,80,825.1,66008.0,KALASH STOCK MARKET PVT. LTD.,Siprabi Securities Pvt. Ltd.,2026-04-22 14:59:56.902087
2026042203009858,SAPDBL,26,22,110,825.1,90761.0,Asian Securities Private Ltd.,Siprabi Securities Pvt. Ltd.,2026-04-22 14:59:56.902154
2026042203009859,SAPDBL,58,22,16,825.0,13200.0,Naasa Securities Co. Ltd.,Siprabi Securities Pvt. Ltd.,2026-04-22 14:59:56.902221
2026042203009945,SAPDBL,32,45,10,830.0,8300.0,Premier Securities Company Ltd.,Imperial Securities Company Pvt. Ltd.,2026-04-22 14:59:58.516407
2026042203009946,SAPDBL,49,45,50,830.0,41500.0,Online Securities Pvt. Ltd.,Imperial Securities Company Pvt. Ltd.,2026-04-22 14:59:58.698596
2026042203009952,SAPDBL,58,17,181,825.0,149325.0,Naasa Securities Co. Ltd.,ABC Securities Private Limited,2026-04-22 14:59:59.025981
2026042203009953,SAPDBL,42,17,19,825.0,15675.0,Sani Securities Company Ltd.,ABC Securities Private Limited,2026-04-22 14:59:59.026631
