contract_id,symbol,buyer_member_id,seller_member_id,volume,price,amount,buyer_broker,seller_broker,transaction_time
2026042204000099,SHEL,34,74,100,315.1,31510.0,Vision Securities Pvt. Ltd,KALASH STOCK MARKET PVT. LTD.,2026-04-22 11:02:24.408188
2026042204000113,SHEL,63,74,24,315.1,7562.4,Himalayan Brokerage Company Limited,KALASH STOCK MARKET PVT. LTD.,2026-04-22 11:02:42.131198
2026042204000151,SHEL,45,21,500,315.0,157500.0,Imperial Securities Company Pvt. Ltd.,Midas Stock Broking Company Private Limited,2026-04-22 11:03:36.357878
2026042204000152,SHEL,42,21,50,315.0,15750.0,Sani Securities Company Ltd.,Midas Stock Broking Company Private Limited,2026-04-22 11:03:36.358089
2026042204000314,SHEL,34,57,88,313.1,27552.8,Vision Securities Pvt. Ltd,Aryatara Investment & Securities,2026-04-22 11:05:27.176317
2026042204000374,SHEL,67,62,10,313.2,3132.0,Property Wiard Limited,Capital Max Securities Ltd,2026-04-22 11:05:57.521857
2026042204000441,SHEL,18,69,500,314.0,157000.0,Sagarmatha Securities Private Limited,INDEX SECURITIES LIMITED,2026-04-22 11:06:35.249631
2026042204000446,SHEL,18,74,50,314.0,15700.0,Sagarmatha Securities Private Limited,KALASH STOCK MARKET PVT. LTD.,2026-04-22 11:06:39.354659
2026042204000479,SHEL,14,51,200,314.5,62900.0,Nepal Stock House (PVT) Ltd.,Oxford Securities Pvt. Ltd.,2026-04-22 11:06:50.095837
2026042204000488,SHEL,18,58,10,314.0,3140.0,Sagarmatha Securities Private Limited,Naasa Securities Co. Ltd.,2026-04-22 11:06:55.247569
2026042204000564,SHEL,33,21,550,315.0,173250.0,Dakshinkali Investment & Securities Pvt. Ltd.,Midas Stock Broking Company Private Limited,2026-04-22 11:07:39.702003
2026042204000604,SHEL,21,45,500,315.0,157500.0,Midas Stock Broking Company Private Limited,Imperial Securities Company Pvt. Ltd.,2026-04-22 11:07:49.532040
2026042204000605,SHEL,39,45,500,314.1,157050.0,Sumeru Securities Pvt. Ltd.,Imperial Securities Company Pvt. Ltd.,2026-04-22 11:07:49.532143
2026042204000657,SHEL,18,95,1440,314.0,452160.0,Sagarmatha Securities Private Limited,Magnet Securities and Investment Company Private Limited,2026-04-22 11:08:16.739532
2026042204000658,SHEL,67,95,30,313.2,9396.0,Property Wiard Limited,Magnet Securities and Investment Company Private Limited,2026-04-22 11:08:16.739666
2026042204000835,SHEL,67,19,20,313.2,6264.0,Property Wiard Limited,Nepal Investment And Securities Trading Private Limited,2026-04-22 11:09:42.273108
2026042204000893,SHEL,67,57,60,313.2,18792.0,Property Wiard Limited,Aryatara Investment & Securities,2026-04-22 11:10:16.613651
2026042204000894,SHEL,34,57,12,313.1,3757.2,Vision Securities Pvt. Ltd,Aryatara Investment & Securities,2026-04-22 11:10:16.613860
2026042204000895,SHEL,14,57,428,313.1,134006.8,Nepal Stock House (PVT) Ltd.,Aryatara Investment & Securities,2026-04-22 11:10:16.613999
2026042204001031,SHEL,34,14,50,313.2,15660.0,Vision Securities Pvt. Ltd,Nepal Stock House (PVT) Ltd.,2026-04-22 11:11:30.334998
2026042204001032,SHEL,21,14,100,313.2,31320.0,Midas Stock Broking Company Private Limited,Nepal Stock House (PVT) Ltd.,2026-04-22 11:11:30.335119
2026042204001033,SHEL,14,14,72,313.1,22543.2,Nepal Stock House (PVT) Ltd.,Nepal Stock House (PVT) Ltd.,2026-04-22 11:11:30.335190
2026042204001034,SHEL,13,14,50,313.0,15650.0,Thrive Brokerage House Pvt. Ltd,Nepal Stock House (PVT) Ltd.,2026-04-22 11:11:30.335239
2026042204001035,SHEL,48,14,100,313.0,31300.0,Trishakti Securities Public Limited,Nepal Stock House (PVT) Ltd.,2026-04-22 11:11:30.335286
2026042204001036,SHEL,33,14,100,313.0,31300.0,Dakshinkali Investment & Securities Pvt. Ltd.,Nepal Stock House (PVT) Ltd.,2026-04-22 11:11:30.335339
2026042204001037,SHEL,57,14,100,313.0,31300.0,Aryatara Investment & Securities,Nepal Stock House (PVT) Ltd.,2026-04-22 11:11:30.335385
2026042204001045,SHEL,6,14,428,313.0,133964.0,Agrawal Securities (PVT) Ltd.,Nepal Stock House (PVT) Ltd.,2026-04-22 11:11:34.237232
2026042204001065,SHEL,6,26,72,313.3,22557.6,Agrawal Securities (PVT) Ltd.,Asian Securities Private Ltd.,2026-04-22 11:11:44.722634
2026042204001101,SHEL,33,26,428,313.0,133964.0,Dakshinkali Investment & Securities Pvt. Ltd.,Asian Securities Private Ltd.,2026-04-22 11:12:06.661118
2026042204001105,SHEL,57,49,10,313.0,3130.0,Aryatara Investment & Securities,Online Securities Pvt. Ltd.,2026-04-22 11:12:08.733794
2026042204001144,SHEL,57,52,94,313.0,29422.0,Aryatara Investment & Securities,Sundhara Securities Limited,2026-04-22 11:12:34.309716
2026042204001257,SHEL,34,94,200,314.5,62900.0,Vision Securities Pvt. Ltd,K.B.L. Securities Limited ,2026-04-22 11:13:43.198822
2026042204001296,SHEL,34,64,300,314.5,94350.0,Vision Securities Pvt. Ltd,SUN SECURITIES PVT LTD,2026-04-22 11:14:13.180379
2026042204001414,SHEL,21,64,15,313.2,4698.0,Midas Stock Broking Company Private Limited,SUN SECURITIES PVT LTD,2026-04-22 11:15:28.537829
2026042204001415,SHEL,42,64,300,313.2,93960.0,Sani Securities Company Ltd.,SUN SECURITIES PVT LTD,2026-04-22 11:15:28.537977
2026042204001459,SHEL,14,8,500,313.1,156550.0,Nepal Stock House (PVT) Ltd.,Brilliant Securities Pvt. Ltd.,2026-04-22 11:15:43.630676
2026042204001460,SHEL,57,8,500,313.0,156500.0,Aryatara Investment & Securities,Brilliant Securities Pvt. Ltd.,2026-04-22 11:15:43.630855
2026042204001518,SHEL,11,64,500,313.1,156550.0,Malla & Malla Stock Broking Company Pvt. Limited,SUN SECURITIES PVT LTD,2026-04-22 11:16:19.636176
2026042204001667,SHEL,57,57,100,313.1,31310.0,Aryatara Investment & Securities,Aryatara Investment & Securities,2026-04-22 11:17:29.371846
2026042204001668,SHEL,57,57,396,313.0,123948.0,Aryatara Investment & Securities,Aryatara Investment & Securities,2026-04-22 11:17:29.372002
2026042204001669,SHEL,41,57,200,313.0,62600.0,Linch Stock Market Ltd.,Aryatara Investment & Securities,2026-04-22 11:17:29.372066
2026042204001670,SHEL,49,57,80,313.0,25040.0,Online Securities Pvt. Ltd.,Aryatara Investment & Securities,2026-04-22 11:17:29.372125
2026042204001671,SHEL,39,57,100,313.0,31300.0,Sumeru Securities Pvt. Ltd.,Aryatara Investment & Securities,2026-04-22 11:17:29.372180
2026042204001672,SHEL,16,57,35,313.0,10955.0,Primo Securities (PVT) Ltd.,Aryatara Investment & Securities,2026-04-22 11:17:29.372237
2026042204001673,SHEL,48,57,89,312.3,27794.7,Trishakti Securities Public Limited,Aryatara Investment & Securities,2026-04-22 11:17:29.372293
2026042204001711,SHEL,48,45,11,312.3,3435.3,Trishakti Securities Public Limited,Imperial Securities Company Pvt. Ltd.,2026-04-22 11:17:51.772724
2026042204001712,SHEL,20,45,100,312.3,31230.0,Sipla Securities Private Limited,Imperial Securities Company Pvt. Ltd.,2026-04-22 11:17:51.772817
2026042204001713,SHEL,49,45,50,312.2,15610.0,Online Securities Pvt. Ltd.,Imperial Securities Company Pvt. Ltd.,2026-04-22 11:17:51.772924
2026042204001714,SHEL,45,45,39,312.1,12171.9,Imperial Securities Company Pvt. Ltd.,Imperial Securities Company Pvt. Ltd.,2026-04-22 11:17:51.773010
2026042204001933,SHEL,57,43,100,312.4,31240.0,Aryatara Investment & Securities,South Asian Bulls Pvt. Ltd.,2026-04-22 11:19:52.572386
2026042204001938,SHEL,11,42,20,312.3,6246.0,Malla & Malla Stock Broking Company Pvt. Limited,Sani Securities Company Ltd.,2026-04-22 11:19:56.443738
2026042204001957,SHEL,57,58,150,313.0,46950.0,Aryatara Investment & Securities,Naasa Securities Co. Ltd.,2026-04-22 11:20:04.630246
2026042204001964,SHEL,11,64,215,312.3,67144.5,Malla & Malla Stock Broking Company Pvt. Limited,SUN SECURITIES PVT LTD,2026-04-22 11:20:08.780594
2026042204001997,SHEL,44,58,140,315.0,44100.0,Dynamic Money Managers Securities Pvt. Ltd.,Naasa Securities Co. Ltd.,2026-04-22 11:20:16.541408
2026042204001998,SHEL,44,94,200,315.0,63000.0,Dynamic Money Managers Securities Pvt. Ltd.,K.B.L. Securities Limited ,2026-04-22 11:20:16.541727
2026042204002071,SHEL,58,35,50,315.5,15775.0,Naasa Securities Co. Ltd.,Kohinoor Investment & Securities Pvt. Ltd.,2026-04-22 11:20:51.380237
2026042204002170,SHEL,58,52,10,312.7,3127.0,Naasa Securities Co. Ltd.,Sundhara Securities Limited,2026-04-22 11:21:53.304665
2026042204002228,SHEL,3,16,16,314.0,5024.0,Arun Securities (PVT) Ltd.,Primo Securities (PVT) Ltd.,2026-04-22 11:22:18.524912
2026042204002241,SHEL,57,25,100,312.8,31280.0,Aryatara Investment & Securities,Sweta Securities Private Limited,2026-04-22 11:22:33.200276
2026042204002242,SHEL,58,25,540,312.7,168858.0,Naasa Securities Co. Ltd.,Sweta Securities Private Limited,2026-04-22 11:22:33.200481
2026042204002297,SHEL,3,35,50,315.5,15775.0,Arun Securities (PVT) Ltd.,Kohinoor Investment & Securities Pvt. Ltd.,2026-04-22 11:23:15.576360
2026042204002312,SHEL,3,34,50,315.8,15790.0,Arun Securities (PVT) Ltd.,Vision Securities Pvt. Ltd,2026-04-22 11:23:24.685461
2026042204002322,SHEL,50,34,450,315.8,142110.0,Cristal Kanchanjanga Securites Pvt. Ltd.,Vision Securities Pvt. Ltd,2026-04-22 11:23:36.141632
2026042204002501,SHEL,57,29,500,316.0,158000.0,Aryatara Investment & Securities,Trisul Securities & Invt. Ltd.,2026-04-22 11:25:22.534121
2026042204002502,SHEL,57,42,200,316.0,63200.0,Aryatara Investment & Securities,Sani Securities Company Ltd.,2026-04-22 11:25:22.534467
2026042204002901,SHEL,58,11,12,316.0,3792.0,Naasa Securities Co. Ltd.,Malla & Malla Stock Broking Company Pvt. Limited,2026-04-22 11:29:40.550823
2026042204002934,SHEL,58,58,50,316.0,15800.0,Naasa Securities Co. Ltd.,Naasa Securities Co. Ltd.,2026-04-22 11:30:10.904681
2026042204002953,SHEL,21,35,100,316.0,31600.0,Midas Stock Broking Company Private Limited,Kohinoor Investment & Securities Pvt. Ltd.,2026-04-22 11:30:25.156789
2026042204003018,SHEL,49,32,90,315.9,28431.0,Online Securities Pvt. Ltd.,Premier Securities Company Ltd.,2026-04-22 11:32:16.684113
2026042204003063,SHEL,53,44,10,314.0,3140.0,Investment Management Nepal Pvt. Ltd.,Dynamic Money Managers Securities Pvt. Ltd.,2026-04-22 11:33:00.862383
2026042204003117,SHEL,53,49,40,314.0,12560.0,Investment Management Nepal Pvt. Ltd.,Online Securities Pvt. Ltd.,2026-04-22 11:33:41.702522
2026042204003118,SHEL,8,49,30,314.0,9420.0,Brilliant Securities Pvt. Ltd.,Online Securities Pvt. Ltd.,2026-04-22 11:33:41.702755
2026042204003119,SHEL,26,49,100,314.0,31400.0,Asian Securities Private Ltd.,Online Securities Pvt. Ltd.,2026-04-22 11:33:41.702852
2026042204003120,SHEL,13,49,500,314.0,157000.0,Thrive Brokerage House Pvt. Ltd,Online Securities Pvt. Ltd.,2026-04-22 11:33:41.702928
2026042204003121,SHEL,96,49,50,313.7,15685.0,Himalayan Securities Limited,Online Securities Pvt. Ltd.,2026-04-22 11:33:41.703004
2026042204003122,SHEL,58,49,500,313.5,156750.0,Naasa Securities Co. Ltd.,Online Securities Pvt. Ltd.,2026-04-22 11:33:41.703080
2026042204003123,SHEL,42,49,100,313.4,31340.0,Sani Securities Company Ltd.,Online Securities Pvt. Ltd.,2026-04-22 11:33:41.703175
2026042204003124,SHEL,6,49,400,313.2,125280.0,Agrawal Securities (PVT) Ltd.,Online Securities Pvt. Ltd.,2026-04-22 11:33:41.703255
2026042204003125,SHEL,42,49,50,313.0,15650.0,Sani Securities Company Ltd.,Online Securities Pvt. Ltd.,2026-04-22 11:33:41.703341
2026042204003126,SHEL,14,49,50,313.0,15650.0,Nepal Stock House (PVT) Ltd.,Online Securities Pvt. Ltd.,2026-04-22 11:33:41.703435
2026042204003129,SHEL,26,49,100,313.0,31300.0,Asian Securities Private Ltd.,Online Securities Pvt. Ltd.,2026-04-22 11:33:48.365951
2026042204003160,SHEL,63,49,80,313.0,25040.0,Himalayan Brokerage Company Limited,Online Securities Pvt. Ltd.,2026-04-22 11:34:35.830633
2026042204003196,SHEL,49,35,10,316.0,3160.0,Online Securities Pvt. Ltd.,Kohinoor Investment & Securities Pvt. Ltd.,2026-04-22 11:34:59.342397
2026042204003296,SHEL,88,1,21,314.0,6594.0,Blue Chip Securities Ltd,Kumari Securities Private Limited,2026-04-22 11:36:10.555096
2026042204003317,SHEL,49,49,1,310.0,310.0,Online Securities Pvt. Ltd.,Online Securities Pvt. Ltd.,2026-04-22 11:36:34.600617
2026042204003502,SHEL,41,53,10,316.0,3160.0,Linch Stock Market Ltd.,Investment Management Nepal Pvt. Ltd.,2026-04-22 11:38:50.252081
2026042204003503,SHEL,41,26,190,316.0,60040.0,Linch Stock Market Ltd.,Asian Securities Private Ltd.,2026-04-22 11:38:50.252274
2026042204003584,SHEL,42,26,60,316.0,18960.0,Sani Securities Company Ltd.,Asian Securities Private Ltd.,2026-04-22 11:39:51.789576
2026042204003676,SHEL,88,49,29,314.0,9106.0,Blue Chip Securities Ltd,Online Securities Pvt. Ltd.,2026-04-22 11:41:05.197797
2026042204003677,SHEL,57,49,200,314.0,62800.0,Aryatara Investment & Securities,Online Securities Pvt. Ltd.,2026-04-22 11:41:05.198221
2026042204003678,SHEL,58,49,200,313.2,62640.0,Naasa Securities Co. Ltd.,Online Securities Pvt. Ltd.,2026-04-22 11:41:05.198502
2026042204003679,SHEL,32,49,20,313.2,6264.0,Premier Securities Company Ltd.,Online Securities Pvt. Ltd.,2026-04-22 11:41:05.198751
2026042204003680,SHEL,51,49,200,313.2,62640.0,Oxford Securities Pvt. Ltd.,Online Securities Pvt. Ltd.,2026-04-22 11:41:05.198991
2026042204003681,SHEL,57,49,200,313.2,62640.0,Aryatara Investment & Securities,Online Securities Pvt. Ltd.,2026-04-22 11:41:05.199225
2026042204003682,SHEL,11,49,65,313.1,20351.5,Malla & Malla Stock Broking Company Pvt. Limited,Online Securities Pvt. Ltd.,2026-04-22 11:41:05.199502
2026042204003683,SHEL,4,49,1500,313.1,469650.0,Opal Securities Investment (PVT) Ltd.,Online Securities Pvt. Ltd.,2026-04-22 11:41:05.199728
2026042204003684,SHEL,43,49,10,313.0,3130.0,South Asian Bulls Pvt. Ltd.,Online Securities Pvt. Ltd.,2026-04-22 11:41:05.199953
2026042204003685,SHEL,80,49,10,313.0,3130.0,Indira securities pvt. ltd,Online Securities Pvt. Ltd.,2026-04-22 11:41:05.200173
2026042204003686,SHEL,42,49,566,313.0,177158.0,Sani Securities Company Ltd.,Online Securities Pvt. Ltd.,2026-04-22 11:41:05.200416
2026042204003730,SHEL,42,32,20,313.0,6260.0,Sani Securities Company Ltd.,Premier Securities Company Ltd.,2026-04-22 11:41:26.628895
2026042204003736,SHEL,49,26,10,316.0,3160.0,Online Securities Pvt. Ltd.,Asian Securities Private Ltd.,2026-04-22 11:41:28.471623
2026042204003749,SHEL,42,51,975,313.0,305175.0,Sani Securities Company Ltd.,Oxford Securities Pvt. Ltd.,2026-04-22 11:41:39.815615
2026042204003784,SHEL,42,49,400,313.0,125200.0,Sani Securities Company Ltd.,Online Securities Pvt. Ltd.,2026-04-22 11:41:55.608224
2026042204004011,SHEL,42,89,39,313.0,12207.0,Sani Securities Company Ltd.,Global IME Securities Limited,2026-04-22 11:43:45.651409
2026042204004012,SHEL,29,89,461,313.0,144293.0,Trisul Securities & Invt. Ltd.,Global IME Securities Limited,2026-04-22 11:43:45.651635
2026042204004186,SHEL,45,49,100,313.1,31310.0,Imperial Securities Company Pvt. Ltd.,Online Securities Pvt. Ltd.,2026-04-22 11:45:27.259638
2026042204004187,SHEL,29,49,39,313.0,12207.0,Trisul Securities & Invt. Ltd.,Online Securities Pvt. Ltd.,2026-04-22 11:45:27.260116
2026042204004188,SHEL,48,49,200,313.0,62600.0,Trishakti Securities Public Limited,Online Securities Pvt. Ltd.,2026-04-22 11:45:27.260414
2026042204004189,SHEL,57,49,61,313.0,19093.0,Aryatara Investment & Securities,Online Securities Pvt. Ltd.,2026-04-22 11:45:27.260640
2026042204004202,SHEL,57,34,15,313.0,4695.0,Aryatara Investment & Securities,Vision Securities Pvt. Ltd,2026-04-22 11:45:32.891481
2026042204004251,SHEL,57,5,24,313.0,7512.0,Aryatara Investment & Securities,Market Securities & Exchange (PVT) Ltd.,2026-04-22 11:46:06.747011
2026042204004290,SHEL,84,5,126,313.0,39438.0,MILKY WAY SHARE BROKER COMPANY LTD ,Market Securities & Exchange (PVT) Ltd.,2026-04-22 11:46:47.134444
2026042204004304,SHEL,57,5,100,313.0,31300.0,Aryatara Investment & Securities,Market Securities & Exchange (PVT) Ltd.,2026-04-22 11:47:11.057080
2026042204004412,SHEL,80,67,2,312.0,624.0,Indira securities pvt. ltd,Property Wiard Limited,2026-04-22 11:48:51.031372
2026042204004548,SHEL,34,16,29,313.5,9091.5,Vision Securities Pvt. Ltd,Primo Securities (PVT) Ltd.,2026-04-22 11:50:42.587781
2026042204004549,SHEL,42,16,20,313.0,6260.0,Sani Securities Company Ltd.,Primo Securities (PVT) Ltd.,2026-04-22 11:50:42.588198
2026042204004611,SHEL,32,52,26,313.5,8151.0,Premier Securities Company Ltd.,Sundhara Securities Limited,2026-04-22 11:51:26.170453
2026042204004676,SHEL,32,29,74,314.0,23236.0,Premier Securities Company Ltd.,Trisul Securities & Invt. Ltd.,2026-04-22 11:52:03.424625
2026042204004718,SHEL,57,38,60,313.0,18780.0,Aryatara Investment & Securities,Dipshikha Dhitopatra Karobar Co. Pvt Ltd.,2026-04-22 11:52:32.529673
2026042204004823,SHEL,57,43,40,313.0,12520.0,Aryatara Investment & Securities,South Asian Bulls Pvt. Ltd.,2026-04-22 11:54:00.205271
2026042204004824,SHEL,7,43,500,313.0,156500.0,J.F. Securites (PVT) Ltd.,South Asian Bulls Pvt. Ltd.,2026-04-22 11:54:00.205401
2026042204004927,SHEL,57,43,100,312.9,31290.0,Aryatara Investment & Securities,South Asian Bulls Pvt. Ltd.,2026-04-22 11:55:02.251797
2026042204004928,SHEL,58,43,250,312.7,78175.0,Naasa Securities Co. Ltd.,South Asian Bulls Pvt. Ltd.,2026-04-22 11:55:02.251874
2026042204004947,SHEL,33,35,290,312.7,90683.0,Dakshinkali Investment & Securities Pvt. Ltd.,Kohinoor Investment & Securities Pvt. Ltd.,2026-04-22 11:55:13.388986
2026042204004971,SHEL,33,58,10,312.7,3127.0,Dakshinkali Investment & Securities Pvt. Ltd.,Naasa Securities Co. Ltd.,2026-04-22 11:55:24.088749
2026042204005050,SHEL,84,58,145,312.7,45341.5,MILKY WAY SHARE BROKER COMPANY LTD ,Naasa Securities Co. Ltd.,2026-04-22 11:56:12.258932
2026042204005191,SHEL,84,35,500,312.7,156350.0,MILKY WAY SHARE BROKER COMPANY LTD ,Kohinoor Investment & Securities Pvt. Ltd.,2026-04-22 11:57:23.364003
2026042204005197,SHEL,84,58,229,312.7,71608.3,MILKY WAY SHARE BROKER COMPANY LTD ,Naasa Securities Co. Ltd.,2026-04-22 11:57:25.779248
2026042204005198,SHEL,21,58,10,312.6,3126.0,Midas Stock Broking Company Private Limited,Naasa Securities Co. Ltd.,2026-04-22 11:57:25.779335
2026042204005199,SHEL,43,58,15,312.5,4687.5,South Asian Bulls Pvt. Ltd.,Naasa Securities Co. Ltd.,2026-04-22 11:57:25.779380
2026042204005200,SHEL,45,58,46,312.5,14375.0,Imperial Securities Company Pvt. Ltd.,Naasa Securities Co. Ltd.,2026-04-22 11:57:25.779408
2026042204005244,SHEL,52,56,15,312.8,4692.0,Sundhara Securities Limited,Sri Hari Securities Pvt. Ltd.,2026-04-22 11:57:42.633045
2026042204005245,SHEL,52,42,25,312.8,7820.0,Sundhara Securities Limited,Sani Securities Company Ltd.,2026-04-22 11:57:43.673615
2026042204005452,SHEL,52,49,60,312.8,18768.0,Sundhara Securities Limited,Online Securities Pvt. Ltd.,2026-04-22 12:00:11.136008
2026042204005453,SHEL,13,49,300,312.5,93750.0,Thrive Brokerage House Pvt. Ltd,Online Securities Pvt. Ltd.,2026-04-22 12:00:11.136287
2026042204005454,SHEL,35,49,490,312.4,153076.0,Kohinoor Investment & Securities Pvt. Ltd.,Online Securities Pvt. Ltd.,2026-04-22 12:00:11.136390
2026042204005469,SHEL,45,52,200,312.9,62580.0,Imperial Securities Company Pvt. Ltd.,Sundhara Securities Limited,2026-04-22 12:00:24.828286
2026042204005508,SHEL,91,38,20,312.7,6254.0,Citizens Share Broker Limited,Dipshikha Dhitopatra Karobar Co. Pvt Ltd.,2026-04-22 12:00:42.837356
2026042204005542,SHEL,68,38,120,312.7,37524.0,Elite Stock House Limited,Dipshikha Dhitopatra Karobar Co. Pvt Ltd.,2026-04-22 12:00:57.802497
2026042204005636,SHEL,68,74,100,312.7,31270.0,Elite Stock House Limited,KALASH STOCK MARKET PVT. LTD.,2026-04-22 12:01:33.593702
2026042204005743,SHEL,68,7,80,312.7,25016.0,Elite Stock House Limited,J.F. Securites (PVT) Ltd.,2026-04-22 12:02:26.396946
2026042204005868,SHEL,52,58,54,312.5,16875.0,Sundhara Securities Limited,Naasa Securities Co. Ltd.,2026-04-22 12:03:10.371389
2026042204005877,SHEL,52,56,346,312.5,108125.0,Sundhara Securities Limited,Sri Hari Securities Pvt. Ltd.,2026-04-22 12:03:16.764540
2026042204005878,SHEL,35,56,10,312.4,3124.0,Kohinoor Investment & Securities Pvt. Ltd.,Sri Hari Securities Pvt. Ltd.,2026-04-22 12:03:16.764818
2026042204005879,SHEL,80,56,10,312.3,3123.0,Indira securities pvt. ltd,Sri Hari Securities Pvt. Ltd.,2026-04-22 12:03:16.764956
2026042204005880,SHEL,63,56,50,312.2,15610.0,Himalayan Brokerage Company Limited,Sri Hari Securities Pvt. Ltd.,2026-04-22 12:03:16.765055
2026042204005881,SHEL,49,56,50,312.2,15610.0,Online Securities Pvt. Ltd.,Sri Hari Securities Pvt. Ltd.,2026-04-22 12:03:16.765160
2026042204005882,SHEL,89,56,534,312.2,166714.8,Global IME Securities Limited,Sri Hari Securities Pvt. Ltd.,2026-04-22 12:03:16.765290
2026042204006009,SHEL,89,62,21,312.2,6556.2,Global IME Securities Limited,Capital Max Securities Ltd,2026-04-22 12:04:16.448852
2026042204006010,SHEL,50,62,50,312.2,15610.0,Cristal Kanchanjanga Securites Pvt. Ltd.,Capital Max Securities Ltd,2026-04-22 12:04:16.449077
2026042204006029,SHEL,45,49,961,312.1,299928.1,Imperial Securities Company Pvt. Ltd.,Online Securities Pvt. Ltd.,2026-04-22 12:04:25.088852
2026042204006030,SHEL,58,49,200,312.1,62420.0,Naasa Securities Co. Ltd.,Online Securities Pvt. Ltd.,2026-04-22 12:04:25.089135
2026042204006031,SHEL,57,49,100,312.1,31210.0,Aryatara Investment & Securities,Online Securities Pvt. Ltd.,2026-04-22 12:04:25.089233
2026042204006032,SHEL,17,49,739,312.1,230641.9,ABC Securities Private Limited,Online Securities Pvt. Ltd.,2026-04-22 12:04:25.089340
2026042204006094,SHEL,17,49,260,312.1,81146.0,ABC Securities Private Limited,Online Securities Pvt. Ltd.,2026-04-22 12:05:09.460553
2026042204006095,SHEL,13,49,500,312.0,156000.0,Thrive Brokerage House Pvt. Ltd,Online Securities Pvt. Ltd.,2026-04-22 12:05:09.460999
2026042204006096,SHEL,34,49,80,312.0,24960.0,Vision Securities Pvt. Ltd,Online Securities Pvt. Ltd.,2026-04-22 12:05:09.461326
2026042204006097,SHEL,29,49,10,312.0,3120.0,Trisul Securities & Invt. Ltd.,Online Securities Pvt. Ltd.,2026-04-22 12:05:09.461591
2026042204006098,SHEL,33,49,1150,312.0,358800.0,Dakshinkali Investment & Securities Pvt. Ltd.,Online Securities Pvt. Ltd.,2026-04-22 12:05:09.461856
2026042204006118,SHEL,33,52,1080,312.0,336960.0,Dakshinkali Investment & Securities Pvt. Ltd.,Sundhara Securities Limited,2026-04-22 12:05:20.934009
2026042204006120,SHEL,62,62,9,302.8,2725.2,Capital Max Securities Ltd,Capital Max Securities Ltd,2026-04-22 12:05:24.763485
2026042204006129,SHEL,33,52,35,312.0,10920.0,Dakshinkali Investment & Securities Pvt. Ltd.,Sundhara Securities Limited,2026-04-22 12:05:42.369090
2026042204006130,SHEL,58,34,100,312.5,31250.0,Naasa Securities Co. Ltd.,Vision Securities Pvt. Ltd,2026-04-22 12:05:42.523139
2026042204006179,SHEL,58,98,50,312.5,15625.0,Naasa Securities Co. Ltd.,Trademow Securities Private Limited,2026-04-22 12:06:14.475400
2026042204006218,SHEL,58,49,600,312.5,187500.0,Naasa Securities Co. Ltd.,Online Securities Pvt. Ltd.,2026-04-22 12:06:30.007892
2026042204006380,SHEL,42,25,500,312.5,156250.0,Sani Securities Company Ltd.,Sweta Securities Private Limited,2026-04-22 12:08:16.239696
2026042204006403,SHEL,53,72,500,312.1,156050.0,Investment Management Nepal Pvt. Ltd.,Hatemalo Financial Services Private Limited,2026-04-22 12:08:41.833203
2026042204006438,SHEL,52,52,100,312.2,31220.0,Sundhara Securities Limited,Sundhara Securities Limited,2026-04-22 12:08:58.466816
2026042204006439,SHEL,33,52,57,312.0,17784.0,Dakshinkali Investment & Securities Pvt. Ltd.,Sundhara Securities Limited,2026-04-22 12:08:58.467072
2026042204006482,SHEL,33,38,35,312.0,10920.0,Dakshinkali Investment & Securities Pvt. Ltd.,Dipshikha Dhitopatra Karobar Co. Pvt Ltd.,2026-04-22 12:09:09.343290
2026042204006483,SHEL,33,8,2643,312.0,824616.0,Dakshinkali Investment & Securities Pvt. Ltd.,Brilliant Securities Pvt. Ltd.,2026-04-22 12:09:10.583939
2026042204006484,SHEL,42,8,100,312.0,31200.0,Sani Securities Company Ltd.,Brilliant Securities Pvt. Ltd.,2026-04-22 12:09:10.584236
2026042204006485,SHEL,57,8,100,312.0,31200.0,Aryatara Investment & Securities,Brilliant Securities Pvt. Ltd.,2026-04-22 12:09:10.584356
2026042204006486,SHEL,58,8,25,312.0,7800.0,Naasa Securities Co. Ltd.,Brilliant Securities Pvt. Ltd.,2026-04-22 12:09:10.584452
2026042204006487,SHEL,29,8,500,312.0,156000.0,Trisul Securities & Invt. Ltd.,Brilliant Securities Pvt. Ltd.,2026-04-22 12:09:10.584545
2026042204006488,SHEL,26,8,300,312.0,93600.0,Asian Securities Private Ltd.,Brilliant Securities Pvt. Ltd.,2026-04-22 12:09:10.584683
2026042204006489,SHEL,42,8,100,312.0,31200.0,Sani Securities Company Ltd.,Brilliant Securities Pvt. Ltd.,2026-04-22 12:09:10.584782
2026042204006490,SHEL,60,8,200,312.0,62400.0,Nagarik Stock Dealer ,Brilliant Securities Pvt. Ltd.,2026-04-22 12:09:10.584873
2026042204006491,SHEL,58,8,50,312.0,15600.0,Naasa Securities Co. Ltd.,Brilliant Securities Pvt. Ltd.,2026-04-22 12:09:10.584987
2026042204006492,SHEL,32,8,500,312.0,156000.0,Premier Securities Company Ltd.,Brilliant Securities Pvt. Ltd.,2026-04-22 12:09:10.585084
2026042204006493,SHEL,45,8,20,312.0,6240.0,Imperial Securities Company Pvt. Ltd.,Brilliant Securities Pvt. Ltd.,2026-04-22 12:09:10.585180
2026042204006494,SHEL,11,8,30,312.0,9360.0,Malla & Malla Stock Broking Company Pvt. Limited,Brilliant Securities Pvt. Ltd.,2026-04-22 12:09:10.585289
2026042204006495,SHEL,74,8,432,312.0,134784.0,KALASH STOCK MARKET PVT. LTD.,Brilliant Securities Pvt. Ltd.,2026-04-22 12:09:10.585464
2026042204006503,SHEL,74,16,10,312.0,3120.0,KALASH STOCK MARKET PVT. LTD.,Primo Securities (PVT) Ltd.,2026-04-22 12:09:12.675353
2026042204006523,SHEL,74,44,58,312.0,18096.0,KALASH STOCK MARKET PVT. LTD.,Dynamic Money Managers Securities Pvt. Ltd.,2026-04-22 12:09:48.001864
2026042204006524,SHEL,26,44,17,312.0,5304.0,Asian Securities Private Ltd.,Dynamic Money Managers Securities Pvt. Ltd.,2026-04-22 12:09:48.002150
2026042204006557,SHEL,26,49,133,312.0,41496.0,Asian Securities Private Ltd.,Online Securities Pvt. Ltd.,2026-04-22 12:10:02.145354
2026042204006558,SHEL,40,49,117,312.0,36504.0,Creative Securities Pvt Ltd,Online Securities Pvt. Ltd.,2026-04-22 12:10:02.145620
2026042204006578,SHEL,36,45,300,312.4,93720.0,Secured Securities Ltd.,Imperial Securities Company Pvt. Ltd.,2026-04-22 12:10:23.030618
2026042204006579,SHEL,36,6,200,312.5,62500.0,Secured Securities Ltd.,Agrawal Securities (PVT) Ltd.,2026-04-22 12:10:23.030894
2026042204006761,SHEL,40,75,12,312.0,3744.0,Creative Securities Pvt Ltd,N.I.M.B. Stock Markets Limited,2026-04-22 12:11:39.190737
2026042204006762,SHEL,77,75,20,312.0,6240.0,Nabil Stock Dealer Ltd.,N.I.M.B. Stock Markets Limited,2026-04-22 12:11:39.191001
2026042204006763,SHEL,52,75,100,311.5,31150.0,Sundhara Securities Limited,N.I.M.B. Stock Markets Limited,2026-04-22 12:11:39.191094
2026042204006764,SHEL,63,75,46,311.2,14315.2,Himalayan Brokerage Company Limited,N.I.M.B. Stock Markets Limited,2026-04-22 12:11:39.191186
2026042204006765,SHEL,26,75,372,311.1,115729.2,Asian Securities Private Ltd.,N.I.M.B. Stock Markets Limited,2026-04-22 12:11:39.191277
2026042204006853,SHEL,26,8,131,311.1,40754.1,Asian Securities Private Ltd.,Brilliant Securities Pvt. Ltd.,2026-04-22 12:12:22.036250
2026042204006854,SHEL,58,8,100,311.1,31110.0,Naasa Securities Co. Ltd.,Brilliant Securities Pvt. Ltd.,2026-04-22 12:12:22.036771
2026042204006855,SHEL,26,8,100,311.0,31100.0,Asian Securities Private Ltd.,Brilliant Securities Pvt. Ltd.,2026-04-22 12:12:22.037031
2026042204006856,SHEL,42,8,100,311.0,31100.0,Sani Securities Company Ltd.,Brilliant Securities Pvt. Ltd.,2026-04-22 12:12:22.037292
2026042204006857,SHEL,34,8,180,311.0,55980.0,Vision Securities Pvt. Ltd,Brilliant Securities Pvt. Ltd.,2026-04-22 12:12:22.037568
2026042204006858,SHEL,45,8,100,311.0,31100.0,Imperial Securities Company Pvt. Ltd.,Brilliant Securities Pvt. Ltd.,2026-04-22 12:12:22.037824
2026042204006859,SHEL,57,8,100,311.0,31100.0,Aryatara Investment & Securities,Brilliant Securities Pvt. Ltd.,2026-04-22 12:12:22.038087
2026042204006860,SHEL,45,8,54,311.0,16794.0,Imperial Securities Company Pvt. Ltd.,Brilliant Securities Pvt. Ltd.,2026-04-22 12:12:22.038363
2026042204006861,SHEL,63,8,50,310.3,15515.0,Himalayan Brokerage Company Limited,Brilliant Securities Pvt. Ltd.,2026-04-22 12:12:22.038642
2026042204006862,SHEL,84,8,3000,310.2,930600.0,MILKY WAY SHARE BROKER COMPANY LTD ,Brilliant Securities Pvt. Ltd.,2026-04-22 12:12:22.038905
2026042204006863,SHEL,80,8,10,310.2,3102.0,Indira securities pvt. ltd,Brilliant Securities Pvt. Ltd.,2026-04-22 12:12:22.039157
2026042204006864,SHEL,45,8,1000,310.1,310100.0,Imperial Securities Company Pvt. Ltd.,Brilliant Securities Pvt. Ltd.,2026-04-22 12:12:22.039413
2026042204006865,SHEL,82,8,65,310.1,20156.5,N.M.B. SECURITIES LIMITED,Brilliant Securities Pvt. Ltd.,2026-04-22 12:12:22.039674
2026042204006885,SHEL,49,8,10,310.2,3102.0,Online Securities Pvt. Ltd.,Brilliant Securities Pvt. Ltd.,2026-04-22 12:12:37.427832
2026042204007055,SHEL,65,51,11,310.3,3413.3,Sharepro Securities Private Limited,Oxford Securities Pvt. Ltd.,2026-04-22 12:13:58.467104
2026042204007070,SHEL,65,44,489,310.3,151736.7,Sharepro Securities Private Limited,Dynamic Money Managers Securities Pvt. Ltd.,2026-04-22 12:14:07.136364
2026042204007071,SHEL,52,44,11,310.3,3413.3,Sundhara Securities Limited,Dynamic Money Managers Securities Pvt. Ltd.,2026-04-22 12:14:09.103328
2026042204007076,SHEL,52,42,89,310.4,27625.6,Sundhara Securities Limited,Sani Securities Company Ltd.,2026-04-22 12:14:13.709529
2026042204007155,SHEL,43,42,400,310.3,124120.0,South Asian Bulls Pvt. Ltd.,Sani Securities Company Ltd.,2026-04-22 12:14:36.227449
2026042204007160,SHEL,49,44,10,310.2,3102.0,Online Securities Pvt. Ltd.,Dynamic Money Managers Securities Pvt. Ltd.,2026-04-22 12:14:44.067103
2026042204007275,SHEL,4,42,11,310.3,3413.3,Opal Securities Investment (PVT) Ltd.,Sani Securities Company Ltd.,2026-04-22 12:15:59.175866
2026042204007320,SHEL,4,63,189,310.3,58646.7,Opal Securities Investment (PVT) Ltd.,Himalayan Brokerage Company Limited,2026-04-22 12:16:27.517900
2026042204007321,SHEL,49,63,11,310.3,3413.3,Online Securities Pvt. Ltd.,Himalayan Brokerage Company Limited,2026-04-22 12:16:27.518365
2026042204007322,SHEL,49,63,10,310.2,3102.0,Online Securities Pvt. Ltd.,Himalayan Brokerage Company Limited,2026-04-22 12:16:27.518668
2026042204007323,SHEL,49,63,30,310.2,9306.0,Online Securities Pvt. Ltd.,Himalayan Brokerage Company Limited,2026-04-22 12:16:27.518947
2026042204007324,SHEL,33,63,200,310.2,62040.0,Dakshinkali Investment & Securities Pvt. Ltd.,Himalayan Brokerage Company Limited,2026-04-22 12:16:27.519230
2026042204007325,SHEL,45,63,100,310.2,31020.0,Imperial Securities Company Pvt. Ltd.,Himalayan Brokerage Company Limited,2026-04-22 12:16:27.519519
2026042204007326,SHEL,89,63,555,310.2,172161.0,Global IME Securities Limited,Himalayan Brokerage Company Limited,2026-04-22 12:16:27.519808
2026042204007327,SHEL,62,63,250,310.2,77550.0,Capital Max Securities Ltd,Himalayan Brokerage Company Limited,2026-04-22 12:16:27.520111
2026042204007328,SHEL,17,63,555,310.2,172161.0,ABC Securities Private Limited,Himalayan Brokerage Company Limited,2026-04-22 12:16:27.520407
2026042204007329,SHEL,57,63,19,310.2,5893.8,Aryatara Investment & Securities,Himalayan Brokerage Company Limited,2026-04-22 12:16:27.520680
2026042204007330,SHEL,82,63,81,310.1,25118.1,N.M.B. SECURITIES LIMITED,Himalayan Brokerage Company Limited,2026-04-22 12:16:27.520964
2026042204007332,SHEL,82,40,10,310.1,3101.0,N.M.B. SECURITIES LIMITED,Creative Securities Pvt Ltd,2026-04-22 12:16:30.361602
2026042204007472,SHEL,57,45,50,311.0,15550.0,Aryatara Investment & Securities,Imperial Securities Company Pvt. Ltd.,2026-04-22 12:17:50.622874
2026042204007500,SHEL,68,74,200,310.3,62060.0,Elite Stock House Limited,KALASH STOCK MARKET PVT. LTD.,2026-04-22 12:18:13.345252
2026042204007501,SHEL,63,74,20,310.2,6204.0,Himalayan Brokerage Company Limited,KALASH STOCK MARKET PVT. LTD.,2026-04-22 12:18:13.345785
2026042204007502,SHEL,87,74,830,310.2,257466.0,S.P.S.A. Securities Limited,KALASH STOCK MARKET PVT. LTD.,2026-04-22 12:18:13.346092
2026042204007505,SHEL,87,7,170,310.2,52734.0,S.P.S.A. Securities Limited,J.F. Securites (PVT) Ltd.,2026-04-22 12:18:14.026747
2026042204007506,SHEL,19,7,20,310.2,6204.0,Nepal Investment And Securities Trading Private Limited,J.F. Securites (PVT) Ltd.,2026-04-22 12:18:14.027002
2026042204007507,SHEL,33,7,130,310.2,40326.0,Dakshinkali Investment & Securities Pvt. Ltd.,J.F. Securites (PVT) Ltd.,2026-04-22 12:18:14.027101
2026042204007552,SHEL,58,7,110,310.4,34144.0,Naasa Securities Co. Ltd.,J.F. Securites (PVT) Ltd.,2026-04-22 12:18:54.478116
2026042204007607,SHEL,34,45,158,311.0,49138.0,Vision Securities Pvt. Ltd,Imperial Securities Company Pvt. Ltd.,2026-04-22 12:19:19.461147
2026042204007608,SHEL,34,34,342,311.0,106362.0,Vision Securities Pvt. Ltd,Vision Securities Pvt. Ltd,2026-04-22 12:19:19.461653
2026042204007675,SHEL,34,34,200,311.0,62200.0,Vision Securities Pvt. Ltd,Vision Securities Pvt. Ltd,2026-04-22 12:19:49.756968
2026042204007716,SHEL,34,34,50,311.0,15550.0,Vision Securities Pvt. Ltd,Vision Securities Pvt. Ltd,2026-04-22 12:20:03.137204
2026042204007727,SHEL,58,58,400,310.4,124160.0,Naasa Securities Co. Ltd.,Naasa Securities Co. Ltd.,2026-04-22 12:20:06.924419
2026042204007843,SHEL,49,58,50,311.0,15550.0,Online Securities Pvt. Ltd.,Naasa Securities Co. Ltd.,2026-04-22 12:21:12.600700
2026042204007866,SHEL,52,58,200,310.5,62100.0,Sundhara Securities Limited,Naasa Securities Co. Ltd.,2026-04-22 12:21:32.754992
2026042204007867,SHEL,56,58,200,310.5,62100.0,Sri Hari Securities Pvt. Ltd.,Naasa Securities Co. Ltd.,2026-04-22 12:21:32.755510
2026042204007880,SHEL,58,58,290,310.4,90016.0,Naasa Securities Co. Ltd.,Naasa Securities Co. Ltd.,2026-04-22 12:21:42.242514
2026042204007881,SHEL,19,58,20,310.4,6208.0,Nepal Investment And Securities Trading Private Limited,Naasa Securities Co. Ltd.,2026-04-22 12:21:42.242785
2026042204007882,SHEL,6,58,150,310.4,46560.0,Agrawal Securities (PVT) Ltd.,Naasa Securities Co. Ltd.,2026-04-22 12:21:42.242892
2026042204007920,SHEL,11,58,190,310.3,58957.0,Malla & Malla Stock Broking Company Pvt. Limited,Naasa Securities Co. Ltd.,2026-04-22 12:22:06.987366
2026042204007947,SHEL,41,34,50,310.4,15520.0,Linch Stock Market Ltd.,Vision Securities Pvt. Ltd,2026-04-22 12:22:20.796112
2026042204007970,SHEL,11,38,31,310.3,9619.3,Malla & Malla Stock Broking Company Pvt. Limited,Dipshikha Dhitopatra Karobar Co. Pvt Ltd.,2026-04-22 12:22:53.175335
2026042204007971,SHEL,11,83,21,310.3,6516.3,Malla & Malla Stock Broking Company Pvt. Limited,Sanima Securities Limited,2026-04-22 12:22:53.489139
2026042204007991,SHEL,11,58,258,310.3,80057.4,Malla & Malla Stock Broking Company Pvt. Limited,Naasa Securities Co. Ltd.,2026-04-22 12:23:04.528705
2026042204007992,SHEL,42,58,1157,310.3,359017.1,Sani Securities Company Ltd.,Naasa Securities Co. Ltd.,2026-04-22 12:23:04.528780
2026042204008010,SHEL,4,34,50,310.4,15520.0,Opal Securities Investment (PVT) Ltd.,Vision Securities Pvt. Ltd,2026-04-22 12:23:25.270125
2026042204008232,SHEL,13,34,50,311.0,15550.0,Thrive Brokerage House Pvt. Ltd,Vision Securities Pvt. Ltd,2026-04-22 12:26:00.688189
2026042204008267,SHEL,38,34,50,311.0,15550.0,Dipshikha Dhitopatra Karobar Co. Pvt Ltd.,Vision Securities Pvt. Ltd,2026-04-22 12:26:26.491345
2026042204008316,SHEL,58,61,10,310.7,3107.0,Naasa Securities Co. Ltd.,BHOLE GANESH SECURITIES LTD,2026-04-22 12:27:09.890815
2026042204008322,SHEL,58,34,80,310.7,24856.0,Naasa Securities Co. Ltd.,Vision Securities Pvt. Ltd,2026-04-22 12:27:15.688143
2026042204008323,SHEL,58,34,120,310.7,37284.0,Naasa Securities Co. Ltd.,Vision Securities Pvt. Ltd,2026-04-22 12:27:15.688255
2026042204008341,SHEL,34,57,100,310.8,31080.0,Vision Securities Pvt. Ltd,Aryatara Investment & Securities,2026-04-22 12:27:23.476346
2026042204008342,SHEL,58,57,180,310.7,55926.0,Naasa Securities Co. Ltd.,Aryatara Investment & Securities,2026-04-22 12:27:23.476406
2026042204008343,SHEL,34,57,100,310.6,31060.0,Vision Securities Pvt. Ltd,Aryatara Investment & Securities,2026-04-22 12:27:23.476431
2026042204008344,SHEL,49,57,30,310.6,9318.0,Online Securities Pvt. Ltd.,Aryatara Investment & Securities,2026-04-22 12:27:23.476453
2026042204008345,SHEL,49,57,2000,310.5,621000.0,Online Securities Pvt. Ltd.,Aryatara Investment & Securities,2026-04-22 12:27:23.476492
2026042204008346,SHEL,42,57,55,310.3,17066.5,Sani Securities Company Ltd.,Aryatara Investment & Securities,2026-04-22 12:27:23.476515
2026042204008619,SHEL,82,57,25,311.9,7797.5,N.M.B. SECURITIES LIMITED,Aryatara Investment & Securities,2026-04-22 12:29:58.172749
2026042204008620,SHEL,82,59,2100,312.0,655200.0,N.M.B. SECURITIES LIMITED,Deevyaa Securities & Stock House Pvt. Ltd,2026-04-22 12:29:58.173002
2026042204008621,SHEL,82,6,1000,312.0,312000.0,N.M.B. SECURITIES LIMITED,Agrawal Securities (PVT) Ltd.,2026-04-22 12:29:58.173121
2026042204008652,SHEL,82,38,500,312.0,156000.0,N.M.B. SECURITIES LIMITED,Dipshikha Dhitopatra Karobar Co. Pvt Ltd.,2026-04-22 12:30:24.671167
2026042204008775,SHEL,11,49,200,312.8,62560.0,Malla & Malla Stock Broking Company Pvt. Limited,Online Securities Pvt. Ltd.,2026-04-22 12:31:37.156938
2026042204008799,SHEL,62,49,20,312.8,6256.0,Capital Max Securities Ltd,Online Securities Pvt. Ltd.,2026-04-22 12:31:58.801289
2026042204008826,SHEL,88,49,20,312.8,6256.0,Blue Chip Securities Ltd,Online Securities Pvt. Ltd.,2026-04-22 12:32:26.497974
2026042204008899,SHEL,19,49,90,312.8,28152.0,Nepal Investment And Securities Trading Private Limited,Online Securities Pvt. Ltd.,2026-04-22 12:33:14.806746
2026042204008900,SHEL,19,52,282,312.9,88237.8,Nepal Investment And Securities Trading Private Limited,Sundhara Securities Limited,2026-04-22 12:33:14.807104
2026042204008901,SHEL,19,26,100,312.9,31290.0,Nepal Investment And Securities Trading Private Limited,Asian Securities Private Ltd.,2026-04-22 12:33:14.807220
2026042204008902,SHEL,19,6,528,312.9,165211.2,Nepal Investment And Securities Trading Private Limited,Agrawal Securities (PVT) Ltd.,2026-04-22 12:33:14.807346
2026042204008934,SHEL,49,16,1,310.0,310.0,Online Securities Pvt. Ltd.,Primo Securities (PVT) Ltd.,2026-04-22 12:33:24.378676
2026042204008948,SHEL,39,6,472,312.9,147688.8,Sumeru Securities Pvt. Ltd.,Agrawal Securities (PVT) Ltd.,2026-04-22 12:33:26.539580
2026042204008949,SHEL,39,41,28,313.0,8764.0,Sumeru Securities Pvt. Ltd.,Linch Stock Market Ltd.,2026-04-22 12:33:26.540081
2026042204008972,SHEL,36,41,672,313.0,210336.0,Secured Securities Ltd.,Linch Stock Market Ltd.,2026-04-22 12:33:34.793797
2026042204008973,SHEL,36,98,300,313.0,93900.0,Secured Securities Ltd.,Trademow Securities Private Limited,2026-04-22 12:33:34.794230
2026042204008974,SHEL,36,25,116,313.0,36308.0,Secured Securities Ltd.,Sweta Securities Private Limited,2026-04-22 12:33:34.794562
2026042204008975,SHEL,36,45,300,313.0,93900.0,Secured Securities Ltd.,Imperial Securities Company Pvt. Ltd.,2026-04-22 12:33:34.794870
2026042204008976,SHEL,36,58,121,313.0,37873.0,Secured Securities Ltd.,Naasa Securities Co. Ltd.,2026-04-22 12:33:34.795241
2026042204009008,SHEL,36,20,250,313.0,78250.0,Secured Securities Ltd.,Sipla Securities Private Limited,2026-04-22 12:34:02.386406
2026042204009023,SHEL,36,58,241,313.0,75433.0,Secured Securities Ltd.,Naasa Securities Co. Ltd.,2026-04-22 12:34:17.029074
2026042204009024,SHEL,42,58,759,313.0,237567.0,Sani Securities Company Ltd.,Naasa Securities Co. Ltd.,2026-04-22 12:34:17.029336
2026042204009029,SHEL,44,49,60,313.7,18822.0,Dynamic Money Managers Securities Pvt. Ltd.,Online Securities Pvt. Ltd.,2026-04-22 12:34:19.415427
2026042204009058,SHEL,58,49,240,313.7,75288.0,Naasa Securities Co. Ltd.,Online Securities Pvt. Ltd.,2026-04-22 12:34:41.184281
2026042204009182,SHEL,42,58,21,313.0,6573.0,Sani Securities Company Ltd.,Naasa Securities Co. Ltd.,2026-04-22 12:36:00.136701
2026042204009195,SHEL,42,21,50,313.0,15650.0,Sani Securities Company Ltd.,Midas Stock Broking Company Private Limited,2026-04-22 12:36:12.633978
2026042204009222,SHEL,42,34,50,313.0,15650.0,Sani Securities Company Ltd.,Vision Securities Pvt. Ltd,2026-04-22 12:36:32.576458
2026042204009298,SHEL,82,45,21,313.1,6575.1,N.M.B. SECURITIES LIMITED,Imperial Securities Company Pvt. Ltd.,2026-04-22 12:37:31.691579
2026042204009314,SHEL,25,56,116,313.7,36389.2,Sweta Securities Private Limited,Sri Hari Securities Pvt. Ltd.,2026-04-22 12:37:48.538832
2026042204009319,SHEL,82,49,500,313.1,156550.0,N.M.B. SECURITIES LIMITED,Online Securities Pvt. Ltd.,2026-04-22 12:37:56.189715
2026042204009369,SHEL,37,58,48,313.6,15052.8,Swarna Laxmi Securities Pvt. Ltd.,Naasa Securities Co. Ltd.,2026-04-22 12:38:32.155898
2026042204009370,SHEL,5,58,300,313.2,93960.0,Market Securities & Exchange (PVT) Ltd.,Naasa Securities Co. Ltd.,2026-04-22 12:38:32.156449
2026042204009371,SHEL,82,58,698,313.1,218543.8,N.M.B. SECURITIES LIMITED,Naasa Securities Co. Ltd.,2026-04-22 12:38:32.156780
2026042204009373,SHEL,49,58,1,310.0,310.0,Online Securities Pvt. Ltd.,Naasa Securities Co. Ltd.,2026-04-22 12:38:34.133921
2026042204009392,SHEL,10,58,50,313.1,15655.0,Pragyan Securities (PVT) Ltd.,Naasa Securities Co. Ltd.,2026-04-22 12:38:51.265635
2026042204009426,SHEL,49,58,100,313.1,31310.0,Online Securities Pvt. Ltd.,Naasa Securities Co. Ltd.,2026-04-22 12:39:10.003601
2026042204009445,SHEL,36,58,26,313.1,8140.6,Secured Securities Ltd.,Naasa Securities Co. Ltd.,2026-04-22 12:39:25.574202
2026042204009492,SHEL,36,36,50,313.1,15655.0,Secured Securities Ltd.,Secured Securities Ltd.,2026-04-22 12:39:54.174308
2026042204009526,SHEL,36,36,174,313.1,54479.4,Secured Securities Ltd.,Secured Securities Ltd.,2026-04-22 12:40:14.738616
2026042204009527,SHEL,42,36,120,313.0,37560.0,Sani Securities Company Ltd.,Secured Securities Ltd.,2026-04-22 12:40:14.739079
2026042204009528,SHEL,42,36,10,313.0,3130.0,Sani Securities Company Ltd.,Secured Securities Ltd.,2026-04-22 12:40:14.739428
2026042204009529,SHEL,6,36,50,313.0,15650.0,Agrawal Securities (PVT) Ltd.,Secured Securities Ltd.,2026-04-22 12:40:14.739747
2026042204009530,SHEL,29,36,146,313.0,45698.0,Trisul Securities & Invt. Ltd.,Secured Securities Ltd.,2026-04-22 12:40:14.740056
2026042204009563,SHEL,29,36,129,313.0,40377.0,Trisul Securities & Invt. Ltd.,Secured Securities Ltd.,2026-04-22 12:40:38.279786
2026042204009564,SHEL,56,36,371,313.0,116123.0,Sri Hari Securities Pvt. Ltd.,Secured Securities Ltd.,2026-04-22 12:40:38.280109
2026042204009578,SHEL,56,21,50,313.0,15650.0,Sri Hari Securities Pvt. Ltd.,Midas Stock Broking Company Private Limited,2026-04-22 12:40:47.910676
2026042204009685,SHEL,56,58,79,313.0,24727.0,Sri Hari Securities Pvt. Ltd.,Naasa Securities Co. Ltd.,2026-04-22 12:42:10.344721
2026042204009686,SHEL,58,58,21,313.0,6573.0,Naasa Securities Co. Ltd.,Naasa Securities Co. Ltd.,2026-04-22 12:42:10.344975
2026042204009704,SHEL,58,54,79,313.0,24727.0,Naasa Securities Co. Ltd.,Sewa Securities Pvt. Ltd.,2026-04-22 12:42:19.608721
2026042204009705,SHEL,25,54,421,313.0,131773.0,Sweta Securities Private Limited,Sewa Securities Pvt. Ltd.,2026-04-22 12:42:19.609410
2026042204009706,SHEL,25,52,79,313.0,24727.0,Sweta Securities Private Limited,Sundhara Securities Limited,2026-04-22 12:42:19.630211
2026042204009708,SHEL,16,29,40,312.9,12516.0,Primo Securities (PVT) Ltd.,Trisul Securities & Invt. Ltd.,2026-04-22 12:42:20.732502
2026042204009709,SHEL,14,29,50,312.8,15640.0,Nepal Stock House (PVT) Ltd.,Trisul Securities & Invt. Ltd.,2026-04-22 12:42:20.732603
2026042204009710,SHEL,62,29,20,312.5,6250.0,Capital Max Securities Ltd,Trisul Securities & Invt. Ltd.,2026-04-22 12:42:20.732702
2026042204009711,SHEL,42,29,500,312.5,156250.0,Sani Securities Company Ltd.,Trisul Securities & Invt. Ltd.,2026-04-22 12:42:20.732772
2026042204009712,SHEL,88,29,160,312.0,49920.0,Blue Chip Securities Ltd,Trisul Securities & Invt. Ltd.,2026-04-22 12:42:20.732848
2026042204009713,SHEL,83,29,230,311.0,71530.0,Sanima Securities Limited,Trisul Securities & Invt. Ltd.,2026-04-22 12:42:20.732926
2026042204009791,SHEL,57,41,500,311.1,155550.0,Aryatara Investment & Securities,Linch Stock Market Ltd.,2026-04-22 12:43:16.765074
2026042204009792,SHEL,83,41,2270,311.0,705970.0,Sanima Securities Limited,Linch Stock Market Ltd.,2026-04-22 12:43:16.765604
2026042204009793,SHEL,41,41,200,311.0,62200.0,Linch Stock Market Ltd.,Linch Stock Market Ltd.,2026-04-22 12:43:16.765930
2026042204009794,SHEL,95,41,1000,310.5,310500.0,Magnet Securities and Investment Company Private Limited,Linch Stock Market Ltd.,2026-04-22 12:43:16.766243
2026042204009795,SHEL,58,41,200,310.5,62100.0,Naasa Securities Co. Ltd.,Linch Stock Market Ltd.,2026-04-22 12:43:16.766564
2026042204009796,SHEL,41,41,200,310.4,62080.0,Linch Stock Market Ltd.,Linch Stock Market Ltd.,2026-04-22 12:43:16.766873
2026042204009797,SHEL,58,41,200,310.4,62080.0,Naasa Securities Co. Ltd.,Linch Stock Market Ltd.,2026-04-22 12:43:16.767185
2026042204009798,SHEL,29,41,1000,310.4,310400.0,Trisul Securities & Invt. Ltd.,Linch Stock Market Ltd.,2026-04-22 12:43:16.767532
2026042204009799,SHEL,62,41,20,310.4,6208.0,Capital Max Securities Ltd,Linch Stock Market Ltd.,2026-04-22 12:43:16.767835
2026042204009800,SHEL,42,41,1354,310.3,420146.2,Sani Securities Company Ltd.,Linch Stock Market Ltd.,2026-04-22 12:43:16.768135
2026042204010044,SHEL,5,45,100,310.4,31040.0,Market Securities & Exchange (PVT) Ltd.,Imperial Securities Company Pvt. Ltd.,2026-04-22 12:45:23.962357
2026042204010045,SHEL,39,45,100,310.4,31040.0,Sumeru Securities Pvt. Ltd.,Imperial Securities Company Pvt. Ltd.,2026-04-22 12:45:23.962659
2026042204010046,SHEL,42,45,300,310.3,93090.0,Sani Securities Company Ltd.,Imperial Securities Company Pvt. Ltd.,2026-04-22 12:45:23.962771
2026042204010185,SHEL,22,29,500,310.6,155300.0,Siprabi Securities Pvt. Ltd.,Trisul Securities & Invt. Ltd.,2026-04-22 12:46:42.218846
2026042204010186,SHEL,52,29,500,310.5,155250.0,Sundhara Securities Limited,Trisul Securities & Invt. Ltd.,2026-04-22 12:46:42.218902
2026042204010250,SHEL,45,29,26,311.0,8086.0,Imperial Securities Company Pvt. Ltd.,Trisul Securities & Invt. Ltd.,2026-04-22 12:47:37.593756
2026042204010261,SHEL,45,42,174,311.0,54114.0,Imperial Securities Company Pvt. Ltd.,Sani Securities Company Ltd.,2026-04-22 12:47:42.069777
2026042204010392,SHEL,39,42,26,311.0,8086.0,Sumeru Securities Pvt. Ltd.,Sani Securities Company Ltd.,2026-04-22 12:49:23.975561
2026042204010409,SHEL,18,49,10,312.8,3128.0,Sagarmatha Securities Private Limited,Online Securities Pvt. Ltd.,2026-04-22 12:49:50.252710
2026042204010437,SHEL,53,34,120,311.0,37320.0,Investment Management Nepal Pvt. Ltd.,Vision Securities Pvt. Ltd,2026-04-22 12:50:13.122764
2026042204010456,SHEL,53,14,21,311.0,6531.0,Investment Management Nepal Pvt. Ltd.,Nepal Stock House (PVT) Ltd.,2026-04-22 12:50:32.454110
2026042204010478,SHEL,53,58,105,311.0,32655.0,Investment Management Nepal Pvt. Ltd.,Naasa Securities Co. Ltd.,2026-04-22 12:50:55.161226
2026042204010561,SHEL,53,45,254,311.0,78994.0,Investment Management Nepal Pvt. Ltd.,Imperial Securities Company Pvt. Ltd.,2026-04-22 12:51:53.258203
2026042204010562,SHEL,51,45,320,311.0,99520.0,Oxford Securities Pvt. Ltd.,Imperial Securities Company Pvt. Ltd.,2026-04-22 12:51:53.258496
2026042204010563,SHEL,1,45,10,310.7,3107.0,Kumari Securities Private Limited,Imperial Securities Company Pvt. Ltd.,2026-04-22 12:51:53.258606
2026042204010564,SHEL,25,45,20,310.6,6212.0,Sweta Securities Private Limited,Imperial Securities Company Pvt. Ltd.,2026-04-22 12:51:53.258717
2026042204010565,SHEL,46,45,200,310.6,62120.0,Kalika Securities Pvt. Ltd.,Imperial Securities Company Pvt. Ltd.,2026-04-22 12:51:53.258830
2026042204010566,SHEL,33,45,600,310.6,186360.0,Dakshinkali Investment & Securities Pvt. Ltd.,Imperial Securities Company Pvt. Ltd.,2026-04-22 12:51:53.258944
2026042204010567,SHEL,52,45,96,310.5,29808.0,Sundhara Securities Limited,Imperial Securities Company Pvt. Ltd.,2026-04-22 12:51:53.259057
2026042204010619,SHEL,58,77,21,311.1,6533.1,Naasa Securities Co. Ltd.,Nabil Stock Dealer Ltd.,2026-04-22 12:52:33.031235
2026042204010651,SHEL,52,49,45,310.5,13972.5,Sundhara Securities Limited,Online Securities Pvt. Ltd.,2026-04-22 12:52:53.509187
2026042204010652,SHEL,39,49,500,310.5,155250.0,Sumeru Securities Pvt. Ltd.,Online Securities Pvt. Ltd.,2026-04-22 12:52:53.509744
2026042204010653,SHEL,6,49,350,310.4,108640.0,Agrawal Securities (PVT) Ltd.,Online Securities Pvt. Ltd.,2026-04-22 12:52:53.510083
2026042204010654,SHEL,42,49,134,310.3,41580.2,Sani Securities Company Ltd.,Online Securities Pvt. Ltd.,2026-04-22 12:52:53.510408
2026042204010655,SHEL,80,49,10,310.3,3103.0,Indira securities pvt. ltd,Online Securities Pvt. Ltd.,2026-04-22 12:52:53.510738
2026042204010656,SHEL,43,49,15,310.3,4654.5,South Asian Bulls Pvt. Ltd.,Online Securities Pvt. Ltd.,2026-04-22 12:52:53.511055
2026042204010657,SHEL,63,49,30,310.3,9309.0,Himalayan Brokerage Company Limited,Online Securities Pvt. Ltd.,2026-04-22 12:52:53.511382
2026042204010658,SHEL,46,49,131,310.3,40649.3,Kalika Securities Pvt. Ltd.,Online Securities Pvt. Ltd.,2026-04-22 12:52:53.511710
2026042204010659,SHEL,56,49,300,310.3,93090.0,Sri Hari Securities Pvt. Ltd.,Online Securities Pvt. Ltd.,2026-04-22 12:52:53.512013
2026042204010660,SHEL,39,49,39,310.3,12101.7,Sumeru Securities Pvt. Ltd.,Online Securities Pvt. Ltd.,2026-04-22 12:52:53.512336
2026042204010848,SHEL,13,34,20,312.0,6240.0,Thrive Brokerage House Pvt. Ltd,Vision Securities Pvt. Ltd,2026-04-22 12:56:08.423822
2026042204010849,SHEL,13,34,200,312.0,62400.0,Thrive Brokerage House Pvt. Ltd,Vision Securities Pvt. Ltd,2026-04-22 12:56:08.424140
2026042204010879,SHEL,13,45,200,312.0,62400.0,Thrive Brokerage House Pvt. Ltd,Imperial Securities Company Pvt. Ltd.,2026-04-22 12:57:05.628006
2026042204010891,SHEL,13,49,550,312.0,171600.0,Thrive Brokerage House Pvt. Ltd,Online Securities Pvt. Ltd.,2026-04-22 12:57:18.086128
2026042204010901,SHEL,1,72,300,312.5,93750.0,Kumari Securities Private Limited,Hatemalo Financial Services Private Limited,2026-04-22 12:57:28.148989
2026042204010930,SHEL,33,72,700,312.5,218750.0,Dakshinkali Investment & Securities Pvt. Ltd.,Hatemalo Financial Services Private Limited,2026-04-22 12:58:04.473237
2026042204010931,SHEL,33,52,621,312.5,194062.5,Dakshinkali Investment & Securities Pvt. Ltd.,Sundhara Securities Limited,2026-04-22 12:58:04.473608
2026042204010932,SHEL,33,45,21,312.5,6562.5,Dakshinkali Investment & Securities Pvt. Ltd.,Imperial Securities Company Pvt. Ltd.,2026-04-22 12:58:04.473732
2026042204010998,SHEL,13,34,30,312.0,9360.0,Thrive Brokerage House Pvt. Ltd,Vision Securities Pvt. Ltd,2026-04-22 12:59:21.813281
2026042204011003,SHEL,36,57,1,305.0,305.0,Secured Securities Ltd.,Aryatara Investment & Securities,2026-04-22 12:59:32.807575
2026042204011029,SHEL,44,34,70,312.0,21840.0,Dynamic Money Managers Securities Pvt. Ltd.,Vision Securities Pvt. Ltd,2026-04-22 13:00:19.829805
2026042204011075,SHEL,44,58,30,312.0,9360.0,Dynamic Money Managers Securities Pvt. Ltd.,Naasa Securities Co. Ltd.,2026-04-22 13:01:21.151456
2026042204011076,SHEL,26,58,105,311.0,32655.0,Asian Securities Private Ltd.,Naasa Securities Co. Ltd.,2026-04-22 13:01:21.151974
2026042204011102,SHEL,26,42,21,311.0,6531.0,Asian Securities Private Ltd.,Sani Securities Company Ltd.,2026-04-22 13:02:03.429218
2026042204011227,SHEL,65,38,50,312.0,15600.0,Sharepro Securities Private Limited,Dipshikha Dhitopatra Karobar Co. Pvt Ltd.,2026-04-22 13:04:55.602907
2026042204011321,SHEL,65,58,10,312.0,3120.0,Sharepro Securities Private Limited,Naasa Securities Co. Ltd.,2026-04-22 13:06:55.080384
2026042204011362,SHEL,65,43,240,312.0,74880.0,Sharepro Securities Private Limited,South Asian Bulls Pvt. Ltd.,2026-04-22 13:07:37.819766
2026042204011367,SHEL,57,49,340,312.8,106352.0,Aryatara Investment & Securities,Online Securities Pvt. Ltd.,2026-04-22 13:07:40.264790
2026042204011384,SHEL,65,49,21,312.0,6552.0,Sharepro Securities Private Limited,Online Securities Pvt. Ltd.,2026-04-22 13:08:01.586436
2026042204011559,SHEL,18,38,10,313.0,3130.0,Sagarmatha Securities Private Limited,Dipshikha Dhitopatra Karobar Co. Pvt Ltd.,2026-04-22 13:10:17.587525
2026042204011568,SHEL,32,42,100,312.7,31270.0,Premier Securities Company Ltd.,Sani Securities Company Ltd.,2026-04-22 13:10:27.991934
2026042204011738,SHEL,8,51,50,312.4,15620.0,Brilliant Securities Pvt. Ltd.,Oxford Securities Pvt. Ltd.,2026-04-22 13:14:40.150612
2026042204011742,SHEL,65,51,650,312.4,203060.0,Sharepro Securities Private Limited,Oxford Securities Pvt. Ltd.,2026-04-22 13:14:49.886636
2026042204011754,SHEL,65,51,29,312.4,9059.6,Sharepro Securities Private Limited,Oxford Securities Pvt. Ltd.,2026-04-22 13:15:05.536556
2026042204011755,SHEL,39,51,31,312.0,9672.0,Sumeru Securities Pvt. Ltd.,Oxford Securities Pvt. Ltd.,2026-04-22 13:15:05.537110
2026042204011789,SHEL,57,6,100,312.9,31290.0,Aryatara Investment & Securities,Agrawal Securities (PVT) Ltd.,2026-04-22 13:15:38.324246
2026042204011790,SHEL,57,38,75,313.0,23475.0,Aryatara Investment & Securities,Dipshikha Dhitopatra Karobar Co. Pvt Ltd.,2026-04-22 13:15:38.324606
2026042204011803,SHEL,65,38,915,313.0,286395.0,Sharepro Securities Private Limited,Dipshikha Dhitopatra Karobar Co. Pvt Ltd.,2026-04-22 13:15:49.805084
2026042204011804,SHEL,65,34,10,313.0,3130.0,Sharepro Securities Private Limited,Vision Securities Pvt. Ltd,2026-04-22 13:15:49.805379
2026042204011805,SHEL,65,29,75,313.0,23475.0,Sharepro Securities Private Limited,Trisul Securities & Invt. Ltd.,2026-04-22 13:15:49.805502
2026042204011826,SHEL,57,29,135,313.0,42255.0,Aryatara Investment & Securities,Trisul Securities & Invt. Ltd.,2026-04-22 13:16:16.683739
2026042204011827,SHEL,57,11,20,314.0,6280.0,Aryatara Investment & Securities,Malla & Malla Stock Broking Company Pvt. Limited,2026-04-22 13:16:16.684362
2026042204011828,SHEL,57,38,100,314.0,31400.0,Aryatara Investment & Securities,Dipshikha Dhitopatra Karobar Co. Pvt Ltd.,2026-04-22 13:16:16.684713
2026042204011829,SHEL,57,66,100,314.0,31400.0,Aryatara Investment & Securities,Miyo Securities Pvt Ltd,2026-04-22 13:16:16.685111
2026042204011830,SHEL,57,6,1000,314.0,314000.0,Aryatara Investment & Securities,Agrawal Securities (PVT) Ltd.,2026-04-22 13:16:16.685495
2026042204011831,SHEL,57,17,145,314.0,45530.0,Aryatara Investment & Securities,ABC Securities Private Limited,2026-04-22 13:16:16.685857
2026042204012011,SHEL,8,42,100,313.0,31300.0,Brilliant Securities Pvt. Ltd.,Sani Securities Company Ltd.,2026-04-22 13:18:29.420606
2026042204012066,SHEL,39,42,405,313.0,126765.0,Sumeru Securities Pvt. Ltd.,Sani Securities Company Ltd.,2026-04-22 13:19:00.725626
2026042204012172,SHEL,58,58,10,313.0,3130.0,Naasa Securities Co. Ltd.,Naasa Securities Co. Ltd.,2026-04-22 13:20:04.972643
2026042204012472,SHEL,66,17,30,314.0,9420.0,Miyo Securities Pvt Ltd,ABC Securities Private Limited,2026-04-22 13:23:42.923419
2026042204012473,SHEL,66,7,10,314.0,3140.0,Miyo Securities Pvt Ltd,J.F. Securites (PVT) Ltd.,2026-04-22 13:23:42.923717
2026042204012477,SHEL,66,6,60,314.0,18840.0,Miyo Securities Pvt Ltd,Agrawal Securities (PVT) Ltd.,2026-04-22 13:23:45.764166
2026042204012490,SHEL,29,6,40,314.0,12560.0,Trisul Securities & Invt. Ltd.,Agrawal Securities (PVT) Ltd.,2026-04-22 13:23:55.864770
2026042204012491,SHEL,29,26,11,314.9,3463.9,Trisul Securities & Invt. Ltd.,Asian Securities Private Ltd.,2026-04-22 13:23:55.865102
2026042204012519,SHEL,58,3,10,313.0,3130.0,Naasa Securities Co. Ltd.,Arun Securities (PVT) Ltd.,2026-04-22 13:24:09.001588
2026042204012759,SHEL,56,26,75,314.9,23617.5,Sri Hari Securities Pvt. Ltd.,Asian Securities Private Ltd.,2026-04-22 13:26:50.664079
2026042204012875,SHEL,38,38,100,314.0,31400.0,Dipshikha Dhitopatra Karobar Co. Pvt Ltd.,Dipshikha Dhitopatra Karobar Co. Pvt Ltd.,2026-04-22 13:28:14.508015
2026042204012876,SHEL,32,38,100,314.0,31400.0,Premier Securities Company Ltd.,Dipshikha Dhitopatra Karobar Co. Pvt Ltd.,2026-04-22 13:28:14.508128
2026042204012877,SHEL,66,38,200,313.2,62640.0,Miyo Securities Pvt Ltd,Dipshikha Dhitopatra Karobar Co. Pvt Ltd.,2026-04-22 13:28:14.508212
2026042204012878,SHEL,57,38,500,313.1,156550.0,Aryatara Investment & Securities,Dipshikha Dhitopatra Karobar Co. Pvt Ltd.,2026-04-22 13:28:14.508283
2026042204012879,SHEL,36,38,1000,313.1,313100.0,Secured Securities Ltd.,Dipshikha Dhitopatra Karobar Co. Pvt Ltd.,2026-04-22 13:28:14.508375
2026042204012880,SHEL,58,38,180,313.0,56340.0,Naasa Securities Co. Ltd.,Dipshikha Dhitopatra Karobar Co. Pvt Ltd.,2026-04-22 13:28:14.508444
2026042204012881,SHEL,25,38,870,313.0,272310.0,Sweta Securities Private Limited,Dipshikha Dhitopatra Karobar Co. Pvt Ltd.,2026-04-22 13:28:14.508507
2026042204012882,SHEL,50,38,500,313.0,156500.0,Cristal Kanchanjanga Securites Pvt. Ltd.,Dipshikha Dhitopatra Karobar Co. Pvt Ltd.,2026-04-22 13:28:14.508565
2026042204012883,SHEL,39,38,469,313.0,146797.0,Sumeru Securities Pvt. Ltd.,Dipshikha Dhitopatra Karobar Co. Pvt Ltd.,2026-04-22 13:28:14.508631
2026042204012884,SHEL,33,38,81,313.0,25353.0,Dakshinkali Investment & Securities Pvt. Ltd.,Dipshikha Dhitopatra Karobar Co. Pvt Ltd.,2026-04-22 13:28:14.508684
2026042204013052,SHEL,33,77,100,313.0,31300.0,Dakshinkali Investment & Securities Pvt. Ltd.,Nabil Stock Dealer Ltd.,2026-04-22 13:30:44.520288
2026042204013053,SHEL,3,50,10,314.0,3140.0,Arun Securities (PVT) Ltd.,Cristal Kanchanjanga Securites Pvt. Ltd.,2026-04-22 13:30:47.715731
2026042204013060,SHEL,52,50,790,314.0,248060.0,Sundhara Securities Limited,Cristal Kanchanjanga Securites Pvt. Ltd.,2026-04-22 13:31:10.902251
2026042204013082,SHEL,18,26,10,314.9,3149.0,Sagarmatha Securities Private Limited,Asian Securities Private Ltd.,2026-04-22 13:31:37.967193
2026042204013084,SHEL,52,33,10,314.9,3149.0,Sundhara Securities Limited,Dakshinkali Investment & Securities Pvt. Ltd.,2026-04-22 13:31:43.527932
2026042204013221,SHEL,33,49,569,313.0,178097.0,Dakshinkali Investment & Securities Pvt. Ltd.,Online Securities Pvt. Ltd.,2026-04-22 13:33:43.889257
2026042204013222,SHEL,39,49,81,313.0,25353.0,Sumeru Securities Pvt. Ltd.,Online Securities Pvt. Ltd.,2026-04-22 13:33:43.889587
2026042204013304,SHEL,58,67,10,313.5,3135.0,Naasa Securities Co. Ltd.,Property Wiard Limited,2026-04-22 13:35:33.323696
2026042204013305,SHEL,39,67,745,313.0,233185.0,Sumeru Securities Pvt. Ltd.,Property Wiard Limited,2026-04-22 13:35:33.324296
2026042204013383,SHEL,28,59,300,313.0,93900.0,Shree Krishna Securities Ltd.,Deevyaa Securities & Stock House Pvt. Ltd,2026-04-22 13:37:16.972686
2026042204013384,SHEL,22,59,100,313.0,31300.0,Siprabi Securities Pvt. Ltd.,Deevyaa Securities & Stock House Pvt. Ltd,2026-04-22 13:37:16.973332
2026042204013385,SHEL,39,59,1174,313.0,367462.0,Sumeru Securities Pvt. Ltd.,Deevyaa Securities & Stock House Pvt. Ltd,2026-04-22 13:37:16.973727
2026042204013386,SHEL,33,59,2200,312.5,687500.0,Dakshinkali Investment & Securities Pvt. Ltd.,Deevyaa Securities & Stock House Pvt. Ltd,2026-04-22 13:37:16.974090
2026042204013387,SHEL,49,59,500,312.0,156000.0,Online Securities Pvt. Ltd.,Deevyaa Securities & Stock House Pvt. Ltd,2026-04-22 13:37:16.974486
2026042204013388,SHEL,29,59,500,312.0,156000.0,Trisul Securities & Invt. Ltd.,Deevyaa Securities & Stock House Pvt. Ltd,2026-04-22 13:37:16.974855
2026042204013389,SHEL,56,59,226,312.0,70512.0,Sri Hari Securities Pvt. Ltd.,Deevyaa Securities & Stock House Pvt. Ltd,2026-04-22 13:37:16.975232
2026042204013610,SHEL,51,58,34,313.0,10642.0,Oxford Securities Pvt. Ltd.,Naasa Securities Co. Ltd.,2026-04-22 13:40:15.152958
2026042204013611,SHEL,39,58,1000,312.6,312600.0,Sumeru Securities Pvt. Ltd.,Naasa Securities Co. Ltd.,2026-04-22 13:40:15.153042
2026042204013612,SHEL,19,58,451,312.0,140712.0,Nepal Investment And Securities Trading Private Limited,Naasa Securities Co. Ltd.,2026-04-22 13:40:15.153073
2026042204013714,SHEL,58,49,5,313.0,1565.0,Naasa Securities Co. Ltd.,Online Securities Pvt. Ltd.,2026-04-22 13:42:23.674614
2026042204013818,SHEL,45,40,21,312.1,6554.1,Imperial Securities Company Pvt. Ltd.,Creative Securities Pvt Ltd,2026-04-22 13:44:15.373125
2026042204013825,SHEL,45,58,10,312.1,3121.0,Imperial Securities Company Pvt. Ltd.,Naasa Securities Co. Ltd.,2026-04-22 13:44:23.180551
2026042204013834,SHEL,45,45,30,312.1,9363.0,Imperial Securities Company Pvt. Ltd.,Imperial Securities Company Pvt. Ltd.,2026-04-22 13:44:47.699617
2026042204013888,SHEL,45,35,39,312.1,12171.9,Imperial Securities Company Pvt. Ltd.,Kohinoor Investment & Securities Pvt. Ltd.,2026-04-22 13:46:33.804657
2026042204013889,SHEL,64,35,500,312.1,156050.0,SUN SECURITIES PVT LTD,Kohinoor Investment & Securities Pvt. Ltd.,2026-04-22 13:46:33.805290
2026042204013890,SHEL,33,35,1000,312.1,312100.0,Dakshinkali Investment & Securities Pvt. Ltd.,Kohinoor Investment & Securities Pvt. Ltd.,2026-04-22 13:46:33.805697
2026042204013891,SHEL,19,35,549,312.0,171288.0,Nepal Investment And Securities Trading Private Limited,Kohinoor Investment & Securities Pvt. Ltd.,2026-04-22 13:46:33.806068
2026042204013892,SHEL,39,35,1000,312.0,312000.0,Sumeru Securities Pvt. Ltd.,Kohinoor Investment & Securities Pvt. Ltd.,2026-04-22 13:46:33.806437
2026042204013893,SHEL,19,35,41,312.0,12792.0,Nepal Investment And Securities Trading Private Limited,Kohinoor Investment & Securities Pvt. Ltd.,2026-04-22 13:46:33.806806
2026042204013894,SHEL,39,35,871,312.0,271752.0,Sumeru Securities Pvt. Ltd.,Kohinoor Investment & Securities Pvt. Ltd.,2026-04-22 13:46:33.807171
2026042204014109,SHEL,39,34,10,313.0,3130.0,Sumeru Securities Pvt. Ltd.,Vision Securities Pvt. Ltd,2026-04-22 13:51:33.210815
2026042204014110,SHEL,39,6,100,313.0,31300.0,Sumeru Securities Pvt. Ltd.,Agrawal Securities (PVT) Ltd.,2026-04-22 13:51:33.211140
2026042204014294,SHEL,45,34,20,312.1,6242.0,Imperial Securities Company Pvt. Ltd.,Vision Securities Pvt. Ltd,2026-04-22 13:54:51.046369
2026042204014451,SHEL,39,34,10,313.0,3130.0,Sumeru Securities Pvt. Ltd.,Vision Securities Pvt. Ltd,2026-04-22 13:57:16.204669
2026042204014452,SHEL,39,11,90,313.0,28170.0,Sumeru Securities Pvt. Ltd.,Malla & Malla Stock Broking Company Pvt. Limited,2026-04-22 13:57:16.205202
2026042204014522,SHEL,45,33,30,312.1,9363.0,Imperial Securities Company Pvt. Ltd.,Dakshinkali Investment & Securities Pvt. Ltd.,2026-04-22 13:58:30.680733
2026042204014523,SHEL,57,33,50,312.1,15605.0,Aryatara Investment & Securities,Dakshinkali Investment & Securities Pvt. Ltd.,2026-04-22 13:58:30.681358
2026042204014524,SHEL,39,33,129,312.0,40248.0,Sumeru Securities Pvt. Ltd.,Dakshinkali Investment & Securities Pvt. Ltd.,2026-04-22 13:58:30.681735
2026042204014525,SHEL,39,33,791,312.0,246792.0,Sumeru Securities Pvt. Ltd.,Dakshinkali Investment & Securities Pvt. Ltd.,2026-04-22 13:58:30.682090
2026042204014875,SHEL,33,11,90,313.0,28170.0,Dakshinkali Investment & Securities Pvt. Ltd.,Malla & Malla Stock Broking Company Pvt. Limited,2026-04-22 14:04:43.627348
2026042204014876,SHEL,33,3,210,313.0,65730.0,Dakshinkali Investment & Securities Pvt. Ltd.,Arun Securities (PVT) Ltd.,2026-04-22 14:04:43.627927
2026042204014983,SHEL,34,3,50,313.0,15650.0,Vision Securities Pvt. Ltd,Arun Securities (PVT) Ltd.,2026-04-22 14:06:35.677042
2026042204015006,SHEL,22,3,100,313.0,31300.0,Siprabi Securities Pvt. Ltd.,Arun Securities (PVT) Ltd.,2026-04-22 14:07:09.861151
2026042204015033,SHEL,33,3,81,313.0,25353.0,Dakshinkali Investment & Securities Pvt. Ltd.,Arun Securities (PVT) Ltd.,2026-04-22 14:08:04.110827
2026042204015034,SHEL,33,38,105,313.0,32865.0,Dakshinkali Investment & Securities Pvt. Ltd.,Dipshikha Dhitopatra Karobar Co. Pvt Ltd.,2026-04-22 14:08:04.111180
2026042204015035,SHEL,33,49,250,313.8,78450.0,Dakshinkali Investment & Securities Pvt. Ltd.,Online Securities Pvt. Ltd.,2026-04-22 14:08:04.111367
2026042204015036,SHEL,33,13,400,313.8,125520.0,Dakshinkali Investment & Securities Pvt. Ltd.,Thrive Brokerage House Pvt. Ltd,2026-04-22 14:08:04.111502
2026042204015037,SHEL,33,26,100,313.8,31380.0,Dakshinkali Investment & Securities Pvt. Ltd.,Asian Securities Private Ltd.,2026-04-22 14:08:04.111641
2026042204015038,SHEL,33,6,1000,313.9,313900.0,Dakshinkali Investment & Securities Pvt. Ltd.,Agrawal Securities (PVT) Ltd.,2026-04-22 14:08:04.111773
2026042204015039,SHEL,33,87,2995,314.0,940430.0,Dakshinkali Investment & Securities Pvt. Ltd.,S.P.S.A. Securities Limited,2026-04-22 14:08:04.111912
2026042204015162,SHEL,33,25,64,314.0,20096.0,Dakshinkali Investment & Securities Pvt. Ltd.,Sweta Securities Private Limited,2026-04-22 14:09:43.349373
2026042204015237,SHEL,52,38,10,312.6,3126.0,Sundhara Securities Limited,Dipshikha Dhitopatra Karobar Co. Pvt Ltd.,2026-04-22 14:11:03.399749
2026042204015360,SHEL,52,29,290,312.6,90654.0,Sundhara Securities Limited,Trisul Securities & Invt. Ltd.,2026-04-22 14:14:02.241785
2026042204015361,SHEL,39,29,10,312.6,3126.0,Sumeru Securities Pvt. Ltd.,Trisul Securities & Invt. Ltd.,2026-04-22 14:14:02.241861
2026042204015441,SHEL,45,35,160,314.4,50304.0,Imperial Securities Company Pvt. Ltd.,Kohinoor Investment & Securities Pvt. Ltd.,2026-04-22 14:15:28.143039
2026042204015546,SHEL,38,74,150,314.3,47145.0,Dipshikha Dhitopatra Karobar Co. Pvt Ltd.,KALASH STOCK MARKET PVT. LTD.,2026-04-22 14:17:53.605605
2026042204015547,SHEL,38,26,500,314.3,157150.0,Dipshikha Dhitopatra Karobar Co. Pvt Ltd.,Asian Securities Private Ltd.,2026-04-22 14:17:53.605978
2026042204015548,SHEL,38,35,210,314.4,66024.0,Dipshikha Dhitopatra Karobar Co. Pvt Ltd.,Kohinoor Investment & Securities Pvt. Ltd.,2026-04-22 14:17:53.606117
2026042204015590,SHEL,45,38,2500,314.0,785000.0,Imperial Securities Company Pvt. Ltd.,Dipshikha Dhitopatra Karobar Co. Pvt Ltd.,2026-04-22 14:18:27.619404
2026042204015603,SHEL,45,49,500,314.0,157000.0,Imperial Securities Company Pvt. Ltd.,Online Securities Pvt. Ltd.,2026-04-22 14:18:39.625639
2026042204015644,SHEL,45,49,500,314.0,157000.0,Imperial Securities Company Pvt. Ltd.,Online Securities Pvt. Ltd.,2026-04-22 14:19:03.568406
2026042204015711,SHEL,29,19,100,314.0,31400.0,Trisul Securities & Invt. Ltd.,Nepal Investment And Securities Trading Private Limited,2026-04-22 14:19:51.598740
2026042204015821,SHEL,33,7,505,313.9,158519.5,Dakshinkali Investment & Securities Pvt. Ltd.,J.F. Securites (PVT) Ltd.,2026-04-22 14:21:17.231189
2026042204015859,SHEL,13,49,10,312.8,3128.0,Thrive Brokerage House Pvt. Ltd,Online Securities Pvt. Ltd.,2026-04-22 14:21:54.965832
2026042204015958,SHEL,50,6,300,313.0,93900.0,Cristal Kanchanjanga Securites Pvt. Ltd.,Agrawal Securities (PVT) Ltd.,2026-04-22 14:22:57.933652
2026042204015969,SHEL,39,6,400,313.0,125200.0,Sumeru Securities Pvt. Ltd.,Agrawal Securities (PVT) Ltd.,2026-04-22 14:23:16.012181
2026042204015994,SHEL,13,49,10,312.8,3128.0,Thrive Brokerage House Pvt. Ltd,Online Securities Pvt. Ltd.,2026-04-22 14:23:30.844454
2026042204016050,SHEL,58,34,21,313.0,6573.0,Naasa Securities Co. Ltd.,Vision Securities Pvt. Ltd,2026-04-22 14:24:39.405998
2026042204016208,SHEL,58,36,300,313.0,93900.0,Naasa Securities Co. Ltd.,Secured Securities Ltd.,2026-04-22 14:27:05.946148
2026042204016329,SHEL,58,35,79,313.0,24727.0,Naasa Securities Co. Ltd.,Kohinoor Investment & Securities Pvt. Ltd.,2026-04-22 14:28:35.716430
2026042204016330,SHEL,13,35,480,312.8,150144.0,Thrive Brokerage House Pvt. Ltd,Kohinoor Investment & Securities Pvt. Ltd.,2026-04-22 14:28:35.716557
2026042204016331,SHEL,39,35,990,312.8,309672.0,Sumeru Securities Pvt. Ltd.,Kohinoor Investment & Securities Pvt. Ltd.,2026-04-22 14:28:35.716641
2026042204016332,SHEL,52,35,481,312.7,150408.7,Sundhara Securities Limited,Kohinoor Investment & Securities Pvt. Ltd.,2026-04-22 14:28:35.716713
2026042204016427,SHEL,52,19,510,312.7,159477.0,Sundhara Securities Limited,Nepal Investment And Securities Trading Private Limited,2026-04-22 14:29:45.346899
2026042204016439,SHEL,45,94,50,313.0,15650.0,Imperial Securities Company Pvt. Ltd.,K.B.L. Securities Limited ,2026-04-22 14:30:12.170971
2026042204016539,SHEL,49,74,50,312.4,15620.0,Online Securities Pvt. Ltd.,KALASH STOCK MARKET PVT. LTD.,2026-04-22 14:31:29.033322
2026042204016585,SHEL,57,74,150,312.3,46845.0,Aryatara Investment & Securities,KALASH STOCK MARKET PVT. LTD.,2026-04-22 14:31:50.344257
2026042204016669,SHEL,41,94,1000,313.0,313000.0,Linch Stock Market Ltd.,K.B.L. Securities Limited ,2026-04-22 14:32:41.324546
2026042204016680,SHEL,82,94,49,313.0,15337.0,N.M.B. SECURITIES LIMITED,K.B.L. Securities Limited ,2026-04-22 14:32:51.442474
2026042204016681,SHEL,82,17,600,313.0,187800.0,N.M.B. SECURITIES LIMITED,ABC Securities Private Limited,2026-04-22 14:32:51.442811
2026042204016682,SHEL,82,6,400,313.0,125200.0,N.M.B. SECURITIES LIMITED,Agrawal Securities (PVT) Ltd.,2026-04-22 14:32:51.442949
2026042204016683,SHEL,82,71,300,313.0,93900.0,N.M.B. SECURITIES LIMITED,SHUBHAKAMANA SECURITIES PVT. LTD,2026-04-22 14:32:51.443085
2026042204016722,SHEL,41,49,380,313.5,119130.0,Linch Stock Market Ltd.,Online Securities Pvt. Ltd.,2026-04-22 14:33:14.416740
2026042204016723,SHEL,41,1,500,313.8,156900.0,Linch Stock Market Ltd.,Kumari Securities Private Limited,2026-04-22 14:33:14.417164
2026042204016745,SHEL,41,58,120,313.8,37656.0,Linch Stock Market Ltd.,Naasa Securities Co. Ltd.,2026-04-22 14:33:34.346286
2026042204016767,SHEL,82,58,378,313.0,118314.0,N.M.B. SECURITIES LIMITED,Naasa Securities Co. Ltd.,2026-04-22 14:33:55.452403
2026042204016802,SHEL,82,49,787,313.9,247039.3,N.M.B. SECURITIES LIMITED,Online Securities Pvt. Ltd.,2026-04-22 14:34:04.876059
2026042204016803,SHEL,82,58,350,314.0,109900.0,N.M.B. SECURITIES LIMITED,Naasa Securities Co. Ltd.,2026-04-22 14:34:04.876439
2026042204016804,SHEL,82,14,1000,314.0,314000.0,N.M.B. SECURITIES LIMITED,Nepal Stock House (PVT) Ltd.,2026-04-22 14:34:04.876580
2026042204016805,SHEL,82,48,363,314.0,113982.0,N.M.B. SECURITIES LIMITED,Trishakti Securities Public Limited,2026-04-22 14:34:04.876738
2026042204016911,SHEL,49,48,37,314.0,11618.0,Online Securities Pvt. Ltd.,Trishakti Securities Public Limited,2026-04-22 14:34:52.400003
2026042204016912,SHEL,49,18,10,314.0,3140.0,Online Securities Pvt. Ltd.,Sagarmatha Securities Private Limited,2026-04-22 14:34:52.400712
2026042204016913,SHEL,49,19,550,314.2,172810.0,Online Securities Pvt. Ltd.,Nepal Investment And Securities Trading Private Limited,2026-04-22 14:34:52.401152
2026042204016914,SHEL,49,38,500,314.3,157150.0,Online Securities Pvt. Ltd.,Dipshikha Dhitopatra Karobar Co. Pvt Ltd.,2026-04-22 14:34:52.401592
2026042204016915,SHEL,49,39,403,314.5,126743.5,Online Securities Pvt. Ltd.,Sumeru Securities Pvt. Ltd.,2026-04-22 14:34:52.402023
2026042204016919,SHEL,41,39,197,314.5,61956.5,Linch Stock Market Ltd.,Sumeru Securities Pvt. Ltd.,2026-04-22 14:34:55.513910
2026042204016920,SHEL,41,48,303,315.0,95445.0,Linch Stock Market Ltd.,Trishakti Securities Public Limited,2026-04-22 14:34:55.514503
2026042204016966,SHEL,82,21,10,313.0,3130.0,N.M.B. SECURITIES LIMITED,Midas Stock Broking Company Private Limited,2026-04-22 14:35:21.211658
2026042204017088,SHEL,33,48,197,315.0,62055.0,Dakshinkali Investment & Securities Pvt. Ltd.,Trishakti Securities Public Limited,2026-04-22 14:36:16.799339
2026042204017089,SHEL,33,33,11,315.0,3465.0,Dakshinkali Investment & Securities Pvt. Ltd.,Dakshinkali Investment & Securities Pvt. Ltd.,2026-04-22 14:36:16.799662
2026042204017090,SHEL,33,66,100,315.0,31500.0,Dakshinkali Investment & Securities Pvt. Ltd.,Miyo Securities Pvt Ltd,2026-04-22 14:36:16.799802
2026042204017091,SHEL,33,41,100,315.0,31500.0,Dakshinkali Investment & Securities Pvt. Ltd.,Linch Stock Market Ltd.,2026-04-22 14:36:16.799968
2026042204017092,SHEL,33,38,50,315.0,15750.0,Dakshinkali Investment & Securities Pvt. Ltd.,Dipshikha Dhitopatra Karobar Co. Pvt Ltd.,2026-04-22 14:36:16.800103
2026042204017093,SHEL,33,38,1000,315.0,315000.0,Dakshinkali Investment & Securities Pvt. Ltd.,Dipshikha Dhitopatra Karobar Co. Pvt Ltd.,2026-04-22 14:36:16.800230
2026042204017094,SHEL,33,17,10,315.0,3150.0,Dakshinkali Investment & Securities Pvt. Ltd.,ABC Securities Private Limited,2026-04-22 14:36:16.800370
2026042204017095,SHEL,33,58,100,315.0,31500.0,Dakshinkali Investment & Securities Pvt. Ltd.,Naasa Securities Co. Ltd.,2026-04-22 14:36:16.800505
2026042204017148,SHEL,33,49,500,315.1,157550.0,Dakshinkali Investment & Securities Pvt. Ltd.,Online Securities Pvt. Ltd.,2026-04-22 14:36:31.724811
2026042204017160,SHEL,74,49,311,315.1,97996.1,KALASH STOCK MARKET PVT. LTD.,Online Securities Pvt. Ltd.,2026-04-22 14:36:42.805892
2026042204017178,SHEL,33,13,400,315.9,126360.0,Dakshinkali Investment & Securities Pvt. Ltd.,Thrive Brokerage House Pvt. Ltd,2026-04-22 14:36:52.472917
2026042204017179,SHEL,33,28,200,316.0,63200.0,Dakshinkali Investment & Securities Pvt. Ltd.,Shree Krishna Securities Ltd.,2026-04-22 14:36:52.473235
2026042204017180,SHEL,33,45,10,316.0,3160.0,Dakshinkali Investment & Securities Pvt. Ltd.,Imperial Securities Company Pvt. Ltd.,2026-04-22 14:36:52.473385
2026042204017181,SHEL,33,6,1000,316.0,316000.0,Dakshinkali Investment & Securities Pvt. Ltd.,Agrawal Securities (PVT) Ltd.,2026-04-22 14:36:52.473516
2026042204017182,SHEL,33,58,17,316.0,5372.0,Dakshinkali Investment & Securities Pvt. Ltd.,Naasa Securities Co. Ltd.,2026-04-22 14:36:52.473646
2026042204017183,SHEL,33,16,173,316.0,54668.0,Dakshinkali Investment & Securities Pvt. Ltd.,Primo Securities (PVT) Ltd.,2026-04-22 14:36:52.473773
2026042204017337,SHEL,50,16,27,316.0,8532.0,Cristal Kanchanjanga Securites Pvt. Ltd.,Primo Securities (PVT) Ltd.,2026-04-22 14:37:52.452991
2026042204017338,SHEL,50,14,800,317.0,253600.0,Cristal Kanchanjanga Securites Pvt. Ltd.,Nepal Stock House (PVT) Ltd.,2026-04-22 14:37:52.453644
2026042204017339,SHEL,50,58,10,317.0,3170.0,Cristal Kanchanjanga Securites Pvt. Ltd.,Naasa Securities Co. Ltd.,2026-04-22 14:37:52.454071
2026042204017556,SHEL,50,34,163,317.0,51671.0,Cristal Kanchanjanga Securites Pvt. Ltd.,Vision Securities Pvt. Ltd,2026-04-22 14:38:46.303490
2026042204017585,SHEL,61,34,37,317.0,11729.0,BHOLE GANESH SECURITIES LTD,Vision Securities Pvt. Ltd,2026-04-22 14:38:54.611439
2026042204017697,SHEL,61,16,300,317.7,95310.0,BHOLE GANESH SECURITIES LTD,Primo Securities (PVT) Ltd.,2026-04-22 14:39:10.636142
2026042204017698,SHEL,61,45,110,317.8,34958.0,BHOLE GANESH SECURITIES LTD,Imperial Securities Company Pvt. Ltd.,2026-04-22 14:39:10.636759
2026042204017699,SHEL,61,13,400,317.8,127120.0,BHOLE GANESH SECURITIES LTD,Thrive Brokerage House Pvt. Ltd,2026-04-22 14:39:10.637216
2026042204017700,SHEL,61,81,153,317.9,48638.7,BHOLE GANESH SECURITIES LTD,Aakashbhairab Securities Ltd.,2026-04-22 14:39:10.637681
2026042204017799,SHEL,61,4,1000,317.6,317600.0,BHOLE GANESH SECURITIES LTD,Opal Securities Investment (PVT) Ltd.,2026-04-22 14:39:28.252553
2026042204017808,SHEL,35,81,663,317.9,210767.7,Kohinoor Investment & Securities Pvt. Ltd.,Aakashbhairab Securities Ltd.,2026-04-22 14:39:31.682470
2026042204017809,SHEL,35,66,337,318.0,107166.0,Kohinoor Investment & Securities Pvt. Ltd.,Miyo Securities Pvt Ltd,2026-04-22 14:39:31.682529
2026042204017968,SHEL,61,66,400,318.0,127200.0,BHOLE GANESH SECURITIES LTD,Miyo Securities Pvt Ltd,2026-04-22 14:39:58.752852
2026042204017990,SHEL,33,66,63,318.0,20034.0,Dakshinkali Investment & Securities Pvt. Ltd.,Miyo Securities Pvt Ltd,2026-04-22 14:40:02.081795
2026042204017991,SHEL,33,49,937,318.0,297966.0,Dakshinkali Investment & Securities Pvt. Ltd.,Online Securities Pvt. Ltd.,2026-04-22 14:40:02.082384
2026042204018169,SHEL,45,49,63,318.0,20034.0,Imperial Securities Company Pvt. Ltd.,Online Securities Pvt. Ltd.,2026-04-22 14:40:27.871580
2026042204018170,SHEL,45,42,200,318.0,63600.0,Imperial Securities Company Pvt. Ltd.,Sani Securities Company Ltd.,2026-04-22 14:40:27.871900
2026042204018171,SHEL,45,57,237,318.0,75366.0,Imperial Securities Company Pvt. Ltd.,Aryatara Investment & Securities,2026-04-22 14:40:27.872035
2026042204018225,SHEL,38,57,263,318.0,83634.0,Dipshikha Dhitopatra Karobar Co. Pvt Ltd.,Aryatara Investment & Securities,2026-04-22 14:40:44.690859
2026042204018226,SHEL,38,32,100,318.0,31800.0,Dipshikha Dhitopatra Karobar Co. Pvt Ltd.,Premier Securities Company Ltd.,2026-04-22 14:40:44.691145
2026042204018227,SHEL,38,57,137,318.0,43566.0,Dipshikha Dhitopatra Karobar Co. Pvt Ltd.,Aryatara Investment & Securities,2026-04-22 14:40:44.691282
2026042204018351,SHEL,13,57,213,318.0,67734.0,Thrive Brokerage House Pvt. Ltd,Aryatara Investment & Securities,2026-04-22 14:41:13.103380
2026042204018352,SHEL,13,6,250,318.0,79500.0,Thrive Brokerage House Pvt. Ltd,Agrawal Securities (PVT) Ltd.,2026-04-22 14:41:13.103940
2026042204018353,SHEL,13,6,37,318.0,11766.0,Thrive Brokerage House Pvt. Ltd,Agrawal Securities (PVT) Ltd.,2026-04-22 14:41:13.104360
2026042204018785,SHEL,38,6,163,318.0,51834.0,Dipshikha Dhitopatra Karobar Co. Pvt Ltd.,Agrawal Securities (PVT) Ltd.,2026-04-22 14:42:50.409153
2026042204018786,SHEL,38,42,105,319.0,33495.0,Dipshikha Dhitopatra Karobar Co. Pvt Ltd.,Sani Securities Company Ltd.,2026-04-22 14:42:50.409755
2026042204018787,SHEL,38,34,132,319.0,42108.0,Dipshikha Dhitopatra Karobar Co. Pvt Ltd.,Vision Securities Pvt. Ltd,2026-04-22 14:42:50.410168
2026042204019039,SHEL,57,34,68,319.0,21692.0,Aryatara Investment & Securities,Vision Securities Pvt. Ltd,2026-04-22 14:43:46.023105
2026042204019040,SHEL,57,14,32,319.0,10208.0,Aryatara Investment & Securities,Nepal Stock House (PVT) Ltd.,2026-04-22 14:43:46.023894
2026042204019069,SHEL,43,14,48,319.0,15312.0,South Asian Bulls Pvt. Ltd.,Nepal Stock House (PVT) Ltd.,2026-04-22 14:43:55.594976
2026042204019070,SHEL,43,58,10,319.5,3195.0,South Asian Bulls Pvt. Ltd.,Naasa Securities Co. Ltd.,2026-04-22 14:43:55.595519
2026042204019086,SHEL,58,50,75,319.6,23970.0,Naasa Securities Co. Ltd.,Cristal Kanchanjanga Securites Pvt. Ltd.,2026-04-22 14:43:59.511397
2026042204019087,SHEL,58,48,35,319.6,11186.0,Naasa Securities Co. Ltd.,Trishakti Securities Public Limited,2026-04-22 14:43:59.511465
2026042204019088,SHEL,58,32,35,319.9,11196.5,Naasa Securities Co. Ltd.,Premier Securities Company Ltd.,2026-04-22 14:43:59.511493
2026042204019089,SHEL,58,60,55,320.0,17600.0,Naasa Securities Co. Ltd.,Nagarik Stock Dealer ,2026-04-22 14:43:59.511519
2026042204019140,SHEL,58,60,17,320.0,5440.0,Naasa Securities Co. Ltd.,Nagarik Stock Dealer ,2026-04-22 14:44:12.153871
2026042204019141,SHEL,58,58,220,320.0,70400.0,Naasa Securities Co. Ltd.,Naasa Securities Co. Ltd.,2026-04-22 14:44:12.154445
2026042204019142,SHEL,58,51,10,320.0,3200.0,Naasa Securities Co. Ltd.,Oxford Securities Pvt. Ltd.,2026-04-22 14:44:12.154824
2026042204019143,SHEL,58,8,225,320.0,72000.0,Naasa Securities Co. Ltd.,Brilliant Securities Pvt. Ltd.,2026-04-22 14:44:12.155198
2026042204019144,SHEL,58,66,100,320.0,32000.0,Naasa Securities Co. Ltd.,Miyo Securities Pvt Ltd,2026-04-22 14:44:12.155603
2026042204019145,SHEL,58,51,21,320.0,6720.0,Naasa Securities Co. Ltd.,Oxford Securities Pvt. Ltd.,2026-04-22 14:44:12.155975
2026042204019146,SHEL,58,4,10,320.0,3200.0,Naasa Securities Co. Ltd.,Opal Securities Investment (PVT) Ltd.,2026-04-22 14:44:12.156348
2026042204019147,SHEL,58,45,200,320.0,64000.0,Naasa Securities Co. Ltd.,Imperial Securities Company Pvt. Ltd.,2026-04-22 14:44:12.156721
2026042204019261,SHEL,39,6,400,320.1,128040.0,Sumeru Securities Pvt. Ltd.,Agrawal Securities (PVT) Ltd.,2026-04-22 14:44:36.862709
2026042204019262,SHEL,58,6,100,320.1,32010.0,Naasa Securities Co. Ltd.,Agrawal Securities (PVT) Ltd.,2026-04-22 14:44:36.950993
2026042204019263,SHEL,58,26,100,320.9,32090.0,Naasa Securities Co. Ltd.,Asian Securities Private Ltd.,2026-04-22 14:44:36.951273
2026042204019264,SHEL,58,56,300,321.0,96300.0,Naasa Securities Co. Ltd.,Sri Hari Securities Pvt. Ltd.,2026-04-22 14:44:36.951439
2026042204019285,SHEL,58,34,100,321.0,32100.0,Naasa Securities Co. Ltd.,Vision Securities Pvt. Ltd,2026-04-22 14:44:41.194310
2026042204019356,SHEL,11,51,100,321.2,32120.0,Malla & Malla Stock Broking Company Pvt. Limited,Oxford Securities Pvt. Ltd.,2026-04-22 14:45:00.158592
2026042204019372,SHEL,58,51,400,321.2,128480.0,Naasa Securities Co. Ltd.,Oxford Securities Pvt. Ltd.,2026-04-22 14:45:05.901833
2026042204019373,SHEL,58,45,197,321.3,63296.1,Naasa Securities Co. Ltd.,Imperial Securities Company Pvt. Ltd.,2026-04-22 14:45:05.902134
2026042204019381,SHEL,5,45,500,321.3,160650.0,Market Securities & Exchange (PVT) Ltd.,Imperial Securities Company Pvt. Ltd.,2026-04-22 14:45:07.743999
2026042204019495,SHEL,22,45,200,321.3,64260.0,Siprabi Securities Pvt. Ltd.,Imperial Securities Company Pvt. Ltd.,2026-04-22 14:45:29.532873
2026042204019539,SHEL,60,45,103,321.3,33093.9,Nagarik Stock Dealer ,Imperial Securities Company Pvt. Ltd.,2026-04-22 14:45:41.845392
2026042204019564,SHEL,42,32,35,321.9,11266.5,Sani Securities Company Ltd.,Premier Securities Company Ltd.,2026-04-22 14:45:48.782067
2026042204019565,SHEL,42,51,200,321.9,64380.0,Sani Securities Company Ltd.,Oxford Securities Pvt. Ltd.,2026-04-22 14:45:48.782584
2026042204019566,SHEL,42,42,500,322.0,161000.0,Sani Securities Company Ltd.,Sani Securities Company Ltd.,2026-04-22 14:45:48.782940
2026042204019567,SHEL,42,21,10,322.0,3220.0,Sani Securities Company Ltd.,Midas Stock Broking Company Private Limited,2026-04-22 14:45:48.783294
2026042204019568,SHEL,42,48,1255,322.0,404110.0,Sani Securities Company Ltd.,Trishakti Securities Public Limited,2026-04-22 14:45:48.783653
2026042204019647,SHEL,26,48,1000,322.0,322000.0,Asian Securities Private Ltd.,Trishakti Securities Public Limited,2026-04-22 14:46:08.111060
2026042204019679,SHEL,58,48,150,322.0,48300.0,Naasa Securities Co. Ltd.,Trishakti Securities Public Limited,2026-04-22 14:46:14.252125
2026042204019736,SHEL,49,48,759,322.0,244398.0,Online Securities Pvt. Ltd.,Trishakti Securities Public Limited,2026-04-22 14:46:24.319199
2026042204019737,SHEL,49,50,500,322.0,161000.0,Online Securities Pvt. Ltd.,Cristal Kanchanjanga Securites Pvt. Ltd.,2026-04-22 14:46:24.319764
2026042204019738,SHEL,49,25,100,322.0,32200.0,Online Securities Pvt. Ltd.,Sweta Securities Private Limited,2026-04-22 14:46:24.320133
2026042204019899,SHEL,39,58,190,322.3,61237.0,Sumeru Securities Pvt. Ltd.,Naasa Securities Co. Ltd.,2026-04-22 14:46:58.808301
2026042204019900,SHEL,39,56,310,322.3,99913.0,Sumeru Securities Pvt. Ltd.,Sri Hari Securities Pvt. Ltd.,2026-04-22 14:46:58.808657
2026042204019937,SHEL,84,56,190,322.3,61237.0,MILKY WAY SHARE BROKER COMPANY LTD ,Sri Hari Securities Pvt. Ltd.,2026-04-22 14:47:09.203267
2026042204019938,SHEL,84,53,10,322.3,3223.0,MILKY WAY SHARE BROKER COMPANY LTD ,Investment Management Nepal Pvt. Ltd.,2026-04-22 14:47:09.203824
2026042204020012,SHEL,49,49,10,322.0,3220.0,Online Securities Pvt. Ltd.,Online Securities Pvt. Ltd.,2026-04-22 14:47:24.991211
2026042204020090,SHEL,49,6,131,322.0,42182.0,Online Securities Pvt. Ltd.,Agrawal Securities (PVT) Ltd.,2026-04-22 14:47:40.203202
2026042204020091,SHEL,94,6,1369,321.6,440270.4,K.B.L. Securities Limited ,Agrawal Securities (PVT) Ltd.,2026-04-22 14:47:40.203776
2026042204020129,SHEL,42,6,100,322.0,32200.0,Sani Securities Company Ltd.,Agrawal Securities (PVT) Ltd.,2026-04-22 14:47:58.199904
2026042204020146,SHEL,42,64,500,322.0,161000.0,Sani Securities Company Ltd.,SUN SECURITIES PVT LTD,2026-04-22 14:48:02.847071
2026042204020199,SHEL,42,6,100,322.0,32200.0,Sani Securities Company Ltd.,Agrawal Securities (PVT) Ltd.,2026-04-22 14:48:22.406344
2026042204020200,SHEL,58,6,50,322.0,16100.0,Naasa Securities Co. Ltd.,Agrawal Securities (PVT) Ltd.,2026-04-22 14:48:22.406622
2026042204020245,SHEL,94,34,100,321.6,32160.0,K.B.L. Securities Limited ,Vision Securities Pvt. Ltd,2026-04-22 14:48:33.149538
2026042204020321,SHEL,14,6,350,322.0,112700.0,Nepal Stock House (PVT) Ltd.,Agrawal Securities (PVT) Ltd.,2026-04-22 14:48:50.014242
2026042204020322,SHEL,14,40,250,322.0,80500.0,Nepal Stock House (PVT) Ltd.,Creative Securities Pvt Ltd,2026-04-22 14:48:50.014580
2026042204020378,SHEL,58,53,490,322.3,157927.0,Naasa Securities Co. Ltd.,Investment Management Nepal Pvt. Ltd.,2026-04-22 14:49:07.026364
2026042204020379,SHEL,58,58,10,322.4,3224.0,Naasa Securities Co. Ltd.,Naasa Securities Co. Ltd.,2026-04-22 14:49:07.026410
2026042204020380,SHEL,58,65,80,322.8,25824.0,Naasa Securities Co. Ltd.,Sharepro Securities Private Limited,2026-04-22 14:49:07.026452
2026042204020381,SHEL,58,22,10,323.0,3230.0,Naasa Securities Co. Ltd.,Siprabi Securities Pvt. Ltd.,2026-04-22 14:49:07.026478
2026042204020382,SHEL,58,28,75,323.3,24247.5,Naasa Securities Co. Ltd.,Shree Krishna Securities Ltd.,2026-04-22 14:49:07.026512
2026042204020383,SHEL,58,11,660,323.4,213444.0,Naasa Securities Co. Ltd.,Malla & Malla Stock Broking Company Pvt. Limited,2026-04-22 14:49:07.026543
2026042204020384,SHEL,58,29,150,323.4,48510.0,Naasa Securities Co. Ltd.,Trisul Securities & Invt. Ltd.,2026-04-22 14:49:07.026576
2026042204020385,SHEL,58,57,685,324.0,221940.0,Naasa Securities Co. Ltd.,Aryatara Investment & Securities,2026-04-22 14:49:07.026603
2026042204020601,SHEL,14,21,400,322.0,128800.0,Nepal Stock House (PVT) Ltd.,Midas Stock Broking Company Private Limited,2026-04-22 14:49:51.255345
2026042204020772,SHEL,14,58,800,323.9,259120.0,Nepal Stock House (PVT) Ltd.,Naasa Securities Co. Ltd.,2026-04-22 14:50:37.643997
2026042204020773,SHEL,14,49,500,323.9,161950.0,Nepal Stock House (PVT) Ltd.,Online Securities Pvt. Ltd.,2026-04-22 14:50:37.644305
2026042204020808,SHEL,14,40,200,323.9,64780.0,Nepal Stock House (PVT) Ltd.,Creative Securities Pvt Ltd,2026-04-22 14:50:49.238816
2026042204021019,SHEL,94,11,31,321.6,9969.6,K.B.L. Securities Limited ,Malla & Malla Stock Broking Company Pvt. Limited,2026-04-22 14:51:55.000115
2026042204021020,SHEL,60,11,169,321.3,54299.7,Nagarik Stock Dealer ,Malla & Malla Stock Broking Company Pvt. Limited,2026-04-22 14:51:55.000436
2026042204021034,SHEL,60,34,100,321.3,32130.0,Nagarik Stock Dealer ,Vision Securities Pvt. Ltd,2026-04-22 14:51:57.529534
2026042204021043,SHEL,38,40,10,322.0,3220.0,Dipshikha Dhitopatra Karobar Co. Pvt Ltd.,Creative Securities Pvt Ltd,2026-04-22 14:51:59.935939
2026042204021044,SHEL,38,37,90,323.0,29070.0,Dipshikha Dhitopatra Karobar Co. Pvt Ltd.,Swarna Laxmi Securities Pvt. Ltd.,2026-04-22 14:51:59.936255
2026042204021047,SHEL,22,37,910,323.0,293930.0,Siprabi Securities Pvt. Ltd.,Swarna Laxmi Securities Pvt. Ltd.,2026-04-22 14:52:00.594915
2026042204021123,SHEL,22,58,10,323.0,3230.0,Siprabi Securities Pvt. Ltd.,Naasa Securities Co. Ltd.,2026-04-22 14:52:25.592540
2026042204021215,SHEL,17,10,20,323.0,6460.0,ABC Securities Private Limited,Pragyan Securities (PVT) Ltd.,2026-04-22 14:52:46.398231
2026042204021216,SHEL,17,50,280,323.0,90440.0,ABC Securities Private Limited,Cristal Kanchanjanga Securites Pvt. Ltd.,2026-04-22 14:52:46.398514
2026042204021291,SHEL,11,50,100,323.0,32300.0,Malla & Malla Stock Broking Company Pvt. Limited,Cristal Kanchanjanga Securites Pvt. Ltd.,2026-04-22 14:53:09.668872
2026042204021298,SHEL,42,50,120,323.0,38760.0,Sani Securities Company Ltd.,Cristal Kanchanjanga Securites Pvt. Ltd.,2026-04-22 14:53:12.210029
2026042204021299,SHEL,42,21,100,323.8,32380.0,Sani Securities Company Ltd.,Midas Stock Broking Company Private Limited,2026-04-22 14:53:12.210611
2026042204021300,SHEL,42,40,180,323.9,58302.0,Sani Securities Company Ltd.,Creative Securities Pvt Ltd,2026-04-22 14:53:12.211008
2026042204021453,SHEL,21,40,70,323.9,22673.0,Midas Stock Broking Company Private Limited,Creative Securities Pvt Ltd,2026-04-22 14:53:53.739744
2026042204021454,SHEL,21,53,200,323.9,64780.0,Midas Stock Broking Company Private Limited,Investment Management Nepal Pvt. Ltd.,2026-04-22 14:53:53.740307
2026042204021544,SHEL,29,65,100,322.5,32250.0,Trisul Securities & Invt. Ltd.,Sharepro Securities Private Limited,2026-04-22 14:54:26.485761
2026042204021560,SHEL,57,65,24,322.5,7740.0,Aryatara Investment & Securities,Sharepro Securities Private Limited,2026-04-22 14:54:34.597648
2026042204021775,SHEL,57,52,300,322.5,96750.0,Aryatara Investment & Securities,Sundhara Securities Limited,2026-04-22 14:55:14.986224
2026042204021924,SHEL,57,34,176,322.5,56760.0,Aryatara Investment & Securities,Vision Securities Pvt. Ltd,2026-04-22 14:55:31.311292
2026042204021925,SHEL,36,34,30,322.5,9675.0,Secured Securities Ltd.,Vision Securities Pvt. Ltd,2026-04-22 14:55:31.311575
2026042204021926,SHEL,25,34,319,322.2,102781.8,Sweta Securities Private Limited,Vision Securities Pvt. Ltd,2026-04-22 14:55:31.311767
2026042204021929,SHEL,25,34,181,322.2,58318.2,Sweta Securities Private Limited,Vision Securities Pvt. Ltd,2026-04-22 14:55:31.977497
2026042204021930,SHEL,42,34,19,322.0,6118.0,Sani Securities Company Ltd.,Vision Securities Pvt. Ltd,2026-04-22 14:55:31.977769
2026042204021973,SHEL,42,56,181,322.0,58282.0,Sani Securities Company Ltd.,Sri Hari Securities Pvt. Ltd.,2026-04-22 14:55:36.470207
2026042204021974,SHEL,11,56,1700,322.0,547400.0,Malla & Malla Stock Broking Company Pvt. Limited,Sri Hari Securities Pvt. Ltd.,2026-04-22 14:55:36.470508
2026042204021975,SHEL,14,56,22,322.0,7084.0,Nepal Stock House (PVT) Ltd.,Sri Hari Securities Pvt. Ltd.,2026-04-22 14:55:36.470647
2026042204021976,SHEL,63,56,97,322.0,31234.0,Himalayan Brokerage Company Limited,Sri Hari Securities Pvt. Ltd.,2026-04-22 14:55:36.470765
2026042204022040,SHEL,63,34,200,322.0,64400.0,Himalayan Brokerage Company Limited,Vision Securities Pvt. Ltd,2026-04-22 14:55:45.561865
2026042204022110,SHEL,60,53,128,321.3,41126.4,Nagarik Stock Dealer ,Investment Management Nepal Pvt. Ltd.,2026-04-22 14:55:59.990173
2026042204022111,SHEL,16,53,372,321.3,119523.6,Primo Securities (PVT) Ltd.,Investment Management Nepal Pvt. Ltd.,2026-04-22 14:55:59.990520
2026042204022142,SHEL,16,19,128,321.3,41126.4,Primo Securities (PVT) Ltd.,Nepal Investment And Securities Trading Private Limited,2026-04-22 14:56:05.250407
2026042204022143,SHEL,10,19,30,321.0,9630.0,Pragyan Securities (PVT) Ltd.,Nepal Investment And Securities Trading Private Limited,2026-04-22 14:56:05.250702
2026042204022144,SHEL,58,19,42,321.0,13482.0,Naasa Securities Co. Ltd.,Nepal Investment And Securities Trading Private Limited,2026-04-22 14:56:05.250859
2026042204022237,SHEL,58,13,48,321.0,15408.0,Naasa Securities Co. Ltd.,Thrive Brokerage House Pvt. Ltd,2026-04-22 14:56:24.300932
2026042204022238,SHEL,42,13,100,321.0,32100.0,Sani Securities Company Ltd.,Thrive Brokerage House Pvt. Ltd,2026-04-22 14:56:24.301303
2026042204022283,SHEL,32,14,200,318.0,63600.0,Premier Securities Company Ltd.,Nepal Stock House (PVT) Ltd.,2026-04-22 14:56:34.437268
2026042204022284,SHEL,58,14,29,318.0,9222.0,Naasa Securities Co. Ltd.,Nepal Stock House (PVT) Ltd.,2026-04-22 14:56:34.437544
2026042204022285,SHEL,11,14,100,317.0,31700.0,Malla & Malla Stock Broking Company Pvt. Limited,Nepal Stock House (PVT) Ltd.,2026-04-22 14:56:34.437696
2026042204022286,SHEL,52,14,100,317.0,31700.0,Sundhara Securities Limited,Nepal Stock House (PVT) Ltd.,2026-04-22 14:56:34.437833
2026042204022287,SHEL,38,14,271,316.6,85798.6,Dipshikha Dhitopatra Karobar Co. Pvt Ltd.,Nepal Stock House (PVT) Ltd.,2026-04-22 14:56:34.437963
2026042204022522,SHEL,52,48,650,317.0,206050.0,Sundhara Securities Limited,Trishakti Securities Public Limited,2026-04-22 14:57:18.693085
2026042204022611,SHEL,32,33,10,320.0,3200.0,Premier Securities Company Ltd.,Dakshinkali Investment & Securities Pvt. Ltd.,2026-04-22 14:57:33.268422
2026042204022798,SHEL,42,33,50,320.0,16000.0,Sani Securities Company Ltd.,Dakshinkali Investment & Securities Pvt. Ltd.,2026-04-22 14:58:06.619896
2026042204022846,SHEL,52,70,1000,317.0,317000.0,Sundhara Securities Limited,Infinity Securities Limited,2026-04-22 14:58:15.371374
2026042204022863,SHEL,32,33,10,320.0,3200.0,Premier Securities Company Ltd.,Dakshinkali Investment & Securities Pvt. Ltd.,2026-04-22 14:58:17.914742
2026042204022916,SHEL,52,19,300,317.0,95100.0,Sundhara Securities Limited,Nepal Investment And Securities Trading Private Limited,2026-04-22 14:58:26.644440
2026042204022929,SHEL,32,33,10,320.0,3200.0,Premier Securities Company Ltd.,Dakshinkali Investment & Securities Pvt. Ltd.,2026-04-22 14:58:29.204392
2026042204023049,SHEL,52,19,50,317.0,15850.0,Sundhara Securities Limited,Nepal Investment And Securities Trading Private Limited,2026-04-22 14:58:50.549625
2026042204023050,SHEL,6,19,100,317.0,31700.0,Agrawal Securities (PVT) Ltd.,Nepal Investment And Securities Trading Private Limited,2026-04-22 14:58:50.549929
2026042204023052,SHEL,36,58,300,317.0,95100.0,Secured Securities Ltd.,Naasa Securities Co. Ltd.,2026-04-22 14:58:51.127242
2026042204023159,SHEL,42,42,100,316.7,31670.0,Sani Securities Company Ltd.,Sani Securities Company Ltd.,2026-04-22 14:59:11.487715
2026042204023180,SHEL,42,19,200,316.7,63340.0,Sani Securities Company Ltd.,Nepal Investment And Securities Trading Private Limited,2026-04-22 14:59:15.628990
2026042204023182,SHEL,42,41,100,316.7,31670.0,Sani Securities Company Ltd.,Linch Stock Market Ltd.,2026-04-22 14:59:16.738577
2026042204023192,SHEL,42,6,21,316.7,6650.7,Sani Securities Company Ltd.,Agrawal Securities (PVT) Ltd.,2026-04-22 14:59:17.060480
2026042204023194,SHEL,42,3,50,316.7,15835.0,Sani Securities Company Ltd.,Arun Securities (PVT) Ltd.,2026-04-22 14:59:17.543910
2026042204023299,SHEL,53,58,50,317.0,15850.0,Investment Management Nepal Pvt. Ltd.,Naasa Securities Co. Ltd.,2026-04-22 14:59:37.929893
2026042204023444,SHEL,42,49,10,316.7,3167.0,Sani Securities Company Ltd.,Online Securities Pvt. Ltd.,2026-04-22 14:59:54.412656
2026042204023498,SHEL,32,58,50,317.0,15850.0,Premier Securities Company Ltd.,Naasa Securities Co. Ltd.,2026-04-22 14:59:57.781286
2026042204023499,SHEL,32,21,40,317.0,12680.0,Premier Securities Company Ltd.,Midas Stock Broking Company Private Limited,2026-04-22 14:59:57.781396
2026042204023500,SHEL,32,66,10,319.0,3190.0,Premier Securities Company Ltd.,Miyo Securities Pvt Ltd,2026-04-22 14:59:57.781454
2026042204023537,SHEL,33,66,200,319.0,63800.0,Dakshinkali Investment & Securities Pvt. Ltd.,Miyo Securities Pvt Ltd,2026-04-22 14:59:58.643954
