contractId,stockSymbol,buyerMemberId,sellerMemberId,quantity,rate,amount,businessDate,tradeBookId,stockId,buyerBrokerName,sellerBrokerName,transaction_time,securityName
2026042204000068,SHPC,90,41,65,518.1,33676.5,2026-04-22,187373125,591,Sajilo Broker Limited,Linch Stock Market Ltd.,2026-04-22 11:01:34.458964,Sanima Mai Hydropower Ltd.
2026042204000200,SHPC,26,74,200,520.0,104000.0,2026-04-22,187375121,591,Asian Securities Private Ltd.,KALASH STOCK MARKET PVT. LTD.,2026-04-22 11:04:11.601247,Sanima Mai Hydropower Ltd.
2026042204000243,SHPC,26,3,300,520.0,156000.0,2026-04-22,187375591,591,Asian Securities Private Ltd.,Arun Securities (PVT) Ltd.,2026-04-22 11:04:45.491440,Sanima Mai Hydropower Ltd.
2026042204000433,SHPC,26,7,100,520.0,52000.0,2026-04-22,187377316,591,Asian Securities Private Ltd.,J.F. Securites (PVT) Ltd.,2026-04-22 11:06:28.952831,Sanima Mai Hydropower Ltd.
2026042204000706,SHPC,90,60,135,518.1,69943.5,2026-04-22,187379864,591,Sajilo Broker Limited,Nagarik Stock Dealer ,2026-04-22 11:08:40.478715,Sanima Mai Hydropower Ltd.
2026042204000707,SHPC,39,60,865,518.0,448070.0,2026-04-22,187379865,591,Sumeru Securities Pvt. Ltd.,Nagarik Stock Dealer ,2026-04-22 11:08:40.478878,Sanima Mai Hydropower Ltd.
2026042204000873,SHPC,39,48,135,518.0,69930.0,2026-04-22,187381602,591,Sumeru Securities Pvt. Ltd.,Trishakti Securities Public Limited,2026-04-22 11:09:55.617231,Sanima Mai Hydropower Ltd.
2026042204000874,SHPC,46,48,65,518.0,33670.0,2026-04-22,187381603,591,Kalika Securities Pvt. Ltd.,Trishakti Securities Public Limited,2026-04-22 11:09:55.617322,Sanima Mai Hydropower Ltd.
2026042204000879,SHPC,46,49,135,518.0,69930.0,2026-04-22,187381706,591,Kalika Securities Pvt. Ltd.,Online Securities Pvt. Ltd.,2026-04-22 11:10:02.757940,Sanima Mai Hydropower Ltd.
2026042204001109,SHPC,83,45,50,515.5,25775.0,2026-04-22,187384352,591,Sanima Securities Limited,Imperial Securities Company Pvt. Ltd.,2026-04-22 11:12:13.214858,Sanima Mai Hydropower Ltd.
2026042204001110,SHPC,56,45,50,513.1,25655.0,2026-04-22,187384354,591,Sri Hari Securities Pvt. Ltd.,Imperial Securities Company Pvt. Ltd.,2026-04-22 11:12:13.214943,Sanima Mai Hydropower Ltd.
2026042204001111,SHPC,14,45,50,513.1,25655.0,2026-04-22,187384358,591,Nepal Stock House (PVT) Ltd.,Imperial Securities Company Pvt. Ltd.,2026-04-22 11:12:13.214969,Sanima Mai Hydropower Ltd.
2026042204001112,SHPC,57,45,100,513.0,51300.0,2026-04-22,187384359,591,Aryatara Investment & Securities,Imperial Securities Company Pvt. Ltd.,2026-04-22 11:12:13.214995,Sanima Mai Hydropower Ltd.
2026042204001297,SHPC,90,49,100,518.0,51800.0,2026-04-22,187387120,591,Sajilo Broker Limited,Online Securities Pvt. Ltd.,2026-04-22 11:14:15.583199,Sanima Mai Hydropower Ltd.
2026042204001515,SHPC,53,40,200,517.0,103400.0,2026-04-22,187389912,591,Investment Management Nepal Pvt. Ltd.,Creative Securities Pvt Ltd,2026-04-22 11:16:16.501409,Sanima Mai Hydropower Ltd.
2026042204001752,SHPC,39,40,10,517.0,5170.0,2026-04-22,187392605,591,Sumeru Securities Pvt. Ltd.,Creative Securities Pvt Ltd,2026-04-22 11:18:11.591082,Sanima Mai Hydropower Ltd.
2026042204001753,SHPC,39,49,260,518.0,134680.0,2026-04-22,187392607,591,Sumeru Securities Pvt. Ltd.,Online Securities Pvt. Ltd.,2026-04-22 11:18:11.591179,Sanima Mai Hydropower Ltd.
2026042204001754,SHPC,39,42,550,518.0,284900.0,2026-04-22,187392609,591,Sumeru Securities Pvt. Ltd.,Sani Securities Company Ltd.,2026-04-22 11:18:11.591221,Sanima Mai Hydropower Ltd.
2026042204001755,SHPC,39,58,180,518.0,93240.0,2026-04-22,187392612,591,Sumeru Securities Pvt. Ltd.,Naasa Securities Co. Ltd.,2026-04-22 11:18:11.591268,Sanima Mai Hydropower Ltd.
2026042204001816,SHPC,39,58,161,518.0,83398.0,2026-04-22,187393099,591,Sumeru Securities Pvt. Ltd.,Naasa Securities Co. Ltd.,2026-04-22 11:18:31.633267,Sanima Mai Hydropower Ltd.
2026042204001817,SHPC,39,45,100,518.0,51800.0,2026-04-22,187393101,591,Sumeru Securities Pvt. Ltd.,Imperial Securities Company Pvt. Ltd.,2026-04-22 11:18:31.633376,Sanima Mai Hydropower Ltd.
2026042204001865,SHPC,39,13,239,518.0,123802.0,2026-04-22,187393948,591,Sumeru Securities Pvt. Ltd.,Thrive Brokerage House Pvt. Ltd,2026-04-22 11:19:07.509819,Sanima Mai Hydropower Ltd.
2026042204001903,SHPC,28,13,61,517.0,31537.0,2026-04-22,187394590,591,Shree Krishna Securities Ltd.,Thrive Brokerage House Pvt. Ltd,2026-04-22 11:19:33.352196,Sanima Mai Hydropower Ltd.
2026042204002277,SHPC,75,42,144,517.0,74448.0,2026-04-22,187399885,591,N.I.M.B. Stock Markets Limited,Sani Securities Company Ltd.,2026-04-22 11:23:04.040938,Sanima Mai Hydropower Ltd.
2026042204002319,SHPC,39,40,500,518.0,259000.0,2026-04-22,187400596,591,Sumeru Securities Pvt. Ltd.,Creative Securities Pvt Ltd,2026-04-22 11:23:34.764320,Sanima Mai Hydropower Ltd.
2026042204002670,SHPC,39,7,200,518.0,103600.0,2026-04-22,187404649,591,Sumeru Securities Pvt. Ltd.,J.F. Securites (PVT) Ltd.,2026-04-22 11:27:29.694189,Sanima Mai Hydropower Ltd.
2026042204002744,SHPC,75,77,56,519.0,29064.0,2026-04-22,187405840,591,N.I.M.B. Stock Markets Limited,Nabil Stock Dealer Ltd.,2026-04-22 11:28:35.256851,Sanima Mai Hydropower Ltd.
2026042204002745,SHPC,39,77,300,518.0,155400.0,2026-04-22,187405842,591,Sumeru Securities Pvt. Ltd.,Nabil Stock Dealer Ltd.,2026-04-22 11:28:35.256985,Sanima Mai Hydropower Ltd.
2026042204002746,SHPC,39,77,2000,518.0,1036000.0,2026-04-22,187405844,591,Sumeru Securities Pvt. Ltd.,Nabil Stock Dealer Ltd.,2026-04-22 11:28:35.257035,Sanima Mai Hydropower Ltd.
2026042204002747,SHPC,39,77,500,518.0,259000.0,2026-04-22,187405846,591,Sumeru Securities Pvt. Ltd.,Nabil Stock Dealer Ltd.,2026-04-22 11:28:35.257083,Sanima Mai Hydropower Ltd.
2026042204002748,SHPC,16,77,50,517.0,25850.0,2026-04-22,187405848,591,Primo Securities (PVT) Ltd.,Nabil Stock Dealer Ltd.,2026-04-22 11:28:35.257133,Sanima Mai Hydropower Ltd.
2026042204002749,SHPC,16,77,150,516.1,77415.0,2026-04-22,187405850,591,Primo Securities (PVT) Ltd.,Nabil Stock Dealer Ltd.,2026-04-22 11:28:35.257182,Sanima Mai Hydropower Ltd.
2026042204002750,SHPC,83,77,100,516.0,51600.0,2026-04-22,187405852,591,Sanima Securities Limited,Nabil Stock Dealer Ltd.,2026-04-22 11:28:35.257231,Sanima Mai Hydropower Ltd.
2026042204002751,SHPC,85,77,100,516.0,51600.0,2026-04-22,187405854,591,Capital Hub P. Ltd,Nabil Stock Dealer Ltd.,2026-04-22 11:28:35.257278,Sanima Mai Hydropower Ltd.
2026042204002752,SHPC,95,77,160,516.0,82560.0,2026-04-22,187405856,591,Magnet Securities and Investment Company Private Limited,Nabil Stock Dealer Ltd.,2026-04-22 11:28:35.257330,Sanima Mai Hydropower Ltd.
2026042204002753,SHPC,43,77,100,515.1,51510.0,2026-04-22,187405858,591,South Asian Bulls Pvt. Ltd.,Nabil Stock Dealer Ltd.,2026-04-22 11:28:35.257385,Sanima Mai Hydropower Ltd.
2026042204002754,SHPC,60,77,200,515.0,103000.0,2026-04-22,187405860,591,Nagarik Stock Dealer ,Nabil Stock Dealer Ltd.,2026-04-22 11:28:35.257434,Sanima Mai Hydropower Ltd.
2026042204002755,SHPC,94,77,10,515.0,5150.0,2026-04-22,187405862,591,K.B.L. Securities Limited ,Nabil Stock Dealer Ltd.,2026-04-22 11:28:35.257478,Sanima Mai Hydropower Ltd.
2026042204002822,SHPC,39,77,2000,515.0,1030000.0,2026-04-22,187406488,591,Sumeru Securities Pvt. Ltd.,Nabil Stock Dealer Ltd.,2026-04-22 11:29:13.560545,Sanima Mai Hydropower Ltd.
2026042204002923,SHPC,57,77,500,515.0,257500.0,2026-04-22,187407468,591,Aryatara Investment & Securities,Nabil Stock Dealer Ltd.,2026-04-22 11:30:02.580147,Sanima Mai Hydropower Ltd.
2026042204002931,SHPC,49,77,12,515.0,6180.0,2026-04-22,187407522,591,Online Securities Pvt. Ltd.,Nabil Stock Dealer Ltd.,2026-04-22 11:30:06.063462,Sanima Mai Hydropower Ltd.
2026042204002945,SHPC,45,77,5762,515.0,2967430.0,2026-04-22,187407723,591,Imperial Securities Company Pvt. Ltd.,Nabil Stock Dealer Ltd.,2026-04-22 11:30:18.159385,Sanima Mai Hydropower Ltd.
2026042204004120,SHPC,39,41,10,519.9,5199.0,2026-04-22,187422330,591,Sumeru Securities Pvt. Ltd.,Linch Stock Market Ltd.,2026-04-22 11:44:43.661818,Sanima Mai Hydropower Ltd.
2026042204004146,SHPC,58,75,100,516.2,51620.0,2026-04-22,187422752,591,Naasa Securities Co. Ltd.,N.I.M.B. Stock Markets Limited,2026-04-22 11:45:08.801389,Sanima Mai Hydropower Ltd.
2026042204004147,SHPC,26,75,400,516.1,206440.0,2026-04-22,187422753,591,Asian Securities Private Ltd.,N.I.M.B. Stock Markets Limited,2026-04-22 11:45:08.801552,Sanima Mai Hydropower Ltd.
2026042204004950,SHPC,32,41,50,519.0,25950.0,2026-04-22,187434006,591,Premier Securities Company Ltd.,Linch Stock Market Ltd.,2026-04-22 11:55:15.875039,Sanima Mai Hydropower Ltd.
2026042204005202,SHPC,62,90,10,518.0,5180.0,2026-04-22,187436752,591,Capital Max Securities Ltd,Sajilo Broker Limited,2026-04-22 11:57:27.423127,Sanima Mai Hydropower Ltd.
2026042204005203,SHPC,97,90,50,518.0,25900.0,2026-04-22,187436754,591,R.B.B. Securities Company Ltd,Sajilo Broker Limited,2026-04-22 11:57:27.423306,Sanima Mai Hydropower Ltd.
2026042204005237,SHPC,76,34,500,517.0,258500.0,2026-04-22,187437017,591,Machhapuchchhre Securities Limited,Vision Securities Pvt. Ltd,2026-04-22 11:57:37.162508,Sanima Mai Hydropower Ltd.
2026042204005707,SHPC,26,32,300,516.1,154830.0,2026-04-22,187442677,591,Asian Securities Private Ltd.,Premier Securities Company Ltd.,2026-04-22 12:02:08.255449,Sanima Mai Hydropower Ltd.
2026042204005764,SHPC,75,1,108,517.0,55836.0,2026-04-22,187443088,591,N.I.M.B. Stock Markets Limited,Kumari Securities Private Limited,2026-04-22 12:02:34.547243,Sanima Mai Hydropower Ltd.
2026042204005844,SHPC,97,1,342,517.0,176814.0,2026-04-22,187443658,591,R.B.B. Securities Company Ltd,Kumari Securities Private Limited,2026-04-22 12:03:00.690272,Sanima Mai Hydropower Ltd.
2026042204006178,SHPC,37,65,168,516.1,86704.8,2026-04-22,187447171,591,Swarna Laxmi Securities Pvt. Ltd.,Sharepro Securities Private Limited,2026-04-22 12:06:12.839559,Sanima Mai Hydropower Ltd.
2026042204006191,SHPC,37,45,39,516.1,20127.9,2026-04-22,187447393,591,Swarna Laxmi Securities Pvt. Ltd.,Imperial Securities Company Pvt. Ltd.,2026-04-22 12:06:21.391466,Sanima Mai Hydropower Ltd.
2026042204006715,SHPC,57,49,73,517.9,37806.7,2026-04-22,187453023,591,Aryatara Investment & Securities,Online Securities Pvt. Ltd.,2026-04-22 12:11:18.399959,Sanima Mai Hydropower Ltd.
2026042204006716,SHPC,57,22,500,517.9,258950.0,2026-04-22,187453025,591,Aryatara Investment & Securities,Siprabi Securities Pvt. Ltd.,2026-04-22 12:11:18.400142,Sanima Mai Hydropower Ltd.
2026042204006717,SHPC,57,90,40,518.0,20720.0,2026-04-22,187453027,591,Aryatara Investment & Securities,Sajilo Broker Limited,2026-04-22 12:11:18.400217,Sanima Mai Hydropower Ltd.
2026042204006718,SHPC,57,21,400,518.0,207200.0,2026-04-22,187453029,591,Aryatara Investment & Securities,Midas Stock Broking Company Private Limited,2026-04-22 12:11:18.400286,Sanima Mai Hydropower Ltd.
2026042204006743,SHPC,57,14,110,518.0,56980.0,2026-04-22,187453267,591,Aryatara Investment & Securities,Nepal Stock House (PVT) Ltd.,2026-04-22 12:11:26.815156,Sanima Mai Hydropower Ltd.
2026042204007458,SHPC,44,28,63,519.0,32697.0,2026-04-22,187460037,591,Dynamic Money Managers Securities Pvt. Ltd.,Shree Krishna Securities Ltd.,2026-04-22 12:17:38.350727,Sanima Mai Hydropower Ltd.
2026042204007459,SHPC,44,21,37,519.0,19203.0,2026-04-22,187460040,591,Dynamic Money Managers Securities Pvt. Ltd.,Midas Stock Broking Company Private Limited,2026-04-22 12:17:38.350963,Sanima Mai Hydropower Ltd.
2026042204007493,SHPC,97,21,263,519.0,136497.0,2026-04-22,187460625,591,R.B.B. Securities Company Ltd,Midas Stock Broking Company Private Limited,2026-04-22 12:18:07.663930,Sanima Mai Hydropower Ltd.
2026042204007494,SHPC,97,41,40,519.9,20796.0,2026-04-22,187460627,591,R.B.B. Securities Company Ltd,Linch Stock Market Ltd.,2026-04-22 12:18:07.664091,Sanima Mai Hydropower Ltd.
2026042204007495,SHPC,97,22,497,519.9,258390.3,2026-04-22,187460630,591,R.B.B. Securities Company Ltd,Siprabi Securities Pvt. Ltd.,2026-04-22 12:18:07.664170,Sanima Mai Hydropower Ltd.
2026042204007567,SHPC,17,74,100,520.0,52000.0,2026-04-22,187461560,591,ABC Securities Private Limited,KALASH STOCK MARKET PVT. LTD.,2026-04-22 12:18:58.523734,Sanima Mai Hydropower Ltd.
2026042204007950,SHPC,59,65,300,516.4,154920.0,2026-04-22,187465540,591,Deevyaa Securities & Stock House Pvt. Ltd,Sharepro Securities Private Limited,2026-04-22 12:22:25.512639,Sanima Mai Hydropower Ltd.
2026042204007951,SHPC,6,65,100,516.4,51640.0,2026-04-22,187465542,591,Agrawal Securities (PVT) Ltd.,Sharepro Securities Private Limited,2026-04-22 12:22:25.512819,Sanima Mai Hydropower Ltd.
2026042204007952,SHPC,4,65,100,516.3,51630.0,2026-04-22,187465543,591,Opal Securities Investment (PVT) Ltd.,Sharepro Securities Private Limited,2026-04-22 12:22:25.512899,Sanima Mai Hydropower Ltd.
2026042204007985,SHPC,57,44,1777,516.2,917287.4,2026-04-22,187466040,591,Aryatara Investment & Securities,Dynamic Money Managers Securities Pvt. Ltd.,2026-04-22 12:22:58.581515,Sanima Mai Hydropower Ltd.
2026042204007986,SHPC,45,44,1018,516.2,525491.6,2026-04-22,187466041,591,Imperial Securities Company Pvt. Ltd.,Dynamic Money Managers Securities Pvt. Ltd.,2026-04-22 12:22:58.581825,Sanima Mai Hydropower Ltd.
2026042204008047,SHPC,45,36,500,516.2,258100.0,2026-04-22,187466787,591,Imperial Securities Company Pvt. Ltd.,Secured Securities Ltd.,2026-04-22 12:23:34.501924,Sanima Mai Hydropower Ltd.
2026042204008146,SHPC,45,25,300,516.2,154860.0,2026-04-22,187468013,591,Imperial Securities Company Pvt. Ltd.,Sweta Securities Private Limited,2026-04-22 12:24:38.159610,Sanima Mai Hydropower Ltd.
2026042204008239,SHPC,90,33,100,516.3,51630.0,2026-04-22,187469794,591,Sajilo Broker Limited,Dakshinkali Investment & Securities Pvt. Ltd.,2026-04-22 12:26:04.536072,Sanima Mai Hydropower Ltd.
2026042204008240,SHPC,45,33,25,516.2,12905.0,2026-04-22,187469795,591,Imperial Securities Company Pvt. Ltd.,Dakshinkali Investment & Securities Pvt. Ltd.,2026-04-22 12:26:04.536267,Sanima Mai Hydropower Ltd.
2026042204008597,SHPC,57,65,500,519.9,259950.0,2026-04-22,187474071,591,Aryatara Investment & Securities,Sharepro Securities Private Limited,2026-04-22 12:29:52.947190,Sanima Mai Hydropower Ltd.
2026042204008598,SHPC,57,41,100,520.0,52000.0,2026-04-22,187474073,591,Aryatara Investment & Securities,Linch Stock Market Ltd.,2026-04-22 12:29:52.947596,Sanima Mai Hydropower Ltd.
2026042204008599,SHPC,57,39,30,520.0,15600.0,2026-04-22,187474075,591,Aryatara Investment & Securities,Sumeru Securities Pvt. Ltd.,2026-04-22 12:29:52.947915,Sanima Mai Hydropower Ltd.
2026042204008600,SHPC,57,45,100,520.0,52000.0,2026-04-22,187474077,591,Aryatara Investment & Securities,Imperial Securities Company Pvt. Ltd.,2026-04-22 12:29:52.948153,Sanima Mai Hydropower Ltd.
2026042204008601,SHPC,57,22,15,520.0,7800.0,2026-04-22,187474079,591,Aryatara Investment & Securities,Siprabi Securities Pvt. Ltd.,2026-04-22 12:29:52.948419,Sanima Mai Hydropower Ltd.
2026042204008602,SHPC,57,34,80,520.0,41600.0,2026-04-22,187474081,591,Aryatara Investment & Securities,Vision Securities Pvt. Ltd,2026-04-22 12:29:52.948636,Sanima Mai Hydropower Ltd.
2026042204008603,SHPC,57,1,50,520.0,26000.0,2026-04-22,187474083,591,Aryatara Investment & Securities,Kumari Securities Private Limited,2026-04-22 12:29:52.948874,Sanima Mai Hydropower Ltd.
2026042204008604,SHPC,57,7,10,520.0,5200.0,2026-04-22,187474085,591,Aryatara Investment & Securities,J.F. Securites (PVT) Ltd.,2026-04-22 12:29:52.949162,Sanima Mai Hydropower Ltd.
2026042204008605,SHPC,57,45,180,520.0,93600.0,2026-04-22,187474087,591,Aryatara Investment & Securities,Imperial Securities Company Pvt. Ltd.,2026-04-22 12:29:52.949498,Sanima Mai Hydropower Ltd.
2026042204008606,SHPC,57,58,600,520.1,312060.0,2026-04-22,187474089,591,Aryatara Investment & Securities,Naasa Securities Co. Ltd.,2026-04-22 12:29:52.949753,Sanima Mai Hydropower Ltd.
2026042204008812,SHPC,57,90,100,521.0,52100.0,2026-04-22,187476920,591,Aryatara Investment & Securities,Sajilo Broker Limited,2026-04-22 12:32:14.652865,Sanima Mai Hydropower Ltd.
2026042204009123,SHPC,38,22,500,517.0,258500.0,2026-04-22,187480650,591,Dipshikha Dhitopatra Karobar Co. Pvt Ltd.,Siprabi Securities Pvt. Ltd.,2026-04-22 12:35:17.567183,Sanima Mai Hydropower Ltd.
2026042204009436,SHPC,34,17,373,516.8,192766.4,2026-04-22,187484683,591,Vision Securities Pvt. Ltd,ABC Securities Private Limited,2026-04-22 12:39:16.186037,Sanima Mai Hydropower Ltd.
2026042204010459,SHPC,10,43,800,517.0,413600.0,2026-04-22,187493769,591,Pragyan Securities (PVT) Ltd.,South Asian Bulls Pvt. Ltd.,2026-04-22 12:50:37.336973,Sanima Mai Hydropower Ltd.
2026042204010647,SHPC,10,47,377,517.0,194909.0,2026-04-22,187495111,591,Pragyan Securities (PVT) Ltd.,Neev Securities Pvt. Ltd.,2026-04-22 12:52:45.012052,Sanima Mai Hydropower Ltd.
2026042204011014,SHPC,10,42,623,517.0,322091.0,2026-04-22,187499992,591,Pragyan Securities (PVT) Ltd.,Sani Securities Company Ltd.,2026-04-22 12:59:58.725110,Sanima Mai Hydropower Ltd.
2026042204011015,SHPC,42,42,500,517.0,258500.0,2026-04-22,187499994,591,Sani Securities Company Ltd.,Sani Securities Company Ltd.,2026-04-22 12:59:58.725552,Sanima Mai Hydropower Ltd.
2026042204011016,SHPC,41,42,30,516.9,15507.0,2026-04-22,187499996,591,Linch Stock Market Ltd.,Sani Securities Company Ltd.,2026-04-22 12:59:58.725790,Sanima Mai Hydropower Ltd.
2026042204011017,SHPC,34,42,127,516.8,65633.6,2026-04-22,187499998,591,Vision Securities Pvt. Ltd,Sani Securities Company Ltd.,2026-04-22 12:59:58.726029,Sanima Mai Hydropower Ltd.
2026042204011018,SHPC,14,42,100,516.7,51670.0,2026-04-22,187500000,591,Nepal Stock House (PVT) Ltd.,Sani Securities Company Ltd.,2026-04-22 12:59:58.726282,Sanima Mai Hydropower Ltd.
2026042204011019,SHPC,4,42,150,516.6,77490.0,2026-04-22,187500002,591,Opal Securities Investment (PVT) Ltd.,Sani Securities Company Ltd.,2026-04-22 12:59:58.726559,Sanima Mai Hydropower Ltd.
2026042204011020,SHPC,45,42,220,516.6,113652.0,2026-04-22,187500003,591,Imperial Securities Company Pvt. Ltd.,Sani Securities Company Ltd.,2026-04-22 12:59:58.726801,Sanima Mai Hydropower Ltd.
2026042204011090,SHPC,45,41,30,516.6,15498.0,2026-04-22,187501041,591,Imperial Securities Company Pvt. Ltd.,Linch Stock Market Ltd.,2026-04-22 13:01:46.516514,Sanima Mai Hydropower Ltd.
2026042204012542,SHPC,51,41,13,519.5,6753.5,2026-04-22,187514945,591,Oxford Securities Pvt. Ltd.,Linch Stock Market Ltd.,2026-04-22 13:24:21.283168,Sanima Mai Hydropower Ltd.
2026042204012956,SHPC,4,44,50,519.0,25950.0,2026-04-22,187518612,591,Opal Securities Investment (PVT) Ltd.,Dynamic Money Managers Securities Pvt. Ltd.,2026-04-22 13:29:14.558743,Sanima Mai Hydropower Ltd.
2026042204013025,SHPC,26,44,450,519.0,233550.0,2026-04-22,187519215,591,Asian Securities Private Ltd.,Dynamic Money Managers Securities Pvt. Ltd.,2026-04-22 13:30:23.172078,Sanima Mai Hydropower Ltd.
2026042204013064,SHPC,26,74,50,519.0,25950.0,2026-04-22,187519798,591,Asian Securities Private Ltd.,KALASH STOCK MARKET PVT. LTD.,2026-04-22 13:31:19.822653,Sanima Mai Hydropower Ltd.
2026042204013065,SHPC,43,74,20,518.0,10360.0,2026-04-22,187519800,591,South Asian Bulls Pvt. Ltd.,KALASH STOCK MARKET PVT. LTD.,2026-04-22 13:31:19.822890,Sanima Mai Hydropower Ltd.
2026042204013066,SHPC,58,74,15,518.0,7770.0,2026-04-22,187519802,591,Naasa Securities Co. Ltd.,KALASH STOCK MARKET PVT. LTD.,2026-04-22 13:31:19.822989,Sanima Mai Hydropower Ltd.
2026042204013067,SHPC,49,74,100,517.6,51760.0,2026-04-22,187519804,591,Online Securities Pvt. Ltd.,KALASH STOCK MARKET PVT. LTD.,2026-04-22 13:31:19.823089,Sanima Mai Hydropower Ltd.
2026042204013068,SHPC,50,74,35,517.6,18116.0,2026-04-22,187519805,591,Cristal Kanchanjanga Securites Pvt. Ltd.,KALASH STOCK MARKET PVT. LTD.,2026-04-22 13:31:19.823197,Sanima Mai Hydropower Ltd.
2026042204013122,SHPC,50,77,11,517.6,5693.6,2026-04-22,187520251,591,Cristal Kanchanjanga Securites Pvt. Ltd.,Nabil Stock Dealer Ltd.,2026-04-22 13:32:02.752564,Sanima Mai Hydropower Ltd.
2026042204013231,SHPC,49,36,10,519.9,5199.0,2026-04-22,187521638,591,Online Securities Pvt. Ltd.,Secured Securities Ltd.,2026-04-22 13:34:12.321859,Sanima Mai Hydropower Ltd.
2026042204013267,SHPC,50,6,50,518.0,25900.0,2026-04-22,187522058,591,Cristal Kanchanjanga Securites Pvt. Ltd.,Agrawal Securities (PVT) Ltd.,2026-04-22 13:34:57.805400,Sanima Mai Hydropower Ltd.
2026042204013415,SHPC,45,6,110,517.7,56947.0,2026-04-22,187523657,591,Imperial Securities Company Pvt. Ltd.,Agrawal Securities (PVT) Ltd.,2026-04-22 13:37:45.933081,Sanima Mai Hydropower Ltd.
2026042204013431,SHPC,57,6,20,518.0,10360.0,2026-04-22,187523758,591,Aryatara Investment & Securities,Agrawal Securities (PVT) Ltd.,2026-04-22 13:37:57.789681,Sanima Mai Hydropower Ltd.
2026042204013454,SHPC,14,6,130,518.0,67340.0,2026-04-22,187523901,591,Nepal Stock House (PVT) Ltd.,Agrawal Securities (PVT) Ltd.,2026-04-22 13:38:18.731398,Sanima Mai Hydropower Ltd.
2026042204013629,SHPC,14,34,20,518.0,10360.0,2026-04-22,187525368,591,Nepal Stock House (PVT) Ltd.,Vision Securities Pvt. Ltd,2026-04-22 13:40:45.728796,Sanima Mai Hydropower Ltd.
2026042204013681,SHPC,45,34,360,517.7,186372.0,2026-04-22,187525791,591,Imperial Securities Company Pvt. Ltd.,Vision Securities Pvt. Ltd,2026-04-22 13:41:32.780587,Sanima Mai Hydropower Ltd.
2026042204013895,SHPC,88,62,50,518.0,25900.0,2026-04-22,187528380,591,Blue Chip Securities Ltd,Capital Max Securities Ltd,2026-04-22 13:46:38.947640,Sanima Mai Hydropower Ltd.
2026042204013897,SHPC,28,36,100,519.9,51990.0,2026-04-22,187528394,591,Shree Krishna Securities Ltd.,Secured Securities Ltd.,2026-04-22 13:46:41.718711,Sanima Mai Hydropower Ltd.
2026042204014045,SHPC,45,33,1280,517.7,662656.0,2026-04-22,187530736,591,Imperial Securities Company Pvt. Ltd.,Dakshinkali Investment & Securities Pvt. Ltd.,2026-04-22 13:50:16.021248,Sanima Mai Hydropower Ltd.
2026042204014046,SHPC,50,33,154,517.6,79710.4,2026-04-22,187530738,591,Cristal Kanchanjanga Securites Pvt. Ltd.,Dakshinkali Investment & Securities Pvt. Ltd.,2026-04-22 13:50:16.021524,Sanima Mai Hydropower Ltd.
2026042204014047,SHPC,42,33,50,517.5,25875.0,2026-04-22,187530740,591,Sani Securities Company Ltd.,Dakshinkali Investment & Securities Pvt. Ltd.,2026-04-22 13:50:16.021627,Sanima Mai Hydropower Ltd.
2026042204014048,SHPC,4,33,300,517.5,155250.0,2026-04-22,187530742,591,Opal Securities Investment (PVT) Ltd.,Dakshinkali Investment & Securities Pvt. Ltd.,2026-04-22 13:50:16.021720,Sanima Mai Hydropower Ltd.
2026042204014049,SHPC,22,33,40,517.5,20700.0,2026-04-22,187530744,591,Siprabi Securities Pvt. Ltd.,Dakshinkali Investment & Securities Pvt. Ltd.,2026-04-22 13:50:16.021808,Sanima Mai Hydropower Ltd.
2026042204014050,SHPC,58,33,20,517.2,10344.0,2026-04-22,187530746,591,Naasa Securities Co. Ltd.,Dakshinkali Investment & Securities Pvt. Ltd.,2026-04-22 13:50:16.021897,Sanima Mai Hydropower Ltd.
2026042204014051,SHPC,1,33,156,517.2,80683.2,2026-04-22,187530747,591,Kumari Securities Private Limited,Dakshinkali Investment & Securities Pvt. Ltd.,2026-04-22 13:50:16.021989,Sanima Mai Hydropower Ltd.
2026042204014072,SHPC,1,33,44,517.2,22756.8,2026-04-22,187530938,591,Kumari Securities Private Limited,Dakshinkali Investment & Securities Pvt. Ltd.,2026-04-22 13:50:38.505422,Sanima Mai Hydropower Ltd.
2026042204014073,SHPC,57,33,335,517.1,173228.5,2026-04-22,187530940,591,Aryatara Investment & Securities,Dakshinkali Investment & Securities Pvt. Ltd.,2026-04-22 13:50:38.505669,Sanima Mai Hydropower Ltd.
2026042204014074,SHPC,6,33,500,517.0,258500.0,2026-04-22,187530942,591,Agrawal Securities (PVT) Ltd.,Dakshinkali Investment & Securities Pvt. Ltd.,2026-04-22 13:50:38.505792,Sanima Mai Hydropower Ltd.
2026042204014075,SHPC,77,33,30,517.0,15510.0,2026-04-22,187530944,591,Nabil Stock Dealer Ltd.,Dakshinkali Investment & Securities Pvt. Ltd.,2026-04-22 13:50:38.505883,Sanima Mai Hydropower Ltd.
2026042204014076,SHPC,16,33,65,517.0,33605.0,2026-04-22,187530946,591,Primo Securities (PVT) Ltd.,Dakshinkali Investment & Securities Pvt. Ltd.,2026-04-22 13:50:38.505969,Sanima Mai Hydropower Ltd.
2026042204014077,SHPC,39,33,10,517.0,5170.0,2026-04-22,187530948,591,Sumeru Securities Pvt. Ltd.,Dakshinkali Investment & Securities Pvt. Ltd.,2026-04-22 13:50:38.506058,Sanima Mai Hydropower Ltd.
2026042204014078,SHPC,58,33,16,517.0,8272.0,2026-04-22,187530949,591,Naasa Securities Co. Ltd.,Dakshinkali Investment & Securities Pvt. Ltd.,2026-04-22 13:50:38.506162,Sanima Mai Hydropower Ltd.
2026042204014155,SHPC,48,57,71,517.0,36707.0,2026-04-22,187531907,591,Trishakti Securities Public Limited,Aryatara Investment & Securities,2026-04-22 13:52:42.840086,Sanima Mai Hydropower Ltd.
2026042204014592,SHPC,48,41,220,517.0,113740.0,2026-04-22,187536201,591,Trishakti Securities Public Limited,Linch Stock Market Ltd.,2026-04-22 13:59:59.632228,Sanima Mai Hydropower Ltd.
2026042204015342,SHPC,36,41,22,517.5,11385.0,2026-04-22,187544298,591,Secured Securities Ltd.,Linch Stock Market Ltd.,2026-04-22 14:13:25.808968,Sanima Mai Hydropower Ltd.
2026042204016168,SHPC,39,35,2000,519.0,1038000.0,2026-04-22,187553721,591,Sumeru Securities Pvt. Ltd.,Kohinoor Investment & Securities Pvt. Ltd.,2026-04-22 14:26:24.467165,Sanima Mai Hydropower Ltd.
2026042204016186,SHPC,39,10,200,519.0,103800.0,2026-04-22,187553981,591,Sumeru Securities Pvt. Ltd.,Pragyan Securities (PVT) Ltd.,2026-04-22 14:26:42.265286,Sanima Mai Hydropower Ltd.
2026042204016200,SHPC,39,22,1503,519.0,780057.0,2026-04-22,187554185,591,Sumeru Securities Pvt. Ltd.,Siprabi Securities Pvt. Ltd.,2026-04-22 14:26:52.242141,Sanima Mai Hydropower Ltd.
2026042204016222,SHPC,39,33,797,519.0,413643.0,2026-04-22,187554698,591,Sumeru Securities Pvt. Ltd.,Dakshinkali Investment & Securities Pvt. Ltd.,2026-04-22 14:27:25.071489,Sanima Mai Hydropower Ltd.
2026042204016227,SHPC,39,33,203,519.0,105357.0,2026-04-22,187554787,591,Sumeru Securities Pvt. Ltd.,Dakshinkali Investment & Securities Pvt. Ltd.,2026-04-22 14:27:33.270223,Sanima Mai Hydropower Ltd.
2026042204016428,SHPC,58,29,300,519.4,155820.0,2026-04-22,187556822,591,Naasa Securities Co. Ltd.,Trisul Securities & Invt. Ltd.,2026-04-22 14:29:45.699473,Sanima Mai Hydropower Ltd.
2026042204016466,SHPC,68,29,39,519.4,20256.6,2026-04-22,187557290,591,Elite Stock House Limited,Trisul Securities & Invt. Ltd.,2026-04-22 14:30:23.800716,Sanima Mai Hydropower Ltd.
2026042204016505,SHPC,39,25,200,519.0,103800.0,2026-04-22,187557857,591,Sumeru Securities Pvt. Ltd.,Sweta Securities Private Limited,2026-04-22 14:31:05.762176,Sanima Mai Hydropower Ltd.
2026042204016728,SHPC,39,13,50,519.0,25950.0,2026-04-22,187559861,591,Sumeru Securities Pvt. Ltd.,Thrive Brokerage House Pvt. Ltd,2026-04-22 14:33:25.808278,Sanima Mai Hydropower Ltd.
2026042204017051,SHPC,39,33,47,519.0,24393.0,2026-04-22,187562817,591,Sumeru Securities Pvt. Ltd.,Dakshinkali Investment & Securities Pvt. Ltd.,2026-04-22 14:36:03.374296,Sanima Mai Hydropower Ltd.
2026042204017360,SHPC,72,29,995,519.4,516803.0,2026-04-22,187564901,591,Hatemalo Financial Services Private Limited,Trisul Securities & Invt. Ltd.,2026-04-22 14:37:59.069999,Sanima Mai Hydropower Ltd.
2026042204017361,SHPC,72,34,70,519.5,36365.0,2026-04-22,187564903,591,Hatemalo Financial Services Private Limited,Vision Securities Pvt. Ltd,2026-04-22 14:37:59.070341,Sanima Mai Hydropower Ltd.
2026042204017362,SHPC,72,21,300,519.5,155850.0,2026-04-22,187564905,591,Hatemalo Financial Services Private Limited,Midas Stock Broking Company Private Limited,2026-04-22 14:37:59.070452,Sanima Mai Hydropower Ltd.
2026042204017363,SHPC,72,33,100,519.8,51980.0,2026-04-22,187564907,591,Hatemalo Financial Services Private Limited,Dakshinkali Investment & Securities Pvt. Ltd.,2026-04-22 14:37:59.070550,Sanima Mai Hydropower Ltd.
2026042204017364,SHPC,72,26,20,519.8,10396.0,2026-04-22,187564909,591,Hatemalo Financial Services Private Limited,Asian Securities Private Ltd.,2026-04-22 14:37:59.070649,Sanima Mai Hydropower Ltd.
2026042204017365,SHPC,72,36,90,519.9,46791.0,2026-04-22,187564911,591,Hatemalo Financial Services Private Limited,Secured Securities Ltd.,2026-04-22 14:37:59.070753,Sanima Mai Hydropower Ltd.
2026042204017366,SHPC,72,34,400,519.9,207960.0,2026-04-22,187564913,591,Hatemalo Financial Services Private Limited,Vision Securities Pvt. Ltd,2026-04-22 14:37:59.070850,Sanima Mai Hydropower Ltd.
2026042204017367,SHPC,72,1,25,520.0,13000.0,2026-04-22,187564916,591,Hatemalo Financial Services Private Limited,Kumari Securities Private Limited,2026-04-22 14:37:59.070952,Sanima Mai Hydropower Ltd.
2026042204017559,SHPC,49,1,75,520.0,39000.0,2026-04-22,187566301,591,Online Securities Pvt. Ltd.,Kumari Securities Private Limited,2026-04-22 14:38:50.888590,Sanima Mai Hydropower Ltd.
2026042204017560,SHPC,49,58,30,520.0,15600.0,2026-04-22,187566304,591,Online Securities Pvt. Ltd.,Naasa Securities Co. Ltd.,2026-04-22 14:38:50.889027,Sanima Mai Hydropower Ltd.
2026042204017888,SHPC,46,45,10,521.0,5210.0,2026-04-22,187568200,591,Kalika Securities Pvt. Ltd.,Imperial Securities Company Pvt. Ltd.,2026-04-22 14:39:43.876779,Sanima Mai Hydropower Ltd.
2026042204018104,SHPC,45,45,15,521.0,7815.0,2026-04-22,187569705,591,Imperial Securities Company Pvt. Ltd.,Imperial Securities Company Pvt. Ltd.,2026-04-22 14:40:20.753184,Sanima Mai Hydropower Ltd.
2026042204018105,SHPC,45,26,270,521.0,140670.0,2026-04-22,187569707,591,Imperial Securities Company Pvt. Ltd.,Asian Securities Private Ltd.,2026-04-22 14:40:20.753457,Sanima Mai Hydropower Ltd.
2026042204018106,SHPC,45,90,50,521.0,26050.0,2026-04-22,187569709,591,Imperial Securities Company Pvt. Ltd.,Sajilo Broker Limited,2026-04-22 14:40:20.753562,Sanima Mai Hydropower Ltd.
2026042204018358,SHPC,8,58,10,521.5,5215.0,2026-04-22,187571413,591,Brilliant Securities Pvt. Ltd.,Naasa Securities Co. Ltd.,2026-04-22 14:41:15.015363,Sanima Mai Hydropower Ltd.
2026042204018359,SHPC,8,16,225,521.9,117427.5,2026-04-22,187571415,591,Brilliant Securities Pvt. Ltd.,Primo Securities (PVT) Ltd.,2026-04-22 14:41:15.015833,Sanima Mai Hydropower Ltd.
2026042204018517,SHPC,14,32,200,522.0,104400.0,2026-04-22,187573196,591,Nepal Stock House (PVT) Ltd.,Premier Securities Company Ltd.,2026-04-22 14:41:41.939690,Sanima Mai Hydropower Ltd.
2026042204018528,SHPC,8,32,100,522.0,52200.0,2026-04-22,187573323,591,Brilliant Securities Pvt. Ltd.,Premier Securities Company Ltd.,2026-04-22 14:41:44.582712,Sanima Mai Hydropower Ltd.
2026042204018529,SHPC,8,25,20,522.0,10440.0,2026-04-22,187573325,591,Brilliant Securities Pvt. Ltd.,Sweta Securities Private Limited,2026-04-22 14:41:44.582935,Sanima Mai Hydropower Ltd.
2026042204018655,SHPC,32,16,500,523.7,261850.0,2026-04-22,187574345,591,Premier Securities Company Ltd.,Primo Securities (PVT) Ltd.,2026-04-22 14:42:10.384069,Sanima Mai Hydropower Ltd.
2026042204018656,SHPC,32,60,100,523.7,52370.0,2026-04-22,187574348,591,Premier Securities Company Ltd.,Nagarik Stock Dealer ,2026-04-22 14:42:10.384336,Sanima Mai Hydropower Ltd.
2026042204018710,SHPC,42,60,1900,523.7,995030.0,2026-04-22,187574925,591,Sani Securities Company Ltd.,Nagarik Stock Dealer ,2026-04-22 14:42:27.584288,Sanima Mai Hydropower Ltd.
2026042204018711,SHPC,42,16,500,523.8,261900.0,2026-04-22,187574927,591,Sani Securities Company Ltd.,Primo Securities (PVT) Ltd.,2026-04-22 14:42:27.584526,Sanima Mai Hydropower Ltd.
2026042204018712,SHPC,42,1,100,524.0,52400.0,2026-04-22,187574929,591,Sani Securities Company Ltd.,Kumari Securities Private Limited,2026-04-22 14:42:27.584625,Sanima Mai Hydropower Ltd.
2026042204018713,SHPC,42,90,50,524.0,26200.0,2026-04-22,187574931,591,Sani Securities Company Ltd.,Sajilo Broker Limited,2026-04-22 14:42:27.584718,Sanima Mai Hydropower Ltd.
2026042204018756,SHPC,41,7,60,524.7,31482.0,2026-04-22,187575434,591,Linch Stock Market Ltd.,J.F. Securites (PVT) Ltd.,2026-04-22 14:42:41.155323,Sanima Mai Hydropower Ltd.
2026042204018903,SHPC,67,7,40,524.7,20988.0,2026-04-22,187576805,591,Property Wiard Limited,J.F. Securites (PVT) Ltd.,2026-04-22 14:43:13.554935,Sanima Mai Hydropower Ltd.
2026042204019271,SHPC,68,42,50,525.0,26250.0,2026-04-22,187580624,591,Elite Stock House Limited,Sani Securities Company Ltd.,2026-04-22 14:44:38.830307,Sanima Mai Hydropower Ltd.
2026042204019357,SHPC,42,38,350,524.0,183400.0,2026-04-22,187581613,591,Sani Securities Company Ltd.,Dipshikha Dhitopatra Karobar Co. Pvt Ltd.,2026-04-22 14:45:00.168947,Sanima Mai Hydropower Ltd.
2026042204019400,SHPC,67,42,150,525.0,78750.0,2026-04-22,187582207,591,Property Wiard Limited,Sani Securities Company Ltd.,2026-04-22 14:45:09.813067,Sanima Mai Hydropower Ltd.
2026042204019401,SHPC,67,26,35,525.0,18375.0,2026-04-22,187582209,591,Property Wiard Limited,Asian Securities Private Ltd.,2026-04-22 14:45:09.813545,Sanima Mai Hydropower Ltd.
2026042204019538,SHPC,34,82,10,528.7,5287.0,2026-04-22,187583206,591,Vision Securities Pvt. Ltd,N.M.B. SECURITIES LIMITED,2026-04-22 14:45:41.052975,Sanima Mai Hydropower Ltd.
2026042204019901,SHPC,38,58,100,526.0,52600.0,2026-04-22,187586161,591,Dipshikha Dhitopatra Karobar Co. Pvt Ltd.,Naasa Securities Co. Ltd.,2026-04-22 14:46:59.358176,Sanima Mai Hydropower Ltd.
2026042204020159,SHPC,1,46,500,527.0,263500.0,2026-04-22,187588546,591,Kumari Securities Private Limited,Kalika Securities Pvt. Ltd.,2026-04-22 14:48:09.114925,Sanima Mai Hydropower Ltd.
2026042204020745,SHPC,43,1,20,526.0,10520.0,2026-04-22,187592952,591,South Asian Bulls Pvt. Ltd.,Kumari Securities Private Limited,2026-04-22 14:50:31.744038,Sanima Mai Hydropower Ltd.
2026042204020746,SHPC,67,1,80,525.0,42000.0,2026-04-22,187592953,591,Property Wiard Limited,Kumari Securities Private Limited,2026-04-22 14:50:31.744266,Sanima Mai Hydropower Ltd.
2026042204021163,SHPC,34,90,100,527.0,52700.0,2026-04-22,187596619,591,Vision Securities Pvt. Ltd,Sajilo Broker Limited,2026-04-22 14:52:32.654013,Sanima Mai Hydropower Ltd.
2026042204021164,SHPC,34,48,80,528.6,42288.0,2026-04-22,187596621,591,Vision Securities Pvt. Ltd,Trishakti Securities Public Limited,2026-04-22 14:52:32.654102,Sanima Mai Hydropower Ltd.
2026042204021165,SHPC,34,82,313,528.7,165483.1,2026-04-22,187596623,591,Vision Securities Pvt. Ltd,N.M.B. SECURITIES LIMITED,2026-04-22 14:52:32.654173,Sanima Mai Hydropower Ltd.
2026042204021166,SHPC,34,72,200,529.0,105800.0,2026-04-22,187596625,591,Vision Securities Pvt. Ltd,Hatemalo Financial Services Private Limited,2026-04-22 14:52:32.654248,Sanima Mai Hydropower Ltd.
2026042204021167,SHPC,34,84,307,529.8,162648.6,2026-04-22,187596628,591,Vision Securities Pvt. Ltd,MILKY WAY SHARE BROKER COMPANY LTD ,2026-04-22 14:52:32.654346,Sanima Mai Hydropower Ltd.
2026042204021698,SHPC,50,34,95,528.9,50245.5,2026-04-22,187600719,591,Cristal Kanchanjanga Securites Pvt. Ltd.,Vision Securities Pvt. Ltd,2026-04-22 14:55:00.577131,Sanima Mai Hydropower Ltd.
2026042204021699,SHPC,50,6,200,529.0,105800.0,2026-04-22,187600721,591,Cristal Kanchanjanga Securites Pvt. Ltd.,Agrawal Securities (PVT) Ltd.,2026-04-22 14:55:00.577384,Sanima Mai Hydropower Ltd.
2026042204021700,SHPC,50,46,500,529.0,264500.0,2026-04-22,187600723,591,Cristal Kanchanjanga Securites Pvt. Ltd.,Kalika Securities Pvt. Ltd.,2026-04-22 14:55:00.577482,Sanima Mai Hydropower Ltd.
2026042204021701,SHPC,50,84,693,529.8,367151.4,2026-04-22,187600725,591,Cristal Kanchanjanga Securites Pvt. Ltd.,MILKY WAY SHARE BROKER COMPANY LTD ,2026-04-22 14:55:00.577569,Sanima Mai Hydropower Ltd.
2026042204021702,SHPC,50,74,512,530.0,271360.0,2026-04-22,187600731,591,Cristal Kanchanjanga Securites Pvt. Ltd.,KALASH STOCK MARKET PVT. LTD.,2026-04-22 14:55:00.577664,Sanima Mai Hydropower Ltd.
2026042204022317,SHPC,67,38,235,525.0,123375.0,2026-04-22,187604774,591,Property Wiard Limited,Dipshikha Dhitopatra Karobar Co. Pvt Ltd.,2026-04-22 14:56:42.348597,Sanima Mai Hydropower Ltd.
2026042204022318,SHPC,19,38,100,525.0,52500.0,2026-04-22,187604775,591,Nepal Investment And Securities Trading Private Limited,Dipshikha Dhitopatra Karobar Co. Pvt Ltd.,2026-04-22 14:56:42.349073,Sanima Mai Hydropower Ltd.
2026042204022441,SHPC,35,21,100,526.0,52600.0,2026-04-22,187605579,591,Kohinoor Investment & Securities Pvt. Ltd.,Midas Stock Broking Company Private Limited,2026-04-22 14:57:02.184548,Sanima Mai Hydropower Ltd.
2026042204022442,SHPC,35,33,100,527.9,52790.0,2026-04-22,187605581,591,Kohinoor Investment & Securities Pvt. Ltd.,Dakshinkali Investment & Securities Pvt. Ltd.,2026-04-22 14:57:02.184764,Sanima Mai Hydropower Ltd.
2026042204022443,SHPC,35,58,30,528.0,15840.0,2026-04-22,187605583,591,Kohinoor Investment & Securities Pvt. Ltd.,Naasa Securities Co. Ltd.,2026-04-22 14:57:02.184865,Sanima Mai Hydropower Ltd.
2026042204022444,SHPC,35,74,270,528.9,142803.0,2026-04-22,187605586,591,Kohinoor Investment & Securities Pvt. Ltd.,KALASH STOCK MARKET PVT. LTD.,2026-04-22 14:57:02.184963,Sanima Mai Hydropower Ltd.
2026042204022495,SHPC,42,50,500,525.1,262550.0,2026-04-22,187605989,591,Sani Securities Company Ltd.,Cristal Kanchanjanga Securites Pvt. Ltd.,2026-04-22 14:57:13.677856,Sanima Mai Hydropower Ltd.
2026042204022610,SHPC,63,90,100,524.0,52400.0,2026-04-22,187607037,591,Himalayan Brokerage Company Limited,Sajilo Broker Limited,2026-04-22 14:57:33.118351,Sanima Mai Hydropower Ltd.
2026042204022633,SHPC,63,35,100,524.0,52400.0,2026-04-22,187607414,591,Himalayan Brokerage Company Limited,Kohinoor Investment & Securities Pvt. Ltd.,2026-04-22 14:57:41.311080,Sanima Mai Hydropower Ltd.
2026042204022734,SHPC,36,35,10,524.0,5240.0,2026-04-22,187608310,591,Secured Securities Ltd.,Kohinoor Investment & Securities Pvt. Ltd.,2026-04-22 14:57:58.794405,Sanima Mai Hydropower Ltd.
2026042204022884,SHPC,8,59,200,522.0,104400.0,2026-04-22,187609256,591,Brilliant Securities Pvt. Ltd.,Deevyaa Securities & Stock House Pvt. Ltd,2026-04-22 14:58:21.881292,Sanima Mai Hydropower Ltd.
2026042204022885,SHPC,45,59,150,522.0,78300.0,2026-04-22,187609258,591,Imperial Securities Company Pvt. Ltd.,Deevyaa Securities & Stock House Pvt. Ltd,2026-04-22 14:58:21.881429,Sanima Mai Hydropower Ltd.
2026042204022886,SHPC,41,59,100,522.0,52200.0,2026-04-22,187609260,591,Linch Stock Market Ltd.,Deevyaa Securities & Stock House Pvt. Ltd,2026-04-22 14:58:21.881505,Sanima Mai Hydropower Ltd.
2026042204022887,SHPC,45,59,50,521.0,26050.0,2026-04-22,187609261,591,Imperial Securities Company Pvt. Ltd.,Deevyaa Securities & Stock House Pvt. Ltd,2026-04-22 14:58:21.881586,Sanima Mai Hydropower Ltd.
2026042204022953,SHPC,45,35,90,521.0,46890.0,2026-04-22,187609899,591,Imperial Securities Company Pvt. Ltd.,Kohinoor Investment & Securities Pvt. Ltd.,2026-04-22 14:58:34.073012,Sanima Mai Hydropower Ltd.
2026042204023054,SHPC,34,49,25,525.1,13127.5,2026-04-22,187610891,591,Vision Securities Pvt. Ltd,Online Securities Pvt. Ltd.,2026-04-22 14:58:51.998503,Sanima Mai Hydropower Ltd.
2026042204023055,SHPC,34,50,10,527.0,5270.0,2026-04-22,187610894,591,Vision Securities Pvt. Ltd,Cristal Kanchanjanga Securites Pvt. Ltd.,2026-04-22 14:58:51.998600,Sanima Mai Hydropower Ltd.
2026042204023224,SHPC,58,42,100,525.0,52500.0,2026-04-22,187612016,591,Naasa Securities Co. Ltd.,Sani Securities Company Ltd.,2026-04-22 14:59:21.777379,Sanima Mai Hydropower Ltd.
2026042204023300,SHPC,45,42,1990,521.0,1036790.0,2026-04-22,187612767,591,Imperial Securities Company Pvt. Ltd.,Sani Securities Company Ltd.,2026-04-22 14:59:38.380432,Sanima Mai Hydropower Ltd.
2026042204023351,SHPC,45,59,497,521.0,258937.0,2026-04-22,187613201,591,Imperial Securities Company Pvt. Ltd.,Deevyaa Securities & Stock House Pvt. Ltd,2026-04-22 14:59:43.762346,Sanima Mai Hydropower Ltd.
2026042204023420,SHPC,14,49,11,526.9,5795.9,2026-04-22,187613672,591,Nepal Stock House (PVT) Ltd.,Online Securities Pvt. Ltd.,2026-04-22 14:59:51.766818,Sanima Mai Hydropower Ltd.
2026042204023495,SHPC,67,49,10,526.9,5269.0,2026-04-22,187614172,591,Property Wiard Limited,Online Securities Pvt. Ltd.,2026-04-22 14:59:57.641220,Sanima Mai Hydropower Ltd.
2026042204023579,SHPC,45,42,10,521.0,5210.0,2026-04-22,187614498,591,Imperial Securities Company Pvt. Ltd.,Sani Securities Company Ltd.,2026-04-22 14:59:59.041074,Sanima Mai Hydropower Ltd.
