contractId,stockSymbol,buyerMemberId,sellerMemberId,quantity,rate,amount,businessDate,tradeBookId,stockId,buyerBrokerName,sellerBrokerName,transaction_time,securityName
2026042204000292,SPDL,58,19,20,404.0,8080.0,2026-04-22,187376080,2759,Naasa Securities Co. Ltd.,Nepal Investment And Securities Trading Private Limited,2026-04-22 11:05:20.260547,Synergy Power Development Ltd.
2026042204000293,SPDL,65,19,300,400.1,120030.0,2026-04-22,187376082,2759,Sharepro Securities Private Limited,Nepal Investment And Securities Trading Private Limited,2026-04-22 11:05:20.260633,Synergy Power Development Ltd.
2026042204000294,SPDL,11,19,222,400.0,88800.0,2026-04-22,187376084,2759,Malla & Malla Stock Broking Company Pvt. Limited,Nepal Investment And Securities Trading Private Limited,2026-04-22 11:05:20.260667,Synergy Power Development Ltd.
2026042204000295,SPDL,44,19,200,398.0,79600.0,2026-04-22,187376086,2759,Dynamic Money Managers Securities Pvt. Ltd.,Nepal Investment And Securities Trading Private Limited,2026-04-22 11:05:20.260695,Synergy Power Development Ltd.
2026042204000296,SPDL,21,19,50,398.0,19900.0,2026-04-22,187376088,2759,Midas Stock Broking Company Private Limited,Nepal Investment And Securities Trading Private Limited,2026-04-22 11:05:20.260725,Synergy Power Development Ltd.
2026042204000297,SPDL,49,19,208,397.0,82576.0,2026-04-22,187376089,2759,Online Securities Pvt. Ltd.,Nepal Investment And Securities Trading Private Limited,2026-04-22 11:05:20.260759,Synergy Power Development Ltd.
2026042204000552,SPDL,21,80,10,400.0,4000.0,2026-04-22,187378372,2759,Midas Stock Broking Company Private Limited,Indira securities pvt. ltd,2026-04-22 11:07:33.001986,Synergy Power Development Ltd.
2026042204000642,SPDL,60,80,990,400.0,396000.0,2026-04-22,187379041,2759,Nagarik Stock Dealer ,Indira securities pvt. ltd,2026-04-22 11:08:04.661629,Synergy Power Development Ltd.
2026042204000914,SPDL,65,42,1000,402.0,402000.0,2026-04-22,187382218,2759,Sharepro Securities Private Limited,Sani Securities Company Ltd.,2026-04-22 11:10:34.004558,Synergy Power Development Ltd.
2026042204000936,SPDL,60,49,10,400.0,4000.0,2026-04-22,187382382,2759,Nagarik Stock Dealer ,Online Securities Pvt. Ltd.,2026-04-22 11:10:42.259443,Synergy Power Development Ltd.
2026042204000937,SPDL,57,49,10,400.0,4000.0,2026-04-22,187382383,2759,Aryatara Investment & Securities,Online Securities Pvt. Ltd.,2026-04-22 11:10:42.259541,Synergy Power Development Ltd.
2026042204000984,SPDL,21,4,10,405.0,4050.0,2026-04-22,187382900,2759,Midas Stock Broking Company Private Limited,Opal Securities Investment (PVT) Ltd.,2026-04-22 11:11:04.867790,Synergy Power Development Ltd.
2026042204001585,SPDL,57,44,40,400.0,16000.0,2026-04-22,187390698,2759,Aryatara Investment & Securities,Dynamic Money Managers Securities Pvt. Ltd.,2026-04-22 11:16:51.214999,Synergy Power Development Ltd.
2026042204001586,SPDL,49,44,30,400.0,12000.0,2026-04-22,187390700,2759,Online Securities Pvt. Ltd.,Dynamic Money Managers Securities Pvt. Ltd.,2026-04-22 11:16:51.215088,Synergy Power Development Ltd.
2026042204001587,SPDL,17,44,500,400.0,200000.0,2026-04-22,187390702,2759,ABC Securities Private Limited,Dynamic Money Managers Securities Pvt. Ltd.,2026-04-22 11:16:51.215137,Synergy Power Development Ltd.
2026042204001588,SPDL,56,44,100,400.0,40000.0,2026-04-22,187390704,2759,Sri Hari Securities Pvt. Ltd.,Dynamic Money Managers Securities Pvt. Ltd.,2026-04-22 11:16:51.215182,Synergy Power Development Ltd.
2026042204001589,SPDL,56,44,50,399.1,19955.0,2026-04-22,187390706,2759,Sri Hari Securities Pvt. Ltd.,Dynamic Money Managers Securities Pvt. Ltd.,2026-04-22 11:16:51.215223,Synergy Power Development Ltd.
2026042204001590,SPDL,58,44,55,399.0,21945.0,2026-04-22,187390708,2759,Naasa Securities Co. Ltd.,Dynamic Money Managers Securities Pvt. Ltd.,2026-04-22 11:16:51.215263,Synergy Power Development Ltd.
2026042204001591,SPDL,29,44,45,399.0,17955.0,2026-04-22,187390710,2759,Trisul Securities & Invt. Ltd.,Dynamic Money Managers Securities Pvt. Ltd.,2026-04-22 11:16:51.215299,Synergy Power Development Ltd.
2026042204001592,SPDL,57,44,300,399.0,119700.0,2026-04-22,187390712,2759,Aryatara Investment & Securities,Dynamic Money Managers Securities Pvt. Ltd.,2026-04-22 11:16:51.215349,Synergy Power Development Ltd.
2026042204001593,SPDL,45,44,100,398.0,39800.0,2026-04-22,187390714,2759,Imperial Securities Company Pvt. Ltd.,Dynamic Money Managers Securities Pvt. Ltd.,2026-04-22 11:16:51.215388,Synergy Power Development Ltd.
2026042204001594,SPDL,17,44,200,398.0,79600.0,2026-04-22,187390716,2759,ABC Securities Private Limited,Dynamic Money Managers Securities Pvt. Ltd.,2026-04-22 11:16:51.215428,Synergy Power Development Ltd.
2026042204001595,SPDL,34,44,580,398.0,230840.0,2026-04-22,187390717,2759,Vision Securities Pvt. Ltd,Dynamic Money Managers Securities Pvt. Ltd.,2026-04-22 11:16:51.215466,Synergy Power Development Ltd.
2026042204001619,SPDL,34,75,420,398.0,167160.0,2026-04-22,187391048,2759,Vision Securities Pvt. Ltd,N.I.M.B. Stock Markets Limited,2026-04-22 11:17:03.255048,Synergy Power Development Ltd.
2026042204001620,SPDL,64,75,100,397.2,39720.0,2026-04-22,187391050,2759,SUN SECURITIES PVT LTD,N.I.M.B. Stock Markets Limited,2026-04-22 11:17:03.255148,Synergy Power Development Ltd.
2026042204001621,SPDL,69,75,480,397.1,190608.0,2026-04-22,187391051,2759,INDEX SECURITIES LIMITED,N.I.M.B. Stock Markets Limited,2026-04-22 11:17:03.255196,Synergy Power Development Ltd.
2026042204001748,SPDL,21,70,10,402.0,4020.0,2026-04-22,187392518,2759,Midas Stock Broking Company Private Limited,Infinity Securities Limited,2026-04-22 11:18:06.761638,Synergy Power Development Ltd.
2026042204002110,SPDL,3,33,60,400.0,24000.0,2026-04-22,187397552,2759,Arun Securities (PVT) Ltd.,Dakshinkali Investment & Securities Pvt. Ltd.,2026-04-22 11:21:13.120425,Synergy Power Development Ltd.
2026042204002172,SPDL,45,33,100,401.0,40100.0,2026-04-22,187398465,2759,Imperial Securities Company Pvt. Ltd.,Dakshinkali Investment & Securities Pvt. Ltd.,2026-04-22 11:21:53.562876,Synergy Power Development Ltd.
2026042204002173,SPDL,45,70,400,402.0,160800.0,2026-04-22,187398468,2759,Imperial Securities Company Pvt. Ltd.,Infinity Securities Limited,2026-04-22 11:21:53.563123,Synergy Power Development Ltd.
2026042204002372,SPDL,50,70,500,402.0,201000.0,2026-04-22,187401438,2759,Cristal Kanchanjanga Securites Pvt. Ltd.,Infinity Securities Limited,2026-04-22 11:24:10.319903,Synergy Power Development Ltd.
2026042204002397,SPDL,21,70,90,402.0,36180.0,2026-04-22,187401675,2759,Midas Stock Broking Company Private Limited,Infinity Securities Limited,2026-04-22 11:24:23.793931,Synergy Power Development Ltd.
2026042204002411,SPDL,21,41,10,403.0,4030.0,2026-04-22,187401840,2759,Midas Stock Broking Company Private Limited,Linch Stock Market Ltd.,2026-04-22 11:24:32.206614,Synergy Power Development Ltd.
2026042204002543,SPDL,67,42,52,401.0,20852.0,2026-04-22,187403351,2759,Property Wiard Limited,Sani Securities Company Ltd.,2026-04-22 11:26:11.206233,Synergy Power Development Ltd.
2026042204002636,SPDL,21,50,10,404.0,4040.0,2026-04-22,187404330,2759,Midas Stock Broking Company Private Limited,Cristal Kanchanjanga Securites Pvt. Ltd.,2026-04-22 11:27:05.715673,Synergy Power Development Ltd.
2026042204002702,SPDL,77,50,10,404.0,4040.0,2026-04-22,187405098,2759,Nabil Stock Dealer Ltd.,Cristal Kanchanjanga Securites Pvt. Ltd.,2026-04-22 11:27:57.087359,Synergy Power Development Ltd.
2026042204003281,SPDL,11,66,50,401.2,20060.0,2026-04-22,187413512,2759,Malla & Malla Stock Broking Company Pvt. Limited,Miyo Securities Pvt Ltd,2026-04-22 11:35:58.486042,Synergy Power Development Ltd.
2026042204003282,SPDL,66,66,100,401.1,40110.0,2026-04-22,187413514,2759,Miyo Securities Pvt Ltd,Miyo Securities Pvt Ltd,2026-04-22 11:35:58.486105,Synergy Power Development Ltd.
2026042204003283,SPDL,67,66,48,401.0,19248.0,2026-04-22,187413516,2759,Property Wiard Limited,Miyo Securities Pvt Ltd,2026-04-22 11:35:58.486134,Synergy Power Development Ltd.
2026042204003284,SPDL,34,66,15,401.0,6015.0,2026-04-22,187413518,2759,Vision Securities Pvt. Ltd,Miyo Securities Pvt Ltd,2026-04-22 11:35:58.486162,Synergy Power Development Ltd.
2026042204003285,SPDL,64,66,50,400.7,20035.0,2026-04-22,187413520,2759,SUN SECURITIES PVT LTD,Miyo Securities Pvt Ltd,2026-04-22 11:35:58.486185,Synergy Power Development Ltd.
2026042204003286,SPDL,17,66,120,400.1,48012.0,2026-04-22,187413522,2759,ABC Securities Private Limited,Miyo Securities Pvt Ltd,2026-04-22 11:35:58.486221,Synergy Power Development Ltd.
2026042204003287,SPDL,42,66,120,400.1,48012.0,2026-04-22,187413524,2759,Sani Securities Company Ltd.,Miyo Securities Pvt Ltd,2026-04-22 11:35:58.486251,Synergy Power Development Ltd.
2026042204003288,SPDL,65,66,97,400.1,38809.7,2026-04-22,187413525,2759,Sharepro Securities Private Limited,Miyo Securities Pvt Ltd,2026-04-22 11:35:58.486270,Synergy Power Development Ltd.
2026042204003297,SPDL,66,77,10,403.0,4030.0,2026-04-22,187413664,2759,Miyo Securities Pvt Ltd,Nabil Stock Dealer Ltd.,2026-04-22 11:36:11.121228,Synergy Power Development Ltd.
2026042204003597,SPDL,25,14,500,401.2,200600.0,2026-04-22,187417467,2759,Sweta Securities Private Limited,Nepal Stock House (PVT) Ltd.,2026-04-22 11:40:06.096905,Synergy Power Development Ltd.
2026042204003673,SPDL,35,1,100,402.0,40200.0,2026-04-22,187418422,2759,Kohinoor Investment & Securities Pvt. Ltd.,Kumari Securities Private Limited,2026-04-22 11:41:01.901392,Synergy Power Development Ltd.
2026042204003881,SPDL,62,51,200,400.1,80020.0,2026-04-22,187420238,2759,Capital Max Securities Ltd,Oxford Securities Pvt. Ltd.,2026-04-22 11:42:45.914362,Synergy Power Development Ltd.
2026042204003882,SPDL,17,51,457,400.0,182800.0,2026-04-22,187420239,2759,ABC Securities Private Limited,Oxford Securities Pvt. Ltd.,2026-04-22 11:42:45.914481,Synergy Power Development Ltd.
2026042204003976,SPDL,51,77,25,400.2,10005.0,2026-04-22,187421106,2759,Oxford Securities Pvt. Ltd.,Nabil Stock Dealer Ltd.,2026-04-22 11:43:34.078083,Synergy Power Development Ltd.
2026042204003977,SPDL,17,77,43,400.0,17200.0,2026-04-22,187421108,2759,ABC Securities Private Limited,Nabil Stock Dealer Ltd.,2026-04-22 11:43:34.078215,Synergy Power Development Ltd.
2026042204003978,SPDL,57,77,500,398.3,199150.0,2026-04-22,187421110,2759,Aryatara Investment & Securities,Nabil Stock Dealer Ltd.,2026-04-22 11:43:34.078269,Synergy Power Development Ltd.
2026042204003979,SPDL,19,77,17,398.3,6771.1,2026-04-22,187421112,2759,Nepal Investment And Securities Trading Private Limited,Nabil Stock Dealer Ltd.,2026-04-22 11:43:34.078334,Synergy Power Development Ltd.
2026042204003980,SPDL,21,77,70,398.2,27874.0,2026-04-22,187421114,2759,Midas Stock Broking Company Private Limited,Nabil Stock Dealer Ltd.,2026-04-22 11:43:34.078387,Synergy Power Development Ltd.
2026042204003981,SPDL,65,77,403,398.2,160474.6,2026-04-22,187421116,2759,Sharepro Securities Private Limited,Nabil Stock Dealer Ltd.,2026-04-22 11:43:34.078436,Synergy Power Development Ltd.
2026042204003982,SPDL,64,77,1000,398.1,398100.0,2026-04-22,187421118,2759,SUN SECURITIES PVT LTD,Nabil Stock Dealer Ltd.,2026-04-22 11:43:34.078489,Synergy Power Development Ltd.
2026042204003983,SPDL,11,77,74,398.0,29452.0,2026-04-22,187421120,2759,Malla & Malla Stock Broking Company Pvt. Limited,Nabil Stock Dealer Ltd.,2026-04-22 11:43:34.078539,Synergy Power Development Ltd.
2026042204003984,SPDL,66,77,300,398.0,119400.0,2026-04-22,187421122,2759,Miyo Securities Pvt Ltd,Nabil Stock Dealer Ltd.,2026-04-22 11:43:34.078590,Synergy Power Development Ltd.
2026042204003985,SPDL,44,77,500,398.0,199000.0,2026-04-22,187421124,2759,Dynamic Money Managers Securities Pvt. Ltd.,Nabil Stock Dealer Ltd.,2026-04-22 11:43:34.078637,Synergy Power Development Ltd.
2026042204004221,SPDL,64,77,500,398.0,199000.0,2026-04-22,187423316,2759,SUN SECURITIES PVT LTD,Nabil Stock Dealer Ltd.,2026-04-22 11:45:40.930816,Synergy Power Development Ltd.
2026042204004239,SPDL,91,77,100,398.0,39800.0,2026-04-22,187423614,2759,Citizens Share Broker Limited,Nabil Stock Dealer Ltd.,2026-04-22 11:45:57.121666,Synergy Power Development Ltd.
2026042204004241,SPDL,72,77,458,398.0,182284.0,2026-04-22,187423655,2759,Hatemalo Financial Services Private Limited,Nabil Stock Dealer Ltd.,2026-04-22 11:45:58.614398,Synergy Power Development Ltd.
2026042204004253,SPDL,21,77,10,401.0,4010.0,2026-04-22,187423850,2759,Midas Stock Broking Company Private Limited,Nabil Stock Dealer Ltd.,2026-04-22 11:46:17.055570,Synergy Power Development Ltd.
2026042204004571,SPDL,49,99,50,398.2,19910.0,2026-04-22,187428512,2759,Online Securities Pvt. Ltd.,Prabhu Stock Market Limited,2026-04-22 11:50:55.609396,Synergy Power Development Ltd.
2026042204004572,SPDL,60,99,500,398.1,199050.0,2026-04-22,187428514,2759,Nagarik Stock Dealer ,Prabhu Stock Market Limited,2026-04-22 11:50:55.609489,Synergy Power Development Ltd.
2026042204004573,SPDL,45,99,200,398.0,79600.0,2026-04-22,187428516,2759,Imperial Securities Company Pvt. Ltd.,Prabhu Stock Market Limited,2026-04-22 11:50:55.609563,Synergy Power Development Ltd.
2026042204004574,SPDL,44,99,200,398.0,79600.0,2026-04-22,187428518,2759,Dynamic Money Managers Securities Pvt. Ltd.,Prabhu Stock Market Limited,2026-04-22 11:50:55.609629,Synergy Power Development Ltd.
2026042204004575,SPDL,6,99,50,398.0,19900.0,2026-04-22,187428519,2759,Agrawal Securities (PVT) Ltd.,Prabhu Stock Market Limited,2026-04-22 11:50:55.609702,Synergy Power Development Ltd.
2026042204004677,SPDL,6,5,150,398.0,59700.0,2026-04-22,187429989,2759,Agrawal Securities (PVT) Ltd.,Market Securities & Exchange (PVT) Ltd.,2026-04-22 11:52:04.787732,Synergy Power Development Ltd.
2026042204004764,SPDL,49,99,10,397.5,3975.0,2026-04-22,187431070,2759,Online Securities Pvt. Ltd.,Prabhu Stock Market Limited,2026-04-22 11:52:57.029401,Synergy Power Development Ltd.
2026042204004765,SPDL,72,99,100,397.4,39740.0,2026-04-22,187431072,2759,Hatemalo Financial Services Private Limited,Prabhu Stock Market Limited,2026-04-22 11:52:57.029514,Synergy Power Development Ltd.
2026042204004766,SPDL,19,99,10,397.4,3974.0,2026-04-22,187431074,2759,Nepal Investment And Securities Trading Private Limited,Prabhu Stock Market Limited,2026-04-22 11:52:57.029536,Synergy Power Development Ltd.
2026042204004767,SPDL,81,99,50,397.4,19870.0,2026-04-22,187431076,2759,Aakashbhairab Securities Ltd.,Prabhu Stock Market Limited,2026-04-22 11:52:57.029556,Synergy Power Development Ltd.
2026042204004768,SPDL,53,99,175,397.3,69527.5,2026-04-22,187431078,2759,Investment Management Nepal Pvt. Ltd.,Prabhu Stock Market Limited,2026-04-22 11:52:57.029584,Synergy Power Development Ltd.
2026042204004769,SPDL,57,99,155,397.3,61581.5,2026-04-22,187431079,2759,Aryatara Investment & Securities,Prabhu Stock Market Limited,2026-04-22 11:52:57.029612,Synergy Power Development Ltd.
2026042204004801,SPDL,21,13,10,399.0,3990.0,2026-04-22,187431848,2759,Midas Stock Broking Company Private Limited,Thrive Brokerage House Pvt. Ltd,2026-04-22 11:53:28.398008,Synergy Power Development Ltd.
2026042204004808,SPDL,57,13,95,399.0,37905.0,2026-04-22,187432004,2759,Aryatara Investment & Securities,Thrive Brokerage House Pvt. Ltd,2026-04-22 11:53:36.996011,Synergy Power Development Ltd.
2026042204004891,SPDL,45,13,95,399.0,37905.0,2026-04-22,187433456,2759,Imperial Securities Company Pvt. Ltd.,Thrive Brokerage House Pvt. Ltd,2026-04-22 11:54:44.611867,Synergy Power Development Ltd.
2026042204004900,SPDL,49,44,50,398.1,19905.0,2026-04-22,187433589,2759,Online Securities Pvt. Ltd.,Dynamic Money Managers Securities Pvt. Ltd.,2026-04-22 11:54:52.502639,Synergy Power Development Ltd.
2026042204004976,SPDL,21,50,10,400.0,4000.0,2026-04-22,187434268,2759,Midas Stock Broking Company Private Limited,Cristal Kanchanjanga Securites Pvt. Ltd.,2026-04-22 11:55:26.704856,Synergy Power Development Ltd.
2026042204005053,SPDL,62,50,20,400.0,8000.0,2026-04-22,187435304,2759,Capital Max Securities Ltd,Cristal Kanchanjanga Securites Pvt. Ltd.,2026-04-22 11:56:16.728063,Synergy Power Development Ltd.
2026042204005410,SPDL,35,62,500,399.0,199500.0,2026-04-22,187439668,2759,Kohinoor Investment & Securities Pvt. Ltd.,Capital Max Securities Ltd,2026-04-22 11:59:48.041530,Synergy Power Development Ltd.
2026042204005411,SPDL,58,62,10,398.5,3985.0,2026-04-22,187439670,2759,Naasa Securities Co. Ltd.,Capital Max Securities Ltd,2026-04-22 11:59:48.041593,Synergy Power Development Ltd.
2026042204005412,SPDL,49,62,50,398.1,19905.0,2026-04-22,187439672,2759,Online Securities Pvt. Ltd.,Capital Max Securities Ltd,2026-04-22 11:59:48.041616,Synergy Power Development Ltd.
2026042204005413,SPDL,49,62,248,398.0,98704.0,2026-04-22,187439674,2759,Online Securities Pvt. Ltd.,Capital Max Securities Ltd,2026-04-22 11:59:48.041671,Synergy Power Development Ltd.
2026042204005414,SPDL,49,62,10,397.3,3973.0,2026-04-22,187439676,2759,Online Securities Pvt. Ltd.,Capital Max Securities Ltd,2026-04-22 11:59:48.041694,Synergy Power Development Ltd.
2026042204005415,SPDL,49,62,20,397.2,7944.0,2026-04-22,187439678,2759,Online Securities Pvt. Ltd.,Capital Max Securities Ltd,2026-04-22 11:59:48.041721,Synergy Power Development Ltd.
2026042204005416,SPDL,58,62,100,397.2,39720.0,2026-04-22,187439680,2759,Naasa Securities Co. Ltd.,Capital Max Securities Ltd,2026-04-22 11:59:48.041743,Synergy Power Development Ltd.
2026042204005417,SPDL,69,62,62,397.1,24620.2,2026-04-22,187439681,2759,INDEX SECURITIES LIMITED,Capital Max Securities Ltd,2026-04-22 11:59:48.041804,Synergy Power Development Ltd.
2026042204005509,SPDL,21,50,10,400.0,4000.0,2026-04-22,187440886,2759,Midas Stock Broking Company Private Limited,Cristal Kanchanjanga Securites Pvt. Ltd.,2026-04-22 12:00:45.662015,Synergy Power Development Ltd.
2026042204005706,SPDL,45,58,100,399.0,39900.0,2026-04-22,187442674,2759,Imperial Securities Company Pvt. Ltd.,Naasa Securities Co. Ltd.,2026-04-22 12:02:07.907968,Synergy Power Development Ltd.
2026042204006113,SPDL,35,95,200,397.2,79440.0,2026-04-22,187446188,2759,Kohinoor Investment & Securities Pvt. Ltd.,Magnet Securities and Investment Company Private Limited,2026-04-22 12:05:20.398916,Synergy Power Development Ltd.
2026042204006114,SPDL,69,95,458,397.1,181871.8,2026-04-22,187446190,2759,INDEX SECURITIES LIMITED,Magnet Securities and Investment Company Private Limited,2026-04-22 12:05:20.399066,Synergy Power Development Ltd.
2026042204006115,SPDL,16,95,1000,397.1,397100.0,2026-04-22,187446192,2759,Primo Securities (PVT) Ltd.,Magnet Securities and Investment Company Private Limited,2026-04-22 12:05:20.399137,Synergy Power Development Ltd.
2026042204006116,SPDL,72,95,342,397.1,135808.2,2026-04-22,187446193,2759,Hatemalo Financial Services Private Limited,Magnet Securities and Investment Company Private Limited,2026-04-22 12:05:20.399192,Synergy Power Development Ltd.
2026042204006122,SPDL,72,95,218,397.1,86567.8,2026-04-22,187446394,2759,Hatemalo Financial Services Private Limited,Magnet Securities and Investment Company Private Limited,2026-04-22 12:05:30.660008,Synergy Power Development Ltd.
2026042204006123,SPDL,49,95,42,397.0,16674.0,2026-04-22,187446396,2759,Online Securities Pvt. Ltd.,Magnet Securities and Investment Company Private Limited,2026-04-22 12:05:30.660188,Synergy Power Development Ltd.
2026042204006124,SPDL,45,95,490,397.0,194530.0,2026-04-22,187446397,2759,Imperial Securities Company Pvt. Ltd.,Magnet Securities and Investment Company Private Limited,2026-04-22 12:05:30.660251,Synergy Power Development Ltd.
2026042204006162,SPDL,16,71,500,398.9,199450.0,2026-04-22,187447025,2759,Primo Securities (PVT) Ltd.,SHUBHAKAMANA SECURITIES PVT. LTD,2026-04-22 12:06:06.622423,Synergy Power Development Ltd.
2026042204006163,SPDL,16,50,940,400.0,376000.0,2026-04-22,187447027,2759,Primo Securities (PVT) Ltd.,Cristal Kanchanjanga Securites Pvt. Ltd.,2026-04-22 12:06:06.622566,Synergy Power Development Ltd.
2026042204006164,SPDL,16,36,40,400.0,16000.0,2026-04-22,187447030,2759,Primo Securities (PVT) Ltd.,Secured Securities Ltd.,2026-04-22 12:06:06.622628,Synergy Power Development Ltd.
2026042204006449,SPDL,49,8,10,397.1,3971.0,2026-04-22,187450528,2759,Online Securities Pvt. Ltd.,Brilliant Securities Pvt. Ltd.,2026-04-22 12:09:01.067506,Synergy Power Development Ltd.
2026042204006450,SPDL,45,8,10,397.0,3970.0,2026-04-22,187450530,2759,Imperial Securities Company Pvt. Ltd.,Brilliant Securities Pvt. Ltd.,2026-04-22 12:09:01.067819,Synergy Power Development Ltd.
2026042204006451,SPDL,50,8,500,397.0,198500.0,2026-04-22,187450532,2759,Cristal Kanchanjanga Securites Pvt. Ltd.,Brilliant Securities Pvt. Ltd.,2026-04-22 12:09:01.068033,Synergy Power Development Ltd.
2026042204006452,SPDL,3,8,200,397.0,79400.0,2026-04-22,187450534,2759,Arun Securities (PVT) Ltd.,Brilliant Securities Pvt. Ltd.,2026-04-22 12:09:01.068219,Synergy Power Development Ltd.
2026042204006453,SPDL,50,8,500,396.7,198350.0,2026-04-22,187450536,2759,Cristal Kanchanjanga Securites Pvt. Ltd.,Brilliant Securities Pvt. Ltd.,2026-04-22 12:09:01.068408,Synergy Power Development Ltd.
2026042204006454,SPDL,64,8,780,396.5,309270.0,2026-04-22,187450537,2759,SUN SECURITIES PVT LTD,Brilliant Securities Pvt. Ltd.,2026-04-22 12:09:01.068614,Synergy Power Development Ltd.
2026042204006457,SPDL,64,95,220,396.5,87230.0,2026-04-22,187450580,2759,SUN SECURITIES PVT LTD,Magnet Securities and Investment Company Private Limited,2026-04-22 12:09:05.642960,Synergy Power Development Ltd.
2026042204006458,SPDL,29,95,500,396.3,198150.0,2026-04-22,187450582,2759,Trisul Securities & Invt. Ltd.,Magnet Securities and Investment Company Private Limited,2026-04-22 12:09:05.643245,Synergy Power Development Ltd.
2026042204006459,SPDL,29,95,280,396.3,110964.0,2026-04-22,187450583,2759,Trisul Securities & Invt. Ltd.,Magnet Securities and Investment Company Private Limited,2026-04-22 12:09:05.643435,Synergy Power Development Ltd.
2026042204006516,SPDL,29,71,220,396.3,87186.0,2026-04-22,187451100,2759,Trisul Securities & Invt. Ltd.,SHUBHAKAMANA SECURITIES PVT. LTD,2026-04-22 12:09:28.919402,Synergy Power Development Ltd.
2026042204006517,SPDL,44,71,4280,396.0,1694880.0,2026-04-22,187451101,2759,Dynamic Money Managers Securities Pvt. Ltd.,SHUBHAKAMANA SECURITIES PVT. LTD,2026-04-22 12:09:28.919671,Synergy Power Development Ltd.
2026042204006525,SPDL,21,21,10,400.9,4009.0,2026-04-22,187451394,2759,Midas Stock Broking Company Private Limited,Midas Stock Broking Company Private Limited,2026-04-22 12:09:48.394166,Synergy Power Development Ltd.
2026042204006604,SPDL,81,8,20,396.1,7922.0,2026-04-22,187452276,2759,Aakashbhairab Securities Ltd.,Brilliant Securities Pvt. Ltd.,2026-04-22 12:10:39.472770,Synergy Power Development Ltd.
2026042204006674,SPDL,58,8,10,396.1,3961.0,2026-04-22,187452746,2759,Naasa Securities Co. Ltd.,Brilliant Securities Pvt. Ltd.,2026-04-22 12:11:01.112721,Synergy Power Development Ltd.
2026042204006675,SPDL,44,88,1400,396.0,554400.0,2026-04-22,187452769,2759,Dynamic Money Managers Securities Pvt. Ltd.,Blue Chip Securities Ltd,2026-04-22 12:11:02.394520,Synergy Power Development Ltd.
2026042204007135,SPDL,58,39,1875,400.0,750000.0,2026-04-22,187456730,2759,Naasa Securities Co. Ltd.,Sumeru Securities Pvt. Ltd.,2026-04-22 12:14:30.234482,Synergy Power Development Ltd.
2026042204007423,SPDL,42,91,250,397.0,99250.0,2026-04-22,187459718,2759,Sani Securities Company Ltd.,Citizens Share Broker Limited,2026-04-22 12:17:16.660136,Synergy Power Development Ltd.
2026042204007424,SPDL,3,91,65,397.0,25805.0,2026-04-22,187459719,2759,Arun Securities (PVT) Ltd.,Citizens Share Broker Limited,2026-04-22 12:17:16.660307,Synergy Power Development Ltd.
2026042204007776,SPDL,3,21,115,397.0,45655.0,2026-04-22,187463571,2759,Arun Securities (PVT) Ltd.,Midas Stock Broking Company Private Limited,2026-04-22 12:20:30.124444,Synergy Power Development Ltd.
2026042204007883,SPDL,35,58,40,400.0,16000.0,2026-04-22,187464788,2759,Kohinoor Investment & Securities Pvt. Ltd.,Naasa Securities Co. Ltd.,2026-04-22 12:21:42.402054,Synergy Power Development Ltd.
2026042204007899,SPDL,3,35,20,397.0,7940.0,2026-04-22,187464836,2759,Arun Securities (PVT) Ltd.,Kohinoor Investment & Securities Pvt. Ltd.,2026-04-22 12:21:44.294306,Synergy Power Development Ltd.
2026042204007900,SPDL,39,35,160,397.0,63520.0,2026-04-22,187464837,2759,Sumeru Securities Pvt. Ltd.,Kohinoor Investment & Securities Pvt. Ltd.,2026-04-22 12:21:44.294483,Synergy Power Development Ltd.
2026042204007911,SPDL,72,19,10,400.9,4009.0,2026-04-22,187465138,2759,Hatemalo Financial Services Private Limited,Nepal Investment And Securities Trading Private Limited,2026-04-22 12:22:05.461421,Synergy Power Development Ltd.
2026042204008092,SPDL,34,32,10,400.0,4000.0,2026-04-22,187467269,2759,Vision Securities Pvt. Ltd,Premier Securities Company Ltd.,2026-04-22 12:24:02.053611,Synergy Power Development Ltd.
2026042204008124,SPDL,34,38,100,400.0,40000.0,2026-04-22,187467685,2759,Vision Securities Pvt. Ltd,Dipshikha Dhitopatra Karobar Co. Pvt Ltd.,2026-04-22 12:24:20.525958,Synergy Power Development Ltd.
2026042204008151,SPDL,34,45,265,400.0,106000.0,2026-04-22,187468071,2759,Vision Securities Pvt. Ltd,Imperial Securities Company Pvt. Ltd.,2026-04-22 12:24:42.390721,Synergy Power Development Ltd.
2026042204008358,SPDL,39,49,840,397.0,333480.0,2026-04-22,187471222,2759,Sumeru Securities Pvt. Ltd.,Online Securities Pvt. Ltd.,2026-04-22 12:27:29.307891,Synergy Power Development Ltd.
2026042204008359,SPDL,51,49,550,397.0,218350.0,2026-04-22,187471224,2759,Oxford Securities Pvt. Ltd.,Online Securities Pvt. Ltd.,2026-04-22 12:27:29.307986,Synergy Power Development Ltd.
2026042204008360,SPDL,42,49,200,397.0,79400.0,2026-04-22,187471226,2759,Sani Securities Company Ltd.,Online Securities Pvt. Ltd.,2026-04-22 12:27:29.308057,Synergy Power Development Ltd.
2026042204008361,SPDL,49,49,610,397.0,242170.0,2026-04-22,187471227,2759,Online Securities Pvt. Ltd.,Online Securities Pvt. Ltd.,2026-04-22 12:27:29.308145,Synergy Power Development Ltd.
2026042204008442,SPDL,49,40,100,397.0,39700.0,2026-04-22,187472169,2759,Online Securities Pvt. Ltd.,Creative Securities Pvt Ltd,2026-04-22 12:28:19.337851,Synergy Power Development Ltd.
2026042204008496,SPDL,21,19,10,400.9,4009.0,2026-04-22,187472894,2759,Midas Stock Broking Company Private Limited,Nepal Investment And Securities Trading Private Limited,2026-04-22 12:29:02.975005,Synergy Power Development Ltd.
2026042204008769,SPDL,42,19,120,400.9,48108.0,2026-04-22,187476287,2759,Sani Securities Company Ltd.,Nepal Investment And Securities Trading Private Limited,2026-04-22 12:31:35.823809,Synergy Power Development Ltd.
2026042204008770,SPDL,42,50,390,400.9,156351.0,2026-04-22,187476289,2759,Sani Securities Company Ltd.,Cristal Kanchanjanga Securites Pvt. Ltd.,2026-04-22 12:31:35.823976,Synergy Power Development Ltd.
2026042204008771,SPDL,42,77,490,401.0,196490.0,2026-04-22,187476292,2759,Sani Securities Company Ltd.,Nabil Stock Dealer Ltd.,2026-04-22 12:31:35.824046,Synergy Power Development Ltd.
2026042204008837,SPDL,74,58,20,397.1,7942.0,2026-04-22,187477423,2759,KALASH STOCK MARKET PVT. LTD.,Naasa Securities Co. Ltd.,2026-04-22 12:32:35.545685,Synergy Power Development Ltd.
2026042204008925,SPDL,21,77,10,401.0,4010.0,2026-04-22,187478372,2759,Midas Stock Broking Company Private Limited,Nabil Stock Dealer Ltd.,2026-04-22 12:33:19.820499,Synergy Power Development Ltd.
2026042204009601,SPDL,58,58,1,389.0,389.0,2026-04-22,187486143,2759,Naasa Securities Co. Ltd.,Naasa Securities Co. Ltd.,2026-04-22 12:41:08.860255,Synergy Power Development Ltd.
2026042204009614,SPDL,58,34,2,395.0,790.0,2026-04-22,187486385,2759,Naasa Securities Co. Ltd.,Vision Securities Pvt. Ltd,2026-04-22 12:41:22.727527,Synergy Power Development Ltd.
2026042204009624,SPDL,58,33,1,400.0,400.0,2026-04-22,187486475,2759,Naasa Securities Co. Ltd.,Dakshinkali Investment & Securities Pvt. Ltd.,2026-04-22 12:41:33.942737,Synergy Power Development Ltd.
2026042204010436,SPDL,45,1,100,399.0,39900.0,2026-04-22,187493525,2759,Imperial Securities Company Pvt. Ltd.,Kumari Securities Private Limited,2026-04-22 12:50:11.469172,Synergy Power Development Ltd.
2026042204010594,SPDL,43,38,50,399.0,19950.0,2026-04-22,187494796,2759,South Asian Bulls Pvt. Ltd.,Dipshikha Dhitopatra Karobar Co. Pvt Ltd.,2026-04-22 12:52:20.592898,Synergy Power Development Ltd.
2026042204010831,SPDL,39,38,200,398.3,79660.0,2026-04-22,187497104,2759,Sumeru Securities Pvt. Ltd.,Dipshikha Dhitopatra Karobar Co. Pvt Ltd.,2026-04-22 12:55:39.452635,Synergy Power Development Ltd.
2026042204010832,SPDL,41,38,100,398.2,39820.0,2026-04-22,187497106,2759,Linch Stock Market Ltd.,Dipshikha Dhitopatra Karobar Co. Pvt Ltd.,2026-04-22 12:55:39.452982,Synergy Power Development Ltd.
2026042204010833,SPDL,41,38,50,398.1,19905.0,2026-04-22,187497107,2759,Linch Stock Market Ltd.,Dipshikha Dhitopatra Karobar Co. Pvt Ltd.,2026-04-22 12:55:39.453207,Synergy Power Development Ltd.
2026042204010885,SPDL,21,77,10,401.0,4010.0,2026-04-22,187498078,2759,Midas Stock Broking Company Private Limited,Nabil Stock Dealer Ltd.,2026-04-22 12:57:08.698360,Synergy Power Development Ltd.
2026042204011054,SPDL,41,45,50,398.1,19905.0,2026-04-22,187500438,2759,Linch Stock Market Ltd.,Imperial Securities Company Pvt. Ltd.,2026-04-22 13:00:43.947590,Synergy Power Development Ltd.
2026042204011055,SPDL,64,45,450,398.1,179145.0,2026-04-22,187500439,2759,SUN SECURITIES PVT LTD,Imperial Securities Company Pvt. Ltd.,2026-04-22 13:00:43.947688,Synergy Power Development Ltd.
2026042204011066,SPDL,72,38,10,400.9,4009.0,2026-04-22,187500648,2759,Hatemalo Financial Services Private Limited,Dipshikha Dhitopatra Karobar Co. Pvt Ltd.,2026-04-22 13:01:04.764576,Synergy Power Development Ltd.
2026042204011206,SPDL,64,17,10,398.1,3981.0,2026-04-22,187502825,2759,SUN SECURITIES PVT LTD,ABC Securities Private Limited,2026-04-22 13:04:40.782711,Synergy Power Development Ltd.
2026042204011233,SPDL,21,38,10,400.9,4009.0,2026-04-22,187503102,2759,Midas Stock Broking Company Private Limited,Dipshikha Dhitopatra Karobar Co. Pvt Ltd.,2026-04-22 13:05:06.390745,Synergy Power Development Ltd.
2026042204011691,SPDL,34,38,380,400.9,152342.0,2026-04-22,187508291,2759,Vision Securities Pvt. Ltd,Dipshikha Dhitopatra Karobar Co. Pvt Ltd.,2026-04-22 13:13:31.610373,Synergy Power Development Ltd.
2026042204011692,SPDL,34,77,480,401.0,192480.0,2026-04-22,187508293,2759,Vision Securities Pvt. Ltd,Nabil Stock Dealer Ltd.,2026-04-22 13:13:31.610418,Synergy Power Development Ltd.
2026042204011693,SPDL,34,58,100,401.0,40100.0,2026-04-22,187508295,2759,Vision Securities Pvt. Ltd,Naasa Securities Co. Ltd.,2026-04-22 13:13:31.610449,Synergy Power Development Ltd.
2026042204011694,SPDL,34,50,500,402.0,201000.0,2026-04-22,187508297,2759,Vision Securities Pvt. Ltd,Cristal Kanchanjanga Securites Pvt. Ltd.,2026-04-22 13:13:31.610471,Synergy Power Development Ltd.
2026042204011695,SPDL,34,58,55,402.8,22154.0,2026-04-22,187508299,2759,Vision Securities Pvt. Ltd,Naasa Securities Co. Ltd.,2026-04-22 13:13:31.610493,Synergy Power Development Ltd.
2026042204011696,SPDL,34,50,485,402.9,195406.5,2026-04-22,187508302,2759,Vision Securities Pvt. Ltd,Cristal Kanchanjanga Securites Pvt. Ltd.,2026-04-22 13:13:31.610516,Synergy Power Development Ltd.
2026042204011716,SPDL,21,50,10,402.9,4029.0,2026-04-22,187508528,2759,Midas Stock Broking Company Private Limited,Cristal Kanchanjanga Securites Pvt. Ltd.,2026-04-22 13:14:01.228668,Synergy Power Development Ltd.
2026042204011724,SPDL,21,50,10,403.9,4039.0,2026-04-22,187508616,2759,Midas Stock Broking Company Private Limited,Cristal Kanchanjanga Securites Pvt. Ltd.,2026-04-22 13:14:14.094353,Synergy Power Development Ltd.
2026042204012565,SPDL,21,26,500,403.7,201850.0,2026-04-22,187515162,2759,Midas Stock Broking Company Private Limited,Asian Securities Private Ltd.,2026-04-22 13:24:33.170361,Synergy Power Development Ltd.
2026042204012933,SPDL,17,64,20,403.7,8074.0,2026-04-22,187518356,2759,ABC Securities Private Limited,SUN SECURITIES PVT LTD,2026-04-22 13:28:48.481532,Synergy Power Development Ltd.
2026042204012934,SPDL,25,64,70,403.0,28210.0,2026-04-22,187518358,2759,Sweta Securities Private Limited,SUN SECURITIES PVT LTD,2026-04-22 13:28:48.481709,Synergy Power Development Ltd.
2026042204013005,SPDL,80,42,100,401.3,40130.0,2026-04-22,187519068,2759,Indira securities pvt. ltd,Sani Securities Company Ltd.,2026-04-22 13:30:12.030524,Synergy Power Development Ltd.
2026042204013006,SPDL,22,42,15,401.2,6018.0,2026-04-22,187519070,2759,Siprabi Securities Pvt. Ltd.,Sani Securities Company Ltd.,2026-04-22 13:30:12.030739,Synergy Power Development Ltd.
2026042204013007,SPDL,54,42,50,401.2,20060.0,2026-04-22,187519072,2759,Sewa Securities Pvt. Ltd.,Sani Securities Company Ltd.,2026-04-22 13:30:12.030826,Synergy Power Development Ltd.
2026042204013008,SPDL,21,42,1000,401.1,401100.0,2026-04-22,187519074,2759,Midas Stock Broking Company Private Limited,Sani Securities Company Ltd.,2026-04-22 13:30:12.030921,Synergy Power Development Ltd.
2026042204013009,SPDL,58,42,20,401.0,8020.0,2026-04-22,187519076,2759,Naasa Securities Co. Ltd.,Sani Securities Company Ltd.,2026-04-22 13:30:12.031012,Synergy Power Development Ltd.
2026042204013010,SPDL,70,42,500,401.0,200500.0,2026-04-22,187519078,2759,Infinity Securities Limited,Sani Securities Company Ltd.,2026-04-22 13:30:12.031107,Synergy Power Development Ltd.
2026042204013011,SPDL,49,42,1000,401.0,401000.0,2026-04-22,187519080,2759,Online Securities Pvt. Ltd.,Sani Securities Company Ltd.,2026-04-22 13:30:12.031185,Synergy Power Development Ltd.
2026042204013012,SPDL,34,42,1000,400.0,400000.0,2026-04-22,187519082,2759,Vision Securities Pvt. Ltd,Sani Securities Company Ltd.,2026-04-22 13:30:12.031269,Synergy Power Development Ltd.
2026042204013051,SPDL,41,42,145,400.0,58000.0,2026-04-22,187519418,2759,Linch Stock Market Ltd.,Sani Securities Company Ltd.,2026-04-22 13:30:44.049582,Synergy Power Development Ltd.
2026042204013071,SPDL,21,94,400,399.1,159640.0,2026-04-22,187519839,2759,Midas Stock Broking Company Private Limited,K.B.L. Securities Limited ,2026-04-22 13:31:24.729349,Synergy Power Development Ltd.
2026042204013079,SPDL,35,42,170,400.0,68000.0,2026-04-22,187519892,2759,Kohinoor Investment & Securities Pvt. Ltd.,Sani Securities Company Ltd.,2026-04-22 13:31:31.724455,Synergy Power Development Ltd.
2026042204013127,SPDL,58,58,55,400.0,22000.0,2026-04-22,187520329,2759,Naasa Securities Co. Ltd.,Naasa Securities Co. Ltd.,2026-04-22 13:32:14.325087,Synergy Power Development Ltd.
2026042204013246,SPDL,21,64,10,403.0,4030.0,2026-04-22,187521784,2759,Midas Stock Broking Company Private Limited,SUN SECURITIES PVT LTD,2026-04-22 13:34:31.867175,Synergy Power Development Ltd.
2026042204013705,SPDL,58,50,30,400.2,12006.0,2026-04-22,187526178,2759,Naasa Securities Co. Ltd.,Cristal Kanchanjanga Securites Pvt. Ltd.,2026-04-22 13:42:04.325773,Synergy Power Development Ltd.
2026042204013706,SPDL,32,50,400,400.1,160040.0,2026-04-22,187526180,2759,Premier Securities Company Ltd.,Cristal Kanchanjanga Securites Pvt. Ltd.,2026-04-22 13:42:04.326141,Synergy Power Development Ltd.
2026042204013764,SPDL,58,1,20,400.0,8000.0,2026-04-22,187526822,2759,Naasa Securities Co. Ltd.,Kumari Securities Private Limited,2026-04-22 13:43:18.600442,Synergy Power Development Ltd.
2026042204013765,SPDL,34,1,130,400.0,52000.0,2026-04-22,187526823,2759,Vision Securities Pvt. Ltd,Kumari Securities Private Limited,2026-04-22 13:43:18.600693,Synergy Power Development Ltd.
2026042204014005,SPDL,64,40,17,399.7,6794.9,2026-04-22,187529907,2759,SUN SECURITIES PVT LTD,Creative Securities Pvt Ltd,2026-04-22 13:49:20.228198,Synergy Power Development Ltd.
2026042204014285,SPDL,21,14,300,401.0,120300.0,2026-04-22,187533032,2759,Midas Stock Broking Company Private Limited,Nepal Stock House (PVT) Ltd.,2026-04-22 13:54:39.911267,Synergy Power Development Ltd.
2026042204014292,SPDL,34,50,19,402.9,7655.1,2026-04-22,187533104,2759,Vision Securities Pvt. Ltd,Cristal Kanchanjanga Securites Pvt. Ltd.,2026-04-22 13:54:47.618522,Synergy Power Development Ltd.
2026042204014295,SPDL,21,16,200,400.0,80000.0,2026-04-22,187533130,2759,Midas Stock Broking Company Private Limited,Primo Securities (PVT) Ltd.,2026-04-22 13:54:52.561233,Synergy Power Development Ltd.
2026042204014296,SPDL,57,16,100,399.8,39980.0,2026-04-22,187533132,2759,Aryatara Investment & Securities,Primo Securities (PVT) Ltd.,2026-04-22 13:54:52.561633,Synergy Power Development Ltd.
2026042204014297,SPDL,64,16,83,399.7,33175.1,2026-04-22,187533134,2759,SUN SECURITIES PVT LTD,Primo Securities (PVT) Ltd.,2026-04-22 13:54:52.561883,Synergy Power Development Ltd.
2026042204014298,SPDL,64,16,100,399.6,39960.0,2026-04-22,187533136,2759,SUN SECURITIES PVT LTD,Primo Securities (PVT) Ltd.,2026-04-22 13:54:52.562127,Synergy Power Development Ltd.
2026042204014299,SPDL,21,16,500,399.5,199750.0,2026-04-22,187533138,2759,Midas Stock Broking Company Private Limited,Primo Securities (PVT) Ltd.,2026-04-22 13:54:52.562382,Synergy Power Development Ltd.
2026042204014300,SPDL,43,16,500,399.4,199700.0,2026-04-22,187533140,2759,South Asian Bulls Pvt. Ltd.,Primo Securities (PVT) Ltd.,2026-04-22 13:54:52.562625,Synergy Power Development Ltd.
2026042204014301,SPDL,64,16,17,399.3,6788.1,2026-04-22,187533141,2759,SUN SECURITIES PVT LTD,Primo Securities (PVT) Ltd.,2026-04-22 13:54:52.562862,Synergy Power Development Ltd.
2026042204014850,SPDL,66,14,100,400.1,40010.0,2026-04-22,187538780,2759,Miyo Securities Pvt Ltd,Nepal Stock House (PVT) Ltd.,2026-04-22 14:04:11.357452,Synergy Power Development Ltd.
2026042204014963,SPDL,21,14,100,400.1,40010.0,2026-04-22,187540010,2759,Midas Stock Broking Company Private Limited,Nepal Stock House (PVT) Ltd.,2026-04-22 14:05:59.477322,Synergy Power Development Ltd.
2026042204014982,SPDL,57,14,300,400.1,120030.0,2026-04-22,187540208,2759,Aryatara Investment & Securities,Nepal Stock House (PVT) Ltd.,2026-04-22 14:06:24.145083,Synergy Power Development Ltd.
2026042204015415,SPDL,36,50,46,402.9,18533.4,2026-04-22,187545371,2759,Secured Securities Ltd.,Cristal Kanchanjanga Securites Pvt. Ltd.,2026-04-22 14:15:09.503025,Synergy Power Development Ltd.
2026042204015416,SPDL,36,41,204,402.9,82191.6,2026-04-22,187545374,2759,Secured Securities Ltd.,Linch Stock Market Ltd.,2026-04-22 14:15:09.503444,Synergy Power Development Ltd.
2026042204015536,SPDL,32,17,17,402.0,6834.0,2026-04-22,187547055,2759,Premier Securities Company Ltd.,ABC Securities Private Limited,2026-04-22 14:17:23.833765,Synergy Power Development Ltd.
2026042204015537,SPDL,32,41,266,402.9,107171.4,2026-04-22,187547057,2759,Premier Securities Company Ltd.,Linch Stock Market Ltd.,2026-04-22 14:17:23.833996,Synergy Power Development Ltd.
2026042204015538,SPDL,32,4,60,403.0,24180.0,2026-04-22,187547059,2759,Premier Securities Company Ltd.,Opal Securities Investment (PVT) Ltd.,2026-04-22 14:17:23.834089,Synergy Power Development Ltd.
2026042204015539,SPDL,32,41,157,403.5,63349.5,2026-04-22,187547062,2759,Premier Securities Company Ltd.,Linch Stock Market Ltd.,2026-04-22 14:17:23.834177,Synergy Power Development Ltd.
2026042204015607,SPDL,58,44,10,400.0,4000.0,2026-04-22,187547996,2759,Naasa Securities Co. Ltd.,Dynamic Money Managers Securities Pvt. Ltd.,2026-04-22 14:18:45.350303,Synergy Power Development Ltd.
2026042204015608,SPDL,5,44,100,399.4,39940.0,2026-04-22,187547998,2759,Market Securities & Exchange (PVT) Ltd.,Dynamic Money Managers Securities Pvt. Ltd.,2026-04-22 14:18:45.350712,Synergy Power Development Ltd.
2026042204015609,SPDL,21,44,34,399.3,13576.2,2026-04-22,187548000,2759,Midas Stock Broking Company Private Limited,Dynamic Money Managers Securities Pvt. Ltd.,2026-04-22 14:18:45.350961,Synergy Power Development Ltd.
2026042204015610,SPDL,70,44,500,399.3,199650.0,2026-04-22,187548002,2759,Infinity Securities Limited,Dynamic Money Managers Securities Pvt. Ltd.,2026-04-22 14:18:45.351200,Synergy Power Development Ltd.
2026042204015611,SPDL,47,44,856,399.0,341544.0,2026-04-22,187548003,2759,Neev Securities Pvt. Ltd.,Dynamic Money Managers Securities Pvt. Ltd.,2026-04-22 14:18:45.351454,Synergy Power Development Ltd.
2026042204015720,SPDL,21,41,10,402.0,4020.0,2026-04-22,187548872,2759,Midas Stock Broking Company Private Limited,Linch Stock Market Ltd.,2026-04-22 14:20:01.142656,Synergy Power Development Ltd.
2026042204015909,SPDL,58,41,25,402.0,10050.0,2026-04-22,187550894,2759,Naasa Securities Co. Ltd.,Linch Stock Market Ltd.,2026-04-22 14:22:38.261745,Synergy Power Development Ltd.
2026042204015993,SPDL,47,41,33,399.0,13167.0,2026-04-22,187551543,2759,Neev Securities Pvt. Ltd.,Linch Stock Market Ltd.,2026-04-22 14:23:29.908901,Synergy Power Development Ltd.
2026042204016039,SPDL,21,26,10,403.0,4030.0,2026-04-22,187552254,2759,Midas Stock Broking Company Private Limited,Asian Securities Private Ltd.,2026-04-22 14:24:26.137888,Synergy Power Development Ltd.
2026042204016122,SPDL,47,26,16,399.0,6384.0,2026-04-22,187553033,2759,Neev Securities Pvt. Ltd.,Asian Securities Private Ltd.,2026-04-22 14:25:37.920469,Synergy Power Development Ltd.
2026042204017033,SPDL,21,53,10,403.3,4033.0,2026-04-22,187562734,2759,Midas Stock Broking Company Private Limited,Investment Management Nepal Pvt. Ltd.,2026-04-22 14:35:59.865911,Synergy Power Development Ltd.
2026042204017428,SPDL,34,58,150,403.4,60510.0,2026-04-22,187565281,2759,Vision Securities Pvt. Ltd,Naasa Securities Co. Ltd.,2026-04-22 14:38:14.893252,Synergy Power Development Ltd.
2026042204017429,SPDL,34,50,450,403.6,181620.0,2026-04-22,187565284,2759,Vision Securities Pvt. Ltd,Cristal Kanchanjanga Securites Pvt. Ltd.,2026-04-22 14:38:14.893483,Synergy Power Development Ltd.
2026042204017473,SPDL,25,50,50,403.6,20180.0,2026-04-22,187565817,2759,Sweta Securities Private Limited,Cristal Kanchanjanga Securites Pvt. Ltd.,2026-04-22 14:38:31.766196,Synergy Power Development Ltd.
2026042204018296,SPDL,21,6,10,405.0,4050.0,2026-04-22,187570806,2759,Midas Stock Broking Company Private Limited,Agrawal Securities (PVT) Ltd.,2026-04-22 14:40:54.248147,Synergy Power Development Ltd.
2026042204018320,SPDL,38,6,75,405.0,30375.0,2026-04-22,187571039,2759,Dipshikha Dhitopatra Karobar Co. Pvt Ltd.,Agrawal Securities (PVT) Ltd.,2026-04-22 14:41:01.619387,Synergy Power Development Ltd.
2026042204018321,SPDL,38,32,250,405.0,101250.0,2026-04-22,187571041,2759,Dipshikha Dhitopatra Karobar Co. Pvt Ltd.,Premier Securities Company Ltd.,2026-04-22 14:41:01.619602,Synergy Power Development Ltd.
2026042204018322,SPDL,38,19,75,405.0,30375.0,2026-04-22,187571044,2759,Dipshikha Dhitopatra Karobar Co. Pvt Ltd.,Nepal Investment And Securities Trading Private Limited,2026-04-22 14:41:01.619696,Synergy Power Development Ltd.
2026042204018552,SPDL,42,19,325,405.0,131625.0,2026-04-22,187573515,2759,Sani Securities Company Ltd.,Nepal Investment And Securities Trading Private Limited,2026-04-22 14:41:50.468429,Synergy Power Development Ltd.
2026042204018553,SPDL,42,45,100,405.0,40500.0,2026-04-22,187573517,2759,Sani Securities Company Ltd.,Imperial Securities Company Pvt. Ltd.,2026-04-22 14:41:50.468514,Synergy Power Development Ltd.
2026042204018554,SPDL,42,39,100,405.0,40500.0,2026-04-22,187573519,2759,Sani Securities Company Ltd.,Sumeru Securities Pvt. Ltd.,2026-04-22 14:41:50.468599,Synergy Power Development Ltd.
2026042204018555,SPDL,42,28,50,405.0,20250.0,2026-04-22,187573521,2759,Sani Securities Company Ltd.,Shree Krishna Securities Ltd.,2026-04-22 14:41:50.468669,Synergy Power Development Ltd.
2026042204018556,SPDL,42,50,425,405.4,172295.0,2026-04-22,187573524,2759,Sani Securities Company Ltd.,Cristal Kanchanjanga Securites Pvt. Ltd.,2026-04-22 14:41:50.468743,Synergy Power Development Ltd.
2026042204018660,SPDL,34,50,70,405.4,28378.0,2026-04-22,187574402,2759,Vision Securities Pvt. Ltd,Cristal Kanchanjanga Securites Pvt. Ltd.,2026-04-22 14:42:12.761739,Synergy Power Development Ltd.
2026042204018670,SPDL,34,32,10,405.9,4059.0,2026-04-22,187574487,2759,Vision Securities Pvt. Ltd,Premier Securities Company Ltd.,2026-04-22 14:42:17.284767,Synergy Power Development Ltd.
2026042204018671,SPDL,34,14,10,406.5,4065.0,2026-04-22,187574490,2759,Vision Securities Pvt. Ltd,Nepal Stock House (PVT) Ltd.,2026-04-22 14:42:17.284805,Synergy Power Development Ltd.
2026042204018702,SPDL,50,14,500,406.5,203250.0,2026-04-22,187574848,2759,Cristal Kanchanjanga Securites Pvt. Ltd.,Nepal Stock House (PVT) Ltd.,2026-04-22 14:42:26.888051,Synergy Power Development Ltd.
2026042204018927,SPDL,34,14,1490,406.5,605685.0,2026-04-22,187577009,2759,Vision Securities Pvt. Ltd,Nepal Stock House (PVT) Ltd.,2026-04-22 14:43:16.897581,Synergy Power Development Ltd.
2026042204018928,SPDL,34,38,300,408.0,122400.0,2026-04-22,187577011,2759,Vision Securities Pvt. Ltd,Dipshikha Dhitopatra Karobar Co. Pvt Ltd.,2026-04-22 14:43:16.897618,Synergy Power Development Ltd.
2026042204018929,SPDL,34,21,1000,408.0,408000.0,2026-04-22,187577013,2759,Vision Securities Pvt. Ltd,Midas Stock Broking Company Private Limited,2026-04-22 14:43:16.897649,Synergy Power Development Ltd.
2026042204018930,SPDL,34,21,210,409.0,85890.0,2026-04-22,187577016,2759,Vision Securities Pvt. Ltd,Midas Stock Broking Company Private Limited,2026-04-22 14:43:16.897684,Synergy Power Development Ltd.
2026042204019342,SPDL,45,21,290,409.0,118610.0,2026-04-22,187581591,2759,Imperial Securities Company Pvt. Ltd.,Midas Stock Broking Company Private Limited,2026-04-22 14:44:58.871501,Synergy Power Development Ltd.
2026042204019343,SPDL,45,35,15,410.0,6150.0,2026-04-22,187581593,2759,Imperial Securities Company Pvt. Ltd.,Kohinoor Investment & Securities Pvt. Ltd.,2026-04-22 14:44:58.871695,Synergy Power Development Ltd.
2026042204019344,SPDL,45,51,17,410.0,6970.0,2026-04-22,187581595,2759,Imperial Securities Company Pvt. Ltd.,Oxford Securities Pvt. Ltd.,2026-04-22 14:44:58.871775,Synergy Power Development Ltd.
2026042204019345,SPDL,45,40,55,410.0,22550.0,2026-04-22,187581597,2759,Imperial Securities Company Pvt. Ltd.,Creative Securities Pvt Ltd,2026-04-22 14:44:58.871854,Synergy Power Development Ltd.
2026042204019346,SPDL,45,51,17,410.0,6970.0,2026-04-22,187581599,2759,Imperial Securities Company Pvt. Ltd.,Oxford Securities Pvt. Ltd.,2026-04-22 14:44:58.871930,Synergy Power Development Ltd.
2026042204019479,SPDL,26,38,10,412.0,4120.0,2026-04-22,187582680,2759,Asian Securities Private Ltd.,Dipshikha Dhitopatra Karobar Co. Pvt Ltd.,2026-04-22 14:45:22.143794,Synergy Power Development Ltd.
2026042204019488,SPDL,94,38,240,412.0,98880.0,2026-04-22,187582765,2759,K.B.L. Securities Limited ,Dipshikha Dhitopatra Karobar Co. Pvt Ltd.,2026-04-22 14:45:25.742739,Synergy Power Development Ltd.
2026042204019489,SPDL,94,21,260,412.0,107120.0,2026-04-22,187582768,2759,K.B.L. Securities Limited ,Midas Stock Broking Company Private Limited,2026-04-22 14:45:25.743115,Synergy Power Development Ltd.
2026042204019509,SPDL,72,21,10,412.0,4120.0,2026-04-22,187582988,2759,Hatemalo Financial Services Private Limited,Midas Stock Broking Company Private Limited,2026-04-22 14:45:32.564027,Synergy Power Development Ltd.
2026042204019595,SPDL,45,22,106,410.0,43460.0,2026-04-22,187583718,2759,Imperial Securities Company Pvt. Ltd.,Siprabi Securities Pvt. Ltd.,2026-04-22 14:45:53.773609,Synergy Power Development Ltd.
2026042204020214,SPDL,49,22,500,411.9,205950.0,2026-04-22,187589180,2759,Online Securities Pvt. Ltd.,Siprabi Securities Pvt. Ltd.,2026-04-22 14:48:24.027375,Synergy Power Development Ltd.
2026042204020923,SPDL,91,21,1000,410.0,410000.0,2026-04-22,187595013,2759,Citizens Share Broker Limited,Midas Stock Broking Company Private Limited,2026-04-22 14:51:34.857714,Synergy Power Development Ltd.
2026042204020974,SPDL,48,21,500,411.7,205850.0,2026-04-22,187595514,2759,Trishakti Securities Public Limited,Midas Stock Broking Company Private Limited,2026-04-22 14:51:51.718185,Synergy Power Development Ltd.
2026042204021057,SPDL,91,21,400,410.0,164000.0,2026-04-22,187595885,2759,Citizens Share Broker Limited,Midas Stock Broking Company Private Limited,2026-04-22 14:52:03.394265,Synergy Power Development Ltd.
2026042204021244,SPDL,36,22,100,411.9,41190.0,2026-04-22,187597408,2759,Secured Securities Ltd.,Siprabi Securities Pvt. Ltd.,2026-04-22 14:52:58.050290,Synergy Power Development Ltd.
2026042204021274,SPDL,91,44,17,410.0,6970.0,2026-04-22,187597657,2759,Citizens Share Broker Limited,Dynamic Money Managers Securities Pvt. Ltd.,2026-04-22 14:53:07.741189,Synergy Power Development Ltd.
2026042204021510,SPDL,34,21,30,411.8,12354.0,2026-04-22,187599424,2759,Vision Securities Pvt. Ltd,Midas Stock Broking Company Private Limited,2026-04-22 14:54:16.585114,Synergy Power Development Ltd.
2026042204021660,SPDL,25,21,270,410.0,110700.0,2026-04-22,187600471,2759,Sweta Securities Private Limited,Midas Stock Broking Company Private Limited,2026-04-22 14:54:50.731121,Synergy Power Development Ltd.
2026042204021743,SPDL,25,21,90,410.0,36900.0,2026-04-22,187601031,2759,Sweta Securities Private Limited,Midas Stock Broking Company Private Limited,2026-04-22 14:55:08.636876,Synergy Power Development Ltd.
2026042204021755,SPDL,66,28,270,411.8,111186.0,2026-04-22,187601122,2759,Miyo Securities Pvt Ltd,Shree Krishna Securities Ltd.,2026-04-22 14:55:11.766302,Synergy Power Development Ltd.
2026042204021789,SPDL,44,22,100,408.0,40800.0,2026-04-22,187601336,2759,Dynamic Money Managers Securities Pvt. Ltd.,Siprabi Securities Pvt. Ltd.,2026-04-22 14:55:17.455288,Synergy Power Development Ltd.
2026042204021790,SPDL,19,22,40,408.0,16320.0,2026-04-22,187601338,2759,Nepal Investment And Securities Trading Private Limited,Siprabi Securities Pvt. Ltd.,2026-04-22 14:55:17.455514,Synergy Power Development Ltd.
2026042204021791,SPDL,13,22,100,407.0,40700.0,2026-04-22,187601340,2759,Thrive Brokerage House Pvt. Ltd,Siprabi Securities Pvt. Ltd.,2026-04-22 14:55:17.455599,Synergy Power Development Ltd.
2026042204021792,SPDL,38,22,500,406.4,203200.0,2026-04-22,187601342,2759,Dipshikha Dhitopatra Karobar Co. Pvt Ltd.,Siprabi Securities Pvt. Ltd.,2026-04-22 14:55:17.455701,Synergy Power Development Ltd.
2026042204021793,SPDL,42,22,5000,406.3,2031500.0,2026-04-22,187601344,2759,Sani Securities Company Ltd.,Siprabi Securities Pvt. Ltd.,2026-04-22 14:55:17.455785,Synergy Power Development Ltd.
2026042204021794,SPDL,21,22,250,406.0,101500.0,2026-04-22,187601346,2759,Midas Stock Broking Company Private Limited,Siprabi Securities Pvt. Ltd.,2026-04-22 14:55:17.455864,Synergy Power Development Ltd.
2026042204021967,SPDL,66,21,500,411.7,205850.0,2026-04-22,187602263,2759,Miyo Securities Pvt Ltd,Midas Stock Broking Company Private Limited,2026-04-22 14:55:35.753841,Synergy Power Development Ltd.
2026042204021968,SPDL,66,28,500,411.8,205900.0,2026-04-22,187602266,2759,Miyo Securities Pvt Ltd,Shree Krishna Securities Ltd.,2026-04-22 14:55:35.754041,Synergy Power Development Ltd.
2026042204022682,SPDL,21,74,100,406.0,40600.0,2026-04-22,187607980,2759,Midas Stock Broking Company Private Limited,KALASH STOCK MARKET PVT. LTD.,2026-04-22 14:57:51.469458,Synergy Power Development Ltd.
2026042204022683,SPDL,74,74,100,406.0,40600.0,2026-04-22,187607982,2759,KALASH STOCK MARKET PVT. LTD.,KALASH STOCK MARKET PVT. LTD.,2026-04-22 14:57:51.469634,Synergy Power Development Ltd.
2026042204022782,SPDL,49,74,50,406.0,20300.0,2026-04-22,187608559,2759,Online Securities Pvt. Ltd.,KALASH STOCK MARKET PVT. LTD.,2026-04-22 14:58:03.591202,Synergy Power Development Ltd.
2026042204022804,SPDL,49,42,19,406.0,7714.0,2026-04-22,187608729,2759,Online Securities Pvt. Ltd.,Sani Securities Company Ltd.,2026-04-22 14:58:08.677784,Synergy Power Development Ltd.
2026042204022960,SPDL,34,3,10,409.0,4090.0,2026-04-22,187609954,2759,Vision Securities Pvt. Ltd,Arun Securities (PVT) Ltd.,2026-04-22 14:58:35.504018,Synergy Power Development Ltd.
2026042204023228,SPDL,21,53,10,409.8,4098.0,2026-04-22,187612076,2759,Midas Stock Broking Company Private Limited,Investment Management Nepal Pvt. Ltd.,2026-04-22 14:59:23.098302,Synergy Power Development Ltd.
2026042204023243,SPDL,25,3,90,409.0,36810.0,2026-04-22,187612239,2759,Sweta Securities Private Limited,Arun Securities (PVT) Ltd.,2026-04-22 14:59:26.972962,Synergy Power Development Ltd.
2026042204023331,SPDL,70,58,15,409.7,6145.5,2026-04-22,187612981,2759,Infinity Securities Limited,Naasa Securities Co. Ltd.,2026-04-22 14:59:39.995103,Synergy Power Development Ltd.
2026042204023340,SPDL,21,58,10,409.7,4097.0,2026-04-22,187613122,2759,Midas Stock Broking Company Private Limited,Naasa Securities Co. Ltd.,2026-04-22 14:59:41.972334,Synergy Power Development Ltd.
