contractId,stockSymbol,buyerMemberId,sellerMemberId,quantity,rate,amount,businessDate,tradeBookId,stockId,buyerBrokerName,sellerBrokerName,transaction_time,securityName
2026042204000448,UPCL,6,58,63,375.5,23656.5,2026-04-22,187377469,2810,Agrawal Securities (PVT) Ltd.,Naasa Securities Co. Ltd.,2026-04-22 11:06:39.895193,UNIVERSAL POWER COMPANY LTD
2026042204000525,UPCL,6,11,109,375.5,40929.5,2026-04-22,187377985,2810,Agrawal Securities (PVT) Ltd.,Malla & Malla Stock Broking Company Pvt. Limited,2026-04-22 11:07:07.968950,UNIVERSAL POWER COMPANY LTD
2026042204000671,UPCL,6,36,28,375.5,10514.0,2026-04-22,187379436,2810,Agrawal Securities (PVT) Ltd.,Secured Securities Ltd.,2026-04-22 11:08:21.059732,UNIVERSAL POWER COMPANY LTD
2026042204000672,UPCL,7,36,300,375.5,112650.0,2026-04-22,187379438,2810,J.F. Securites (PVT) Ltd.,Secured Securities Ltd.,2026-04-22 11:08:21.059829,UNIVERSAL POWER COMPANY LTD
2026042204000673,UPCL,65,36,462,375.2,173342.4,2026-04-22,187379439,2810,Sharepro Securities Private Limited,Secured Securities Ltd.,2026-04-22 11:08:21.059868,UNIVERSAL POWER COMPANY LTD
2026042204000712,UPCL,65,63,38,375.2,14257.6,2026-04-22,187380022,2810,Sharepro Securities Private Limited,Himalayan Brokerage Company Limited,2026-04-22 11:08:46.019816,UNIVERSAL POWER COMPANY LTD
2026042204000713,UPCL,100,63,212,375.1,79521.2,2026-04-22,187380023,2810,Sunrise Securities Limited,Himalayan Brokerage Company Limited,2026-04-22 11:08:46.019902,UNIVERSAL POWER COMPANY LTD
2026042204000714,UPCL,100,13,162,375.1,60766.2,2026-04-22,187380037,2810,Sunrise Securities Limited,Thrive Brokerage House Pvt. Ltd,2026-04-22 11:08:46.484230,UNIVERSAL POWER COMPANY LTD
2026042204000810,UPCL,100,6,126,375.1,47262.6,2026-04-22,187380792,2810,Sunrise Securities Limited,Agrawal Securities (PVT) Ltd.,2026-04-22 11:09:23.444862,UNIVERSAL POWER COMPANY LTD
2026042204000811,UPCL,25,6,50,375.1,18755.0,2026-04-22,187380794,2810,Sweta Securities Private Limited,Agrawal Securities (PVT) Ltd.,2026-04-22 11:09:23.445036,UNIVERSAL POWER COMPANY LTD
2026042204000812,UPCL,58,6,30,375.0,11250.0,2026-04-22,187380796,2810,Naasa Securities Co. Ltd.,Agrawal Securities (PVT) Ltd.,2026-04-22 11:09:23.445154,UNIVERSAL POWER COMPANY LTD
2026042204000813,UPCL,13,6,50,375.0,18750.0,2026-04-22,187380798,2810,Thrive Brokerage House Pvt. Ltd,Agrawal Securities (PVT) Ltd.,2026-04-22 11:09:23.445257,UNIVERSAL POWER COMPANY LTD
2026042204000814,UPCL,25,6,400,375.0,150000.0,2026-04-22,187380800,2810,Sweta Securities Private Limited,Agrawal Securities (PVT) Ltd.,2026-04-22 11:09:23.445401,UNIVERSAL POWER COMPANY LTD
2026042204000815,UPCL,7,6,100,375.0,37500.0,2026-04-22,187380802,2810,J.F. Securites (PVT) Ltd.,Agrawal Securities (PVT) Ltd.,2026-04-22 11:09:23.445505,UNIVERSAL POWER COMPANY LTD
2026042204000820,UPCL,100,21,500,372.2,186100.0,2026-04-22,187380892,2810,Sunrise Securities Limited,Midas Stock Broking Company Private Limited,2026-04-22 11:09:26.634476,UNIVERSAL POWER COMPANY LTD
2026042204000821,UPCL,65,21,500,372.1,186050.0,2026-04-22,187380893,2810,Sharepro Securities Private Limited,Midas Stock Broking Company Private Limited,2026-04-22 11:09:26.634520,UNIVERSAL POWER COMPANY LTD
2026042204001021,UPCL,13,4,100,372.1,37210.0,2026-04-22,187383198,2810,Thrive Brokerage House Pvt. Ltd,Opal Securities Investment (PVT) Ltd.,2026-04-22 11:11:20.536358,UNIVERSAL POWER COMPANY LTD
2026042204001049,UPCL,21,42,660,370.5,244530.0,2026-04-22,187383473,2810,Midas Stock Broking Company Private Limited,Sani Securities Company Ltd.,2026-04-22 11:11:36.531284,UNIVERSAL POWER COMPANY LTD
2026042204001191,UPCL,45,59,32,371.2,11878.4,2026-04-22,187385620,2810,Imperial Securities Company Pvt. Ltd.,Deevyaa Securities & Stock House Pvt. Ltd,2026-04-22 11:13:04.750412,UNIVERSAL POWER COMPANY LTD
2026042204001192,UPCL,39,59,468,371.1,173674.8,2026-04-22,187385621,2810,Sumeru Securities Pvt. Ltd.,Deevyaa Securities & Stock House Pvt. Ltd,2026-04-22 11:13:04.750520,UNIVERSAL POWER COMPANY LTD
2026042204001270,UPCL,58,46,16,372.0,5952.0,2026-04-22,187386723,2810,Naasa Securities Co. Ltd.,Kalika Securities Pvt. Ltd.,2026-04-22 11:13:57.757108,UNIVERSAL POWER COMPANY LTD
2026042204001274,UPCL,58,72,34,372.0,12648.0,2026-04-22,187386750,2810,Naasa Securities Co. Ltd.,Hatemalo Financial Services Private Limited,2026-04-22 11:13:59.667008,UNIVERSAL POWER COMPANY LTD
2026042204001275,UPCL,49,72,193,372.0,71796.0,2026-04-22,187386751,2810,Online Securities Pvt. Ltd.,Hatemalo Financial Services Private Limited,2026-04-22 11:13:59.667199,UNIVERSAL POWER COMPANY LTD
2026042204001454,UPCL,39,75,18,371.1,6679.8,2026-04-22,187389037,2810,Sumeru Securities Pvt. Ltd.,N.I.M.B. Stock Markets Limited,2026-04-22 11:15:38.051008,UNIVERSAL POWER COMPANY LTD
2026042204001468,UPCL,39,75,14,371.1,5195.4,2026-04-22,187389350,2810,Sumeru Securities Pvt. Ltd.,N.I.M.B. Stock Markets Limited,2026-04-22 11:15:53.824584,UNIVERSAL POWER COMPANY LTD
2026042204001496,UPCL,58,75,18,371.1,6679.8,2026-04-22,187389753,2810,Naasa Securities Co. Ltd.,N.I.M.B. Stock Markets Limited,2026-04-22 11:16:08.142309,UNIVERSAL POWER COMPANY LTD
2026042204001528,UPCL,58,75,18,371.1,6679.8,2026-04-22,187390077,2810,Naasa Securities Co. Ltd.,N.I.M.B. Stock Markets Limited,2026-04-22 11:16:23.952984,UNIVERSAL POWER COMPANY LTD
2026042204001618,UPCL,45,75,18,371.2,6681.6,2026-04-22,187391045,2810,Imperial Securities Company Pvt. Ltd.,N.I.M.B. Stock Markets Limited,2026-04-22 11:17:03.251846,UNIVERSAL POWER COMPANY LTD
2026042204001641,UPCL,45,75,18,371.2,6681.6,2026-04-22,187391377,2810,Imperial Securities Company Pvt. Ltd.,N.I.M.B. Stock Markets Limited,2026-04-22 11:17:16.534597,UNIVERSAL POWER COMPANY LTD
2026042204001654,UPCL,45,57,64,371.2,23756.8,2026-04-22,187391564,2810,Imperial Securities Company Pvt. Ltd.,Aryatara Investment & Securities,2026-04-22 11:17:23.262399,UNIVERSAL POWER COMPANY LTD
2026042204001655,UPCL,58,57,68,371.1,25234.8,2026-04-22,187391566,2810,Naasa Securities Co. Ltd.,Aryatara Investment & Securities,2026-04-22 11:17:23.262507,UNIVERSAL POWER COMPANY LTD
2026042204001656,UPCL,57,57,20,371.1,7422.0,2026-04-22,187391568,2810,Aryatara Investment & Securities,Aryatara Investment & Securities,2026-04-22 11:17:23.262571,UNIVERSAL POWER COMPANY LTD
2026042204001657,UPCL,38,57,10,371.1,3711.0,2026-04-22,187391570,2810,Dipshikha Dhitopatra Karobar Co. Pvt Ltd.,Aryatara Investment & Securities,2026-04-22 11:17:23.262616,UNIVERSAL POWER COMPANY LTD
2026042204001658,UPCL,57,57,10,371.1,3711.0,2026-04-22,187391572,2810,Aryatara Investment & Securities,Aryatara Investment & Securities,2026-04-22 11:17:23.262661,UNIVERSAL POWER COMPANY LTD
2026042204001659,UPCL,58,57,100,371.0,37100.0,2026-04-22,187391574,2810,Naasa Securities Co. Ltd.,Aryatara Investment & Securities,2026-04-22 11:17:23.262707,UNIVERSAL POWER COMPANY LTD
2026042204001660,UPCL,42,57,135,371.0,50085.0,2026-04-22,187391576,2810,Sani Securities Company Ltd.,Aryatara Investment & Securities,2026-04-22 11:17:23.262753,UNIVERSAL POWER COMPANY LTD
2026042204001661,UPCL,13,57,200,371.0,74200.0,2026-04-22,187391578,2810,Thrive Brokerage House Pvt. Ltd,Aryatara Investment & Securities,2026-04-22 11:17:23.262795,UNIVERSAL POWER COMPANY LTD
2026042204001662,UPCL,57,57,150,371.0,55650.0,2026-04-22,187391580,2810,Aryatara Investment & Securities,Aryatara Investment & Securities,2026-04-22 11:17:23.262839,UNIVERSAL POWER COMPANY LTD
2026042204001708,UPCL,62,75,18,370.6,6670.8,2026-04-22,187392149,2810,Capital Max Securities Ltd,N.I.M.B. Stock Markets Limited,2026-04-22 11:17:50.434973,UNIVERSAL POWER COMPANY LTD
2026042204001709,UPCL,3,57,35,371.0,12985.0,2026-04-22,187392152,2810,Arun Securities (PVT) Ltd.,Aryatara Investment & Securities,2026-04-22 11:17:50.680055,UNIVERSAL POWER COMPANY LTD
2026042204001738,UPCL,25,57,100,371.0,37100.0,2026-04-22,187392438,2810,Sweta Securities Private Limited,Aryatara Investment & Securities,2026-04-22 11:18:04.028221,UNIVERSAL POWER COMPANY LTD
2026042204001797,UPCL,21,75,18,370.5,6669.0,2026-04-22,187392937,2810,Midas Stock Broking Company Private Limited,N.I.M.B. Stock Markets Limited,2026-04-22 11:18:22.729617,UNIVERSAL POWER COMPANY LTD
2026042204001820,UPCL,74,57,100,371.0,37100.0,2026-04-22,187393138,2810,KALASH STOCK MARKET PVT. LTD.,Aryatara Investment & Securities,2026-04-22 11:18:33.117942,UNIVERSAL POWER COMPANY LTD
2026042204001824,UPCL,14,75,18,370.6,6670.8,2026-04-22,187393245,2810,Nepal Stock House (PVT) Ltd.,N.I.M.B. Stock Markets Limited,2026-04-22 11:18:37.976462,UNIVERSAL POWER COMPANY LTD
2026042204001855,UPCL,21,75,18,370.5,6669.0,2026-04-22,187393597,2810,Midas Stock Broking Company Private Limited,N.I.M.B. Stock Markets Limited,2026-04-22 11:18:54.142459,UNIVERSAL POWER COMPANY LTD
2026042204001882,UPCL,21,75,18,370.5,6669.0,2026-04-22,187394127,2810,Midas Stock Broking Company Private Limited,N.I.M.B. Stock Markets Limited,2026-04-22 11:19:15.458737,UNIVERSAL POWER COMPANY LTD
2026042204002058,UPCL,5,74,1000,373.5,373500.0,2026-04-22,187396790,2810,Market Securities & Exchange (PVT) Ltd.,KALASH STOCK MARKET PVT. LTD.,2026-04-22 11:20:40.892276,UNIVERSAL POWER COMPANY LTD
2026042204002074,UPCL,68,4,18,371.2,6681.6,2026-04-22,187397017,2810,Elite Stock House Limited,Opal Securities Investment (PVT) Ltd.,2026-04-22 11:20:52.022689,UNIVERSAL POWER COMPANY LTD
2026042204002106,UPCL,68,61,72,371.2,26726.4,2026-04-22,187397487,2810,Elite Stock House Limited,BHOLE GANESH SECURITIES LTD,2026-04-22 11:21:08.787716,UNIVERSAL POWER COMPANY LTD
2026042204002259,UPCL,62,58,2,375.0,750.0,2026-04-22,187399593,2810,Capital Max Securities Ltd,Naasa Securities Co. Ltd.,2026-04-22 11:22:50.077261,UNIVERSAL POWER COMPANY LTD
2026042204002296,UPCL,3,36,27,374.0,10098.0,2026-04-22,187400185,2810,Arun Securities (PVT) Ltd.,Secured Securities Ltd.,2026-04-22 11:23:14.947227,UNIVERSAL POWER COMPANY LTD
2026042204002328,UPCL,53,38,500,374.0,187000.0,2026-04-22,187400682,2810,Investment Management Nepal Pvt. Ltd.,Dipshikha Dhitopatra Karobar Co. Pvt Ltd.,2026-04-22 11:23:39.120712,UNIVERSAL POWER COMPANY LTD
2026042204002373,UPCL,45,38,500,374.0,187000.0,2026-04-22,187401462,2810,Imperial Securities Company Pvt. Ltd.,Dipshikha Dhitopatra Karobar Co. Pvt Ltd.,2026-04-22 11:24:11.839167,UNIVERSAL POWER COMPANY LTD
2026042204002392,UPCL,8,6,18,373.0,6714.0,2026-04-22,187401653,2810,Brilliant Securities Pvt. Ltd.,Agrawal Securities (PVT) Ltd.,2026-04-22 11:24:22.965721,UNIVERSAL POWER COMPANY LTD
2026042204002504,UPCL,36,59,10,374.0,3740.0,2026-04-22,187402715,2810,Secured Securities Ltd.,Deevyaa Securities & Stock House Pvt. Ltd,2026-04-22 11:25:26.047435,UNIVERSAL POWER COMPANY LTD
2026042204002725,UPCL,6,6,426,375.0,159750.0,2026-04-22,187405697,2810,Agrawal Securities (PVT) Ltd.,Agrawal Securities (PVT) Ltd.,2026-04-22 11:28:28.262102,UNIVERSAL POWER COMPANY LTD
2026042204002726,UPCL,6,38,900,375.0,337500.0,2026-04-22,187405699,2810,Agrawal Securities (PVT) Ltd.,Dipshikha Dhitopatra Karobar Co. Pvt Ltd.,2026-04-22 11:28:28.262272,UNIVERSAL POWER COMPANY LTD
2026042204002727,UPCL,6,75,518,375.0,194250.0,2026-04-22,187405701,2810,Agrawal Securities (PVT) Ltd.,N.I.M.B. Stock Markets Limited,2026-04-22 11:28:28.262341,UNIVERSAL POWER COMPANY LTD
2026042204002728,UPCL,6,4,18,375.0,6750.0,2026-04-22,187405703,2810,Agrawal Securities (PVT) Ltd.,Opal Securities Investment (PVT) Ltd.,2026-04-22 11:28:28.262423,UNIVERSAL POWER COMPANY LTD
2026042204002729,UPCL,6,13,16,375.0,6000.0,2026-04-22,187405705,2810,Agrawal Securities (PVT) Ltd.,Thrive Brokerage House Pvt. Ltd,2026-04-22 11:28:28.262493,UNIVERSAL POWER COMPANY LTD
2026042204002743,UPCL,6,57,8,371.0,2968.0,2026-04-22,187405833,2810,Agrawal Securities (PVT) Ltd.,Aryatara Investment & Securities,2026-04-22 11:28:35.100141,UNIVERSAL POWER COMPANY LTD
2026042204002819,UPCL,57,95,50,376.0,18800.0,2026-04-22,187406372,2810,Aryatara Investment & Securities,Magnet Securities and Investment Company Private Limited,2026-04-22 11:29:05.300749,UNIVERSAL POWER COMPANY LTD
2026042204002825,UPCL,39,95,16,376.0,6016.0,2026-04-22,187406543,2810,Sumeru Securities Pvt. Ltd.,Magnet Securities and Investment Company Private Limited,2026-04-22 11:29:15.842494,UNIVERSAL POWER COMPANY LTD
2026042204002839,UPCL,39,49,84,376.0,31584.0,2026-04-22,187406682,2810,Sumeru Securities Pvt. Ltd.,Online Securities Pvt. Ltd.,2026-04-22 11:29:23.904191,UNIVERSAL POWER COMPANY LTD
2026042204002877,UPCL,8,49,76,376.0,28576.0,2026-04-22,187406842,2810,Brilliant Securities Pvt. Ltd.,Online Securities Pvt. Ltd.,2026-04-22 11:29:28.547856,UNIVERSAL POWER COMPANY LTD
2026042204002878,UPCL,42,49,32,376.0,12032.0,2026-04-22,187406872,2810,Sani Securities Company Ltd.,Online Securities Pvt. Ltd.,2026-04-22 11:29:31.189543,UNIVERSAL POWER COMPANY LTD
2026042204002891,UPCL,36,49,20,376.0,7520.0,2026-04-22,187406976,2810,Secured Securities Ltd.,Online Securities Pvt. Ltd.,2026-04-22 11:29:35.605151,UNIVERSAL POWER COMPANY LTD
2026042204002933,UPCL,39,49,50,376.0,18800.0,2026-04-22,187407538,2810,Sumeru Securities Pvt. Ltd.,Online Securities Pvt. Ltd.,2026-04-22 11:30:07.960247,UNIVERSAL POWER COMPANY LTD
2026042204002994,UPCL,44,49,105,376.0,39480.0,2026-04-22,187408843,2810,Dynamic Money Managers Securities Pvt. Ltd.,Online Securities Pvt. Ltd.,2026-04-22 11:31:39.939350,UNIVERSAL POWER COMPANY LTD
2026042204002995,UPCL,44,53,100,376.0,37600.0,2026-04-22,187408845,2810,Dynamic Money Managers Securities Pvt. Ltd.,Investment Management Nepal Pvt. Ltd.,2026-04-22 11:31:39.939493,UNIVERSAL POWER COMPANY LTD
2026042204003082,UPCL,6,58,122,375.0,45750.0,2026-04-22,187410568,2810,Agrawal Securities (PVT) Ltd.,Naasa Securities Co. Ltd.,2026-04-22 11:33:14.797498,UNIVERSAL POWER COMPANY LTD
2026042204003083,UPCL,6,58,278,375.0,104250.0,2026-04-22,187410569,2810,Agrawal Securities (PVT) Ltd.,Naasa Securities Co. Ltd.,2026-04-22 11:33:14.797559,UNIVERSAL POWER COMPANY LTD
2026042204003138,UPCL,6,62,362,375.0,135750.0,2026-04-22,187411314,2810,Agrawal Securities (PVT) Ltd.,Capital Max Securities Ltd,2026-04-22 11:33:58.544825,UNIVERSAL POWER COMPANY LTD
2026042204003140,UPCL,39,62,50,375.0,18750.0,2026-04-22,187411336,2810,Sumeru Securities Pvt. Ltd.,Capital Max Securities Ltd,2026-04-22 11:34:00.382409,UNIVERSAL POWER COMPANY LTD
2026042204003294,UPCL,58,62,88,375.0,33000.0,2026-04-22,187413607,2810,Naasa Securities Co. Ltd.,Capital Max Securities Ltd,2026-04-22 11:36:05.077079,UNIVERSAL POWER COMPANY LTD
2026042204003619,UPCL,36,26,15,376.0,5640.0,2026-04-22,187417877,2810,Secured Securities Ltd.,Asian Securities Private Ltd.,2026-04-22 11:40:33.338907,UNIVERSAL POWER COMPANY LTD
2026042204003649,UPCL,26,4,117,375.2,43898.4,2026-04-22,187418231,2810,Asian Securities Private Ltd.,Opal Securities Investment (PVT) Ltd.,2026-04-22 11:40:52.450545,UNIVERSAL POWER COMPANY LTD
2026042204003884,UPCL,36,71,10,376.0,3760.0,2026-04-22,187420258,2810,Secured Securities Ltd.,SHUBHAKAMANA SECURITIES PVT. LTD,2026-04-22 11:42:48.717221,UNIVERSAL POWER COMPANY LTD
2026042204003885,UPCL,62,71,83,376.0,31208.0,2026-04-22,187420260,2810,Capital Max Securities Ltd,SHUBHAKAMANA SECURITIES PVT. LTD,2026-04-22 11:42:48.717402,UNIVERSAL POWER COMPANY LTD
2026042204003926,UPCL,94,75,4,371.1,1484.4,2026-04-22,187420515,2810,K.B.L. Securities Limited ,N.I.M.B. Stock Markets Limited,2026-04-22 11:43:03.083346,UNIVERSAL POWER COMPANY LTD
2026042204004013,UPCL,26,59,483,375.2,181221.6,2026-04-22,187421343,2810,Asian Securities Private Ltd.,Deevyaa Securities & Stock House Pvt. Ltd,2026-04-22 11:43:47.229405,UNIVERSAL POWER COMPANY LTD
2026042204004018,UPCL,58,59,12,375.0,4500.0,2026-04-22,187421534,2810,Naasa Securities Co. Ltd.,Deevyaa Securities & Stock House Pvt. Ltd,2026-04-22 11:43:57.720279,UNIVERSAL POWER COMPANY LTD
2026042204004019,UPCL,29,59,147,375.0,55125.0,2026-04-22,187421536,2810,Trisul Securities & Invt. Ltd.,Deevyaa Securities & Stock House Pvt. Ltd,2026-04-22 11:43:57.720478,UNIVERSAL POWER COMPANY LTD
2026042204004020,UPCL,42,59,65,375.0,24375.0,2026-04-22,187421537,2810,Sani Securities Company Ltd.,Deevyaa Securities & Stock House Pvt. Ltd,2026-04-22 11:43:57.720565,UNIVERSAL POWER COMPANY LTD
2026042204004191,UPCL,38,59,200,373.8,74760.0,2026-04-22,187423112,2810,Dipshikha Dhitopatra Karobar Co. Pvt Ltd.,Deevyaa Securities & Stock House Pvt. Ltd,2026-04-22 11:45:30.976473,UNIVERSAL POWER COMPANY LTD
2026042204004192,UPCL,8,59,500,373.5,186750.0,2026-04-22,187423114,2810,Brilliant Securities Pvt. Ltd.,Deevyaa Securities & Stock House Pvt. Ltd,2026-04-22 11:45:30.976652,UNIVERSAL POWER COMPANY LTD
2026042204004193,UPCL,58,59,10,373.3,3733.0,2026-04-22,187423116,2810,Naasa Securities Co. Ltd.,Deevyaa Securities & Stock House Pvt. Ltd,2026-04-22 11:45:30.976732,UNIVERSAL POWER COMPANY LTD
2026042204004194,UPCL,65,59,500,373.3,186650.0,2026-04-22,187423118,2810,Sharepro Securities Private Limited,Deevyaa Securities & Stock House Pvt. Ltd,2026-04-22 11:45:30.976807,UNIVERSAL POWER COMPANY LTD
2026042204004195,UPCL,22,59,500,373.3,186650.0,2026-04-22,187423120,2810,Siprabi Securities Pvt. Ltd.,Deevyaa Securities & Stock House Pvt. Ltd,2026-04-22 11:45:30.976881,UNIVERSAL POWER COMPANY LTD
2026042204004196,UPCL,36,59,40,373.1,14924.0,2026-04-22,187423122,2810,Secured Securities Ltd.,Deevyaa Securities & Stock House Pvt. Ltd,2026-04-22 11:45:30.976941,UNIVERSAL POWER COMPANY LTD
2026042204004197,UPCL,49,59,60,373.0,22380.0,2026-04-22,187423124,2810,Online Securities Pvt. Ltd.,Deevyaa Securities & Stock House Pvt. Ltd,2026-04-22 11:45:30.977015,UNIVERSAL POWER COMPANY LTD
2026042204004198,UPCL,20,59,38,373.0,14174.0,2026-04-22,187423126,2810,Sipla Securities Private Limited,Deevyaa Securities & Stock House Pvt. Ltd,2026-04-22 11:45:30.977100,UNIVERSAL POWER COMPANY LTD
2026042204004199,UPCL,53,59,100,373.0,37300.0,2026-04-22,187423128,2810,Investment Management Nepal Pvt. Ltd.,Deevyaa Securities & Stock House Pvt. Ltd,2026-04-22 11:45:30.977235,UNIVERSAL POWER COMPANY LTD
2026042204004200,UPCL,44,59,40,373.0,14920.0,2026-04-22,187423130,2810,Dynamic Money Managers Securities Pvt. Ltd.,Deevyaa Securities & Stock House Pvt. Ltd,2026-04-22 11:45:30.977309,UNIVERSAL POWER COMPANY LTD
2026042204004201,UPCL,16,59,289,372.5,107652.5,2026-04-22,187423131,2810,Primo Securities (PVT) Ltd.,Deevyaa Securities & Stock House Pvt. Ltd,2026-04-22 11:45:30.977397,UNIVERSAL POWER COMPANY LTD
2026042204004562,UPCL,14,39,2,370.6,741.2,2026-04-22,187428459,2810,Nepal Stock House (PVT) Ltd.,Sumeru Securities Pvt. Ltd.,2026-04-22 11:50:52.743502,UNIVERSAL POWER COMPANY LTD
2026042204005562,UPCL,16,49,24,373.1,8954.4,2026-04-22,187441343,2810,Primo Securities (PVT) Ltd.,Online Securities Pvt. Ltd.,2026-04-22 12:01:08.497463,UNIVERSAL POWER COMPANY LTD
2026042204005632,UPCL,16,49,110,373.0,41030.0,2026-04-22,187441891,2810,Primo Securities (PVT) Ltd.,Online Securities Pvt. Ltd.,2026-04-22 12:01:30.882497,UNIVERSAL POWER COMPANY LTD
2026042204005656,UPCL,64,32,30,372.6,11178.0,2026-04-22,187442146,2810,SUN SECURITIES PVT LTD,Premier Securities Company Ltd.,2026-04-22 12:01:42.739084,UNIVERSAL POWER COMPANY LTD
2026042204005657,UPCL,33,32,129,372.6,48065.4,2026-04-22,187442147,2810,Dakshinkali Investment & Securities Pvt. Ltd.,Premier Securities Company Ltd.,2026-04-22 12:01:42.739279,UNIVERSAL POWER COMPANY LTD
2026042204005719,UPCL,33,49,171,372.6,63714.6,2026-04-22,187442732,2810,Dakshinkali Investment & Securities Pvt. Ltd.,Online Securities Pvt. Ltd.,2026-04-22 12:02:11.881358,UNIVERSAL POWER COMPANY LTD
2026042204005788,UPCL,16,49,221,372.5,82322.5,2026-04-22,187443287,2810,Primo Securities (PVT) Ltd.,Online Securities Pvt. Ltd.,2026-04-22 12:02:44.087279,UNIVERSAL POWER COMPANY LTD
2026042204005875,UPCL,58,49,100,372.3,37230.0,2026-04-22,187443860,2810,Naasa Securities Co. Ltd.,Online Securities Pvt. Ltd.,2026-04-22 12:03:14.996785,UNIVERSAL POWER COMPANY LTD
2026042204005876,UPCL,57,49,898,372.3,334325.4,2026-04-22,187443861,2810,Aryatara Investment & Securities,Online Securities Pvt. Ltd.,2026-04-22 12:03:14.997039,UNIVERSAL POWER COMPANY LTD
2026042204005910,UPCL,57,71,102,372.3,37974.6,2026-04-22,187444194,2810,Aryatara Investment & Securities,SHUBHAKAMANA SECURITIES PVT. LTD,2026-04-22 12:03:35.131430,UNIVERSAL POWER COMPANY LTD
2026042204005961,UPCL,57,13,100,372.2,37220.0,2026-04-22,187444608,2810,Aryatara Investment & Securities,Thrive Brokerage House Pvt. Ltd,2026-04-22 12:03:54.618518,UNIVERSAL POWER COMPANY LTD
2026042204005962,UPCL,5,13,400,372.0,148800.0,2026-04-22,187444609,2810,Market Securities & Exchange (PVT) Ltd.,Thrive Brokerage House Pvt. Ltd,2026-04-22 12:03:54.618724,UNIVERSAL POWER COMPANY LTD
2026042204006035,UPCL,5,59,500,372.0,186000.0,2026-04-22,187445213,2810,Market Securities & Exchange (PVT) Ltd.,Deevyaa Securities & Stock House Pvt. Ltd,2026-04-22 12:04:26.879771,UNIVERSAL POWER COMPANY LTD
2026042204006041,UPCL,5,58,10,372.0,3720.0,2026-04-22,187445347,2810,Market Securities & Exchange (PVT) Ltd.,Naasa Securities Co. Ltd.,2026-04-22 12:04:31.117330,UNIVERSAL POWER COMPANY LTD
2026042204006073,UPCL,100,71,1393,372.3,518613.9,2026-04-22,187445680,2810,Sunrise Securities Limited,SHUBHAKAMANA SECURITIES PVT. LTD,2026-04-22 12:04:52.258794,UNIVERSAL POWER COMPANY LTD
2026042204006138,UPCL,26,45,45,372.1,16744.5,2026-04-22,187446744,2810,Asian Securities Private Ltd.,Imperial Securities Company Pvt. Ltd.,2026-04-22 12:05:53.925686,UNIVERSAL POWER COMPANY LTD
2026042204006139,UPCL,5,45,90,372.0,33480.0,2026-04-22,187446746,2810,Market Securities & Exchange (PVT) Ltd.,Imperial Securities Company Pvt. Ltd.,2026-04-22 12:05:53.925786,UNIVERSAL POWER COMPANY LTD
2026042204006140,UPCL,21,45,174,372.0,64728.0,2026-04-22,187446747,2810,Midas Stock Broking Company Private Limited,Imperial Securities Company Pvt. Ltd.,2026-04-22 12:05:53.925853,UNIVERSAL POWER COMPANY LTD
2026042204006294,UPCL,21,3,126,372.0,46872.0,2026-04-22,187448394,2810,Midas Stock Broking Company Private Limited,Arun Securities (PVT) Ltd.,2026-04-22 12:07:08.858077,UNIVERSAL POWER COMPANY LTD
2026042204006295,UPCL,57,3,74,372.0,27528.0,2026-04-22,187448395,2810,Aryatara Investment & Securities,Arun Securities (PVT) Ltd.,2026-04-22 12:07:08.858302,UNIVERSAL POWER COMPANY LTD
2026042204006395,UPCL,21,57,92,372.1,34233.2,2026-04-22,187449992,2810,Midas Stock Broking Company Private Limited,Aryatara Investment & Securities,2026-04-22 12:08:36.138141,UNIVERSAL POWER COMPANY LTD
2026042204006560,UPCL,17,10,1000,372.1,372100.0,2026-04-22,187451743,2810,ABC Securities Private Limited,Pragyan Securities (PVT) Ltd.,2026-04-22 12:10:06.143703,UNIVERSAL POWER COMPANY LTD
2026042204006634,UPCL,58,49,159,372.6,59243.4,2026-04-22,187452539,2810,Naasa Securities Co. Ltd.,Online Securities Pvt. Ltd.,2026-04-22 12:10:55.700229,UNIVERSAL POWER COMPANY LTD
2026042204006635,UPCL,58,11,341,373.0,127193.0,2026-04-22,187452542,2810,Naasa Securities Co. Ltd.,Malla & Malla Stock Broking Company Pvt. Limited,2026-04-22 12:10:55.700473,UNIVERSAL POWER COMPANY LTD
2026042204006942,UPCL,58,74,10,372.1,3721.0,2026-04-22,187455086,2810,Naasa Securities Co. Ltd.,KALASH STOCK MARKET PVT. LTD.,2026-04-22 12:12:55.828266,UNIVERSAL POWER COMPANY LTD
2026042204006943,UPCL,57,74,426,372.0,158472.0,2026-04-22,187455088,2810,Aryatara Investment & Securities,KALASH STOCK MARKET PVT. LTD.,2026-04-22 12:12:55.828741,UNIVERSAL POWER COMPANY LTD
2026042204006944,UPCL,42,74,10,372.0,3720.0,2026-04-22,187455090,2810,Sani Securities Company Ltd.,KALASH STOCK MARKET PVT. LTD.,2026-04-22 12:12:55.829043,UNIVERSAL POWER COMPANY LTD
2026042204006945,UPCL,36,74,54,372.0,20088.0,2026-04-22,187455091,2810,Secured Securities Ltd.,KALASH STOCK MARKET PVT. LTD.,2026-04-22 12:12:55.829345,UNIVERSAL POWER COMPANY LTD
2026042204007050,UPCL,33,71,300,372.9,111870.0,2026-04-22,187456114,2810,Dakshinkali Investment & Securities Pvt. Ltd.,SHUBHAKAMANA SECURITIES PVT. LTD,2026-04-22 12:13:55.561057,UNIVERSAL POWER COMPANY LTD
2026042204007152,UPCL,94,17,1,370.0,370.0,2026-04-22,187456887,2810,K.B.L. Securities Limited ,ABC Securities Private Limited,2026-04-22 12:14:34.899168,UNIVERSAL POWER COMPANY LTD
2026042204007349,UPCL,36,71,446,372.0,165912.0,2026-04-22,187458970,2810,Secured Securities Ltd.,SHUBHAKAMANA SECURITIES PVT. LTD,2026-04-22 12:16:34.848084,UNIVERSAL POWER COMPANY LTD
2026042204007350,UPCL,11,71,30,372.0,11160.0,2026-04-22,187458972,2810,Malla & Malla Stock Broking Company Pvt. Limited,SHUBHAKAMANA SECURITIES PVT. LTD,2026-04-22 12:16:34.848272,UNIVERSAL POWER COMPANY LTD
2026042204007351,UPCL,57,71,30,372.0,11160.0,2026-04-22,187458974,2810,Aryatara Investment & Securities,SHUBHAKAMANA SECURITIES PVT. LTD,2026-04-22 12:16:34.848362,UNIVERSAL POWER COMPANY LTD
2026042204007352,UPCL,17,71,131,372.0,48732.0,2026-04-22,187458975,2810,ABC Securities Private Limited,SHUBHAKAMANA SECURITIES PVT. LTD,2026-04-22 12:16:34.848440,UNIVERSAL POWER COMPANY LTD
2026042204007466,UPCL,39,1,20,372.5,7450.0,2026-04-22,187460100,2810,Sumeru Securities Pvt. Ltd.,Kumari Securities Private Limited,2026-04-22 12:17:40.585086,UNIVERSAL POWER COMPANY LTD
2026042204007474,UPCL,17,49,100,372.0,37200.0,2026-04-22,187460383,2810,ABC Securities Private Limited,Online Securities Pvt. Ltd.,2026-04-22 12:17:52.093378,UNIVERSAL POWER COMPANY LTD
2026042204007526,UPCL,17,49,769,372.0,286068.0,2026-04-22,187460972,2810,ABC Securities Private Limited,Online Securities Pvt. Ltd.,2026-04-22 12:18:29.333841,UNIVERSAL POWER COMPANY LTD
2026042204007527,UPCL,29,49,50,372.0,18600.0,2026-04-22,187460974,2810,Trisul Securities & Invt. Ltd.,Online Securities Pvt. Ltd.,2026-04-22 12:18:29.333988,UNIVERSAL POWER COMPANY LTD
2026042204007528,UPCL,45,49,100,372.0,37200.0,2026-04-22,187460976,2810,Imperial Securities Company Pvt. Ltd.,Online Securities Pvt. Ltd.,2026-04-22 12:18:29.334070,UNIVERSAL POWER COMPANY LTD
2026042204007529,UPCL,58,49,24,372.0,8928.0,2026-04-22,187460978,2810,Naasa Securities Co. Ltd.,Online Securities Pvt. Ltd.,2026-04-22 12:18:29.334143,UNIVERSAL POWER COMPANY LTD
2026042204007530,UPCL,43,49,100,371.3,37130.0,2026-04-22,187460980,2810,South Asian Bulls Pvt. Ltd.,Online Securities Pvt. Ltd.,2026-04-22 12:18:29.334218,UNIVERSAL POWER COMPANY LTD
2026042204007531,UPCL,68,49,110,371.2,40832.0,2026-04-22,187460982,2810,Elite Stock House Limited,Online Securities Pvt. Ltd.,2026-04-22 12:18:29.334295,UNIVERSAL POWER COMPANY LTD
2026042204007532,UPCL,17,49,847,371.2,314406.4,2026-04-22,187460983,2810,ABC Securities Private Limited,Online Securities Pvt. Ltd.,2026-04-22 12:18:29.334385,UNIVERSAL POWER COMPANY LTD
2026042204007587,UPCL,17,35,25,371.2,9280.0,2026-04-22,187461735,2810,ABC Securities Private Limited,Kohinoor Investment & Securities Pvt. Ltd.,2026-04-22 12:19:11.794939,UNIVERSAL POWER COMPANY LTD
2026042204007591,UPCL,17,22,30,371.2,11136.0,2026-04-22,187461761,2810,ABC Securities Private Limited,Siprabi Securities Pvt. Ltd.,2026-04-22 12:19:13.767873,UNIVERSAL POWER COMPANY LTD
2026042204008156,UPCL,8,43,300,371.5,111450.0,2026-04-22,187468186,2810,Brilliant Securities Pvt. Ltd.,South Asian Bulls Pvt. Ltd.,2026-04-22 12:24:51.766735,UNIVERSAL POWER COMPANY LTD
2026042204008157,UPCL,59,43,100,371.3,37130.0,2026-04-22,187468187,2810,Deevyaa Securities & Stock House Pvt. Ltd,South Asian Bulls Pvt. Ltd.,2026-04-22 12:24:51.767048,UNIVERSAL POWER COMPANY LTD
2026042204008251,UPCL,34,21,30,371.4,11142.0,2026-04-22,187469920,2810,Vision Securities Pvt. Ltd,Midas Stock Broking Company Private Limited,2026-04-22 12:26:14.460347,UNIVERSAL POWER COMPANY LTD
2026042204008252,UPCL,59,21,400,371.3,148520.0,2026-04-22,187469922,2810,Deevyaa Securities & Stock House Pvt. Ltd,Midas Stock Broking Company Private Limited,2026-04-22 12:26:14.460586,UNIVERSAL POWER COMPANY LTD
2026042204008253,UPCL,17,21,98,371.2,36377.6,2026-04-22,187469924,2810,ABC Securities Private Limited,Midas Stock Broking Company Private Limited,2026-04-22 12:26:14.460672,UNIVERSAL POWER COMPANY LTD
2026042204008254,UPCL,100,21,472,371.1,175159.2,2026-04-22,187469925,2810,Sunrise Securities Limited,Midas Stock Broking Company Private Limited,2026-04-22 12:26:14.460757,UNIVERSAL POWER COMPANY LTD
2026042204008517,UPCL,16,47,300,371.5,111450.0,2026-04-22,187473243,2810,Primo Securities (PVT) Ltd.,Neev Securities Pvt. Ltd.,2026-04-22 12:29:18.909709,UNIVERSAL POWER COMPANY LTD
2026042204008608,UPCL,16,47,200,371.5,74300.0,2026-04-22,187474140,2810,Primo Securities (PVT) Ltd.,Neev Securities Pvt. Ltd.,2026-04-22 12:29:56.429523,UNIVERSAL POWER COMPANY LTD
2026042204008609,UPCL,58,47,100,371.5,37150.0,2026-04-22,187474141,2810,Naasa Securities Co. Ltd.,Neev Securities Pvt. Ltd.,2026-04-22 12:29:56.429741,UNIVERSAL POWER COMPANY LTD
2026042204008806,UPCL,42,26,103,372.9,38408.7,2026-04-22,187476763,2810,Sani Securities Company Ltd.,Asian Securities Private Ltd.,2026-04-22 12:32:03.353255,UNIVERSAL POWER COMPANY LTD
2026042204008807,UPCL,42,36,90,372.9,33561.0,2026-04-22,187476765,2810,Sani Securities Company Ltd.,Secured Securities Ltd.,2026-04-22 12:32:03.353502,UNIVERSAL POWER COMPANY LTD
2026042204008817,UPCL,90,11,100,373.0,37300.0,2026-04-22,187476990,2810,Sajilo Broker Limited,Malla & Malla Stock Broking Company Pvt. Limited,2026-04-22 12:32:17.917305,UNIVERSAL POWER COMPANY LTD
2026042204008859,UPCL,74,71,500,373.0,186500.0,2026-04-22,187477789,2810,KALASH STOCK MARKET PVT. LTD.,SHUBHAKAMANA SECURITIES PVT. LTD,2026-04-22 12:32:55.786849,UNIVERSAL POWER COMPANY LTD
2026042204008860,UPCL,74,6,1000,373.0,373000.0,2026-04-22,187477792,2810,KALASH STOCK MARKET PVT. LTD.,Agrawal Securities (PVT) Ltd.,2026-04-22 12:32:55.787116,UNIVERSAL POWER COMPANY LTD
2026042204008870,UPCL,42,42,58,373.0,21634.0,2026-04-22,187477899,2810,Sani Securities Company Ltd.,Sani Securities Company Ltd.,2026-04-22 12:33:01.271200,UNIVERSAL POWER COMPANY LTD
2026042204008875,UPCL,40,6,580,374.0,216920.0,2026-04-22,187477971,2810,Creative Securities Pvt Ltd,Agrawal Securities (PVT) Ltd.,2026-04-22 12:33:04.123887,UNIVERSAL POWER COMPANY LTD
2026042204008876,UPCL,40,11,100,374.0,37400.0,2026-04-22,187477973,2810,Creative Securities Pvt Ltd,Malla & Malla Stock Broking Company Pvt. Limited,2026-04-22 12:33:04.123943,UNIVERSAL POWER COMPANY LTD
2026042204008877,UPCL,40,52,320,374.7,119904.0,2026-04-22,187477976,2810,Creative Securities Pvt Ltd,Sundhara Securities Limited,2026-04-22 12:33:04.123969,UNIVERSAL POWER COMPANY LTD
2026042204009108,UPCL,11,87,50,374.0,18700.0,2026-04-22,187480478,2810,Malla & Malla Stock Broking Company Pvt. Limited,S.P.S.A. Securities Limited,2026-04-22 12:35:05.238386,UNIVERSAL POWER COMPANY LTD
2026042204009109,UPCL,3,87,80,373.0,29840.0,2026-04-22,187480479,2810,Arun Securities (PVT) Ltd.,S.P.S.A. Securities Limited,2026-04-22 12:35:05.238597,UNIVERSAL POWER COMPANY LTD
2026042204009264,UPCL,42,59,500,374.5,187250.0,2026-04-22,187482448,2810,Sani Securities Company Ltd.,Deevyaa Securities & Stock House Pvt. Ltd,2026-04-22 12:36:59.050405,UNIVERSAL POWER COMPANY LTD
2026042204009305,UPCL,49,46,25,374.6,9365.0,2026-04-22,187483047,2810,Online Securities Pvt. Ltd.,Kalika Securities Pvt. Ltd.,2026-04-22 12:37:39.164308,UNIVERSAL POWER COMPANY LTD
2026042204009579,UPCL,50,71,50,373.1,18655.0,2026-04-22,187485924,2810,Cristal Kanchanjanga Securites Pvt. Ltd.,SHUBHAKAMANA SECURITIES PVT. LTD,2026-04-22 12:40:48.022062,UNIVERSAL POWER COMPANY LTD
2026042204009637,UPCL,67,38,440,374.6,164824.0,2026-04-22,187486608,2810,Property Wiard Limited,Dipshikha Dhitopatra Karobar Co. Pvt Ltd.,2026-04-22 12:41:43.967143,UNIVERSAL POWER COMPANY LTD
2026042204009760,UPCL,3,13,120,373.0,44760.0,2026-04-22,187487354,2810,Arun Securities (PVT) Ltd.,Thrive Brokerage House Pvt. Ltd,2026-04-22 12:42:50.882192,UNIVERSAL POWER COMPANY LTD
2026042204009761,UPCL,8,13,300,373.0,111900.0,2026-04-22,187487356,2810,Brilliant Securities Pvt. Ltd.,Thrive Brokerage House Pvt. Ltd,2026-04-22 12:42:50.882611,UNIVERSAL POWER COMPANY LTD
2026042204009762,UPCL,6,13,150,373.0,55950.0,2026-04-22,187487358,2810,Agrawal Securities (PVT) Ltd.,Thrive Brokerage House Pvt. Ltd,2026-04-22 12:42:50.882870,UNIVERSAL POWER COMPANY LTD
2026042204009763,UPCL,58,13,230,373.0,85790.0,2026-04-22,187487359,2810,Naasa Securities Co. Ltd.,Thrive Brokerage House Pvt. Ltd,2026-04-22 12:42:50.883106,UNIVERSAL POWER COMPANY LTD
2026042204009818,UPCL,58,85,170,373.0,63410.0,2026-04-22,187487786,2810,Naasa Securities Co. Ltd.,Capital Hub P. Ltd,2026-04-22 12:43:20.222031,UNIVERSAL POWER COMPANY LTD
2026042204009819,UPCL,49,85,4830,373.0,1801590.0,2026-04-22,187487787,2810,Online Securities Pvt. Ltd.,Capital Hub P. Ltd,2026-04-22 12:43:20.222248,UNIVERSAL POWER COMPANY LTD
2026042204009868,UPCL,49,89,170,373.0,63410.0,2026-04-22,187488206,2810,Online Securities Pvt. Ltd.,Global IME Securities Limited,2026-04-22 12:43:43.144608,UNIVERSAL POWER COMPANY LTD
2026042204010091,UPCL,34,89,1830,373.0,682590.0,2026-04-22,187490291,2810,Vision Securities Pvt. Ltd,Global IME Securities Limited,2026-04-22 12:45:48.201081,UNIVERSAL POWER COMPANY LTD
2026042204010092,UPCL,34,52,170,374.7,63699.0,2026-04-22,187490294,2810,Vision Securities Pvt. Ltd,Sundhara Securities Limited,2026-04-22 12:45:48.201241,UNIVERSAL POWER COMPANY LTD
2026042204010181,UPCL,39,37,80,372.5,29800.0,2026-04-22,187491086,2810,Sumeru Securities Pvt. Ltd.,Swarna Laxmi Securities Pvt. Ltd.,2026-04-22 12:46:41.516428,UNIVERSAL POWER COMPANY LTD
2026042204010182,UPCL,49,37,300,372.0,111600.0,2026-04-22,187491088,2810,Online Securities Pvt. Ltd.,Swarna Laxmi Securities Pvt. Ltd.,2026-04-22 12:46:41.516897,UNIVERSAL POWER COMPANY LTD
2026042204010183,UPCL,39,37,200,372.0,74400.0,2026-04-22,187491090,2810,Sumeru Securities Pvt. Ltd.,Swarna Laxmi Securities Pvt. Ltd.,2026-04-22 12:46:41.517165,UNIVERSAL POWER COMPANY LTD
2026042204010184,UPCL,49,37,2360,372.0,877920.0,2026-04-22,187491091,2810,Online Securities Pvt. Ltd.,Swarna Laxmi Securities Pvt. Ltd.,2026-04-22 12:46:41.517427,UNIVERSAL POWER COMPANY LTD
2026042204010302,UPCL,49,44,2640,372.0,982080.0,2026-04-22,187492272,2810,Online Securities Pvt. Ltd.,Dynamic Money Managers Securities Pvt. Ltd.,2026-04-22 12:48:22.666275,UNIVERSAL POWER COMPANY LTD
2026042204010303,UPCL,38,44,200,372.0,74400.0,2026-04-22,187492274,2810,Dipshikha Dhitopatra Karobar Co. Pvt Ltd.,Dynamic Money Managers Securities Pvt. Ltd.,2026-04-22 12:48:22.666739,UNIVERSAL POWER COMPANY LTD
2026042204010304,UPCL,59,44,160,371.7,59472.0,2026-04-22,187492275,2810,Deevyaa Securities & Stock House Pvt. Ltd,Dynamic Money Managers Securities Pvt. Ltd.,2026-04-22 12:48:22.667004,UNIVERSAL POWER COMPANY LTD
2026042204010327,UPCL,59,56,102,371.7,37913.4,2026-04-22,187492409,2810,Deevyaa Securities & Stock House Pvt. Ltd,Sri Hari Securities Pvt. Ltd.,2026-04-22 12:48:35.852452,UNIVERSAL POWER COMPANY LTD
2026042204010406,UPCL,5,74,200,373.0,74600.0,2026-04-22,187493250,2810,Market Securities & Exchange (PVT) Ltd.,KALASH STOCK MARKET PVT. LTD.,2026-04-22 12:49:49.788196,UNIVERSAL POWER COMPANY LTD
2026042204010407,UPCL,49,74,780,372.1,290238.0,2026-04-22,187493251,2810,Online Securities Pvt. Ltd.,KALASH STOCK MARKET PVT. LTD.,2026-04-22 12:49:49.788472,UNIVERSAL POWER COMPANY LTD
2026042204010421,UPCL,49,53,220,372.1,81862.0,2026-04-22,187493352,2810,Online Securities Pvt. Ltd.,Investment Management Nepal Pvt. Ltd.,2026-04-22 12:49:59.779721,UNIVERSAL POWER COMPANY LTD
2026042204010422,UPCL,59,53,538,371.7,199974.6,2026-04-22,187493354,2810,Deevyaa Securities & Stock House Pvt. Ltd,Investment Management Nepal Pvt. Ltd.,2026-04-22 12:49:59.780115,UNIVERSAL POWER COMPANY LTD
2026042204010423,UPCL,29,53,100,371.6,37160.0,2026-04-22,187493356,2810,Trisul Securities & Invt. Ltd.,Investment Management Nepal Pvt. Ltd.,2026-04-22 12:49:59.780402,UNIVERSAL POWER COMPANY LTD
2026042204010424,UPCL,36,53,20,371.6,7432.0,2026-04-22,187493358,2810,Secured Securities Ltd.,Investment Management Nepal Pvt. Ltd.,2026-04-22 12:49:59.780662,UNIVERSAL POWER COMPANY LTD
2026042204010425,UPCL,36,53,122,371.5,45323.0,2026-04-22,187493359,2810,Secured Securities Ltd.,Investment Management Nepal Pvt. Ltd.,2026-04-22 12:49:59.780926,UNIVERSAL POWER COMPANY LTD
2026042204010534,UPCL,49,14,10,372.5,3725.0,2026-04-22,187494265,2810,Online Securities Pvt. Ltd.,Nepal Stock House (PVT) Ltd.,2026-04-22 12:51:27.281284,UNIVERSAL POWER COMPANY LTD
2026042204010648,UPCL,26,34,22,372.6,8197.2,2026-04-22,187495160,2810,Asian Securities Private Ltd.,Vision Securities Pvt. Ltd,2026-04-22 12:52:50.827647,UNIVERSAL POWER COMPANY LTD
2026042204010649,UPCL,49,34,65,372.5,24212.5,2026-04-22,187495162,2810,Online Securities Pvt. Ltd.,Vision Securities Pvt. Ltd,2026-04-22 12:52:50.827865,UNIVERSAL POWER COMPANY LTD
2026042204010725,UPCL,16,34,32,372.5,11920.0,2026-04-22,187495705,2810,Primo Securities (PVT) Ltd.,Vision Securities Pvt. Ltd,2026-04-22 12:53:44.046446,UNIVERSAL POWER COMPANY LTD
2026042204010858,UPCL,34,5,1000,373.9,373900.0,2026-04-22,187497651,2810,Vision Securities Pvt. Ltd,Market Securities & Exchange (PVT) Ltd.,2026-04-22 12:56:33.543074,UNIVERSAL POWER COMPANY LTD
2026042204010859,UPCL,34,37,3000,374.0,1122000.0,2026-04-22,187497654,2810,Vision Securities Pvt. Ltd,Swarna Laxmi Securities Pvt. Ltd.,2026-04-22 12:56:33.543141,UNIVERSAL POWER COMPANY LTD
2026042204011043,UPCL,35,37,100,374.0,37400.0,2026-04-22,187500176,2810,Kohinoor Investment & Securities Pvt. Ltd.,Swarna Laxmi Securities Pvt. Ltd.,2026-04-22 13:00:21.252367,UNIVERSAL POWER COMPANY LTD
2026042204011060,UPCL,43,37,10,374.0,3740.0,2026-04-22,187500588,2810,South Asian Bulls Pvt. Ltd.,Swarna Laxmi Securities Pvt. Ltd.,2026-04-22 13:00:57.612091,UNIVERSAL POWER COMPANY LTD
2026042204011226,UPCL,6,57,9,365.0,3285.0,2026-04-22,187503003,2810,Agrawal Securities (PVT) Ltd.,Aryatara Investment & Securities,2026-04-22 13:04:55.370647,UNIVERSAL POWER COMPANY LTD
2026042204011443,UPCL,45,42,418,373.0,155914.0,2026-04-22,187505477,2810,Imperial Securities Company Pvt. Ltd.,Sani Securities Company Ltd.,2026-04-22 13:08:49.931963,UNIVERSAL POWER COMPANY LTD
2026042204011466,UPCL,45,38,50,373.0,18650.0,2026-04-22,187505689,2810,Imperial Securities Company Pvt. Ltd.,Dipshikha Dhitopatra Karobar Co. Pvt Ltd.,2026-04-22 13:09:05.542263,UNIVERSAL POWER COMPANY LTD
2026042204011574,UPCL,32,37,79,374.0,29546.0,2026-04-22,187506595,2810,Premier Securities Company Ltd.,Swarna Laxmi Securities Pvt. Ltd.,2026-04-22 13:10:45.024258,UNIVERSAL POWER COMPANY LTD
2026042204011575,UPCL,32,11,21,374.0,7854.0,2026-04-22,187506598,2810,Premier Securities Company Ltd.,Malla & Malla Stock Broking Company Pvt. Limited,2026-04-22 13:10:45.024779,UNIVERSAL POWER COMPANY LTD
2026042204011645,UPCL,17,11,114,374.0,42636.0,2026-04-22,187507783,2810,ABC Securities Private Limited,Malla & Malla Stock Broking Company Pvt. Limited,2026-04-22 13:12:28.471683,UNIVERSAL POWER COMPANY LTD
2026042204011646,UPCL,17,50,86,374.0,32164.0,2026-04-22,187507786,2810,ABC Securities Private Limited,Cristal Kanchanjanga Securites Pvt. Ltd.,2026-04-22 13:12:28.472174,UNIVERSAL POWER COMPANY LTD
2026042204011653,UPCL,34,50,699,374.0,261426.0,2026-04-22,187507941,2810,Vision Securities Pvt. Ltd,Cristal Kanchanjanga Securites Pvt. Ltd.,2026-04-22 13:12:47.984213,UNIVERSAL POWER COMPANY LTD
2026042204011654,UPCL,34,56,40,374.5,14980.0,2026-04-22,187507943,2810,Vision Securities Pvt. Ltd,Sri Hari Securities Pvt. Ltd.,2026-04-22 13:12:47.984278,UNIVERSAL POWER COMPANY LTD
2026042204011655,UPCL,34,5,1000,374.6,374600.0,2026-04-22,187507945,2810,Vision Securities Pvt. Ltd,Market Securities & Exchange (PVT) Ltd.,2026-04-22 13:12:47.984306,UNIVERSAL POWER COMPANY LTD
2026042204011656,UPCL,34,52,261,374.7,97796.7,2026-04-22,187507948,2810,Vision Securities Pvt. Ltd,Sundhara Securities Limited,2026-04-22 13:12:47.984343,UNIVERSAL POWER COMPANY LTD
2026042204011667,UPCL,60,52,327,374.7,122526.9,2026-04-22,187508139,2810,Nagarik Stock Dealer ,Sundhara Securities Limited,2026-04-22 13:13:09.081699,UNIVERSAL POWER COMPANY LTD
2026042204011668,UPCL,60,22,50,374.9,18745.0,2026-04-22,187508141,2810,Nagarik Stock Dealer ,Siprabi Securities Pvt. Ltd.,2026-04-22 13:13:09.081965,UNIVERSAL POWER COMPANY LTD
2026042204011669,UPCL,60,91,83,375.0,31125.0,2026-04-22,187508143,2810,Nagarik Stock Dealer ,Citizens Share Broker Limited,2026-04-22 13:13:09.082086,UNIVERSAL POWER COMPANY LTD
2026042204011670,UPCL,60,44,540,375.0,202500.0,2026-04-22,187508146,2810,Nagarik Stock Dealer ,Dynamic Money Managers Securities Pvt. Ltd.,2026-04-22 13:13:09.082183,UNIVERSAL POWER COMPANY LTD
2026042204011680,UPCL,60,44,205,375.0,76875.0,2026-04-22,187508216,2810,Nagarik Stock Dealer ,Dynamic Money Managers Securities Pvt. Ltd.,2026-04-22 13:13:19.559699,UNIVERSAL POWER COMPANY LTD
2026042204012062,UPCL,6,71,8,371.5,2972.0,2026-04-22,187511155,2810,Agrawal Securities (PVT) Ltd.,SHUBHAKAMANA SECURITIES PVT. LTD,2026-04-22 13:18:54.914374,UNIVERSAL POWER COMPANY LTD
2026042204012229,UPCL,34,39,54,376.0,20304.0,2026-04-22,187512427,2810,Vision Securities Pvt. Ltd,Sumeru Securities Pvt. Ltd.,2026-04-22 13:20:36.737741,UNIVERSAL POWER COMPANY LTD
2026042204012230,UPCL,34,49,180,377.0,67860.0,2026-04-22,187512429,2810,Vision Securities Pvt. Ltd,Online Securities Pvt. Ltd.,2026-04-22 13:20:36.737845,UNIVERSAL POWER COMPANY LTD
2026042204012231,UPCL,34,17,136,378.0,51408.0,2026-04-22,187512431,2810,Vision Securities Pvt. Ltd,ABC Securities Private Limited,2026-04-22 13:20:36.737923,UNIVERSAL POWER COMPANY LTD
2026042204012232,UPCL,34,56,136,379.0,51544.0,2026-04-22,187512433,2810,Vision Securities Pvt. Ltd,Sri Hari Securities Pvt. Ltd.,2026-04-22 13:20:36.737990,UNIVERSAL POWER COMPANY LTD
2026042204012233,UPCL,34,62,494,379.9,187670.6,2026-04-22,187512436,2810,Vision Securities Pvt. Ltd,Capital Max Securities Ltd,2026-04-22 13:20:36.738050,UNIVERSAL POWER COMPANY LTD
2026042204012365,UPCL,56,11,9,373.0,3357.0,2026-04-22,187513589,2810,Sri Hari Securities Pvt. Ltd.,Malla & Malla Stock Broking Company Pvt. Limited,2026-04-22 13:22:15.067191,UNIVERSAL POWER COMPANY LTD
2026042204012410,UPCL,56,35,8,373.0,2984.0,2026-04-22,187514009,2810,Sri Hari Securities Pvt. Ltd.,Kohinoor Investment & Securities Pvt. Ltd.,2026-04-22 13:22:49.749461,UNIVERSAL POWER COMPANY LTD
2026042204012835,UPCL,45,36,74,376.0,27824.0,2026-04-22,187517822,2810,Imperial Securities Company Pvt. Ltd.,Secured Securities Ltd.,2026-04-22 13:27:53.293206,UNIVERSAL POWER COMPANY LTD
2026042204012921,UPCL,59,63,270,375.1,101277.0,2026-04-22,187518309,2810,Deevyaa Securities & Stock House Pvt. Ltd,Himalayan Brokerage Company Limited,2026-04-22 13:28:42.885451,UNIVERSAL POWER COMPANY LTD
2026042204013037,UPCL,16,36,100,376.0,37600.0,2026-04-22,187519312,2810,Primo Securities (PVT) Ltd.,Secured Securities Ltd.,2026-04-22 13:30:32.066505,UNIVERSAL POWER COMPANY LTD
2026042204013167,UPCL,44,36,626,376.0,235376.0,2026-04-22,187520824,2810,Dynamic Money Managers Securities Pvt. Ltd.,Secured Securities Ltd.,2026-04-22 13:32:55.953570,UNIVERSAL POWER COMPANY LTD
2026042204013168,UPCL,44,3,174,376.0,65424.0,2026-04-22,187520827,2810,Dynamic Money Managers Securities Pvt. Ltd.,Arun Securities (PVT) Ltd.,2026-04-22 13:32:55.953874,UNIVERSAL POWER COMPANY LTD
2026042204013229,UPCL,4,3,26,376.0,9776.0,2026-04-22,187521623,2810,Opal Securities Investment (PVT) Ltd.,Arun Securities (PVT) Ltd.,2026-04-22 13:34:09.652651,UNIVERSAL POWER COMPANY LTD
2026042204013441,UPCL,59,34,54,376.1,20309.4,2026-04-22,187523829,2810,Deevyaa Securities & Stock House Pvt. Ltd,Vision Securities Pvt. Ltd,2026-04-22 13:38:08.133156,UNIVERSAL POWER COMPANY LTD
2026042204013576,UPCL,58,33,68,376.2,25581.6,2026-04-22,187524996,2810,Naasa Securities Co. Ltd.,Dakshinkali Investment & Securities Pvt. Ltd.,2026-04-22 13:40:03.672826,UNIVERSAL POWER COMPANY LTD
2026042204013577,UPCL,59,33,476,376.1,179023.6,2026-04-22,187524998,2810,Deevyaa Securities & Stock House Pvt. Ltd,Dakshinkali Investment & Securities Pvt. Ltd.,2026-04-22 13:40:03.673343,UNIVERSAL POWER COMPANY LTD
2026042204013578,UPCL,4,33,24,376.0,9024.0,2026-04-22,187525000,2810,Opal Securities Investment (PVT) Ltd.,Dakshinkali Investment & Securities Pvt. Ltd.,2026-04-22 13:40:03.673684,UNIVERSAL POWER COMPANY LTD
2026042204013579,UPCL,17,33,10,376.0,3760.0,2026-04-22,187525002,2810,ABC Securities Private Limited,Dakshinkali Investment & Securities Pvt. Ltd.,2026-04-22 13:40:03.673984,UNIVERSAL POWER COMPANY LTD
2026042204013580,UPCL,19,33,26,376.0,9776.0,2026-04-22,187525004,2810,Nepal Investment And Securities Trading Private Limited,Dakshinkali Investment & Securities Pvt. Ltd.,2026-04-22 13:40:03.674288,UNIVERSAL POWER COMPANY LTD
2026042204013581,UPCL,45,33,52,375.2,19510.4,2026-04-22,187525006,2810,Imperial Securities Company Pvt. Ltd.,Dakshinkali Investment & Securities Pvt. Ltd.,2026-04-22 13:40:03.674607,UNIVERSAL POWER COMPANY LTD
2026042204013582,UPCL,40,33,1000,375.2,375200.0,2026-04-22,187525008,2810,Creative Securities Pvt Ltd,Dakshinkali Investment & Securities Pvt. Ltd.,2026-04-22 13:40:03.674905,UNIVERSAL POWER COMPANY LTD
2026042204013583,UPCL,62,33,1000,375.0,375000.0,2026-04-22,187525010,2810,Capital Max Securities Ltd,Dakshinkali Investment & Securities Pvt. Ltd.,2026-04-22 13:40:03.675194,UNIVERSAL POWER COMPANY LTD
2026042204013584,UPCL,58,33,65,375.0,24375.0,2026-04-22,187525012,2810,Naasa Securities Co. Ltd.,Dakshinkali Investment & Securities Pvt. Ltd.,2026-04-22 13:40:03.675503,UNIVERSAL POWER COMPANY LTD
2026042204013585,UPCL,58,33,75,375.0,28125.0,2026-04-22,187525014,2810,Naasa Securities Co. Ltd.,Dakshinkali Investment & Securities Pvt. Ltd.,2026-04-22 13:40:03.675799,UNIVERSAL POWER COMPANY LTD
2026042204013586,UPCL,39,33,100,375.0,37500.0,2026-04-22,187525016,2810,Sumeru Securities Pvt. Ltd.,Dakshinkali Investment & Securities Pvt. Ltd.,2026-04-22 13:40:03.676091,UNIVERSAL POWER COMPANY LTD
2026042204013796,UPCL,29,33,104,374.1,38906.4,2026-04-22,187527181,2810,Trisul Securities & Invt. Ltd.,Dakshinkali Investment & Securities Pvt. Ltd.,2026-04-22 13:43:59.204939,UNIVERSAL POWER COMPANY LTD
2026042204013799,UPCL,29,8,96,374.1,35913.6,2026-04-22,187527196,2810,Trisul Securities & Invt. Ltd.,Brilliant Securities Pvt. Ltd.,2026-04-22 13:44:01.583252,UNIVERSAL POWER COMPANY LTD
2026042204013800,UPCL,17,8,20,374.0,7480.0,2026-04-22,187527198,2810,ABC Securities Private Limited,Brilliant Securities Pvt. Ltd.,2026-04-22 13:44:01.583770,UNIVERSAL POWER COMPANY LTD
2026042204013801,UPCL,58,8,50,374.0,18700.0,2026-04-22,187527200,2810,Naasa Securities Co. Ltd.,Brilliant Securities Pvt. Ltd.,2026-04-22 13:44:01.584096,UNIVERSAL POWER COMPANY LTD
2026042204013802,UPCL,35,8,500,374.0,187000.0,2026-04-22,187527202,2810,Kohinoor Investment & Securities Pvt. Ltd.,Brilliant Securities Pvt. Ltd.,2026-04-22 13:44:01.584603,UNIVERSAL POWER COMPANY LTD
2026042204013803,UPCL,51,8,40,373.5,14940.0,2026-04-22,187527204,2810,Oxford Securities Pvt. Ltd.,Brilliant Securities Pvt. Ltd.,2026-04-22 13:44:01.584968,UNIVERSAL POWER COMPANY LTD
2026042204013804,UPCL,42,8,10,373.1,3731.0,2026-04-22,187527206,2810,Sani Securities Company Ltd.,Brilliant Securities Pvt. Ltd.,2026-04-22 13:44:01.585279,UNIVERSAL POWER COMPANY LTD
2026042204013805,UPCL,45,8,32,373.0,11936.0,2026-04-22,187527208,2810,Imperial Securities Company Pvt. Ltd.,Brilliant Securities Pvt. Ltd.,2026-04-22 13:44:01.585603,UNIVERSAL POWER COMPANY LTD
2026042204013806,UPCL,34,8,200,373.0,74600.0,2026-04-22,187527210,2810,Vision Securities Pvt. Ltd,Brilliant Securities Pvt. Ltd.,2026-04-22 13:44:01.585884,UNIVERSAL POWER COMPANY LTD
2026042204013807,UPCL,41,8,60,373.0,22380.0,2026-04-22,187527212,2810,Linch Stock Market Ltd.,Brilliant Securities Pvt. Ltd.,2026-04-22 13:44:01.586174,UNIVERSAL POWER COMPANY LTD
2026042204013808,UPCL,58,8,2774,373.0,1034702.0,2026-04-22,187527213,2810,Naasa Securities Co. Ltd.,Brilliant Securities Pvt. Ltd.,2026-04-22 13:44:01.586456,UNIVERSAL POWER COMPANY LTD
2026042204014153,UPCL,25,11,11,374.8,4122.8,2026-04-22,187531890,2810,Sweta Securities Private Limited,Malla & Malla Stock Broking Company Pvt. Limited,2026-04-22 13:52:39.552361,UNIVERSAL POWER COMPANY LTD
2026042204014391,UPCL,32,17,70,374.0,26180.0,2026-04-22,187533924,2810,Premier Securities Company Ltd.,ABC Securities Private Limited,2026-04-22 13:56:12.558094,UNIVERSAL POWER COMPANY LTD
2026042204014579,UPCL,26,49,50,374.0,18700.0,2026-04-22,187536098,2810,Asian Securities Private Ltd.,Online Securities Pvt. Ltd.,2026-04-22 13:59:49.553494,UNIVERSAL POWER COMPANY LTD
2026042204014580,UPCL,49,49,125,373.3,46662.5,2026-04-22,187536100,2810,Online Securities Pvt. Ltd.,Online Securities Pvt. Ltd.,2026-04-22 13:59:49.553985,UNIVERSAL POWER COMPANY LTD
2026042204014581,UPCL,49,49,555,373.2,207126.0,2026-04-22,187536101,2810,Online Securities Pvt. Ltd.,Online Securities Pvt. Ltd.,2026-04-22 13:59:49.554289,UNIVERSAL POWER COMPANY LTD
2026042204014583,UPCL,74,29,100,377.0,37700.0,2026-04-22,187536108,2810,KALASH STOCK MARKET PVT. LTD.,Trisul Securities & Invt. Ltd.,2026-04-22 13:59:50.559009,UNIVERSAL POWER COMPANY LTD
2026042204014695,UPCL,34,59,45,373.3,16798.5,2026-04-22,187537201,2810,Vision Securities Pvt. Ltd,Deevyaa Securities & Stock House Pvt. Ltd,2026-04-22 14:01:36.308559,UNIVERSAL POWER COMPANY LTD
2026042204015375,UPCL,58,13,30,374.3,11229.0,2026-04-22,187544848,2810,Naasa Securities Co. Ltd.,Thrive Brokerage House Pvt. Ltd,2026-04-22 14:14:18.689207,UNIVERSAL POWER COMPANY LTD
2026042204015376,UPCL,41,13,75,374.2,28065.0,2026-04-22,187544849,2810,Linch Stock Market Ltd.,Thrive Brokerage House Pvt. Ltd,2026-04-22 14:14:18.689590,UNIVERSAL POWER COMPANY LTD
2026042204015434,UPCL,34,29,900,377.0,339300.0,2026-04-22,187545493,2810,Vision Securities Pvt. Ltd,Trisul Securities & Invt. Ltd.,2026-04-22 14:15:20.678787,UNIVERSAL POWER COMPANY LTD
2026042204015435,UPCL,34,22,50,378.2,18910.0,2026-04-22,187545495,2810,Vision Securities Pvt. Ltd,Siprabi Securities Pvt. Ltd.,2026-04-22 14:15:20.678858,UNIVERSAL POWER COMPANY LTD
2026042204015436,UPCL,34,29,50,378.3,18915.0,2026-04-22,187545498,2810,Vision Securities Pvt. Ltd,Trisul Securities & Invt. Ltd.,2026-04-22 14:15:20.678882,UNIVERSAL POWER COMPANY LTD
2026042204015453,UPCL,74,29,200,378.3,75660.0,2026-04-22,187545740,2810,KALASH STOCK MARKET PVT. LTD.,Trisul Securities & Invt. Ltd.,2026-04-22 14:15:45.370905,UNIVERSAL POWER COMPANY LTD
2026042204015519,UPCL,45,29,50,378.3,18915.0,2026-04-22,187546768,2810,Imperial Securities Company Pvt. Ltd.,Trisul Securities & Invt. Ltd.,2026-04-22 14:16:59.668111,UNIVERSAL POWER COMPANY LTD
2026042204015671,UPCL,56,1,1,372.0,372.0,2026-04-22,187548571,2810,Sri Hari Securities Pvt. Ltd.,Kumari Securities Private Limited,2026-04-22 14:19:30.399750,UNIVERSAL POWER COMPANY LTD
2026042204015715,UPCL,58,39,58,375.3,21767.4,2026-04-22,187548839,2810,Naasa Securities Co. Ltd.,Sumeru Securities Pvt. Ltd.,2026-04-22 14:19:56.637352,UNIVERSAL POWER COMPANY LTD
2026042204015959,UPCL,29,1,100,375.4,37540.0,2026-04-22,187551225,2810,Trisul Securities & Invt. Ltd.,Kumari Securities Private Limited,2026-04-22 14:23:00.482044,UNIVERSAL POWER COMPANY LTD
2026042204016099,UPCL,54,10,200,375.3,75060.0,2026-04-22,187552769,2810,Sewa Securities Pvt. Ltd.,Pragyan Securities (PVT) Ltd.,2026-04-22 14:25:15.124737,UNIVERSAL POWER COMPANY LTD
2026042204016128,UPCL,44,14,10,377.0,3770.0,2026-04-22,187553103,2810,Dynamic Money Managers Securities Pvt. Ltd.,Nepal Stock House (PVT) Ltd.,2026-04-22 14:25:46.269149,UNIVERSAL POWER COMPANY LTD
2026042204016400,UPCL,34,33,10,375.0,3750.0,2026-04-22,187556442,2810,Vision Securities Pvt. Ltd,Dakshinkali Investment & Securities Pvt. Ltd.,2026-04-22 14:29:14.615900,UNIVERSAL POWER COMPANY LTD
2026042204016431,UPCL,40,33,100,375.0,37500.0,2026-04-22,187556886,2810,Creative Securities Pvt Ltd,Dakshinkali Investment & Securities Pvt. Ltd.,2026-04-22 14:29:53.713919,UNIVERSAL POWER COMPANY LTD
2026042204016751,UPCL,50,66,200,375.5,75100.0,2026-04-22,187560136,2810,Cristal Kanchanjanga Securites Pvt. Ltd.,Miyo Securities Pvt Ltd,2026-04-22 14:33:40.888909,UNIVERSAL POWER COMPANY LTD
2026042204016758,UPCL,32,66,200,375.5,75100.0,2026-04-22,187560227,2810,Premier Securities Company Ltd.,Miyo Securities Pvt Ltd,2026-04-22 14:33:45.994574,UNIVERSAL POWER COMPANY LTD
2026042204016772,UPCL,32,10,200,376.0,75200.0,2026-04-22,187560537,2810,Premier Securities Company Ltd.,Pragyan Securities (PVT) Ltd.,2026-04-22 14:33:58.165099,UNIVERSAL POWER COMPANY LTD
2026042204016827,UPCL,34,33,100,377.0,37700.0,2026-04-22,187561095,2810,Vision Securities Pvt. Ltd,Dakshinkali Investment & Securities Pvt. Ltd.,2026-04-22 14:34:17.864045,UNIVERSAL POWER COMPANY LTD
2026042204016828,UPCL,34,59,50,378.0,18900.0,2026-04-22,187561097,2810,Vision Securities Pvt. Ltd,Deevyaa Securities & Stock House Pvt. Ltd,2026-04-22 14:34:17.864144,UNIVERSAL POWER COMPANY LTD
2026042204016829,UPCL,34,57,386,378.0,145908.0,2026-04-22,187561099,2810,Vision Securities Pvt. Ltd,Aryatara Investment & Securities,2026-04-22 14:34:17.864251,UNIVERSAL POWER COMPANY LTD
2026042204016830,UPCL,34,59,50,378.2,18910.0,2026-04-22,187561101,2810,Vision Securities Pvt. Ltd,Deevyaa Securities & Stock House Pvt. Ltd,2026-04-22 14:34:17.864382,UNIVERSAL POWER COMPANY LTD
2026042204016831,UPCL,34,29,414,378.3,156616.2,2026-04-22,187561104,2810,Vision Securities Pvt. Ltd,Trisul Securities & Invt. Ltd.,2026-04-22 14:34:17.864449,UNIVERSAL POWER COMPANY LTD
2026042204016871,UPCL,34,29,286,378.3,108193.8,2026-04-22,187561497,2810,Vision Securities Pvt. Ltd,Trisul Securities & Invt. Ltd.,2026-04-22 14:34:39.304363,UNIVERSAL POWER COMPANY LTD
2026042204016872,UPCL,34,57,100,378.5,37850.0,2026-04-22,187561499,2810,Vision Securities Pvt. Ltd,Aryatara Investment & Securities,2026-04-22 14:34:39.304429,UNIVERSAL POWER COMPANY LTD
2026042204016873,UPCL,34,52,500,378.9,189450.0,2026-04-22,187561501,2810,Vision Securities Pvt. Ltd,Sundhara Securities Limited,2026-04-22 14:34:39.304456,UNIVERSAL POWER COMPANY LTD
2026042204016874,UPCL,34,94,114,379.0,43206.0,2026-04-22,187561504,2810,Vision Securities Pvt. Ltd,K.B.L. Securities Limited ,2026-04-22 14:34:39.304484,UNIVERSAL POWER COMPANY LTD
2026042204016885,UPCL,60,94,636,379.0,241044.0,2026-04-22,187561665,2810,Nagarik Stock Dealer ,K.B.L. Securities Limited ,2026-04-22 14:34:45.975461,UNIVERSAL POWER COMPANY LTD
2026042204016886,UPCL,60,53,100,379.0,37900.0,2026-04-22,187561667,2810,Nagarik Stock Dealer ,Investment Management Nepal Pvt. Ltd.,2026-04-22 14:34:45.976017,UNIVERSAL POWER COMPANY LTD
2026042204016887,UPCL,60,22,50,379.8,18990.0,2026-04-22,187561669,2810,Nagarik Stock Dealer ,Siprabi Securities Pvt. Ltd.,2026-04-22 14:34:45.976527,UNIVERSAL POWER COMPANY LTD
2026042204016888,UPCL,60,33,1000,379.9,379900.0,2026-04-22,187561671,2810,Nagarik Stock Dealer ,Dakshinkali Investment & Securities Pvt. Ltd.,2026-04-22 14:34:45.976943,UNIVERSAL POWER COMPANY LTD
2026042204016889,UPCL,60,48,25,380.0,9500.0,2026-04-22,187561673,2810,Nagarik Stock Dealer ,Trishakti Securities Public Limited,2026-04-22 14:34:45.977343,UNIVERSAL POWER COMPANY LTD
2026042204016890,UPCL,60,21,100,380.0,38000.0,2026-04-22,187561675,2810,Nagarik Stock Dealer ,Midas Stock Broking Company Private Limited,2026-04-22 14:34:45.977821,UNIVERSAL POWER COMPANY LTD
2026042204016891,UPCL,60,34,100,380.0,38000.0,2026-04-22,187561677,2810,Nagarik Stock Dealer ,Vision Securities Pvt. Ltd,2026-04-22 14:34:45.978254,UNIVERSAL POWER COMPANY LTD
2026042204016892,UPCL,60,81,1006,380.0,382280.0,2026-04-22,187561679,2810,Nagarik Stock Dealer ,Aakashbhairab Securities Ltd.,2026-04-22 14:34:45.978736,UNIVERSAL POWER COMPANY LTD
2026042204016893,UPCL,60,7,760,380.0,288800.0,2026-04-22,187561681,2810,Nagarik Stock Dealer ,J.F. Securites (PVT) Ltd.,2026-04-22 14:34:45.979119,UNIVERSAL POWER COMPANY LTD
2026042204016894,UPCL,60,38,500,380.0,190000.0,2026-04-22,187561683,2810,Nagarik Stock Dealer ,Dipshikha Dhitopatra Karobar Co. Pvt Ltd.,2026-04-22 14:34:45.979615,UNIVERSAL POWER COMPANY LTD
2026042204016895,UPCL,60,33,100,380.0,38000.0,2026-04-22,187561685,2810,Nagarik Stock Dealer ,Dakshinkali Investment & Securities Pvt. Ltd.,2026-04-22 14:34:45.979984,UNIVERSAL POWER COMPANY LTD
2026042204016896,UPCL,60,33,500,380.0,190000.0,2026-04-22,187561687,2810,Nagarik Stock Dealer ,Dakshinkali Investment & Securities Pvt. Ltd.,2026-04-22 14:34:45.980404,UNIVERSAL POWER COMPANY LTD
2026042204016897,UPCL,60,13,25,380.0,9500.0,2026-04-22,187561689,2810,Nagarik Stock Dealer ,Thrive Brokerage House Pvt. Ltd,2026-04-22 14:34:45.980785,UNIVERSAL POWER COMPANY LTD
2026042204017073,UPCL,29,22,10,381.9,3819.0,2026-04-22,187562984,2810,Trisul Securities & Invt. Ltd.,Siprabi Securities Pvt. Ltd.,2026-04-22 14:36:12.461157,UNIVERSAL POWER COMPANY LTD
2026042204017074,UPCL,29,17,490,382.0,187180.0,2026-04-22,187562987,2810,Trisul Securities & Invt. Ltd.,ABC Securities Private Limited,2026-04-22 14:36:12.461680,UNIVERSAL POWER COMPANY LTD
2026042204018313,UPCL,57,10,200,381.0,76200.0,2026-04-22,187571000,2810,Aryatara Investment & Securities,Pragyan Securities (PVT) Ltd.,2026-04-22 14:41:00.094612,UNIVERSAL POWER COMPANY LTD
2026042204018651,UPCL,56,39,3,374.0,1122.0,2026-04-22,187574335,2810,Sri Hari Securities Pvt. Ltd.,Sumeru Securities Pvt. Ltd.,2026-04-22 14:42:09.946564,UNIVERSAL POWER COMPANY LTD
2026042204019027,UPCL,42,10,300,381.0,114300.0,2026-04-22,187577872,2810,Sani Securities Company Ltd.,Pragyan Securities (PVT) Ltd.,2026-04-22 14:43:42.146088,UNIVERSAL POWER COMPANY LTD
2026042204019028,UPCL,42,17,200,382.0,76400.0,2026-04-22,187577876,2810,Sani Securities Company Ltd.,ABC Securities Private Limited,2026-04-22 14:43:42.146126,UNIVERSAL POWER COMPANY LTD
2026042204019108,UPCL,44,17,90,382.0,34380.0,2026-04-22,187578732,2810,Dynamic Money Managers Securities Pvt. Ltd.,ABC Securities Private Limited,2026-04-22 14:44:03.651911,UNIVERSAL POWER COMPANY LTD
2026042204019117,UPCL,49,17,220,382.0,84040.0,2026-04-22,187578843,2810,Online Securities Pvt. Ltd.,ABC Securities Private Limited,2026-04-22 14:44:07.105558,UNIVERSAL POWER COMPANY LTD
2026042204019118,UPCL,49,58,100,382.0,38200.0,2026-04-22,187578845,2810,Online Securities Pvt. Ltd.,Naasa Securities Co. Ltd.,2026-04-22 14:44:07.106054,UNIVERSAL POWER COMPANY LTD
2026042204019175,UPCL,44,64,500,383.0,191500.0,2026-04-22,187579479,2810,Dynamic Money Managers Securities Pvt. Ltd.,SUN SECURITIES PVT LTD,2026-04-22 14:44:21.583939,UNIVERSAL POWER COMPANY LTD
2026042204019176,UPCL,44,3,700,383.0,268100.0,2026-04-22,187579482,2810,Dynamic Money Managers Securities Pvt. Ltd.,Arun Securities (PVT) Ltd.,2026-04-22 14:44:21.584197,UNIVERSAL POWER COMPANY LTD
2026042204019190,UPCL,44,3,100,383.0,38300.0,2026-04-22,187579568,2810,Dynamic Money Managers Securities Pvt. Ltd.,Arun Securities (PVT) Ltd.,2026-04-22 14:44:24.560894,UNIVERSAL POWER COMPANY LTD
2026042204019249,UPCL,49,85,2910,382.0,1111620.0,2026-04-22,187579911,2810,Online Securities Pvt. Ltd.,Capital Hub P. Ltd,2026-04-22 14:44:33.397490,UNIVERSAL POWER COMPANY LTD
2026042204019325,UPCL,45,3,1000,383.0,383000.0,2026-04-22,187581148,2810,Imperial Securities Company Pvt. Ltd.,Arun Securities (PVT) Ltd.,2026-04-22 14:44:51.943847,UNIVERSAL POWER COMPANY LTD
2026042204019500,UPCL,58,62,300,384.0,115200.0,2026-04-22,187582941,2810,Naasa Securities Co. Ltd.,Capital Max Securities Ltd,2026-04-22 14:45:31.296475,UNIVERSAL POWER COMPANY LTD
2026042204019501,UPCL,58,32,25,384.0,9600.0,2026-04-22,187582943,2810,Naasa Securities Co. Ltd.,Premier Securities Company Ltd.,2026-04-22 14:45:31.296744,UNIVERSAL POWER COMPANY LTD
2026042204019502,UPCL,58,4,167,384.0,64128.0,2026-04-22,187582945,2810,Naasa Securities Co. Ltd.,Opal Securities Investment (PVT) Ltd.,2026-04-22 14:45:31.296867,UNIVERSAL POWER COMPANY LTD
2026042204019503,UPCL,58,26,58,384.0,22272.0,2026-04-22,187582948,2810,Naasa Securities Co. Ltd.,Asian Securities Private Ltd.,2026-04-22 14:45:31.296977,UNIVERSAL POWER COMPANY LTD
2026042204019552,UPCL,57,49,110,383.9,42229.0,2026-04-22,187583414,2810,Aryatara Investment & Securities,Online Securities Pvt. Ltd.,2026-04-22 14:45:46.008562,UNIVERSAL POWER COMPANY LTD
2026042204019896,UPCL,29,17,200,383.5,76700.0,2026-04-22,187586104,2810,Trisul Securities & Invt. Ltd.,ABC Securities Private Limited,2026-04-22 14:46:58.090047,UNIVERSAL POWER COMPANY LTD
2026042204019904,UPCL,58,17,400,383.5,153400.0,2026-04-22,187586202,2810,Naasa Securities Co. Ltd.,ABC Securities Private Limited,2026-04-22 14:47:00.664549,UNIVERSAL POWER COMPANY LTD
2026042204019915,UPCL,56,17,10,383.5,3835.0,2026-04-22,187586276,2810,Sri Hari Securities Pvt. Ltd.,ABC Securities Private Limited,2026-04-22 14:47:03.567362,UNIVERSAL POWER COMPANY LTD
2026042204019975,UPCL,42,25,200,383.0,76600.0,2026-04-22,187586737,2810,Sani Securities Company Ltd.,Sweta Securities Private Limited,2026-04-22 14:47:16.772679,UNIVERSAL POWER COMPANY LTD
2026042204020006,UPCL,62,17,146,383.5,55991.0,2026-04-22,187586976,2810,Capital Max Securities Ltd,ABC Securities Private Limited,2026-04-22 14:47:23.647393,UNIVERSAL POWER COMPANY LTD
2026042204020051,UPCL,49,45,50,381.0,19050.0,2026-04-22,187587423,2810,Online Securities Pvt. Ltd.,Imperial Securities Company Pvt. Ltd.,2026-04-22 14:47:35.048124,UNIVERSAL POWER COMPANY LTD
2026042204020343,UPCL,29,29,100,383.0,38300.0,2026-04-22,187590290,2810,Trisul Securities & Invt. Ltd.,Trisul Securities & Invt. Ltd.,2026-04-22 14:48:57.654188,UNIVERSAL POWER COMPANY LTD
2026042204020396,UPCL,1,45,20,382.0,7640.0,2026-04-22,187590672,2810,Kumari Securities Private Limited,Imperial Securities Company Pvt. Ltd.,2026-04-22 14:49:08.770275,UNIVERSAL POWER COMPANY LTD
2026042204020443,UPCL,43,17,244,383.5,93574.0,2026-04-22,187590903,2810,South Asian Bulls Pvt. Ltd.,ABC Securities Private Limited,2026-04-22 14:49:16.022702,UNIVERSAL POWER COMPANY LTD
2026042204020444,UPCL,43,26,42,384.0,16128.0,2026-04-22,187590905,2810,South Asian Bulls Pvt. Ltd.,Asian Securities Private Ltd.,2026-04-22 14:49:16.022964,UNIVERSAL POWER COMPANY LTD
2026042204020686,UPCL,6,45,20,384.1,7682.0,2026-04-22,187592464,2810,Agrawal Securities (PVT) Ltd.,Imperial Securities Company Pvt. Ltd.,2026-04-22 14:50:08.131915,UNIVERSAL POWER COMPANY LTD
2026042204020717,UPCL,6,95,49,384.1,18820.9,2026-04-22,187592716,2810,Agrawal Securities (PVT) Ltd.,Magnet Securities and Investment Company Private Limited,2026-04-22 14:50:17.935882,UNIVERSAL POWER COMPANY LTD
2026042204020718,UPCL,43,95,451,384.0,173184.0,2026-04-22,187592717,2810,South Asian Bulls Pvt. Ltd.,Magnet Securities and Investment Company Private Limited,2026-04-22 14:50:17.936151,UNIVERSAL POWER COMPANY LTD
2026042204020789,UPCL,43,32,2000,384.0,768000.0,2026-04-22,187593329,2810,South Asian Bulls Pvt. Ltd.,Premier Securities Company Ltd.,2026-04-22 14:50:42.302885,UNIVERSAL POWER COMPANY LTD
2026042204020790,UPCL,41,39,50,384.8,19240.0,2026-04-22,187593374,2810,Linch Stock Market Ltd.,Sumeru Securities Pvt. Ltd.,2026-04-22 14:50:43.540583,UNIVERSAL POWER COMPANY LTD
2026042204021089,UPCL,43,49,763,384.0,292992.0,2026-04-22,187596214,2810,South Asian Bulls Pvt. Ltd.,Online Securities Pvt. Ltd.,2026-04-22 14:52:15.750078,UNIVERSAL POWER COMPANY LTD
2026042204021090,UPCL,8,49,127,384.0,48768.0,2026-04-22,187596215,2810,Brilliant Securities Pvt. Ltd.,Online Securities Pvt. Ltd.,2026-04-22 14:52:15.750595,UNIVERSAL POWER COMPANY LTD
2026042204021172,UPCL,8,62,273,385.0,105105.0,2026-04-22,187596652,2810,Brilliant Securities Pvt. Ltd.,Capital Max Securities Ltd,2026-04-22 14:52:34.120653,UNIVERSAL POWER COMPANY LTD
2026042204021293,UPCL,5,62,10,385.0,3850.0,2026-04-22,187597740,2810,Market Securities & Exchange (PVT) Ltd.,Capital Max Securities Ltd,2026-04-22 14:53:10.422085,UNIVERSAL POWER COMPANY LTD
2026042204021430,UPCL,49,39,200,384.0,76800.0,2026-04-22,187598722,2810,Online Securities Pvt. Ltd.,Sumeru Securities Pvt. Ltd.,2026-04-22 14:53:46.606265,UNIVERSAL POWER COMPANY LTD
2026042204021603,UPCL,38,39,25,384.0,9600.0,2026-04-22,187600238,2810,Dipshikha Dhitopatra Karobar Co. Pvt Ltd.,Sumeru Securities Pvt. Ltd.,2026-04-22 14:54:42.236885,UNIVERSAL POWER COMPANY LTD
2026042204021990,UPCL,1,74,30,382.0,11460.0,2026-04-22,187602426,2810,Kumari Securities Private Limited,KALASH STOCK MARKET PVT. LTD.,2026-04-22 14:55:40.730922,UNIVERSAL POWER COMPANY LTD
2026042204021991,UPCL,50,74,130,382.0,49660.0,2026-04-22,187602428,2810,Cristal Kanchanjanga Securites Pvt. Ltd.,KALASH STOCK MARKET PVT. LTD.,2026-04-22 14:55:40.731208,UNIVERSAL POWER COMPANY LTD
2026042204021992,UPCL,41,74,90,382.0,34380.0,2026-04-22,187602429,2810,Linch Stock Market Ltd.,KALASH STOCK MARKET PVT. LTD.,2026-04-22 14:55:40.731340,UNIVERSAL POWER COMPANY LTD
2026042204022022,UPCL,91,45,10,383.0,3830.0,2026-04-22,187602547,2810,Citizens Share Broker Limited,Imperial Securities Company Pvt. Ltd.,2026-04-22 14:55:44.125916,UNIVERSAL POWER COMPANY LTD
2026042204022095,UPCL,91,39,240,383.0,91920.0,2026-04-22,187603018,2810,Citizens Share Broker Limited,Sumeru Securities Pvt. Ltd.,2026-04-22 14:55:56.807921,UNIVERSAL POWER COMPANY LTD
2026042204022227,UPCL,41,53,14,382.0,5348.0,2026-04-22,187604026,2810,Linch Stock Market Ltd.,Investment Management Nepal Pvt. Ltd.,2026-04-22 14:56:21.981045,UNIVERSAL POWER COMPANY LTD
2026042204022228,UPCL,56,53,100,382.0,38200.0,2026-04-22,187604028,2810,Sri Hari Securities Pvt. Ltd.,Investment Management Nepal Pvt. Ltd.,2026-04-22 14:56:21.981596,UNIVERSAL POWER COMPANY LTD
2026042204022229,UPCL,5,53,30,382.0,11460.0,2026-04-22,187604030,2810,Market Securities & Exchange (PVT) Ltd.,Investment Management Nepal Pvt. Ltd.,2026-04-22 14:56:21.981994,UNIVERSAL POWER COMPANY LTD
2026042204022273,UPCL,16,32,500,381.1,190550.0,2026-04-22,187604364,2810,Primo Securities (PVT) Ltd.,Premier Securities Company Ltd.,2026-04-22 14:56:31.216564,UNIVERSAL POWER COMPANY LTD
2026042204022274,UPCL,60,32,1500,381.1,571650.0,2026-04-22,187604365,2810,Nagarik Stock Dealer ,Premier Securities Company Ltd.,2026-04-22 14:56:31.216612,UNIVERSAL POWER COMPANY LTD
2026042204022297,UPCL,60,53,356,381.1,135671.6,2026-04-22,187604585,2810,Nagarik Stock Dealer ,Investment Management Nepal Pvt. Ltd.,2026-04-22 14:56:37.181788,UNIVERSAL POWER COMPANY LTD
2026042204022358,UPCL,49,35,67,381.0,25527.0,2026-04-22,187605007,2810,Online Securities Pvt. Ltd.,Kohinoor Investment & Securities Pvt. Ltd.,2026-04-22 14:56:48.869050,UNIVERSAL POWER COMPANY LTD
2026042204022394,UPCL,49,45,10,381.0,3810.0,2026-04-22,187605195,2810,Online Securities Pvt. Ltd.,Imperial Securities Company Pvt. Ltd.,2026-04-22 14:56:53.637067,UNIVERSAL POWER COMPANY LTD
2026042204022486,UPCL,49,38,1200,381.0,457200.0,2026-04-22,187605907,2810,Online Securities Pvt. Ltd.,Dipshikha Dhitopatra Karobar Co. Pvt Ltd.,2026-04-22 14:57:10.976419,UNIVERSAL POWER COMPANY LTD
2026042204022504,UPCL,29,8,100,382.0,38200.0,2026-04-22,187606086,2810,Trisul Securities & Invt. Ltd.,Brilliant Securities Pvt. Ltd.,2026-04-22 14:57:15.115213,UNIVERSAL POWER COMPANY LTD
2026042204022533,UPCL,49,39,1000,381.0,381000.0,2026-04-22,187606341,2810,Online Securities Pvt. Ltd.,Sumeru Securities Pvt. Ltd.,2026-04-22 14:57:21.433987,UNIVERSAL POWER COMPANY LTD
2026042204022653,UPCL,17,45,10,381.0,3810.0,2026-04-22,187607743,2810,ABC Securities Private Limited,Imperial Securities Company Pvt. Ltd.,2026-04-22 14:57:46.886116,UNIVERSAL POWER COMPANY LTD
2026042204022677,UPCL,17,35,290,381.0,110490.0,2026-04-22,187607903,2810,ABC Securities Private Limited,Kohinoor Investment & Securities Pvt. Ltd.,2026-04-22 14:57:50.578338,UNIVERSAL POWER COMPANY LTD
2026042204022678,UPCL,34,35,10,381.0,3810.0,2026-04-22,187607905,2810,Vision Securities Pvt. Ltd,Kohinoor Investment & Securities Pvt. Ltd.,2026-04-22 14:57:50.578601,UNIVERSAL POWER COMPANY LTD
2026042204022686,UPCL,45,35,20,381.0,7620.0,2026-04-22,187608029,2810,Imperial Securities Company Pvt. Ltd.,Kohinoor Investment & Securities Pvt. Ltd.,2026-04-22 14:57:52.284180,UNIVERSAL POWER COMPANY LTD
2026042204022790,UPCL,34,35,180,381.0,68580.0,2026-04-22,187608633,2810,Vision Securities Pvt. Ltd,Kohinoor Investment & Securities Pvt. Ltd.,2026-04-22 14:58:05.696223,UNIVERSAL POWER COMPANY LTD
2026042204022791,UPCL,34,8,20,382.0,7640.0,2026-04-22,187608635,2810,Vision Securities Pvt. Ltd,Brilliant Securities Pvt. Ltd.,2026-04-22 14:58:05.696275,UNIVERSAL POWER COMPANY LTD
2026042204022792,UPCL,34,49,125,382.9,47862.5,2026-04-22,187608637,2810,Vision Securities Pvt. Ltd,Online Securities Pvt. Ltd.,2026-04-22 14:58:05.696317,UNIVERSAL POWER COMPANY LTD
2026042204022793,UPCL,34,41,10,383.0,3830.0,2026-04-22,187608639,2810,Vision Securities Pvt. Ltd,Linch Stock Market Ltd.,2026-04-22 14:58:05.696343,UNIVERSAL POWER COMPANY LTD
2026042204022794,UPCL,34,39,10,383.9,3839.0,2026-04-22,187608641,2810,Vision Securities Pvt. Ltd,Sumeru Securities Pvt. Ltd.,2026-04-22 14:58:05.696386,UNIVERSAL POWER COMPANY LTD
2026042204022795,UPCL,34,32,155,384.0,59520.0,2026-04-22,187608644,2810,Vision Securities Pvt. Ltd,Premier Securities Company Ltd.,2026-04-22 14:58:05.696411,UNIVERSAL POWER COMPANY LTD
2026042204022872,UPCL,32,32,145,384.0,55680.0,2026-04-22,187609181,2810,Premier Securities Company Ltd.,Premier Securities Company Ltd.,2026-04-22 14:58:19.887062,UNIVERSAL POWER COMPANY LTD
2026042204022873,UPCL,32,39,20,384.4,7688.0,2026-04-22,187609183,2810,Premier Securities Company Ltd.,Sumeru Securities Pvt. Ltd.,2026-04-22 14:58:19.887116,UNIVERSAL POWER COMPANY LTD
2026042204022874,UPCL,32,39,335,384.5,128807.5,2026-04-22,187609186,2810,Premier Securities Company Ltd.,Sumeru Securities Pvt. Ltd.,2026-04-22 14:58:19.887146,UNIVERSAL POWER COMPANY LTD
2026042204023104,UPCL,32,50,20,382.0,7640.0,2026-04-22,187611284,2810,Premier Securities Company Ltd.,Cristal Kanchanjanga Securites Pvt. Ltd.,2026-04-22 14:59:04.580550,UNIVERSAL POWER COMPANY LTD
2026042204023105,UPCL,45,50,80,382.0,30560.0,2026-04-22,187611285,2810,Imperial Securities Company Pvt. Ltd.,Cristal Kanchanjanga Securites Pvt. Ltd.,2026-04-22 14:59:04.581033,UNIVERSAL POWER COMPANY LTD
2026042204023419,UPCL,85,56,10,383.9,3839.0,2026-04-22,187613668,2810,Capital Hub P. Ltd,Sri Hari Securities Pvt. Ltd.,2026-04-22 14:59:51.676406,UNIVERSAL POWER COMPANY LTD
2026042204023455,UPCL,45,52,220,382.0,84040.0,2026-04-22,187613936,2810,Imperial Securities Company Pvt. Ltd.,Sundhara Securities Limited,2026-04-22 14:59:54.934853,UNIVERSAL POWER COMPANY LTD
2026042204023481,UPCL,60,56,10,383.9,3839.0,2026-04-22,187614060,2810,Nagarik Stock Dealer ,Sri Hari Securities Pvt. Ltd.,2026-04-22 14:59:56.717988,UNIVERSAL POWER COMPANY LTD
2026042204023515,UPCL,34,56,80,383.9,30712.0,2026-04-22,187614449,2810,Vision Securities Pvt. Ltd,Sri Hari Securities Pvt. Ltd.,2026-04-22 14:59:58.240045,UNIVERSAL POWER COMPANY LTD
2026042204023516,UPCL,34,3,200,383.9,76780.0,2026-04-22,187614453,2810,Vision Securities Pvt. Ltd,Arun Securities (PVT) Ltd.,2026-04-22 14:59:58.240096,UNIVERSAL POWER COMPANY LTD
2026042204023517,UPCL,34,34,500,384.0,192000.0,2026-04-22,187614457,2810,Vision Securities Pvt. Ltd,Vision Securities Pvt. Ltd,2026-04-22 14:59:58.240125,UNIVERSAL POWER COMPANY LTD
2026042204023518,UPCL,34,21,800,384.0,307200.0,2026-04-22,187614461,2810,Vision Securities Pvt. Ltd,Midas Stock Broking Company Private Limited,2026-04-22 14:59:58.240161,UNIVERSAL POWER COMPANY LTD
2026042204023519,UPCL,34,57,150,384.0,57600.0,2026-04-22,187614465,2810,Vision Securities Pvt. Ltd,Aryatara Investment & Securities,2026-04-22 14:59:58.240186,UNIVERSAL POWER COMPANY LTD
2026042204023520,UPCL,34,39,1300,384.5,499850.0,2026-04-22,187614469,2810,Vision Securities Pvt. Ltd,Sumeru Securities Pvt. Ltd.,2026-04-22 14:59:58.240226,UNIVERSAL POWER COMPANY LTD
2026042204023521,UPCL,34,25,500,384.5,192250.0,2026-04-22,187614473,2810,Vision Securities Pvt. Ltd,Sweta Securities Private Limited,2026-04-22 14:59:58.240250,UNIVERSAL POWER COMPANY LTD
2026042204023522,UPCL,34,62,17,385.0,6545.0,2026-04-22,187614477,2810,Vision Securities Pvt. Ltd,Capital Max Securities Ltd,2026-04-22 14:59:58.240273,UNIVERSAL POWER COMPANY LTD
2026042204023523,UPCL,34,34,58,385.0,22330.0,2026-04-22,187614481,2810,Vision Securities Pvt. Ltd,Vision Securities Pvt. Ltd,2026-04-22 14:59:58.240299,UNIVERSAL POWER COMPANY LTD
2026042204023524,UPCL,34,49,427,385.0,164395.0,2026-04-22,187614485,2810,Vision Securities Pvt. Ltd,Online Securities Pvt. Ltd.,2026-04-22 14:59:58.240329,UNIVERSAL POWER COMPANY LTD
2026042204023525,UPCL,34,70,240,385.0,92400.0,2026-04-22,187614489,2810,Vision Securities Pvt. Ltd,Infinity Securities Limited,2026-04-22 14:59:58.240354,UNIVERSAL POWER COMPANY LTD
2026042204023526,UPCL,34,57,728,385.0,280280.0,2026-04-22,187614495,2810,Vision Securities Pvt. Ltd,Aryatara Investment & Securities,2026-04-22 14:59:58.240378,UNIVERSAL POWER COMPANY LTD
