Date,S.N.,Contract ID,Symbol,Buyer Broker,Seller Broker,quantity,rate,amount,transaction_time
2025-07-21,138798,2025072104000005,API,Cristal Kanchanjanga Securites Pvt. Ltd.,Aryatara Investment & Securities,20,303.33,6066.6,2025-07-21 10:46:00.039370
2025-07-21,138175,2025072104000290,API,Cristal Kanchanjanga Securites Pvt. Ltd.,Sani Securities Company Ltd.,30,304.0,9120.0,2025-07-21 11:01:26.121805
2025-07-21,138105,2025072104000337,API,Cristal Kanchanjanga Securites Pvt. Ltd.,Aryatara Investment & Securities,500,304.0,152000.0,2025-07-21 11:01:37.650263
2025-07-21,137999,2025072104000399,API,Online Securities Pvt. Ltd.,Sri Hari Securities Pvt. Ltd.,119,307.0,36533.0,2025-07-21 11:01:52.042876
2025-07-21,137998,2025072104000400,API,Online Securities Pvt. Ltd.,Bhrikuti Stock Broking Co. Pvt. Ltd.,181,307.0,55567.0,2025-07-21 11:01:52.042944
2025-07-21,137890,2025072104000428,API,Cristal Kanchanjanga Securites Pvt. Ltd.,Opal Securities Investment (PVT) Ltd.,450,304.0,136800.0,2025-07-21 11:02:02.232167
2025-07-21,137485,2025072104000608,API,Sumeru Securities Pvt. Ltd.,Premier Securities Company Ltd.,105,304.0,31920.0,2025-07-21 11:02:52.275939
2025-07-21,137463,2025072104000614,API,Sumeru Securities Pvt. Ltd.,Nagarik Stock Dealer ,50,304.0,15200.0,2025-07-21 11:02:55.343032
2025-07-21,137167,2025072104000740,API,Opal Securities Investment (PVT) Ltd.,Deevyaa Securities & Stock House Pvt. Ltd,657,303.0,199071.0,2025-07-21 11:03:27.973323
2025-07-21,137166,2025072104000741,API,Naasa Securities Co. Ltd.,Deevyaa Securities & Stock House Pvt. Ltd,300,303.0,90900.0,2025-07-21 11:03:27.973413
2025-07-21,137058,2025072104000788,API,Sumeru Securities Pvt. Ltd.,Deevyaa Securities & Stock House Pvt. Ltd,250,303.0,75750.0,2025-07-21 11:03:42.606022
2025-07-21,136438,2025072104001044,API,Siprabi Securities Pvt. Ltd.,Deevyaa Securities & Stock House Pvt. Ltd,130,303.0,39390.0,2025-07-21 11:04:49.823666
2025-07-21,134796,2025072104001645,API,Imperial Securities Company Pvt. Ltd.,S.P.S.A. Securities Limited,350,301.0,105350.0,2025-07-21 11:07:18.641866
2025-07-21,134795,2025072104001646,API,Online Securities Pvt. Ltd.,S.P.S.A. Securities Limited,49,301.0,14749.0,2025-07-21 11:07:18.641961
2025-07-21,134618,2025072104001728,API,Dipshikha Dhitopatra Karobar Co. Pvt Ltd.,Premier Securities Company Ltd.,100,300.5,30050.0,2025-07-21 11:07:30.382574
2025-07-21,134585,2025072104001735,API,Dipshikha Dhitopatra Karobar Co. Pvt Ltd.,Trishakti Securities Public Limited,150,300.5,45075.0,2025-07-21 11:07:33.731156
2025-07-21,134401,2025072104001783,API,Dipshikha Dhitopatra Karobar Co. Pvt Ltd.,Asian Securities Private Ltd.,50,300.5,15025.0,2025-07-21 11:07:48.728255
2025-07-21,134341,2025072104001803,API,Dipshikha Dhitopatra Karobar Co. Pvt Ltd.,Linch Stock Market Ltd.,122,300.5,36661.0,2025-07-21 11:07:55.159085
2025-07-21,134308,2025072104001824,API,Dipshikha Dhitopatra Karobar Co. Pvt Ltd.,Online Securities Pvt. Ltd.,350,300.5,105175.0,2025-07-21 11:07:57.941548
2025-07-21,134016,2025072104001904,API,Dipshikha Dhitopatra Karobar Co. Pvt Ltd.,Nepal Stock House (PVT) Ltd.,60,300.6,18036.0,2025-07-21 11:08:23.831385
2025-07-21,133424,2025072104002081,API,Shree Krishna Securities Ltd.,Investment Management Nepal Pvt. Ltd.,1000,301.0,301000.0,2025-07-21 11:09:19.104639
2025-07-21,133423,2025072104002082,API,Shree Krishna Securities Ltd.,Naasa Securities Co. Ltd.,221,301.0,66521.0,2025-07-21 11:09:19.104777
2025-07-21,132700,2025072104002291,API,Dipshikha Dhitopatra Karobar Co. Pvt Ltd.,Trisul Securities & Invt. Ltd.,100,302.0,30200.0,2025-07-21 11:10:22.386006
2025-07-21,132699,2025072104002292,API,Dipshikha Dhitopatra Karobar Co. Pvt Ltd.,Imperial Securities Company Pvt. Ltd.,280,302.0,84560.0,2025-07-21 11:10:22.386140
2025-07-21,132698,2025072104002293,API,Dipshikha Dhitopatra Karobar Co. Pvt Ltd.,Online Securities Pvt. Ltd.,13,302.0,3926.0,2025-07-21 11:10:22.386196
2025-07-21,132655,2025072104002303,API,Shree Krishna Securities Ltd.,Kalika Securities Pvt. Ltd.,52,302.9,15750.8,2025-07-21 11:10:27.586549
2025-07-21,132654,2025072104002304,API,Shree Krishna Securities Ltd.,Naasa Securities Co. Ltd.,536,302.9,162354.4,2025-07-21 11:10:27.586689
2025-07-21,132653,2025072104002305,API,Shree Krishna Securities Ltd.,Deevyaa Securities & Stock House Pvt. Ltd,663,303.0,200889.0,2025-07-21 11:10:27.586753
2025-07-21,132652,2025072104002306,API,Shree Krishna Securities Ltd.,Elite Stock House Limited,100,303.0,30300.0,2025-07-21 11:10:27.586811
2025-07-21,132651,2025072104002307,API,Shree Krishna Securities Ltd.,Investment Management Nepal Pvt. Ltd.,100,303.0,30300.0,2025-07-21 11:10:27.586864
2025-07-21,132650,2025072104002308,API,Shree Krishna Securities Ltd.,Nabil Stock Dealer Ltd.,15,303.0,4545.0,2025-07-21 11:10:27.586919
2025-07-21,132649,2025072104002309,API,Shree Krishna Securities Ltd.,Aryatara Investment & Securities,313,303.0,94839.0,2025-07-21 11:10:27.586974
2025-07-21,132438,2025072104002370,API,Sundhara Securities Limited,Aryatara Investment & Securities,100,303.0,30300.0,2025-07-21 11:10:45.477639
2025-07-21,131988,2025072104002502,API,Aryatara Investment & Securities,Imperial Securities Company Pvt. Ltd.,8,300.5,2404.0,2025-07-21 11:11:20.600098
2025-07-21,131298,2025072104002687,API,Vision Securities Pvt. Ltd,Imperial Securities Company Pvt. Ltd.,75,302.1,22657.5,2025-07-21 11:12:05.868038
2025-07-21,130769,2025072104002840,API,Siprabi Securities Pvt. Ltd.,Aryatara Investment & Securities,50,303.0,15150.0,2025-07-21 11:12:39.526808
2025-07-21,130590,2025072104002882,API,Secured Securities Ltd.,Aryatara Investment & Securities,48,303.0,14544.0,2025-07-21 11:12:52.782853
2025-07-21,130589,2025072104002883,API,Secured Securities Ltd.,Siprabi Securities Pvt. Ltd.,30,303.0,9090.0,2025-07-21 11:12:52.782991
2025-07-21,130588,2025072104002884,API,Secured Securities Ltd.,Vision Securities Pvt. Ltd,50,303.0,15150.0,2025-07-21 11:12:52.783058
2025-07-21,130483,2025072104002915,API,Aryatara Investment & Securities,Vision Securities Pvt. Ltd,20,303.0,6060.0,2025-07-21 11:12:59.028954
2025-07-21,130397,2025072104002929,API,Kumari Securities Private Limited,Vision Securities Pvt. Ltd,230,303.0,69690.0,2025-07-21 11:13:04.409359
2025-07-21,128636,2025072104003418,API,Sewa Securities Pvt. Ltd.,Dipshikha Dhitopatra Karobar Co. Pvt Ltd.,200,303.5,60700.0,2025-07-21 11:14:56.534163
2025-07-21,128635,2025072104003419,API,Linch Stock Market Ltd.,Dipshikha Dhitopatra Karobar Co. Pvt Ltd.,520,303.2,157664.0,2025-07-21 11:14:56.534326
2025-07-21,128634,2025072104003420,API,Dipshikha Dhitopatra Karobar Co. Pvt Ltd.,Dipshikha Dhitopatra Karobar Co. Pvt Ltd.,335,303.1,101538.5,2025-07-21 11:14:56.534412
2025-07-21,128633,2025072104003421,API,Kumari Securities Private Limited,Dipshikha Dhitopatra Karobar Co. Pvt Ltd.,445,303.0,134835.0,2025-07-21 11:14:56.534484
2025-07-21,128063,2025072104003580,API,Premier Securities Company Ltd.,Trisul Securities & Invt. Ltd.,10,304.9,3049.0,2025-07-21 11:15:40.319553
2025-07-21,127239,2025072104003813,API,Premier Securities Company Ltd.,Trisul Securities & Invt. Ltd.,10,304.9,3049.0,2025-07-21 11:16:54.817966
2025-07-21,127210,2025072104003825,API,Secured Securities Ltd.,Siprabi Securities Pvt. Ltd.,167,304.0,50768.0,2025-07-21 11:16:57.040019
2025-07-21,126443,2025072104004034,API,Dipshikha Dhitopatra Karobar Co. Pvt Ltd.,Trisul Securities & Invt. Ltd.,30,304.9,9147.0,2025-07-21 11:17:54.756548
2025-07-21,126442,2025072104004035,API,Dipshikha Dhitopatra Karobar Co. Pvt Ltd.,Imperial Securities Company Pvt. Ltd.,19,305.0,5795.0,2025-07-21 11:17:54.756868
2025-07-21,126441,2025072104004036,API,Dipshikha Dhitopatra Karobar Co. Pvt Ltd.,Vision Securities Pvt. Ltd,50,305.0,15250.0,2025-07-21 11:17:54.757155
2025-07-21,126440,2025072104004037,API,Dipshikha Dhitopatra Karobar Co. Pvt Ltd.,Online Securities Pvt. Ltd.,50,305.0,15250.0,2025-07-21 11:17:54.757399
2025-07-21,126439,2025072104004038,API,Dipshikha Dhitopatra Karobar Co. Pvt Ltd.,Sani Securities Company Ltd.,105,305.0,32025.0,2025-07-21 11:17:54.757608
2025-07-21,126438,2025072104004039,API,Dipshikha Dhitopatra Karobar Co. Pvt Ltd.,Prabhu Stock Market Limited,500,305.0,152500.0,2025-07-21 11:17:54.757837
2025-07-21,125523,2025072104004345,API,Shree Krishna Securities Ltd.,Sharepro Securities Private Limited,1000,306.0,306000.0,2025-07-21 11:19:13.857832
2025-07-21,125522,2025072104004346,API,Shree Krishna Securities Ltd.,Naasa Securities Co. Ltd.,15,306.0,4590.0,2025-07-21 11:19:13.857869
2025-07-21,125521,2025072104004347,API,Shree Krishna Securities Ltd.,Online Securities Pvt. Ltd.,689,306.0,210834.0,2025-07-21 11:19:13.857892
2025-07-21,125520,2025072104004348,API,Shree Krishna Securities Ltd.,Nagarik Stock Dealer ,3000,306.0,918000.0,2025-07-21 11:19:13.857914
2025-07-21,125519,2025072104004349,API,Shree Krishna Securities Ltd.,MILKY WAY SHARE BROKER COMPANY LTD ,500,306.0,153000.0,2025-07-21 11:19:13.857938
2025-07-21,125518,2025072104004350,API,Shree Krishna Securities Ltd.,Sumeru Securities Pvt. Ltd.,1050,306.5,321825.0,2025-07-21 11:19:13.857987
2025-07-21,125517,2025072104004351,API,Shree Krishna Securities Ltd.,J.F. Securites (PVT) Ltd.,10,306.5,3065.0,2025-07-21 11:19:13.858012
2025-07-21,125516,2025072104004352,API,Shree Krishna Securities Ltd.,Nagarik Stock Dealer ,736,306.9,225878.4,2025-07-21 11:19:13.858039
2025-07-21,124748,2025072104004616,API,Nepal Investment And Securities Trading Private Limited,Swarna Laxmi Securities Pvt. Ltd.,10,305.1,3051.0,2025-07-21 11:20:15.910426
2025-07-21,124716,2025072104004626,API,Nepal Investment And Securities Trading Private Limited,Aryatara Investment & Securities,190,305.1,57969.0,2025-07-21 11:20:18.259839
2025-07-21,124715,2025072104004627,API,Dipshikha Dhitopatra Karobar Co. Pvt Ltd.,Aryatara Investment & Securities,911,305.0,277855.0,2025-07-21 11:20:18.260011
2025-07-21,124714,2025072104004628,API,Naasa Securities Co. Ltd.,Aryatara Investment & Securities,265,305.0,80825.0,2025-07-21 11:20:18.260078
2025-07-21,124633,2025072104004663,API,Sweta Securities Private Limited,Aryatara Investment & Securities,10,305.0,3050.0,2025-07-21 11:20:25.846847
2025-07-21,124309,2025072104004734,API,Secured Securities Ltd.,S.P.S.A. Securities Limited,33,304.0,10032.0,2025-07-21 11:20:52.486896
2025-07-21,124308,2025072104004735,API,Trishakti Securities Public Limited,S.P.S.A. Securities Limited,467,304.0,141968.0,2025-07-21 11:20:52.487071
2025-07-21,124157,2025072104004785,API,Trishakti Securities Public Limited,Nagarik Stock Dealer ,533,304.0,162032.0,2025-07-21 11:21:01.231563
2025-07-21,124156,2025072104004786,API,Sweta Securities Private Limited,Nagarik Stock Dealer ,467,304.0,141968.0,2025-07-21 11:21:01.231623
2025-07-21,123643,2025072104004944,API,Sweta Securities Private Limited,Aryatara Investment & Securities,1133,304.0,344432.0,2025-07-21 11:21:38.455912
2025-07-21,123642,2025072104004945,API,Naasa Securities Co. Ltd.,Aryatara Investment & Securities,25,304.0,7600.0,2025-07-21 11:21:38.456114
2025-07-21,123320,2025072104005048,API,Siprabi Securities Pvt. Ltd.,Kalika Securities Pvt. Ltd.,65,303.5,19727.5,2025-07-21 11:22:02.051679
2025-07-21,123319,2025072104005049,API,Shree Krishna Securities Ltd.,Kalika Securities Pvt. Ltd.,1935,303.5,587272.5,2025-07-21 11:22:02.051834
2025-07-21,123081,2025072104005119,API,Shree Krishna Securities Ltd.,Investment Management Nepal Pvt. Ltd.,1065,303.5,323227.5,2025-07-21 11:22:21.332801
2025-07-21,123080,2025072104005120,API,ABC Securities Private Limited,Investment Management Nepal Pvt. Ltd.,3000,303.5,910500.0,2025-07-21 11:22:21.332909
2025-07-21,123079,2025072104005121,API,Vision Securities Pvt. Ltd,Investment Management Nepal Pvt. Ltd.,925,303.4,280645.0,2025-07-21 11:22:21.332997
2025-07-21,123078,2025072104005122,API,Shree Krishna Securities Ltd.,Investment Management Nepal Pvt. Ltd.,2010,303.4,609834.0,2025-07-21 11:22:21.333069
2025-07-21,122739,2025072104005212,API,Nepal Investment And Securities Trading Private Limited,Aryatara Investment & Securities,40,303.5,12140.0,2025-07-21 11:22:44.725864
2025-07-21,122703,2025072104005219,API,Shree Krishna Securities Ltd.,Aryatara Investment & Securities,2990,303.4,907166.0,2025-07-21 11:22:49.625985
2025-07-21,122432,2025072104005310,API,Shree Krishna Securities Ltd.,Aryatara Investment & Securities,10,303.4,3034.0,2025-07-21 11:23:16.908461
2025-07-21,122431,2025072104005311,API,Shree Krishna Securities Ltd.,Aryatara Investment & Securities,1990,303.5,603965.0,2025-07-21 11:23:16.908636
2025-07-21,122414,2025072104005323,API,Secured Securities Ltd.,Linch Stock Market Ltd.,500,303.4,151700.0,2025-07-21 11:23:18.986754
2025-07-21,122286,2025072104005341,API,Secured Securities Ltd.,Aryatara Investment & Securities,500,303.5,151750.0,2025-07-21 11:23:30.378000
2025-07-21,122123,2025072104005383,API,Creative Securities Pvt Ltd,Kohinoor Investment & Securities Pvt. Ltd.,200,303.2,60640.0,2025-07-21 11:23:48.122570
2025-07-21,122022,2025072104005396,API,Secured Securities Ltd.,Aryatara Investment & Securities,470,303.5,142645.0,2025-07-21 11:23:54.051896
2025-07-21,121925,2025072104005413,API,Secured Securities Ltd.,Swarna Laxmi Securities Pvt. Ltd.,100,304.0,30400.0,2025-07-21 11:24:02.278789
2025-07-21,121924,2025072104005414,API,Secured Securities Ltd.,Ashutosh Brokerage & Securities (PVT) Ltd.,50,304.0,15200.0,2025-07-21 11:24:02.278981
2025-07-21,121793,2025072104005472,API,Secured Securities Ltd.,Aryatara Investment & Securities,124,305.0,37820.0,2025-07-21 11:24:12.768394
2025-07-21,121792,2025072104005473,API,Secured Securities Ltd.,Online Securities Pvt. Ltd.,376,305.0,114680.0,2025-07-21 11:24:12.768560
2025-07-21,121673,2025072104005512,API,Secured Securities Ltd.,Online Securities Pvt. Ltd.,224,305.0,68320.0,2025-07-21 11:24:23.367871
2025-07-21,121672,2025072104005513,API,Secured Securities Ltd.,Dynamic Money Managers Securities Pvt. Ltd.,50,305.0,15250.0,2025-07-21 11:24:23.368041
2025-07-21,121671,2025072104005514,API,Secured Securities Ltd.,Ashutosh Brokerage & Securities (PVT) Ltd.,50,305.0,15250.0,2025-07-21 11:24:23.368123
2025-07-21,121670,2025072104005515,API,Secured Securities Ltd.,Linch Stock Market Ltd.,20,305.0,6100.0,2025-07-21 11:24:23.368197
2025-07-21,121534,2025072104005551,API,Secured Securities Ltd.,Kohinoor Investment & Securities Pvt. Ltd.,150,305.0,45750.0,2025-07-21 11:24:37.615599
2025-07-21,121073,2025072104005655,API,Secured Securities Ltd.,Linch Stock Market Ltd.,350,304.0,106400.0,2025-07-21 11:25:23.735694
2025-07-21,121072,2025072104005656,API,Secured Securities Ltd.,Linch Stock Market Ltd.,30,303.5,9105.0,2025-07-21 11:25:23.735909
2025-07-21,121071,2025072104005657,API,Vision Securities Pvt. Ltd,Linch Stock Market Ltd.,120,303.5,36420.0,2025-07-21 11:25:23.736024
2025-07-21,120904,2025072104005694,API,Vision Securities Pvt. Ltd,Asian Securities Private Ltd.,79,303.5,23976.5,2025-07-21 11:25:42.042488
2025-07-21,120742,2025072104005720,API,Vision Securities Pvt. Ltd,ABC Securities Private Limited,801,303.5,243103.5,2025-07-21 11:26:02.417123
2025-07-21,120597,2025072104005745,API,Sri Hari Securities Pvt. Ltd.,ABC Securities Private Limited,500,303.5,151750.0,2025-07-21 11:26:18.765674
2025-07-21,120532,2025072104005747,API,Imperial Securities Company Pvt. Ltd.,Kohinoor Investment & Securities Pvt. Ltd.,150,303.1,45465.0,2025-07-21 11:26:26.810137
2025-07-21,120191,2025072104005822,API,Imperial Securities Company Pvt. Ltd.,Ashutosh Brokerage & Securities (PVT) Ltd.,79,303.1,23944.9,2025-07-21 11:27:11.087088
2025-07-21,120113,2025072104005841,API,Asian Securities Private Ltd.,ABC Securities Private Limited,239,303.5,72536.5,2025-07-21 11:27:22.369420
2025-07-21,120112,2025072104005842,API,Asian Securities Private Ltd.,K.B.L. Securities Limited ,961,303.5,291663.5,2025-07-21 11:27:22.369786
2025-07-21,118666,2025072104006212,API,Sani Securities Company Ltd.,K.B.L. Securities Limited ,39,303.5,11836.5,2025-07-21 11:30:36.793435
2025-07-21,118425,2025072104006252,API,Sani Securities Company Ltd.,Naasa Securities Co. Ltd.,111,304.0,33744.0,2025-07-21 11:31:06.427925
2025-07-21,118424,2025072104006253,API,Bhrikuti Stock Broking Co. Pvt. Ltd.,Naasa Securities Co. Ltd.,10,303.4,3034.0,2025-07-21 11:31:06.428114
2025-07-21,118423,2025072104006254,API,Siprabi Securities Pvt. Ltd.,Naasa Securities Co. Ltd.,100,303.2,30320.0,2025-07-21 11:31:06.428210
2025-07-21,118422,2025072104006255,API,Imperial Securities Company Pvt. Ltd.,Naasa Securities Co. Ltd.,271,303.1,82140.1,2025-07-21 11:31:06.428339
2025-07-21,118421,2025072104006256,API,Online Securities Pvt. Ltd.,Naasa Securities Co. Ltd.,163,303.1,49405.3,2025-07-21 11:31:06.428415
2025-07-21,118420,2025072104006257,API,APPLE SECURITIES PRIVATE LIMITED,Naasa Securities Co. Ltd.,345,303.1,104569.5,2025-07-21 11:31:06.428485
2025-07-21,118204,2025072104006327,API,Infinity Securities Limited,Ashutosh Brokerage & Securities (PVT) Ltd.,208,305.0,63440.0,2025-07-21 11:31:30.802395
2025-07-21,117661,2025072104006470,API,ABC Securities Private Limited,Ashutosh Brokerage & Securities (PVT) Ltd.,292,305.0,89060.0,2025-07-21 11:32:27.351610
2025-07-21,117660,2025072104006471,API,ABC Securities Private Limited,Naasa Securities Co. Ltd.,22,305.0,6710.0,2025-07-21 11:32:27.351859
2025-07-21,117495,2025072104006504,API,ABC Securities Private Limited,Dipshikha Dhitopatra Karobar Co. Pvt Ltd.,186,305.0,56730.0,2025-07-21 11:32:46.847203
2025-07-21,117494,2025072104006505,API,Dipshikha Dhitopatra Karobar Co. Pvt Ltd.,Dipshikha Dhitopatra Karobar Co. Pvt Ltd.,10,305.0,3050.0,2025-07-21 11:32:46.847428
2025-07-21,117383,2025072104006529,API,Neev Securities Pvt. Ltd.,Dipshikha Dhitopatra Karobar Co. Pvt Ltd.,10,305.0,3050.0,2025-07-21 11:33:03.086880
2025-07-21,116591,2025072104006740,API,Siprabi Securities Pvt. Ltd.,Dipshikha Dhitopatra Karobar Co. Pvt Ltd.,50,305.0,15250.0,2025-07-21 11:34:23.356813
2025-07-21,115414,2025072104006960,API,Sani Securities Company Ltd.,Vision Securities Pvt. Ltd,200,303.5,60700.0,2025-07-21 11:36:13.143808
2025-07-21,115413,2025072104006961,API,Aryatara Investment & Securities,Vision Securities Pvt. Ltd,20,303.5,6070.0,2025-07-21 11:36:13.144085
2025-07-21,115412,2025072104006962,API,Imperial Securities Company Pvt. Ltd.,Vision Securities Pvt. Ltd,20,303.5,6070.0,2025-07-21 11:36:13.144196
2025-07-21,115411,2025072104006963,API,Sani Securities Company Ltd.,Vision Securities Pvt. Ltd,30,303.4,9102.0,2025-07-21 11:36:13.144304
2025-07-21,115410,2025072104006964,API,Siprabi Securities Pvt. Ltd.,Vision Securities Pvt. Ltd,200,303.3,60660.0,2025-07-21 11:36:13.144409
2025-07-21,115409,2025072104006965,API,APPLE SECURITIES PRIVATE LIMITED,Vision Securities Pvt. Ltd,530,303.1,160643.0,2025-07-21 11:36:13.144514
2025-07-21,115121,2025072104007016,API,Trishakti Securities Public Limited,Linch Stock Market Ltd.,100,303.5,30350.0,2025-07-21 11:36:42.392686
2025-07-21,114739,2025072104007105,API,Siprabi Securities Pvt. Ltd.,Linch Stock Market Ltd.,100,303.5,30350.0,2025-07-21 11:37:15.985239
2025-07-21,113149,2025072104007469,API,Kumari Securities Private Limited,Naasa Securities Co. Ltd.,1000,303.5,303500.0,2025-07-21 11:39:59.359812
2025-07-21,112920,2025072104007519,API,Secured Securities Ltd.,Dipshikha Dhitopatra Karobar Co. Pvt Ltd.,25,303.5,7587.5,2025-07-21 11:40:26.965872
2025-07-21,111985,2025072104007669,API,Siprabi Securities Pvt. Ltd.,Asian Securities Private Ltd.,100,303.2,30320.0,2025-07-21 11:42:16.584228
2025-07-21,111984,2025072104007670,API,Siprabi Securities Pvt. Ltd.,Asian Securities Private Ltd.,100,303.2,30320.0,2025-07-21 11:42:16.584475
2025-07-21,111983,2025072104007671,API,APPLE SECURITIES PRIVATE LIMITED,Asian Securities Private Ltd.,800,303.1,242480.0,2025-07-21 11:42:16.584583
2025-07-21,111982,2025072104007672,API,Naasa Securities Co. Ltd.,Nagarik Stock Dealer ,15,304.9,4573.5,2025-07-21 11:42:16.590873
2025-07-21,111471,2025072104007758,API,Secured Securities Ltd.,Nagarik Stock Dealer ,30,304.9,9147.0,2025-07-21 11:43:05.401782
2025-07-21,111019,2025072104007837,API,Trishakti Securities Public Limited,Nagarik Stock Dealer ,169,304.9,51528.1,2025-07-21 11:43:50.770946
2025-07-21,111018,2025072104007838,API,Trishakti Securities Public Limited,Thrive Brokerage House Pvt. Ltd,500,304.9,152450.0,2025-07-21 11:43:50.771182
2025-07-21,111017,2025072104007839,API,Trishakti Securities Public Limited,Dipshikha Dhitopatra Karobar Co. Pvt Ltd.,77,305.0,23485.0,2025-07-21 11:43:50.771289
2025-07-21,111016,2025072104007840,API,Trishakti Securities Public Limited,Aryatara Investment & Securities,10,305.0,3050.0,2025-07-21 11:43:50.771403
2025-07-21,111015,2025072104007841,API,Trishakti Securities Public Limited,Sundhara Securities Limited,950,305.0,289750.0,2025-07-21 11:43:50.771505
2025-07-21,111014,2025072104007842,API,Trishakti Securities Public Limited,K.B.L. Securities Limited ,1294,305.0,394670.0,2025-07-21 11:43:50.771636
2025-07-21,110872,2025072104007875,API,Oxford Securities Pvt. Ltd.,K.B.L. Securities Limited ,18,305.0,5490.0,2025-07-21 11:44:08.166950
2025-07-21,110871,2025072104007876,API,Oxford Securities Pvt. Ltd.,Imperial Securities Company Pvt. Ltd.,182,305.0,55510.0,2025-07-21 11:44:08.167468
2025-07-21,110145,2025072104008002,API,Agrawal Securities (PVT) Ltd.,Imperial Securities Company Pvt. Ltd.,154,305.0,46970.0,2025-07-21 11:45:09.124046
2025-07-21,110144,2025072104008003,API,Agrawal Securities (PVT) Ltd.,Imperial Securities Company Pvt. Ltd.,100,305.0,30500.0,2025-07-21 11:45:09.124287
2025-07-21,110143,2025072104008004,API,Agrawal Securities (PVT) Ltd.,Linch Stock Market Ltd.,100,305.0,30500.0,2025-07-21 11:45:09.124409
2025-07-21,110142,2025072104008005,API,Agrawal Securities (PVT) Ltd.,Imperial Securities Company Pvt. Ltd.,50,305.0,15250.0,2025-07-21 11:45:09.124515
2025-07-21,109723,2025072104008105,API,Agrawal Securities (PVT) Ltd.,Aryatara Investment & Securities,86,305.0,26230.0,2025-07-21 11:45:46.928564
2025-07-21,108538,2025072104008390,API,Secured Securities Ltd.,Sundhara Securities Limited,50,305.0,15250.0,2025-07-21 11:47:38.962481
2025-07-21,108175,2025072104008499,API,Secured Securities Ltd.,Oxford Securities Pvt. Ltd.,105,305.0,32025.0,2025-07-21 11:48:08.585011
2025-07-21,107301,2025072104008672,API,Secured Securities Ltd.,Nepal Investment And Securities Trading Private Limited,50,305.0,15250.0,2025-07-21 11:49:15.504372
2025-07-21,106779,2025072104008753,API,Imperial Securities Company Pvt. Ltd.,Aryatara Investment & Securities,1000,305.1,305100.0,2025-07-21 11:50:04.670257
2025-07-21,106237,2025072104008871,API,Sani Securities Company Ltd.,Sipla Securities Private Limited,95,305.1,28984.5,2025-07-21 11:50:50.080892
2025-07-21,105936,2025072104008991,API,Sani Securities Company Ltd.,K.B.L. Securities Limited ,405,305.1,123565.5,2025-07-21 11:51:16.958217
2025-07-21,105935,2025072104008992,API,Dipshikha Dhitopatra Karobar Co. Pvt Ltd.,K.B.L. Securities Limited ,300,305.1,91530.0,2025-07-21 11:51:16.958581
2025-07-21,105934,2025072104008993,API,Secured Securities Ltd.,K.B.L. Securities Limited ,295,305.0,89975.0,2025-07-21 11:51:16.958697
2025-07-21,105786,2025072104009021,API,Vision Securities Pvt. Ltd,Market Securities & Exchange (PVT) Ltd.,100,305.0,30500.0,2025-07-21 11:51:28.324959
2025-07-21,105785,2025072104009022,API,Elite Stock House Limited,Market Securities & Exchange (PVT) Ltd.,30,305.0,9150.0,2025-07-21 11:51:28.325263
2025-07-21,105784,2025072104009023,API,Online Securities Pvt. Ltd.,Market Securities & Exchange (PVT) Ltd.,200,305.0,61000.0,2025-07-21 11:51:28.325383
2025-07-21,105534,2025072104009093,API,Online Securities Pvt. Ltd.,Sweta Securities Private Limited,300,305.0,91500.0,2025-07-21 11:51:48.252777
2025-07-21,105533,2025072104009094,API,Premier Securities Company Ltd.,Sweta Securities Private Limited,20,305.0,6100.0,2025-07-21 11:51:48.253193
2025-07-21,103478,2025072104009638,API,Secured Securities Ltd.,Thrive Brokerage House Pvt. Ltd,10,304.0,3040.0,2025-07-21 11:55:20.954685
2025-07-21,103477,2025072104009639,API,Imperial Securities Company Pvt. Ltd.,Thrive Brokerage House Pvt. Ltd,70,304.0,21280.0,2025-07-21 11:55:20.955213
2025-07-21,103476,2025072104009640,API,Dipshikha Dhitopatra Karobar Co. Pvt Ltd.,Thrive Brokerage House Pvt. Ltd,100,304.0,30400.0,2025-07-21 11:55:20.955622
2025-07-21,103422,2025072104009649,API,Asian Securities Private Ltd.,Thrive Brokerage House Pvt. Ltd,330,304.0,100320.0,2025-07-21 11:55:26.699204
2025-07-21,103376,2025072104009660,API,Machhapuchchhre Securities Limited,Naasa Securities Co. Ltd.,50,303.8,15190.0,2025-07-21 11:55:31.344406
2025-07-21,103375,2025072104009661,API,Machhapuchchhre Securities Limited,Naasa Securities Co. Ltd.,50,303.8,15190.0,2025-07-21 11:55:31.344463
2025-07-21,103374,2025072104009662,API,Vision Securities Pvt. Ltd,Naasa Securities Co. Ltd.,2000,303.8,607600.0,2025-07-21 11:55:31.344492
2025-07-21,103373,2025072104009663,API,Machhapuchchhre Securities Limited,Naasa Securities Co. Ltd.,50,303.7,15185.0,2025-07-21 11:55:31.344518
2025-07-21,103372,2025072104009664,API,K.B.L. Securities Limited ,Naasa Securities Co. Ltd.,90,303.7,27333.0,2025-07-21 11:55:31.344543
2025-07-21,103371,2025072104009665,API,Siprabi Securities Pvt. Ltd.,Naasa Securities Co. Ltd.,250,303.6,75900.0,2025-07-21 11:55:31.344578
2025-07-21,103370,2025072104009666,API,Sharepro Securities Private Limited,Naasa Securities Co. Ltd.,510,303.6,154836.0,2025-07-21 11:55:31.344604
2025-07-21,103363,2025072104009671,API,Naasa Securities Co. Ltd.,Thrive Brokerage House Pvt. Ltd,320,304.0,97280.0,2025-07-21 11:55:32.081095
2025-07-21,103253,2025072104009696,API,Sharepro Securities Private Limited,Thrive Brokerage House Pvt. Ltd,1972,303.6,598699.2,2025-07-21 11:55:46.103129
2025-07-21,103142,2025072104009728,API,Sharepro Securities Private Limited,Nagarik Stock Dealer ,1518,303.6,460864.8,2025-07-21 11:55:57.723611
2025-07-21,103035,2025072104009746,API,Imperial Securities Company Pvt. Ltd.,Nagarik Stock Dealer ,500,303.6,151800.0,2025-07-21 11:56:04.460434
2025-07-21,102646,2025072104009850,API,Siprabi Securities Pvt. Ltd.,Malla & Malla Stock Broking Company Pvt. Limited,18,303.3,5459.4,2025-07-21 11:56:50.975459
2025-07-21,102540,2025072104009869,API,Siprabi Securities Pvt. Ltd.,Premier Securities Company Ltd.,82,303.3,24870.6,2025-07-21 11:57:02.063412
2025-07-21,102539,2025072104009870,API,Online Securities Pvt. Ltd.,Premier Securities Company Ltd.,290,303.3,87957.0,2025-07-21 11:57:02.064008
2025-07-21,102321,2025072104009942,API,Naasa Securities Co. Ltd.,Sani Securities Company Ltd.,200,303.2,60640.0,2025-07-21 11:57:22.710044
2025-07-21,102320,2025072104009943,API,Vision Securities Pvt. Ltd,Sani Securities Company Ltd.,800,303.1,242480.0,2025-07-21 11:57:22.710306
2025-07-21,102151,2025072104009992,API,Secured Securities Ltd.,Sweta Securities Private Limited,10,303.2,3032.0,2025-07-21 11:57:39.624226
2025-07-21,102137,2025072104009994,API,Sajilo Broker Limited,Sweta Securities Private Limited,190,303.2,57608.0,2025-07-21 11:57:41.261336
2025-07-21,102091,2025072104010003,API,Sundhara Securities Limited,Premier Securities Company Ltd.,128,303.3,38822.4,2025-07-21 11:57:45.807464
2025-07-21,102090,2025072104010004,API,Sundhara Securities Limited,Nagarik Stock Dealer ,872,303.6,264739.2,2025-07-21 11:57:45.807775
2025-07-21,101867,2025072104010065,API,Sani Securities Company Ltd.,Nagarik Stock Dealer ,1000,303.6,303600.0,2025-07-21 11:58:04.974110
2025-07-21,101684,2025072104010139,API,Sajilo Broker Limited,Sani Securities Company Ltd.,310,303.2,93992.0,2025-07-21 11:58:19.164538
2025-07-21,101683,2025072104010140,API,Naasa Securities Co. Ltd.,Sani Securities Company Ltd.,10,303.2,3032.0,2025-07-21 11:58:19.164834
2025-07-21,101682,2025072104010141,API,Vision Securities Pvt. Ltd,Sani Securities Company Ltd.,200,303.1,60620.0,2025-07-21 11:58:19.164955
2025-07-21,101681,2025072104010142,API,Naasa Securities Co. Ltd.,Sani Securities Company Ltd.,107,303.1,32431.7,2025-07-21 11:58:19.165072
2025-07-21,101680,2025072104010143,API,Kumari Securities Private Limited,Sani Securities Company Ltd.,458,303.0,138774.0,2025-07-21 11:58:19.165193
2025-07-21,101408,2025072104010201,API,Online Securities Pvt. Ltd.,Nagarik Stock Dealer ,1110,303.6,336996.0,2025-07-21 11:58:44.919151
2025-07-21,101005,2025072104010317,API,Sani Securities Company Ltd.,Kumari Securities Private Limited,10,304.0,3040.0,2025-07-21 11:59:21.217077
2025-07-21,101004,2025072104010318,API,Sani Securities Company Ltd.,Trisul Securities & Invt. Ltd.,55,304.0,16720.0,2025-07-21 11:59:21.217810
2025-07-21,100793,2025072104010387,API,Sani Securities Company Ltd.,Aryatara Investment & Securities,935,304.0,284240.0,2025-07-21 11:59:40.497768
2025-07-21,100748,2025072104010392,API,Market Securities & Exchange (PVT) Ltd.,Opal Securities Investment (PVT) Ltd.,200,303.6,60720.0,2025-07-21 11:59:45.034093
2025-07-21,100747,2025072104010393,API,Online Securities Pvt. Ltd.,Opal Securities Investment (PVT) Ltd.,1500,303.5,455250.0,2025-07-21 11:59:45.034191
2025-07-21,100746,2025072104010394,API,Swarna Laxmi Securities Pvt. Ltd.,Opal Securities Investment (PVT) Ltd.,45,303.4,13653.0,2025-07-21 11:59:45.034274
2025-07-21,100745,2025072104010395,API,Imperial Securities Company Pvt. Ltd.,Opal Securities Investment (PVT) Ltd.,200,303.3,60660.0,2025-07-21 11:59:45.034361
2025-07-21,100744,2025072104010396,API,Naasa Securities Co. Ltd.,Opal Securities Investment (PVT) Ltd.,55,303.2,16676.0,2025-07-21 11:59:45.034433
2025-07-21,100482,2025072104010495,API,Naasa Securities Co. Ltd.,Sumeru Securities Pvt. Ltd.,1000,303.4,303400.0,2025-07-21 12:00:09.148745
2025-07-21,99841,2025072104010713,API,Kalika Securities Pvt. Ltd.,Aryatara Investment & Securities,65,304.0,19760.0,2025-07-21 12:01:03.786103
2025-07-21,99840,2025072104010714,API,Kalika Securities Pvt. Ltd.,Midas Stock Broking Company Private Limited,114,304.0,34656.0,2025-07-21 12:01:03.786429
2025-07-21,99839,2025072104010715,API,Kalika Securities Pvt. Ltd.,Kohinoor Investment & Securities Pvt. Ltd.,10,304.8,3048.0,2025-07-21 12:01:03.786563
2025-07-21,99838,2025072104010716,API,Kalika Securities Pvt. Ltd.,Arun Securities (PVT) Ltd.,311,304.9,94823.9,2025-07-21 12:01:03.786741
2025-07-21,99011,2025072104010977,API,Sri Hari Securities Pvt. Ltd.,Secured Securities Ltd.,10,304.0,3040.0,2025-07-21 12:02:14.277917
2025-07-21,99010,2025072104010978,API,Kohinoor Investment & Securities Pvt. Ltd.,Secured Securities Ltd.,50,304.0,15200.0,2025-07-21 12:02:14.278231
2025-07-21,99009,2025072104010979,API,Naasa Securities Co. Ltd.,Secured Securities Ltd.,140,303.2,42448.0,2025-07-21 12:02:14.278378
2025-07-21,98780,2025072104011046,API,Siprabi Securities Pvt. Ltd.,Primo Securities (PVT) Ltd.,100,303.2,30320.0,2025-07-21 12:02:34.615733
2025-07-21,98158,2025072104011167,API,Malla & Malla Stock Broking Company Pvt. Limited,Naasa Securities Co. Ltd.,10,304.0,3040.0,2025-07-21 12:03:35.580450
2025-07-21,97974,2025072104011210,API,Cristal Kanchanjanga Securites Pvt. Ltd.,Naasa Securities Co. Ltd.,1000,303.3,303300.0,2025-07-21 12:03:54.161538
2025-07-21,97563,2025072104011333,API,Kalika Securities Pvt. Ltd.,Naasa Securities Co. Ltd.,80,304.0,24320.0,2025-07-21 12:04:33.894671
2025-07-21,97562,2025072104011334,API,Kalika Securities Pvt. Ltd.,Sweta Securities Private Limited,20,304.0,6080.0,2025-07-21 12:04:33.894981
2025-07-21,97536,2025072104011343,API,Vision Securities Pvt. Ltd,Naasa Securities Co. Ltd.,271,303.1,82140.1,2025-07-21 12:04:37.069851
2025-07-21,97310,2025072104011413,API,Vision Securities Pvt. Ltd,Sweta Securities Private Limited,380,303.1,115178.0,2025-07-21 12:05:01.463461
2025-07-21,97305,2025072104011415,API,Naasa Securities Co. Ltd.,Sundhara Securities Limited,16,303.3,4852.8,2025-07-21 12:05:02.461460
2025-07-21,96795,2025072104011530,API,Vision Securities Pvt. Ltd,Asian Securities Private Ltd.,154,303.1,46677.4,2025-07-21 12:06:04.999027
2025-07-21,96537,2025072104011626,API,Vision Securities Pvt. Ltd,Primo Securities (PVT) Ltd.,149,303.1,45161.9,2025-07-21 12:06:33.240608
2025-07-21,96430,2025072104011660,API,Vision Securities Pvt. Ltd,Sweta Securities Private Limited,46,303.1,13942.6,2025-07-21 12:06:46.321009
2025-07-21,96429,2025072104011661,API,Vision Securities Pvt. Ltd,Sweta Securities Private Limited,100,303.1,30310.0,2025-07-21 12:06:46.321303
2025-07-21,96289,2025072104011687,API,Dipshikha Dhitopatra Karobar Co. Pvt Ltd.,Sweta Securities Private Limited,100,303.1,30310.0,2025-07-21 12:07:07.127464
2025-07-21,96182,2025072104011712,API,Kumari Securities Private Limited,Trishakti Securities Public Limited,367,303.0,111201.0,2025-07-21 12:07:14.737494
2025-07-21,96181,2025072104011713,API,Oxford Securities Pvt. Ltd.,Trishakti Securities Public Limited,100,303.0,30300.0,2025-07-21 12:07:14.737756
2025-07-21,96180,2025072104011714,API,Naasa Securities Co. Ltd.,Trishakti Securities Public Limited,30,303.0,9090.0,2025-07-21 12:07:14.737884
2025-07-21,96179,2025072104011715,API,Dipshikha Dhitopatra Karobar Co. Pvt Ltd.,Trishakti Securities Public Limited,503,303.0,152409.0,2025-07-21 12:07:14.738008
2025-07-21,96095,2025072104011733,API,Dipshikha Dhitopatra Karobar Co. Pvt Ltd.,Online Securities Pvt. Ltd.,112,303.0,33936.0,2025-07-21 12:07:23.554327
2025-07-21,96063,2025072104011745,API,Dipshikha Dhitopatra Karobar Co. Pvt Ltd.,Vision Securities Pvt. Ltd,35,303.0,10605.0,2025-07-21 12:07:27.775514
2025-07-21,95817,2025072104011823,API,Infinity Securities Limited,Sundhara Securities Limited,34,303.3,10312.2,2025-07-21 12:07:59.854387
2025-07-21,95816,2025072104011824,API,Infinity Securities Limited,Asian Securities Private Ltd.,11,304.0,3344.0,2025-07-21 12:07:59.854685
2025-07-21,95487,2025072104011905,API,Vision Securities Pvt. Ltd,Dakshinkali Investment & Securities Pvt. Ltd.,89,303.2,26984.8,2025-07-21 12:08:49.318927
2025-07-21,94918,2025072104012063,API,Creative Securities Pvt Ltd,Asian Securities Private Ltd.,10,304.0,3040.0,2025-07-21 12:10:09.675157
2025-07-21,94258,2025072104012177,API,Vision Securities Pvt. Ltd,Arun Securities (PVT) Ltd.,189,303.8,57418.2,2025-07-21 12:11:36.025143
2025-07-21,94163,2025072104012198,API,Vision Securities Pvt. Ltd,Primo Securities (PVT) Ltd.,722,303.9,219415.8,2025-07-21 12:11:44.357716
2025-07-21,93625,2025072104012302,API,Siprabi Securities Pvt. Ltd.,Primo Securities (PVT) Ltd.,50,303.9,15195.0,2025-07-21 12:12:49.398986
2025-07-21,93551,2025072104012317,API,Linch Stock Market Ltd.,Primo Securities (PVT) Ltd.,70,303.9,21273.0,2025-07-21 12:12:56.525324
2025-07-21,93350,2025072104012407,API,Naasa Securities Co. Ltd.,Linch Stock Market Ltd.,5,303.2,1516.0,2025-07-21 12:13:25.851214
2025-07-21,93293,2025072104012413,API,Naasa Securities Co. Ltd.,Aryatara Investment & Securities,30,303.3,9099.0,2025-07-21 12:13:32.066799
2025-07-21,92793,2025072104012508,API,Aryatara Investment & Securities,Primo Securities (PVT) Ltd.,158,303.9,48016.2,2025-07-21 12:14:43.234095
2025-07-21,92792,2025072104012509,API,Aryatara Investment & Securities,Asian Securities Private Ltd.,79,304.0,24016.0,2025-07-21 12:14:43.234465
2025-07-21,92791,2025072104012510,API,Aryatara Investment & Securities,Linch Stock Market Ltd.,163,304.0,49552.0,2025-07-21 12:14:43.234645
2025-07-21,92476,2025072104012586,API,Dynamic Money Managers Securities Pvt. Ltd.,Linch Stock Market Ltd.,100,304.0,30400.0,2025-07-21 12:15:22.194032
2025-07-21,92423,2025072104012597,API,Vision Securities Pvt. Ltd,Linch Stock Market Ltd.,237,304.0,72048.0,2025-07-21 12:15:29.126081
2025-07-21,92422,2025072104012598,API,Vision Securities Pvt. Ltd,Market Securities & Exchange (PVT) Ltd.,350,304.0,106400.0,2025-07-21 12:15:29.126661
2025-07-21,91990,2025072104012680,API,Trishakti Securities Public Limited,Agrawal Securities (PVT) Ltd.,200,304.5,60900.0,2025-07-21 12:16:26.769284
2025-07-21,91989,2025072104012681,API,Trishakti Securities Public Limited,Nagarik Stock Dealer ,1000,304.9,304900.0,2025-07-21 12:16:26.769631
2025-07-21,91988,2025072104012682,API,Trishakti Securities Public Limited,Aryatara Investment & Securities,1000,304.9,304900.0,2025-07-21 12:16:26.769780
2025-07-21,91987,2025072104012683,API,Trishakti Securities Public Limited,Oxford Securities Pvt. Ltd.,600,304.9,182940.0,2025-07-21 12:16:26.769961
2025-07-21,91986,2025072104012684,API,Trishakti Securities Public Limited,Sweta Securities Private Limited,680,305.0,207400.0,2025-07-21 12:16:26.770162
2025-07-21,91985,2025072104012685,API,Trishakti Securities Public Limited,Cristal Kanchanjanga Securites Pvt. Ltd.,1520,305.0,463600.0,2025-07-21 12:16:26.770351
2025-07-21,91796,2025072104012761,API,Trishakti Securities Public Limited,ABC Securities Private Limited,500,304.9,152450.0,2025-07-21 12:16:50.221206
2025-07-21,91795,2025072104012762,API,Trishakti Securities Public Limited,Cristal Kanchanjanga Securites Pvt. Ltd.,4500,305.0,1372500.0,2025-07-21 12:16:50.221553
2025-07-21,91616,2025072104012821,API,Trishakti Securities Public Limited,Cristal Kanchanjanga Securites Pvt. Ltd.,2500,305.0,762500.0,2025-07-21 12:17:08.353095
2025-07-21,91009,2025072104013021,API,Trishakti Securities Public Limited,Primo Securities (PVT) Ltd.,1000,304.9,304900.0,2025-07-21 12:18:27.280140
2025-07-21,91008,2025072104013022,API,Trishakti Securities Public Limited,Cristal Kanchanjanga Securites Pvt. Ltd.,480,305.0,146400.0,2025-07-21 12:18:27.280524
2025-07-21,91007,2025072104013023,API,Trishakti Securities Public Limited,Premier Securities Company Ltd.,56,305.0,17080.0,2025-07-21 12:18:27.280685
2025-07-21,91006,2025072104013024,API,Trishakti Securities Public Limited,Linch Stock Market Ltd.,473,305.0,144265.0,2025-07-21 12:18:27.280822
2025-07-21,91005,2025072104013025,API,Trishakti Securities Public Limited,Primo Securities (PVT) Ltd.,106,305.0,32330.0,2025-07-21 12:18:27.280970
2025-07-21,91004,2025072104013026,API,Trishakti Securities Public Limited,Linch Stock Market Ltd.,35,305.0,10675.0,2025-07-21 12:18:27.281108
2025-07-21,91003,2025072104013027,API,Trishakti Securities Public Limited,Dipshikha Dhitopatra Karobar Co. Pvt Ltd.,10,305.0,3050.0,2025-07-21 12:18:27.281243
2025-07-21,91002,2025072104013028,API,Trishakti Securities Public Limited,Ashutosh Brokerage & Securities (PVT) Ltd.,340,305.0,103700.0,2025-07-21 12:18:27.281387
2025-07-21,90562,2025072104013122,API,Nabil Stock Dealer Ltd.,Ashutosh Brokerage & Securities (PVT) Ltd.,45,305.0,13725.0,2025-07-21 12:19:39.646175
2025-07-21,90216,2025072104013197,API,Ashutosh Brokerage & Securities (PVT) Ltd.,Ashutosh Brokerage & Securities (PVT) Ltd.,50,305.0,15250.0,2025-07-21 12:20:36.838260
2025-07-21,90187,2025072104013205,API,Sweta Securities Private Limited,Ashutosh Brokerage & Securities (PVT) Ltd.,65,305.0,19825.0,2025-07-21 12:20:40.938931
2025-07-21,90186,2025072104013206,API,Sweta Securities Private Limited,Cristal Kanchanjanga Securites Pvt. Ltd.,42,305.0,12810.0,2025-07-21 12:20:40.939263
2025-07-21,90185,2025072104013207,API,Sweta Securities Private Limited,J.F. Securites (PVT) Ltd.,75,305.0,22875.0,2025-07-21 12:20:40.939432
2025-07-21,90184,2025072104013208,API,Sweta Securities Private Limited,Secured Securities Ltd.,318,305.0,96990.0,2025-07-21 12:20:40.939594
2025-07-21,89358,2025072104013414,API,Aryatara Investment & Securities,Vision Securities Pvt. Ltd,50,305.0,15250.0,2025-07-21 12:22:52.223630
2025-07-21,89224,2025072104013441,API,Nepal Investment And Securities Trading Private Limited,Vision Securities Pvt. Ltd,533,305.0,162565.0,2025-07-21 12:23:08.124874
2025-07-21,89007,2025072104013472,API,Vision Securities Pvt. Ltd,Sweta Securities Private Limited,413,304.0,125552.0,2025-07-21 12:23:40.193470
2025-07-21,89006,2025072104013473,API,Linch Stock Market Ltd.,Sweta Securities Private Limited,300,304.0,91200.0,2025-07-21 12:23:40.194201
2025-07-21,89005,2025072104013474,API,Midas Stock Broking Company Private Limited,Sweta Securities Private Limited,12,304.0,3648.0,2025-07-21 12:23:40.194779
2025-07-21,88734,2025072104013558,API,Midas Stock Broking Company Private Limited,Sri Hari Securities Pvt. Ltd.,107,303.8,32506.6,2025-07-21 12:24:20.978419
2025-07-21,88733,2025072104013559,API,Vision Securities Pvt. Ltd,Sri Hari Securities Pvt. Ltd.,50,303.4,15170.0,2025-07-21 12:24:20.978806
2025-07-21,88732,2025072104013560,API,Sani Securities Company Ltd.,Sri Hari Securities Pvt. Ltd.,100,303.3,30330.0,2025-07-21 12:24:20.978958
2025-07-21,88731,2025072104013561,API,Dakshinkali Investment & Securities Pvt. Ltd.,Sri Hari Securities Pvt. Ltd.,31,303.3,9402.3,2025-07-21 12:24:20.979104
2025-07-21,88246,2025072104013723,API,Dakshinkali Investment & Securities Pvt. Ltd.,Opal Securities Investment (PVT) Ltd.,500,304.0,152000.0,2025-07-21 12:25:37.223742
2025-07-21,88245,2025072104013724,API,Dakshinkali Investment & Securities Pvt. Ltd.,Cristal Kanchanjanga Securites Pvt. Ltd.,1469,304.0,446576.0,2025-07-21 12:25:37.224098
2025-07-21,88153,2025072104013749,API,Nepal Stock House (PVT) Ltd.,South Asian Bulls Pvt. Ltd.,10,303.4,3034.0,2025-07-21 12:25:51.523146
2025-07-21,88083,2025072104013773,API,Siprabi Securities Pvt. Ltd.,Cristal Kanchanjanga Securites Pvt. Ltd.,21,304.0,6384.0,2025-07-21 12:26:01.800367
2025-07-21,88082,2025072104013774,API,Siprabi Securities Pvt. Ltd.,Naasa Securities Co. Ltd.,150,304.0,45600.0,2025-07-21 12:26:01.800706
2025-07-21,87672,2025072104013899,API,Dipshikha Dhitopatra Karobar Co. Pvt Ltd.,South Asian Bulls Pvt. Ltd.,11,303.6,3339.6,2025-07-21 12:27:10.001792
2025-07-21,87163,2025072104014031,API,Trishakti Securities Public Limited,Opal Securities Investment (PVT) Ltd.,23,304.0,6992.0,2025-07-21 12:28:23.975509
2025-07-21,86838,2025072104014150,API,Dipshikha Dhitopatra Karobar Co. Pvt Ltd.,Ashutosh Brokerage & Securities (PVT) Ltd.,100,303.6,30360.0,2025-07-21 12:29:06.588636
2025-07-21,86583,2025072104014251,API,Dipshikha Dhitopatra Karobar Co. Pvt Ltd.,Sundhara Securities Limited,18,303.6,5464.8,2025-07-21 12:29:39.608593
2025-07-21,85861,2025072104014425,API,Dipshikha Dhitopatra Karobar Co. Pvt Ltd.,Oxford Securities Pvt. Ltd.,271,303.6,82275.6,2025-07-21 12:31:10.413306
2025-07-21,85860,2025072104014426,API,Sajilo Broker Limited,Oxford Securities Pvt. Ltd.,100,303.6,30360.0,2025-07-21 12:31:10.413665
2025-07-21,85859,2025072104014427,API,Sewa Securities Pvt. Ltd.,Oxford Securities Pvt. Ltd.,200,303.5,60700.0,2025-07-21 12:31:10.413818
2025-07-21,85858,2025072104014428,API,Nepal Stock House (PVT) Ltd.,Oxford Securities Pvt. Ltd.,929,303.4,281858.6,2025-07-21 12:31:10.413974
2025-07-21,85814,2025072104014442,API,Trisul Securities & Invt. Ltd.,Sani Securities Company Ltd.,3,297.5,892.5,2025-07-21 12:31:15.559146
2025-07-21,85802,2025072104014444,API,Nepal Stock House (PVT) Ltd.,Oxford Securities Pvt. Ltd.,1500,303.4,455100.0,2025-07-21 12:31:17.453853
2025-07-21,85701,2025072104014465,API,Nepal Stock House (PVT) Ltd.,Oxford Securities Pvt. Ltd.,500,303.4,151700.0,2025-07-21 12:31:29.517419
2025-07-21,85509,2025072104014506,API,Nepal Stock House (PVT) Ltd.,Sani Securities Company Ltd.,61,303.4,18507.4,2025-07-21 12:31:49.362531
2025-07-21,85508,2025072104014507,API,Vision Securities Pvt. Ltd,Sani Securities Company Ltd.,139,303.4,42172.6,2025-07-21 12:31:49.363260
2025-07-21,85479,2025072104014513,API,Vision Securities Pvt. Ltd,Kohinoor Investment & Securities Pvt. Ltd.,761,303.4,230887.4,2025-07-21 12:31:52.266618
2025-07-21,85478,2025072104014514,API,Sani Securities Company Ltd.,Kohinoor Investment & Securities Pvt. Ltd.,200,303.4,60680.0,2025-07-21 12:31:52.266948
2025-07-21,85477,2025072104014515,API,Dynamic Money Managers Securities Pvt. Ltd.,Kohinoor Investment & Securities Pvt. Ltd.,100,303.4,30340.0,2025-07-21 12:31:52.267107
2025-07-21,85476,2025072104014516,API,Cristal Kanchanjanga Securites Pvt. Ltd.,Kohinoor Investment & Securities Pvt. Ltd.,689,303.3,208973.7,2025-07-21 12:31:52.267262
2025-07-21,85318,2025072104014576,API,Trisul Securities & Invt. Ltd.,Shree Krishna Securities Ltd.,2,297.3,594.6,2025-07-21 12:32:14.050890
2025-07-21,85239,2025072104014599,API,Cristal Kanchanjanga Securites Pvt. Ltd.,Magnet Securities and Investment Company Private Limited,300,303.3,90990.0,2025-07-21 12:32:22.694085
2025-07-21,84803,2025072104014767,API,Cristal Kanchanjanga Securites Pvt. Ltd.,Dipshikha Dhitopatra Karobar Co. Pvt Ltd.,11,303.3,3336.3,2025-07-21 12:33:14.515410
2025-07-21,84802,2025072104014768,API,Oxford Securities Pvt. Ltd.,Dipshikha Dhitopatra Karobar Co. Pvt Ltd.,289,303.1,87595.9,2025-07-21 12:33:14.515754
2025-07-21,84624,2025072104014834,API,Oxford Securities Pvt. Ltd.,Deevyaa Securities & Stock House Pvt. Ltd,111,303.1,33644.1,2025-07-21 12:33:39.159332
2025-07-21,84623,2025072104014835,API,Sani Securities Company Ltd.,Deevyaa Securities & Stock House Pvt. Ltd,89,303.1,26975.9,2025-07-21 12:33:39.159686
2025-07-21,83975,2025072104015067,API,Sani Securities Company Ltd.,ABC Securities Private Limited,411,303.1,124574.1,2025-07-21 12:35:00.517447
2025-07-21,83974,2025072104015068,API,Kohinoor Investment & Securities Pvt. Ltd.,ABC Securities Private Limited,200,303.0,60600.0,2025-07-21 12:35:00.517559
2025-07-21,83973,2025072104015069,API,Online Securities Pvt. Ltd.,ABC Securities Private Limited,500,303.0,151500.0,2025-07-21 12:35:00.517590
2025-07-21,83972,2025072104015070,API,J.F. Securites (PVT) Ltd.,ABC Securities Private Limited,30,303.0,9090.0,2025-07-21 12:35:00.517615
2025-07-21,83971,2025072104015071,API,Imperial Securities Company Pvt. Ltd.,ABC Securities Private Limited,20,303.0,6060.0,2025-07-21 12:35:00.517638
2025-07-21,83970,2025072104015072,API,Sani Securities Company Ltd.,ABC Securities Private Limited,65,303.0,19695.0,2025-07-21 12:35:00.517661
2025-07-21,83969,2025072104015073,API,Siprabi Securities Pvt. Ltd.,ABC Securities Private Limited,100,303.0,30300.0,2025-07-21 12:35:00.517685
2025-07-21,83968,2025072104015074,API,ABC Securities Private Limited,ABC Securities Private Limited,984,303.0,298152.0,2025-07-21 12:35:00.517708
2025-07-21,83679,2025072104015160,API,Trisul Securities & Invt. Ltd.,Naasa Securities Co. Ltd.,1,298.0,298.0,2025-07-21 12:35:28.716797
2025-07-21,83630,2025072104015166,API,ABC Securities Private Limited,Premier Securities Company Ltd.,500,303.0,151500.0,2025-07-21 12:35:34.960273
2025-07-21,83402,2025072104015235,API,ABC Securities Private Limited,Deevyaa Securities & Stock House Pvt. Ltd,100,303.0,30300.0,2025-07-21 12:36:00.442931
2025-07-21,83177,2025072104015319,API,ABC Securities Private Limited,Premier Securities Company Ltd.,416,303.0,126048.0,2025-07-21 12:36:26.372022
2025-07-21,83176,2025072104015320,API,Miyo Securities Pvt Ltd,Premier Securities Company Ltd.,33,303.0,9999.0,2025-07-21 12:36:26.372349
2025-07-21,83175,2025072104015321,API,Naasa Securities Co. Ltd.,Premier Securities Company Ltd.,10,303.0,3030.0,2025-07-21 12:36:26.372509
2025-07-21,83174,2025072104015322,API,Vision Securities Pvt. Ltd,Premier Securities Company Ltd.,39,303.0,11817.0,2025-07-21 12:36:26.372663
2025-07-21,81647,2025072104015746,API,Asian Securities Private Ltd.,Malla & Malla Stock Broking Company Pvt. Limited,43,303.5,13050.5,2025-07-21 12:39:11.571648
2025-07-21,81092,2025072104015914,API,Sewa Securities Pvt. Ltd.,Magnet Securities and Investment Company Private Limited,100,302.1,30210.0,2025-07-21 12:40:08.184488
2025-07-21,80486,2025072104016138,API,Naasa Securities Co. Ltd.,Ashutosh Brokerage & Securities (PVT) Ltd.,200,302.0,60400.0,2025-07-21 12:41:02.638418
2025-07-21,80485,2025072104016139,API,South Asian Bulls Pvt. Ltd.,Ashutosh Brokerage & Securities (PVT) Ltd.,300,302.0,90600.0,2025-07-21 12:41:02.638787
2025-07-21,80470,2025072104016142,API,South Asian Bulls Pvt. Ltd.,Sri Hari Securities Pvt. Ltd.,20,302.0,6040.0,2025-07-21 12:41:04.033787
2025-07-21,80460,2025072104016146,API,South Asian Bulls Pvt. Ltd.,Dipshikha Dhitopatra Karobar Co. Pvt Ltd.,50,302.0,15100.0,2025-07-21 12:41:05.731219
2025-07-21,80346,2025072104016179,API,South Asian Bulls Pvt. Ltd.,Aryatara Investment & Securities,630,302.0,190260.0,2025-07-21 12:41:15.415305
2025-07-21,80345,2025072104016180,API,Aryatara Investment & Securities,Aryatara Investment & Securities,20,302.0,6040.0,2025-07-21 12:41:15.415686
2025-07-21,80344,2025072104016181,API,Dakshinkali Investment & Securities Pvt. Ltd.,Aryatara Investment & Securities,500,302.0,151000.0,2025-07-21 12:41:15.415874
2025-07-21,80343,2025072104016182,API,Nepal Stock House (PVT) Ltd.,Aryatara Investment & Securities,500,302.0,151000.0,2025-07-21 12:41:15.416049
2025-07-21,80336,2025072104016184,API,Siprabi Securities Pvt. Ltd.,Aryatara Investment & Securities,100,302.0,30200.0,2025-07-21 12:41:17.377477
2025-07-21,80132,2025072104016287,API,Naasa Securities Co. Ltd.,Sani Securities Company Ltd.,200,301.5,60300.0,2025-07-21 12:41:30.705220
2025-07-21,79990,2025072104016317,API,Trishakti Securities Public Limited,Aryatara Investment & Securities,15,302.0,4530.0,2025-07-21 12:41:44.529014
2025-07-21,79662,2025072104016398,API,Naasa Securities Co. Ltd.,Blue Chip Securities Ltd,19,301.5,5728.5,2025-07-21 12:42:14.948471
2025-07-21,79239,2025072104016484,API,Naasa Securities Co. Ltd.,Linch Stock Market Ltd.,19,301.5,5728.5,2025-07-21 12:42:51.289669
2025-07-21,78864,2025072104016581,API,Naasa Securities Co. Ltd.,Nepal Investment And Securities Trading Private Limited,32,301.5,9648.0,2025-07-21 12:43:31.152129
2025-07-21,78863,2025072104016582,API,Online Securities Pvt. Ltd.,Nepal Investment And Securities Trading Private Limited,147,301.4,44305.8,2025-07-21 12:43:31.152527
2025-07-21,78862,2025072104016583,API,Oxford Securities Pvt. Ltd.,Nepal Investment And Securities Trading Private Limited,100,301.3,30130.0,2025-07-21 12:43:31.152694
2025-07-21,78861,2025072104016584,API,Midas Stock Broking Company Private Limited,Nepal Investment And Securities Trading Private Limited,155,301.2,46686.0,2025-07-21 12:43:31.152930
2025-07-21,77609,2025072104016928,API,Online Securities Pvt. Ltd.,Shree Krishna Securities Ltd.,75,302.0,22650.0,2025-07-21 12:45:37.986721
2025-07-21,77113,2025072104017061,API,Midas Stock Broking Company Private Limited,Dipshikha Dhitopatra Karobar Co. Pvt Ltd.,45,301.2,13554.0,2025-07-21 12:46:17.199638
2025-07-21,77037,2025072104017086,API,Siprabi Securities Pvt. Ltd.,Aryatara Investment & Securities,100,301.2,30120.0,2025-07-21 12:46:24.519424
2025-07-21,77036,2025072104017087,API,Creative Securities Pvt Ltd,Aryatara Investment & Securities,100,301.0,30100.0,2025-07-21 12:46:24.519769
2025-07-21,77035,2025072104017088,API,Nepal Investment And Securities Trading Private Limited,Aryatara Investment & Securities,35,301.0,10535.0,2025-07-21 12:46:24.519936
2025-07-21,77000,2025072104017103,API,Nepal Investment And Securities Trading Private Limited,Dipshikha Dhitopatra Karobar Co. Pvt Ltd.,10,301.0,3010.0,2025-07-21 12:46:28.462419
2025-07-21,76824,2025072104017146,API,Dakshinkali Investment & Securities Pvt. Ltd.,Vision Securities Pvt. Ltd,400,301.1,120440.0,2025-07-21 12:46:43.646327
2025-07-21,76823,2025072104017147,API,Nepal Investment And Securities Trading Private Limited,Vision Securities Pvt. Ltd,35,301.0,10535.0,2025-07-21 12:46:43.646770
2025-07-21,76822,2025072104017148,API,Online Securities Pvt. Ltd.,Vision Securities Pvt. Ltd,3000,301.0,903000.0,2025-07-21 12:46:43.646964
2025-07-21,76821,2025072104017149,API,Midas Stock Broking Company Private Limited,Vision Securities Pvt. Ltd,50,301.0,15050.0,2025-07-21 12:46:43.647159
2025-07-21,76820,2025072104017150,API,Aryatara Investment & Securities,Vision Securities Pvt. Ltd,1500,301.0,451500.0,2025-07-21 12:46:43.647342
2025-07-21,76819,2025072104017151,API,Aryatara Investment & Securities,Vision Securities Pvt. Ltd,1500,301.0,451500.0,2025-07-21 12:46:43.647505
2025-07-21,76818,2025072104017152,API,Aryatara Investment & Securities,Vision Securities Pvt. Ltd,1350,301.0,406350.0,2025-07-21 12:46:43.647697
2025-07-21,76817,2025072104017153,API,Online Securities Pvt. Ltd.,Vision Securities Pvt. Ltd,330,301.0,99330.0,2025-07-21 12:46:43.647859
2025-07-21,76816,2025072104017154,API,Opal Securities Investment (PVT) Ltd.,Vision Securities Pvt. Ltd,130,301.0,39130.0,2025-07-21 12:46:43.648041
2025-07-21,76815,2025072104017155,API,Naasa Securities Co. Ltd.,Vision Securities Pvt. Ltd,200,301.0,60200.0,2025-07-21 12:46:43.648329
2025-07-21,76814,2025072104017156,API,Sumeru Securities Pvt. Ltd.,Vision Securities Pvt. Ltd,25,301.0,7525.0,2025-07-21 12:46:43.648560
2025-07-21,76327,2025072104017305,API,Sani Securities Company Ltd.,Kumari Securities Private Limited,52,301.5,15678.0,2025-07-21 12:47:42.796056
2025-07-21,76150,2025072104017351,API,Sani Securities Company Ltd.,Premier Securities Company Ltd.,18,301.5,5427.0,2025-07-21 12:47:59.491830
2025-07-21,76149,2025072104017352,API,Online Securities Pvt. Ltd.,Premier Securities Company Ltd.,13,301.1,3914.3,2025-07-21 12:47:59.492235
2025-07-21,76148,2025072104017353,API,Sumeru Securities Pvt. Ltd.,Premier Securities Company Ltd.,75,301.0,22575.0,2025-07-21 12:47:59.492499
2025-07-21,76147,2025072104017354,API,South Asian Bulls Pvt. Ltd.,Premier Securities Company Ltd.,20,301.0,6020.0,2025-07-21 12:47:59.492718
2025-07-21,76146,2025072104017355,API,Sewa Securities Pvt. Ltd.,Premier Securities Company Ltd.,50,300.8,15040.0,2025-07-21 12:47:59.492918
2025-07-21,76145,2025072104017356,API,Online Securities Pvt. Ltd.,Premier Securities Company Ltd.,13,300.7,3909.1,2025-07-21 12:47:59.493119
2025-07-21,76144,2025072104017357,API,Dipshikha Dhitopatra Karobar Co. Pvt Ltd.,Premier Securities Company Ltd.,240,300.6,72144.0,2025-07-21 12:47:59.493335
2025-07-21,76143,2025072104017358,API,Dipshikha Dhitopatra Karobar Co. Pvt Ltd.,Premier Securities Company Ltd.,100,300.5,30050.0,2025-07-21 12:47:59.493533
2025-07-21,76142,2025072104017359,API,Sundhara Securities Limited,Premier Securities Company Ltd.,473,300.3,142041.9,2025-07-21 12:47:59.493729
2025-07-21,76078,2025072104017375,API,Secured Securities Ltd.,Shree Krishna Securities Ltd.,50,302.0,15100.0,2025-07-21 12:48:09.721501
2025-07-21,75180,2025072104017625,API,Naasa Securities Co. Ltd.,Cristal Kanchanjanga Securites Pvt. Ltd.,50,301.0,15050.0,2025-07-21 12:49:34.657908
2025-07-21,74545,2025072104017808,API,Online Securities Pvt. Ltd.,Dipshikha Dhitopatra Karobar Co. Pvt Ltd.,26,300.6,7815.6,2025-07-21 12:50:30.430552
2025-07-21,74544,2025072104017809,API,Siprabi Securities Pvt. Ltd.,Dipshikha Dhitopatra Karobar Co. Pvt Ltd.,29,300.5,8714.5,2025-07-21 12:50:30.430889
2025-07-21,74506,2025072104017815,API,Siprabi Securities Pvt. Ltd.,Online Securities Pvt. Ltd.,300,300.5,90150.0,2025-07-21 12:50:34.186093
2025-07-21,74171,2025072104017959,API,Himalayan Securities Limited,Siprabi Securities Pvt. Ltd.,73,300.5,21936.5,2025-07-21 12:50:58.704595
2025-07-21,73951,2025072104018029,API,Online Securities Pvt. Ltd.,Primo Securities (PVT) Ltd.,52,300.6,15631.2,2025-07-21 12:51:25.891540
2025-07-21,73950,2025072104018030,API,Midas Stock Broking Company Private Limited,Primo Securities (PVT) Ltd.,425,300.4,127670.0,2025-07-21 12:51:25.891597
2025-07-21,73949,2025072104018031,API,Himalayan Securities Limited,Primo Securities (PVT) Ltd.,259,300.4,77803.6,2025-07-21 12:51:25.891628
2025-07-21,73948,2025072104018032,API,Sundhara Securities Limited,Primo Securities (PVT) Ltd.,527,300.3,158258.1,2025-07-21 12:51:25.891659
2025-07-21,73947,2025072104018033,API,Nepal Investment And Securities Trading Private Limited,Primo Securities (PVT) Ltd.,300,300.3,90090.0,2025-07-21 12:51:25.891683
2025-07-21,73946,2025072104018034,API,Imperial Securities Company Pvt. Ltd.,Primo Securities (PVT) Ltd.,70,300.2,21014.0,2025-07-21 12:51:25.891710
2025-07-21,73945,2025072104018035,API,Nepal Stock House (PVT) Ltd.,Primo Securities (PVT) Ltd.,3000,300.2,900600.0,2025-07-21 12:51:25.891747
2025-07-21,73944,2025072104018036,API,Arun Securities (PVT) Ltd.,Primo Securities (PVT) Ltd.,100,300.1,30010.0,2025-07-21 12:51:25.891784
2025-07-21,73943,2025072104018037,API,Sweta Securities Private Limited,Primo Securities (PVT) Ltd.,500,300.1,150050.0,2025-07-21 12:51:25.891811
2025-07-21,73942,2025072104018038,API,Kumari Securities Private Limited,Primo Securities (PVT) Ltd.,1000,300.1,300100.0,2025-07-21 12:51:25.891838
2025-07-21,73941,2025072104018039,API,KALASH STOCK MARKET PVT. LTD.,Primo Securities (PVT) Ltd.,1000,300.1,300100.0,2025-07-21 12:51:25.891861
2025-07-21,73940,2025072104018040,API,Naasa Securities Co. Ltd.,Primo Securities (PVT) Ltd.,50,300.1,15005.0,2025-07-21 12:51:25.891885
2025-07-21,73939,2025072104018041,API,Trishakti Securities Public Limited,Primo Securities (PVT) Ltd.,350,300.1,105035.0,2025-07-21 12:51:25.891909
2025-07-21,73938,2025072104018042,API,Naasa Securities Co. Ltd.,Primo Securities (PVT) Ltd.,1000,300.0,300000.0,2025-07-21 12:51:25.891934
2025-07-21,73937,2025072104018043,API,Dipshikha Dhitopatra Karobar Co. Pvt Ltd.,Primo Securities (PVT) Ltd.,200,300.0,60000.0,2025-07-21 12:51:25.891969
2025-07-21,73936,2025072104018044,API,Premier Securities Company Ltd.,Primo Securities (PVT) Ltd.,100,300.0,30000.0,2025-07-21 12:51:25.891995
2025-07-21,73935,2025072104018045,API,Secured Securities Ltd.,Primo Securities (PVT) Ltd.,40,300.0,12000.0,2025-07-21 12:51:25.892018
2025-07-21,73934,2025072104018046,API,Premier Securities Company Ltd.,Primo Securities (PVT) Ltd.,75,300.0,22500.0,2025-07-21 12:51:25.892040
2025-07-21,73933,2025072104018047,API,Aryatara Investment & Securities,Primo Securities (PVT) Ltd.,300,300.0,90000.0,2025-07-21 12:51:25.892065
2025-07-21,73932,2025072104018048,API,Agrawal Securities (PVT) Ltd.,Primo Securities (PVT) Ltd.,40,300.0,12000.0,2025-07-21 12:51:25.892090
2025-07-21,73931,2025072104018049,API,Kohinoor Investment & Securities Pvt. Ltd.,Primo Securities (PVT) Ltd.,300,300.0,90000.0,2025-07-21 12:51:25.892139
2025-07-21,73930,2025072104018050,API,Siprabi Securities Pvt. Ltd.,Primo Securities (PVT) Ltd.,100,300.0,30000.0,2025-07-21 12:51:25.892168
2025-07-21,73929,2025072104018051,API,Midas Stock Broking Company Private Limited,Primo Securities (PVT) Ltd.,212,300.0,63600.0,2025-07-21 12:51:25.892196
2025-07-21,73565,2025072104018120,API,Online Securities Pvt. Ltd.,Vision Securities Pvt. Ltd,104,300.1,31210.4,2025-07-21 12:52:00.786170
2025-07-21,73564,2025072104018121,API,Midas Stock Broking Company Private Limited,Vision Securities Pvt. Ltd,96,300.0,28800.0,2025-07-21 12:52:00.786559
2025-07-21,73308,2025072104018181,API,Imperial Securities Company Pvt. Ltd.,Cristal Kanchanjanga Securites Pvt. Ltd.,390,301.0,117390.0,2025-07-21 12:52:33.246677
2025-07-21,73021,2025072104018258,API,Dipshikha Dhitopatra Karobar Co. Pvt Ltd.,Citizens Share Broker Limited,130,300.1,39013.0,2025-07-21 12:53:12.467363
2025-07-21,72919,2025072104018289,API,Kohinoor Investment & Securities Pvt. Ltd.,Cristal Kanchanjanga Securites Pvt. Ltd.,560,301.0,168560.0,2025-07-21 12:53:34.905610
2025-07-21,72895,2025072104018293,API,Sri Hari Securities Pvt. Ltd.,Shree Krishna Securities Ltd.,15,302.0,4530.0,2025-07-21 12:53:37.250350
2025-07-21,72750,2025072104018341,API,Kohinoor Investment & Securities Pvt. Ltd.,Dipshikha Dhitopatra Karobar Co. Pvt Ltd.,56,301.0,16856.0,2025-07-21 12:53:58.042730
2025-07-21,72260,2025072104018446,API,Opal Securities Investment (PVT) Ltd.,Shree Krishna Securities Ltd.,135,302.0,40770.0,2025-07-21 12:54:51.279646
2025-07-21,72168,2025072104018467,API,Kohinoor Investment & Securities Pvt. Ltd.,Shree Krishna Securities Ltd.,41,302.0,12382.0,2025-07-21 12:55:04.555211
2025-07-21,72167,2025072104018468,API,Kohinoor Investment & Securities Pvt. Ltd.,Trishakti Securities Public Limited,15,302.0,4530.0,2025-07-21 12:55:04.555531
2025-07-21,72166,2025072104018469,API,Kohinoor Investment & Securities Pvt. Ltd.,Dakshinkali Investment & Securities Pvt. Ltd.,944,302.0,285088.0,2025-07-21 12:55:04.555682
2025-07-21,72001,2025072104018518,API,Sani Securities Company Ltd.,Secured Securities Ltd.,42,301.0,12642.0,2025-07-21 12:55:29.011273
2025-07-21,71430,2025072104018680,API,N.M.B. SECURITIES LIMITED,Dakshinkali Investment & Securities Pvt. Ltd.,56,302.0,16912.0,2025-07-21 12:56:36.601858
2025-07-21,71429,2025072104018681,API,N.M.B. SECURITIES LIMITED,Bhrikuti Stock Broking Co. Pvt. Ltd.,444,302.0,134088.0,2025-07-21 12:56:36.602180
2025-07-21,71203,2025072104018741,API,Naasa Securities Co. Ltd.,Bhrikuti Stock Broking Co. Pvt. Ltd.,20,302.0,6040.0,2025-07-21 12:57:12.209165
2025-07-21,70980,2025072104018798,API,Citizens Share Broker Limited,SHUBHAKAMANA SECURITIES PVT. LTD,10,301.1,3011.0,2025-07-21 12:57:41.157355
2025-07-21,69227,2025072104019193,API,Oxford Securities Pvt. Ltd.,Naasa Securities Co. Ltd.,28,301.5,8442.0,2025-07-21 13:02:22.844993
2025-07-21,69226,2025072104019194,API,Naasa Securities Co. Ltd.,Naasa Securities Co. Ltd.,92,301.2,27710.4,2025-07-21 13:02:22.845355
2025-07-21,69089,2025072104019236,API,Naasa Securities Co. Ltd.,Online Securities Pvt. Ltd.,108,301.2,32529.6,2025-07-21 13:02:45.872613
2025-07-21,69088,2025072104019237,API,Sweta Securities Private Limited,Online Securities Pvt. Ltd.,92,301.2,27710.4,2025-07-21 13:02:45.873097
2025-07-21,68846,2025072104019307,API,Kohinoor Investment & Securities Pvt. Ltd.,Imperial Securities Company Pvt. Ltd.,20,301.3,6026.0,2025-07-21 13:03:21.114128
2025-07-21,68342,2025072104019443,API,Linch Stock Market Ltd.,Bhrikuti Stock Broking Co. Pvt. Ltd.,100,302.0,30200.0,2025-07-21 13:04:49.353552
2025-07-21,68179,2025072104019492,API,Kohinoor Investment & Securities Pvt. Ltd.,Online Securities Pvt. Ltd.,250,301.3,75325.0,2025-07-21 13:05:16.989491
2025-07-21,68032,2025072104019535,API,Kohinoor Investment & Securities Pvt. Ltd.,Cristal Kanchanjanga Securites Pvt. Ltd.,230,301.3,69299.0,2025-07-21 13:05:45.636637
2025-07-21,68031,2025072104019536,API,Sweta Securities Private Limited,Cristal Kanchanjanga Securites Pvt. Ltd.,1020,301.2,307224.0,2025-07-21 13:05:45.637032
2025-07-21,67951,2025072104019555,API,Sweta Securities Private Limited,Sundhara Securities Limited,488,301.2,146985.6,2025-07-21 13:06:05.671131
2025-07-21,67950,2025072104019556,API,Citizens Share Broker Limited,Sundhara Securities Limited,240,301.1,72264.0,2025-07-21 13:06:05.671493
2025-07-21,67867,2025072104019568,API,Sumeru Securities Pvt. Ltd.,Cristal Kanchanjanga Securites Pvt. Ltd.,1500,301.0,451500.0,2025-07-21 13:06:19.773221
2025-07-21,67866,2025072104019569,API,Sumeru Securities Pvt. Ltd.,Vision Securities Pvt. Ltd,50,301.9,15095.0,2025-07-21 13:06:19.773657
2025-07-21,67865,2025072104019570,API,Sumeru Securities Pvt. Ltd.,Bhrikuti Stock Broking Co. Pvt. Ltd.,135,302.0,40770.0,2025-07-21 13:06:19.774024
2025-07-21,67759,2025072104019587,API,Siprabi Securities Pvt. Ltd.,Cristal Kanchanjanga Securites Pvt. Ltd.,30,301.0,9030.0,2025-07-21 13:06:41.937753
2025-07-21,67373,2025072104019679,API,Bhrikuti Stock Broking Co. Pvt. Ltd.,Kohinoor Investment & Securities Pvt. Ltd.,30,301.0,9030.0,2025-07-21 13:07:45.301766
2025-07-21,67372,2025072104019680,API,Sani Securities Company Ltd.,Kohinoor Investment & Securities Pvt. Ltd.,480,301.0,144480.0,2025-07-21 13:07:45.302201
2025-07-21,66347,2025072104019842,API,Naasa Securities Co. Ltd.,Bhrikuti Stock Broking Co. Pvt. Ltd.,30,302.0,9060.0,2025-07-21 13:10:11.962368
2025-07-21,66297,2025072104019854,API,Aryatara Investment & Securities,Bhrikuti Stock Broking Co. Pvt. Ltd.,79,302.0,23858.0,2025-07-21 13:10:18.779364
2025-07-21,66296,2025072104019855,API,Aryatara Investment & Securities,Dakshinkali Investment & Securities Pvt. Ltd.,21,302.0,6342.0,2025-07-21 13:10:18.779773
2025-07-21,65531,2025072104020045,API,Naasa Securities Co. Ltd.,Cristal Kanchanjanga Securites Pvt. Ltd.,400,301.0,120400.0,2025-07-21 13:12:17.801937
2025-07-21,65530,2025072104020046,API,Siprabi Securities Pvt. Ltd.,Cristal Kanchanjanga Securites Pvt. Ltd.,70,301.0,21070.0,2025-07-21 13:12:17.802882
2025-07-21,65529,2025072104020047,API,Trishakti Securities Public Limited,Cristal Kanchanjanga Securites Pvt. Ltd.,500,301.0,150500.0,2025-07-21 13:12:17.803506
2025-07-21,65528,2025072104020048,API,Trishakti Securities Public Limited,Cristal Kanchanjanga Securites Pvt. Ltd.,200,301.0,60200.0,2025-07-21 13:12:17.804015
2025-07-21,65527,2025072104020049,API,Prabhu Stock Market Limited,Cristal Kanchanjanga Securites Pvt. Ltd.,300,301.0,90300.0,2025-07-21 13:12:17.804580
2025-07-21,65483,2025072104020057,API,Dynamic Money Managers Securities Pvt. Ltd.,Cristal Kanchanjanga Securites Pvt. Ltd.,30,301.0,9030.0,2025-07-21 13:12:25.498463
2025-07-21,65279,2025072104020113,API,Dynamic Money Managers Securities Pvt. Ltd.,Vision Securities Pvt. Ltd,77,301.0,23177.0,2025-07-21 13:12:53.446046
2025-07-21,64895,2025072104020219,API,Trishakti Securities Public Limited,Dakshinkali Investment & Securities Pvt. Ltd.,139,302.0,41978.0,2025-07-21 13:13:59.459471
2025-07-21,64894,2025072104020220,API,Trishakti Securities Public Limited,Sri Hari Securities Pvt. Ltd.,55,302.0,16610.0,2025-07-21 13:13:59.459885
2025-07-21,64893,2025072104020221,API,Trishakti Securities Public Limited,Naasa Securities Co. Ltd.,2806,302.0,847412.0,2025-07-21 13:13:59.460095
2025-07-21,64655,2025072104020281,API,Dynamic Money Managers Securities Pvt. Ltd.,Vision Securities Pvt. Ltd,883,301.0,265783.0,2025-07-21 13:14:40.160800
2025-07-21,64654,2025072104020282,API,Midas Stock Broking Company Private Limited,Vision Securities Pvt. Ltd,1000,301.0,301000.0,2025-07-21 13:14:40.161200
2025-07-21,64334,2025072104020351,API,Asian Securities Private Ltd.,Online Securities Pvt. Ltd.,2,299.0,598.0,2025-07-21 13:15:35.198971
2025-07-21,64234,2025072104020381,API,Imperial Securities Company Pvt. Ltd.,Vision Securities Pvt. Ltd,100,301.0,30100.0,2025-07-21 13:15:59.179149
2025-07-21,64179,2025072104020397,API,Cristal Kanchanjanga Securites Pvt. Ltd.,Vision Securities Pvt. Ltd,17,301.0,5117.0,2025-07-21 13:16:07.090629
2025-07-21,64024,2025072104020434,API,Cristal Kanchanjanga Securites Pvt. Ltd.,Imperial Securities Company Pvt. Ltd.,50,301.0,15050.0,2025-07-21 13:16:33.687275
2025-07-21,63576,2025072104020543,API,Trisul Securities & Invt. Ltd.,Trisul Securities & Invt. Ltd.,2,299.0,598.0,2025-07-21 13:17:44.877698
2025-07-21,63510,2025072104020565,API,Cristal Kanchanjanga Securites Pvt. Ltd.,Sri Hari Securities Pvt. Ltd.,50,301.0,15050.0,2025-07-21 13:17:57.738929
2025-07-21,63509,2025072104020566,API,Linch Stock Market Ltd.,Sri Hari Securities Pvt. Ltd.,55,301.0,16555.0,2025-07-21 13:17:57.739786
2025-07-21,63505,2025072104020567,API,Arun Securities (PVT) Ltd.,Naasa Securities Co. Ltd.,751,302.0,226802.0,2025-07-21 13:17:58.999086
2025-07-21,63225,2025072104020628,API,Arun Securities (PVT) Ltd.,Opal Securities Investment (PVT) Ltd.,158,302.0,47716.0,2025-07-21 13:18:46.522420
2025-07-21,63111,2025072104020659,API,Arun Securities (PVT) Ltd.,Premier Securities Company Ltd.,91,302.0,27482.0,2025-07-21 13:19:00.426631
2025-07-21,63004,2025072104020710,API,Siprabi Securities Pvt. Ltd.,Capital Max Securities Ltd,1,300.5,300.5,2025-07-21 13:19:15.223071
2025-07-21,62884,2025072104020726,API,Online Securities Pvt. Ltd.,Deevyaa Securities & Stock House Pvt. Ltd,30,302.0,9060.0,2025-07-21 13:19:30.844194
2025-07-21,62883,2025072104020727,API,Imperial Securities Company Pvt. Ltd.,Deevyaa Securities & Stock House Pvt. Ltd,200,302.0,60400.0,2025-07-21 13:19:30.844635
2025-07-21,62882,2025072104020728,API,Linch Stock Market Ltd.,Deevyaa Securities & Stock House Pvt. Ltd,645,301.0,194145.0,2025-07-21 13:19:30.844822
2025-07-21,62881,2025072104020729,API,Naasa Securities Co. Ltd.,Deevyaa Securities & Stock House Pvt. Ltd,300,301.0,90300.0,2025-07-21 13:19:30.845003
2025-07-21,62687,2025072104020783,API,Online Securities Pvt. Ltd.,Deevyaa Securities & Stock House Pvt. Ltd,10,301.0,3010.0,2025-07-21 13:20:04.660690
2025-07-21,62652,2025072104020794,API,Naasa Securities Co. Ltd.,Deevyaa Securities & Stock House Pvt. Ltd,10,301.0,3010.0,2025-07-21 13:20:11.094238
2025-07-21,62599,2025072104020799,API,Trisul Securities & Invt. Ltd.,Market Securities & Exchange (PVT) Ltd.,2,299.0,598.0,2025-07-21 13:20:24.122152
2025-07-21,62462,2025072104020832,API,Siprabi Securities Pvt. Ltd.,Deevyaa Securities & Stock House Pvt. Ltd,252,301.0,75852.0,2025-07-21 13:20:50.631977
2025-07-21,62379,2025072104020859,API,Creative Securities Pvt Ltd,Cristal Kanchanjanga Securites Pvt. Ltd.,150,300.7,45105.0,2025-07-21 13:21:05.777068
2025-07-21,62378,2025072104020860,API,Linch Stock Market Ltd.,Cristal Kanchanjanga Securites Pvt. Ltd.,50,300.7,15035.0,2025-07-21 13:21:05.777551
2025-07-21,62023,2025072104020955,API,Dakshinkali Investment & Securities Pvt. Ltd.,J.F. Securites (PVT) Ltd.,125,301.0,37625.0,2025-07-21 13:21:57.295635
2025-07-21,61930,2025072104020967,API,Dakshinkali Investment & Securities Pvt. Ltd.,SUN SECURITIES PVT LTD,50,301.0,15050.0,2025-07-21 13:22:04.021119
2025-07-21,61823,2025072104020999,API,Dakshinkali Investment & Securities Pvt. Ltd.,Cristal Kanchanjanga Securites Pvt. Ltd.,78,301.0,23478.0,2025-07-21 13:22:18.204446
2025-07-21,61822,2025072104021000,API,Linch Stock Market Ltd.,Cristal Kanchanjanga Securites Pvt. Ltd.,22,301.0,6622.0,2025-07-21 13:22:18.204972
2025-07-21,61652,2025072104021040,API,Linch Stock Market Ltd.,Linch Stock Market Ltd.,478,301.0,143878.0,2025-07-21 13:22:38.825103
2025-07-21,61651,2025072104021041,API,Aryatara Investment & Securities,Linch Stock Market Ltd.,50,301.0,15050.0,2025-07-21 13:22:38.825549
2025-07-21,61650,2025072104021042,API,Imperial Securities Company Pvt. Ltd.,Linch Stock Market Ltd.,50,301.0,15050.0,2025-07-21 13:22:38.825780
2025-07-21,61649,2025072104021043,API,Sundhara Securities Limited,Linch Stock Market Ltd.,50,300.7,15035.0,2025-07-21 13:22:38.825969
2025-07-21,61648,2025072104021044,API,Nepal Stock House (PVT) Ltd.,Linch Stock Market Ltd.,562,300.7,168993.4,2025-07-21 13:22:38.826181
2025-07-21,61319,2025072104021156,API,Nepal Stock House (PVT) Ltd.,Sri Hari Securities Pvt. Ltd.,638,300.7,191846.6,2025-07-21 13:23:31.968674
2025-07-21,61318,2025072104021157,API,Linch Stock Market Ltd.,Sri Hari Securities Pvt. Ltd.,400,300.7,120280.0,2025-07-21 13:23:31.969113
2025-07-21,61317,2025072104021158,API,Imperial Securities Company Pvt. Ltd.,Sri Hari Securities Pvt. Ltd.,12,300.7,3608.4,2025-07-21 13:23:31.969302
2025-07-21,61245,2025072104021179,API,Imperial Securities Company Pvt. Ltd.,Opal Securities Investment (PVT) Ltd.,50,301.0,15050.0,2025-07-21 13:23:44.956227
2025-07-21,61078,2025072104021265,API,Oxford Securities Pvt. Ltd.,Opal Securities Investment (PVT) Ltd.,16,301.0,4816.0,2025-07-21 13:24:03.588681
2025-07-21,60862,2025072104021328,API,Imperial Securities Company Pvt. Ltd.,Sundhara Securities Limited,38,300.7,11426.6,2025-07-21 13:24:44.854030
2025-07-21,60861,2025072104021329,API,Trisul Securities & Invt. Ltd.,Sundhara Securities Limited,100,300.7,30070.0,2025-07-21 13:24:44.854464
2025-07-21,60860,2025072104021330,API,Sani Securities Company Ltd.,Sundhara Securities Limited,162,300.6,48697.2,2025-07-21 13:24:44.854698
2025-07-21,60654,2025072104021393,API,Naasa Securities Co. Ltd.,Opal Securities Investment (PVT) Ltd.,10,301.0,3010.0,2025-07-21 13:25:16.237210
2025-07-21,60204,2025072104021494,API,Dakshinkali Investment & Securities Pvt. Ltd.,Opal Securities Investment (PVT) Ltd.,99,301.0,29799.0,2025-07-21 13:26:18.762643
2025-07-21,60203,2025072104021495,API,Dakshinkali Investment & Securities Pvt. Ltd.,Agrawal Securities (PVT) Ltd.,1,301.0,301.0,2025-07-21 13:26:18.762949
2025-07-21,60117,2025072104021521,API,Citizens Share Broker Limited,Trishakti Securities Public Limited,50,301.0,15050.0,2025-07-21 13:26:31.221876
2025-07-21,60116,2025072104021522,API,Citizens Share Broker Limited,Sani Securities Company Ltd.,100,301.0,30100.0,2025-07-21 13:26:31.222282
2025-07-21,60115,2025072104021523,API,Citizens Share Broker Limited,Vision Securities Pvt. Ltd,50,301.0,15050.0,2025-07-21 13:26:31.222496
2025-07-21,59922,2025072104021558,API,Dipshikha Dhitopatra Karobar Co. Pvt Ltd.,Midas Stock Broking Company Private Limited,100,300.7,30070.0,2025-07-21 13:27:05.432435
2025-07-21,59602,2025072104021668,API,Asian Securities Private Ltd.,Sundhara Securities Limited,4,295.0,1180.0,2025-07-21 13:28:05.532518
2025-07-21,59582,2025072104021671,API,Trishakti Securities Public Limited,Kumari Securities Private Limited,250,300.7,75175.0,2025-07-21 13:28:09.797100
2025-07-21,58912,2025072104021886,API,Creative Securities Pvt Ltd,Kohinoor Investment & Securities Pvt. Ltd.,13,301.0,3913.0,2025-07-21 13:29:46.696657
2025-07-21,58573,2025072104021988,API,Asian Securities Private Ltd.,Online Securities Pvt. Ltd.,1,300.0,300.0,2025-07-21 13:30:36.186658
2025-07-21,58507,2025072104022008,API,Asian Securities Private Ltd.,K.B.L. Securities Limited ,2,300.0,600.0,2025-07-21 13:30:47.626531
2025-07-21,57667,2025072104022280,API,Creative Securities Pvt Ltd,Secured Securities Ltd.,47,301.0,14147.0,2025-07-21 13:32:46.740233
2025-07-21,57666,2025072104022281,API,Investment Management Nepal Pvt. Ltd.,Secured Securities Ltd.,265,301.0,79765.0,2025-07-21 13:32:46.741173
2025-07-21,57665,2025072104022282,API,Linch Stock Market Ltd.,Secured Securities Ltd.,188,300.8,56550.4,2025-07-21 13:32:46.741798
2025-07-21,56738,2025072104022527,API,Nabil Stock Dealer Ltd.,Premier Securities Company Ltd.,100,300.9,30090.0,2025-07-21 13:35:22.233893
2025-07-21,56612,2025072104022560,API,Dipshikha Dhitopatra Karobar Co. Pvt Ltd.,Shree Krishna Securities Ltd.,100,301.0,30100.0,2025-07-21 13:35:38.864639
2025-07-21,56611,2025072104022561,API,Dipshikha Dhitopatra Karobar Co. Pvt Ltd.,Midas Stock Broking Company Private Limited,50,301.0,15050.0,2025-07-21 13:35:38.865691
2025-07-21,56418,2025072104022612,API,Nabil Stock Dealer Ltd.,Premier Securities Company Ltd.,100,300.9,30090.0,2025-07-21 13:36:05.571139
2025-07-21,56067,2025072104022677,API,Sewa Securities Pvt. Ltd.,Premier Securities Company Ltd.,35,301.0,10535.0,2025-07-21 13:36:49.917604
2025-07-21,56066,2025072104022678,API,Linch Stock Market Ltd.,Premier Securities Company Ltd.,65,300.8,19552.0,2025-07-21 13:36:49.917669
2025-07-21,56013,2025072104022705,API,Linch Stock Market Ltd.,Premier Securities Company Ltd.,47,300.8,14137.6,2025-07-21 13:36:57.977837
2025-07-21,55977,2025072104022713,API,Naasa Securities Co. Ltd.,ABC Securities Private Limited,30,302.0,9060.0,2025-07-21 13:37:03.427866
2025-07-21,55915,2025072104022733,API,Deevyaa Securities & Stock House Pvt. Ltd,Asian Securities Private Ltd.,58,301.0,17458.0,2025-07-21 13:37:14.297822
2025-07-21,55504,2025072104022842,API,Trishakti Securities Public Limited,ABC Securities Private Limited,970,302.0,292940.0,2025-07-21 13:38:20.109736
2025-07-21,55503,2025072104022843,API,Trishakti Securities Public Limited,Dakshinkali Investment & Securities Pvt. Ltd.,1000,302.0,302000.0,2025-07-21 13:38:20.110239
2025-07-21,55467,2025072104022847,API,Trishakti Securities Public Limited,Premier Securities Company Ltd.,26,302.0,7852.0,2025-07-21 13:38:24.703489
2025-07-21,55466,2025072104022848,API,Trishakti Securities Public Limited,Trishakti Securities Public Limited,4,302.0,1208.0,2025-07-21 13:38:24.703946
2025-07-21,54976,2025072104022996,API,Bhrikuti Stock Broking Co. Pvt. Ltd.,Kohinoor Investment & Securities Pvt. Ltd.,100,301.1,30110.0,2025-07-21 13:39:33.008587
2025-07-21,54975,2025072104022997,API,Deevyaa Securities & Stock House Pvt. Ltd,Kohinoor Investment & Securities Pvt. Ltd.,200,301.0,60200.0,2025-07-21 13:39:33.009473
2025-07-21,53866,2025072104023255,API,Naasa Securities Co. Ltd.,Midas Stock Broking Company Private Limited,13,301.1,3914.3,2025-07-21 13:42:03.373184
2025-07-21,53545,2025072104023338,API,Bhrikuti Stock Broking Co. Pvt. Ltd.,Dakshinkali Investment & Securities Pvt. Ltd.,250,302.0,75500.0,2025-07-21 13:42:35.530020
2025-07-21,53544,2025072104023339,API,Bhrikuti Stock Broking Co. Pvt. Ltd.,Premier Securities Company Ltd.,50,302.0,15100.0,2025-07-21 13:42:35.530515
2025-07-21,52476,2025072104023572,API,Dipshikha Dhitopatra Karobar Co. Pvt Ltd.,Himalayan Brokerage Company Limited,500,302.8,151400.0,2025-07-21 13:44:55.797960
2025-07-21,52475,2025072104023573,API,Dipshikha Dhitopatra Karobar Co. Pvt Ltd.,Himalayan Brokerage Company Limited,500,302.9,151450.0,2025-07-21 13:44:55.798495
2025-07-21,51120,2025072104023857,API,Vision Securities Pvt. Ltd,ABC Securities Private Limited,10,302.1,3021.0,2025-07-21 13:47:47.365000
2025-07-21,49857,2025072104024088,API,Online Securities Pvt. Ltd.,Premier Securities Company Ltd.,239,302.2,72225.8,2025-07-21 13:50:00.114101
2025-07-21,49549,2025072104024149,API,Online Securities Pvt. Ltd.,Thrive Brokerage House Pvt. Ltd,52,302.2,15714.4,2025-07-21 13:50:25.138671
2025-07-21,49041,2025072104024240,API,Online Securities Pvt. Ltd.,Premier Securities Company Ltd.,420,302.3,126966.0,2025-07-21 13:51:11.906000
2025-07-21,47400,2025072104024594,API,Online Securities Pvt. Ltd.,ABC Securities Private Limited,480,302.3,145104.0,2025-07-21 13:53:48.320475
2025-07-21,47104,2025072104024678,API,Online Securities Pvt. Ltd.,Himalayan Securities Limited,100,302.3,30230.0,2025-07-21 13:54:24.128940
2025-07-21,47103,2025072104024679,API,Sani Securities Company Ltd.,Himalayan Securities Limited,200,302.3,60460.0,2025-07-21 13:54:24.129012
2025-07-21,47102,2025072104024680,API,Online Securities Pvt. Ltd.,Himalayan Securities Limited,709,302.2,214259.8,2025-07-21 13:54:24.129040
2025-07-21,47101,2025072104024681,API,Vision Securities Pvt. Ltd,Himalayan Securities Limited,490,302.1,148029.0,2025-07-21 13:54:24.129067
2025-07-21,47100,2025072104024682,API,Bhrikuti Stock Broking Co. Pvt. Ltd.,Himalayan Securities Limited,200,302.0,60400.0,2025-07-21 13:54:24.129092
2025-07-21,47099,2025072104024683,API,Sewa Securities Pvt. Ltd.,Himalayan Securities Limited,40,302.0,12080.0,2025-07-21 13:54:24.129117
2025-07-21,47098,2025072104024684,API,Kumari Securities Private Limited,Himalayan Securities Limited,100,301.2,30120.0,2025-07-21 13:54:24.129142
2025-07-21,47097,2025072104024685,API,Linch Stock Market Ltd.,Himalayan Securities Limited,10,301.2,3012.0,2025-07-21 13:54:24.129165
2025-07-21,47096,2025072104024686,API,Linch Stock Market Ltd.,Himalayan Securities Limited,326,301.2,98191.2,2025-07-21 13:54:24.129190
2025-07-21,46969,2025072104024713,API,Dynamic Money Managers Securities Pvt. Ltd.,Swarna Laxmi Securities Pvt. Ltd.,100,302.3,30230.0,2025-07-21 13:54:38.302224
2025-07-21,46968,2025072104024714,API,Linch Stock Market Ltd.,Swarna Laxmi Securities Pvt. Ltd.,54,301.2,16264.8,2025-07-21 13:54:38.302348
2025-07-21,46581,2025072104024806,API,Trishakti Securities Public Limited,Trisul Securities & Invt. Ltd.,1000,302.8,302800.0,2025-07-21 13:55:18.006144
2025-07-21,46580,2025072104024807,API,Trishakti Securities Public Limited,Premier Securities Company Ltd.,209,302.9,63306.1,2025-07-21 13:55:18.006607
2025-07-21,46579,2025072104024808,API,Trishakti Securities Public Limited,Shree Krishna Securities Ltd.,100,302.9,30290.0,2025-07-21 13:55:18.006820
2025-07-21,46577,2025072104024809,API,Trishakti Securities Public Limited,Naasa Securities Co. Ltd.,600,303.0,181800.0,2025-07-21 13:55:18.007028
2025-07-21,46576,2025072104024810,API,Trishakti Securities Public Limited,Shree Krishna Securities Ltd.,100,303.0,30300.0,2025-07-21 13:55:18.007249
2025-07-21,46575,2025072104024811,API,Trishakti Securities Public Limited,Cristal Kanchanjanga Securites Pvt. Ltd.,100,303.0,30300.0,2025-07-21 13:55:18.007491
2025-07-21,46574,2025072104024812,API,Trishakti Securities Public Limited,Opal Securities Investment (PVT) Ltd.,17,303.0,5151.0,2025-07-21 13:55:18.007730
2025-07-21,46573,2025072104024813,API,Trishakti Securities Public Limited,BHOLE GANESH SECURITIES LTD,525,303.0,159075.0,2025-07-21 13:55:18.007936
2025-07-21,46572,2025072104024814,API,Trishakti Securities Public Limited,Swarna Laxmi Securities Pvt. Ltd.,1246,303.0,377538.0,2025-07-21 13:55:18.008176
2025-07-21,46571,2025072104024815,API,Trishakti Securities Public Limited,Himalayan Brokerage Company Limited,103,303.0,31209.0,2025-07-21 13:55:18.008406
2025-07-21,45842,2025072104024979,API,Linch Stock Market Ltd.,Himalayan Brokerage Company Limited,397,303.0,120291.0,2025-07-21 13:57:02.489992
2025-07-21,45841,2025072104024980,API,Linch Stock Market Ltd.,K.B.L. Securities Limited ,68,303.0,20604.0,2025-07-21 13:57:02.490911
2025-07-21,45840,2025072104024981,API,Linch Stock Market Ltd.,Primo Securities (PVT) Ltd.,100,303.0,30300.0,2025-07-21 13:57:02.491575
2025-07-21,45839,2025072104024982,API,Linch Stock Market Ltd.,Malla & Malla Stock Broking Company Pvt. Limited,32,303.0,9696.0,2025-07-21 13:57:02.492224
2025-07-21,45838,2025072104024983,API,Linch Stock Market Ltd.,Trishakti Securities Public Limited,189,303.0,57267.0,2025-07-21 13:57:02.492864
2025-07-21,43803,2025072104025340,API,Linch Stock Market Ltd.,Aryatara Investment & Securities,14,302.0,4228.0,2025-07-21 14:00:01.721494
2025-07-21,43802,2025072104025341,API,J.F. Securites (PVT) Ltd.,Aryatara Investment & Securities,186,301.3,56041.8,2025-07-21 14:00:01.721576
2025-07-21,43209,2025072104025458,API,Secured Securities Ltd.,Premier Securities Company Ltd.,400,302.1,120840.0,2025-07-21 14:01:02.415866
2025-07-21,42257,2025072104025636,API,Online Securities Pvt. Ltd.,Naasa Securities Co. Ltd.,30,303.5,9105.0,2025-07-21 14:02:35.395564
2025-07-21,42105,2025072104025670,API,Oxford Securities Pvt. Ltd.,Naasa Securities Co. Ltd.,30,303.5,9105.0,2025-07-21 14:02:55.489558
2025-07-21,42104,2025072104025671,API,Oxford Securities Pvt. Ltd.,Midas Stock Broking Company Private Limited,470,303.5,142645.0,2025-07-21 14:02:55.490483
2025-07-21,41684,2025072104025780,API,Vision Securities Pvt. Ltd,Swarna Laxmi Securities Pvt. Ltd.,200,303.0,60600.0,2025-07-21 14:03:30.346178
2025-07-21,41234,2025072104025917,API,Vision Securities Pvt. Ltd,Naasa Securities Co. Ltd.,14,303.0,4242.0,2025-07-21 14:04:13.545674
2025-07-21,40715,2025072104026059,API,Oxford Securities Pvt. Ltd.,Kohinoor Investment & Securities Pvt. Ltd.,15,303.1,4546.5,2025-07-21 14:05:14.612242
2025-07-21,40642,2025072104026075,API,Vision Securities Pvt. Ltd,Kohinoor Investment & Securities Pvt. Ltd.,1286,303.0,389658.0,2025-07-21 14:05:23.362778
2025-07-21,40641,2025072104026076,API,Premier Securities Company Ltd.,Kohinoor Investment & Securities Pvt. Ltd.,200,303.0,60600.0,2025-07-21 14:05:23.363577
2025-07-21,40632,2025072104026077,API,Secured Securities Ltd.,Kohinoor Investment & Securities Pvt. Ltd.,14,303.0,4242.0,2025-07-21 14:05:26.352816
2025-07-21,40386,2025072104026167,API,Oxford Securities Pvt. Ltd.,Midas Stock Broking Company Private Limited,15,303.5,4552.5,2025-07-21 14:05:51.880927
2025-07-21,40351,2025072104026177,API,Secured Securities Ltd.,Vision Securities Pvt. Ltd,27,303.0,8181.0,2025-07-21 14:05:56.367044
2025-07-21,40152,2025072104026265,API,Secured Securities Ltd.,Bhrikuti Stock Broking Co. Pvt. Ltd.,500,303.0,151500.0,2025-07-21 14:06:11.384074
2025-07-21,40099,2025072104026282,API,Secured Securities Ltd.,Vision Securities Pvt. Ltd,50,303.0,15150.0,2025-07-21 14:06:20.732875
2025-07-21,39810,2025072104026362,API,Nepal Stock House (PVT) Ltd.,Kohinoor Investment & Securities Pvt. Ltd.,200,303.0,60600.0,2025-07-21 14:06:52.097414
2025-07-21,39349,2025072104026548,API,Agrawal Securities (PVT) Ltd.,Kohinoor Investment & Securities Pvt. Ltd.,300,303.0,90900.0,2025-07-21 14:07:36.254815
2025-07-21,39348,2025072104026549,API,Agrawal Securities (PVT) Ltd.,Sri Hari Securities Pvt. Ltd.,200,303.0,60600.0,2025-07-21 14:07:36.255284
2025-07-21,39303,2025072104026562,API,Vision Securities Pvt. Ltd,Sri Hari Securities Pvt. Ltd.,200,303.0,60600.0,2025-07-21 14:07:43.777158
2025-07-21,39226,2025072104026598,API,Market Securities & Exchange (PVT) Ltd.,Imperial Securities Company Pvt. Ltd.,200,302.3,60460.0,2025-07-21 14:07:53.337534
2025-07-21,39223,2025072104026600,API,Market Securities & Exchange (PVT) Ltd.,Sani Securities Company Ltd.,100,302.3,30230.0,2025-07-21 14:07:53.602393
2025-07-21,39222,2025072104026601,API,J.F. Securites (PVT) Ltd.,Sani Securities Company Ltd.,214,301.3,64478.2,2025-07-21 14:07:53.602922
2025-07-21,39137,2025072104026639,API,Linch Stock Market Ltd.,Nepal Investment And Securities Trading Private Limited,120,301.2,36144.0,2025-07-21 14:08:03.178633
2025-07-21,39136,2025072104026640,API,Deevyaa Securities & Stock House Pvt. Ltd,Nepal Investment And Securities Trading Private Limited,180,301.0,54180.0,2025-07-21 14:08:03.179146
2025-07-21,38749,2025072104026730,API,Deevyaa Securities & Stock House Pvt. Ltd,Vision Securities Pvt. Ltd,62,301.0,18662.0,2025-07-21 14:08:45.174430
2025-07-21,38748,2025072104026731,API,Linch Stock Market Ltd.,Vision Securities Pvt. Ltd,30,301.0,9030.0,2025-07-21 14:08:45.174910
2025-07-21,38747,2025072104026732,API,Imperial Securities Company Pvt. Ltd.,Vision Securities Pvt. Ltd,1000,301.0,301000.0,2025-07-21 14:08:45.175132
2025-07-21,38746,2025072104026733,API,Imperial Securities Company Pvt. Ltd.,Vision Securities Pvt. Ltd,500,301.0,150500.0,2025-07-21 14:08:45.175358
2025-07-21,38745,2025072104026734,API,Kumari Securities Private Limited,Vision Securities Pvt. Ltd,15,301.0,4515.0,2025-07-21 14:08:45.175575
2025-07-21,38744,2025072104026735,API,Siprabi Securities Pvt. Ltd.,Vision Securities Pvt. Ltd,165,301.0,49665.0,2025-07-21 14:08:45.175792
2025-07-21,38743,2025072104026736,API,Imperial Securities Company Pvt. Ltd.,Vision Securities Pvt. Ltd,300,301.0,90300.0,2025-07-21 14:08:45.176014
2025-07-21,38742,2025072104026737,API,Dipshikha Dhitopatra Karobar Co. Pvt Ltd.,Vision Securities Pvt. Ltd,150,301.0,45150.0,2025-07-21 14:08:45.176235
2025-07-21,38741,2025072104026738,API,Creative Securities Pvt Ltd,Vision Securities Pvt. Ltd,830,301.0,249830.0,2025-07-21 14:08:45.176452
2025-07-21,38740,2025072104026739,API,Siprabi Securities Pvt. Ltd.,Vision Securities Pvt. Ltd,146,301.0,43946.0,2025-07-21 14:08:45.176661
2025-07-21,38739,2025072104026740,API,Imperial Securities Company Pvt. Ltd.,Vision Securities Pvt. Ltd,700,301.0,210700.0,2025-07-21 14:08:45.176873
2025-07-21,38738,2025072104026741,API,Premier Securities Company Ltd.,Vision Securities Pvt. Ltd,1102,301.0,331702.0,2025-07-21 14:08:45.177091
2025-07-21,38465,2025072104026834,API,Premier Securities Company Ltd.,Naasa Securities Co. Ltd.,16,301.0,4816.0,2025-07-21 14:09:21.942639
2025-07-21,38432,2025072104026837,API,Premier Securities Company Ltd.,Aryatara Investment & Securities,792,301.0,238392.0,2025-07-21 14:09:25.430395
2025-07-21,38342,2025072104026865,API,ABC Securities Private Limited,Aryatara Investment & Securities,16,301.0,4816.0,2025-07-21 14:09:35.844417
2025-07-21,38327,2025072104026868,API,ABC Securities Private Limited,Trisul Securities & Invt. Ltd.,84,301.0,25284.0,2025-07-21 14:09:37.175505
2025-07-21,38326,2025072104026869,API,Imperial Securities Company Pvt. Ltd.,Trisul Securities & Invt. Ltd.,116,300.9,34904.4,2025-07-21 14:09:37.175963
2025-07-21,37635,2025072104027041,API,Trisul Securities & Invt. Ltd.,Malla & Malla Stock Broking Company Pvt. Limited,2,296.3,592.6,2025-07-21 14:11:04.180049
2025-07-21,37618,2025072104027044,API,Imperial Securities Company Pvt. Ltd.,Asian Securities Private Ltd.,26,300.9,7823.4,2025-07-21 14:11:07.892452
2025-07-21,37562,2025072104027062,API,Imperial Securities Company Pvt. Ltd.,Linch Stock Market Ltd.,358,300.9,107722.2,2025-07-21 14:11:17.160762
2025-07-21,37561,2025072104027063,API,Deevyaa Securities & Stock House Pvt. Ltd,Linch Stock Market Ltd.,500,300.7,150350.0,2025-07-21 14:11:17.161267
2025-07-21,37560,2025072104027064,API,Imperial Securities Company Pvt. Ltd.,Linch Stock Market Ltd.,142,300.7,42699.4,2025-07-21 14:11:17.161506
2025-07-21,35244,2025072104027859,API,Sundhara Securities Limited,Nagarik Stock Dealer ,1000,301.0,301000.0,2025-07-21 14:15:20.950095
2025-07-21,35235,2025072104027863,API,Asian Securities Private Ltd.,Trishakti Securities Public Limited,4,300.0,1200.0,2025-07-21 14:15:21.656836
2025-07-21,35130,2025072104027901,API,Asian Securities Private Ltd.,Naasa Securities Co. Ltd.,5,300.0,1500.0,2025-07-21 14:15:34.744671
2025-07-21,34732,2025072104028032,API,Pragyan Securities (PVT) Ltd.,K.B.L. Securities Limited ,20,301.0,6020.0,2025-07-21 14:16:20.683158
2025-07-21,34731,2025072104028033,API,Sweta Securities Private Limited,K.B.L. Securities Limited ,10,301.0,3010.0,2025-07-21 14:16:20.683654
2025-07-21,34730,2025072104028034,API,MILKY WAY SHARE BROKER COMPANY LTD ,K.B.L. Securities Limited ,6000,301.0,1806000.0,2025-07-21 14:16:20.683924
2025-07-21,34541,2025072104028098,API,Citizens Share Broker Limited,Vision Securities Pvt. Ltd,250,300.9,75225.0,2025-07-21 14:16:43.869599
2025-07-21,34453,2025072104028120,API,Naasa Securities Co. Ltd.,K.B.L. Securities Limited ,20,301.0,6020.0,2025-07-21 14:16:55.746483
2025-07-21,34452,2025072104028121,API,Citizens Share Broker Limited,Oxford Securities Pvt. Ltd.,73,300.9,21965.7,2025-07-21 14:16:56.072554
2025-07-21,34257,2025072104028176,API,Sewa Securities Pvt. Ltd.,K.B.L. Securities Limited ,4000,301.0,1204000.0,2025-07-21 14:17:17.614668
2025-07-21,33786,2025072104028336,API,Swarna Laxmi Securities Pvt. Ltd.,Sri Hari Securities Pvt. Ltd.,645,301.0,194145.0,2025-07-21 14:18:07.914143
2025-07-21,33785,2025072104028337,API,Aryatara Investment & Securities,Sri Hari Securities Pvt. Ltd.,1000,301.0,301000.0,2025-07-21 14:18:07.914687
2025-07-21,33660,2025072104028359,API,Capital Hub P. Ltd,Sri Hari Securities Pvt. Ltd.,10,301.0,3010.0,2025-07-21 14:18:22.130411
2025-07-21,33340,2025072104028445,API,Asian Securities Private Ltd.,Shree Krishna Securities Ltd.,2,300.0,600.0,2025-07-21 14:19:01.445016
2025-07-21,33216,2025072104028499,API,Citizens Share Broker Limited,Cristal Kanchanjanga Securites Pvt. Ltd.,127,300.9,38214.3,2025-07-21 14:19:14.617422
2025-07-21,33215,2025072104028500,API,Vision Securities Pvt. Ltd,Cristal Kanchanjanga Securites Pvt. Ltd.,219,300.9,65897.1,2025-07-21 14:19:14.617877
2025-07-21,33214,2025072104028501,API,Secured Securities Ltd.,Cristal Kanchanjanga Securites Pvt. Ltd.,10,300.8,3008.0,2025-07-21 14:19:14.618123
2025-07-21,33213,2025072104028502,API,Imperial Securities Company Pvt. Ltd.,Cristal Kanchanjanga Securites Pvt. Ltd.,169,300.8,50835.2,2025-07-21 14:19:14.618365
2025-07-21,32856,2025072104028592,API,Imperial Securities Company Pvt. Ltd.,Vision Securities Pvt. Ltd,189,300.8,56851.2,2025-07-21 14:19:48.823445
2025-07-21,32855,2025072104028593,API,Imperial Securities Company Pvt. Ltd.,Vision Securities Pvt. Ltd,50,300.8,15040.0,2025-07-21 14:19:48.823970
2025-07-21,32854,2025072104028594,API,ABC Securities Private Limited,Vision Securities Pvt. Ltd,261,300.7,78482.7,2025-07-21 14:19:48.824223
2025-07-21,32126,2025072104028923,API,Asian Securities Private Ltd.,Kohinoor Investment & Securities Pvt. Ltd.,6,300.0,1800.0,2025-07-21 14:21:05.613362
2025-07-21,31794,2025072104028986,API,Asian Securities Private Ltd.,J.F. Securites (PVT) Ltd.,2,300.0,600.0,2025-07-21 14:21:34.825991
2025-07-21,31674,2025072104029021,API,Asian Securities Private Ltd.,Premier Securities Company Ltd.,1,300.0,300.0,2025-07-21 14:21:45.906682
2025-07-21,31606,2025072104029043,API,Naasa Securities Co. Ltd.,Premier Securities Company Ltd.,10,300.8,3008.0,2025-07-21 14:21:53.487788
2025-07-21,31410,2025072104029088,API,Naasa Securities Co. Ltd.,Nepal Stock House (PVT) Ltd.,20,300.8,6016.0,2025-07-21 14:22:18.523673
2025-07-21,31409,2025072104029089,API,Sumeru Securities Pvt. Ltd.,Nepal Stock House (PVT) Ltd.,505,300.8,151904.0,2025-07-21 14:22:18.524630
2025-07-21,31330,2025072104029118,API,Online Securities Pvt. Ltd.,Sri Hari Securities Pvt. Ltd.,165,301.0,49665.0,2025-07-21 14:22:27.321483
2025-07-21,31130,2025072104029173,API,Sumeru Securities Pvt. Ltd.,Naasa Securities Co. Ltd.,10,300.8,3008.0,2025-07-21 14:22:41.992272
2025-07-21,30762,2025072104029284,API,Sagarmatha Securities Private Limited,Sri Hari Securities Pvt. Ltd.,180,301.0,54180.0,2025-07-21 14:23:20.644264
2025-07-21,30761,2025072104029285,API,Sagarmatha Securities Private Limited,Naasa Securities Co. Ltd.,50,301.0,15050.0,2025-07-21 14:23:20.644737
2025-07-21,30175,2025072104029427,API,Trisul Securities & Invt. Ltd.,Thrive Brokerage House Pvt. Ltd,2,296.3,592.6,2025-07-21 14:24:17.560093
2025-07-21,28874,2025072104029790,API,Sagarmatha Securities Private Limited,R.B.B. Securities Company Ltd,20,301.0,6020.0,2025-07-21 14:26:30.891046
2025-07-21,28873,2025072104029791,API,Global IME Securities Limited,R.B.B. Securities Company Ltd,20,301.0,6020.0,2025-07-21 14:26:30.891531
2025-07-21,28872,2025072104029792,API,Sumeru Securities Pvt. Ltd.,R.B.B. Securities Company Ltd,1485,300.8,446688.0,2025-07-21 14:26:30.891771
2025-07-21,28871,2025072104029793,API,ABC Securities Private Limited,R.B.B. Securities Company Ltd,500,300.8,150400.0,2025-07-21 14:26:30.892001
2025-07-21,28870,2025072104029794,API,ABC Securities Private Limited,R.B.B. Securities Company Ltd,339,300.7,101937.3,2025-07-21 14:26:30.892240
2025-07-21,28869,2025072104029795,API,Opal Securities Investment (PVT) Ltd.,R.B.B. Securities Company Ltd,20,300.7,6014.0,2025-07-21 14:26:30.892485
2025-07-21,28868,2025072104029796,API,ABC Securities Private Limited,R.B.B. Securities Company Ltd,116,300.7,34881.2,2025-07-21 14:26:30.892724
2025-07-21,28286,2025072104029951,API,Deevyaa Securities & Stock House Pvt. Ltd,Sundhara Securities Limited,100,300.8,30080.0,2025-07-21 14:27:33.514365
2025-07-21,27213,2025072104030257,API,Deevyaa Securities & Stock House Pvt. Ltd,Premier Securities Company Ltd.,20,300.8,6016.0,2025-07-21 14:29:36.098507
2025-07-21,26932,2025072104030340,API,S.P.S.A. Securities Limited,Primo Securities (PVT) Ltd.,10,301.0,3010.0,2025-07-21 14:30:14.386376
2025-07-21,26850,2025072104030377,API,Deevyaa Securities & Stock House Pvt. Ltd,Sani Securities Company Ltd.,300,300.8,90240.0,2025-07-21 14:30:24.456580
2025-07-21,26841,2025072104030382,API,Trisul Securities & Invt. Ltd.,Trisul Securities & Invt. Ltd.,1,295.0,295.0,2025-07-21 14:30:25.444028
2025-07-21,26339,2025072104030510,API,Deevyaa Securities & Stock House Pvt. Ltd,Vision Securities Pvt. Ltd,580,300.8,174464.0,2025-07-21 14:31:25.512514
2025-07-21,25624,2025072104030676,API,Imperial Securities Company Pvt. Ltd.,Vision Securities Pvt. Ltd,13,300.8,3910.4,2025-07-21 14:32:33.597297
2025-07-21,25504,2025072104030730,API,Prabhu Stock Market Limited,Indira securities pvt. ltd,200,300.7,60140.0,2025-07-21 14:32:46.068520
2025-07-21,25503,2025072104030731,API,Capital Max Securities Ltd,Indira securities pvt. ltd,1800,300.6,541080.0,2025-07-21 14:32:46.068578
2025-07-21,24388,2025072104031058,API,ABC Securities Private Limited,Dipshikha Dhitopatra Karobar Co. Pvt Ltd.,30,300.8,9024.0,2025-07-21 14:34:58.451403
2025-07-21,23990,2025072104031180,API,ABC Securities Private Limited,Aryatara Investment & Securities,18,300.7,5412.6,2025-07-21 14:35:54.361771
2025-07-21,23978,2025072104031181,API,Trishakti Securities Public Limited,Sani Securities Company Ltd.,100,300.8,30080.0,2025-07-21 14:35:56.062759
2025-07-21,23651,2025072104031258,API,Trishakti Securities Public Limited,Oxford Securities Pvt. Ltd.,50,300.8,15040.0,2025-07-21 14:36:39.542495
2025-07-21,23514,2025072104031285,API,Trishakti Securities Public Limited,Sundhara Securities Limited,100,300.8,30080.0,2025-07-21 14:36:55.006094
2025-07-21,23513,2025072104031286,API,ABC Securities Private Limited,Sundhara Securities Limited,11,300.7,3307.7,2025-07-21 14:36:55.006611
2025-07-21,23512,2025072104031287,API,Sewa Securities Pvt. Ltd.,Sundhara Securities Limited,200,300.7,60140.0,2025-07-21 14:36:55.006857
2025-07-21,23511,2025072104031288,API,Miyo Securities Pvt Ltd,Sundhara Securities Limited,10,300.7,3007.0,2025-07-21 14:36:55.007092
2025-07-21,23510,2025072104031289,API,Capital Max Securities Ltd,Sundhara Securities Limited,200,300.6,60120.0,2025-07-21 14:36:55.007355
2025-07-21,23509,2025072104031290,API,Miyo Securities Pvt Ltd,Sundhara Securities Limited,300,300.6,90180.0,2025-07-21 14:36:55.007613
2025-07-21,23508,2025072104031291,API,Dipshikha Dhitopatra Karobar Co. Pvt Ltd.,Sundhara Securities Limited,100,300.5,30050.0,2025-07-21 14:36:55.007863
2025-07-21,23507,2025072104031292,API,Agrawal Securities (PVT) Ltd.,Sundhara Securities Limited,500,300.5,150250.0,2025-07-21 14:36:55.008109
2025-07-21,23506,2025072104031293,API,Global IME Securities Limited,Sundhara Securities Limited,10,300.5,3005.0,2025-07-21 14:36:55.008377
2025-07-21,23505,2025072104031294,API,Kumari Securities Private Limited,Sundhara Securities Limited,300,300.5,90150.0,2025-07-21 14:36:55.008631
2025-07-21,23504,2025072104031295,API,Dakshinkali Investment & Securities Pvt. Ltd.,Sundhara Securities Limited,1000,300.4,300400.0,2025-07-21 14:36:55.008879
2025-07-21,23503,2025072104031296,API,Dakshinkali Investment & Securities Pvt. Ltd.,Sundhara Securities Limited,389,300.4,116855.6,2025-07-21 14:36:55.009129
2025-07-21,22825,2025072104031449,API,Dakshinkali Investment & Securities Pvt. Ltd.,Sani Securities Company Ltd.,100,300.4,30040.0,2025-07-21 14:38:07.893728
2025-07-21,22622,2025072104031503,API,Naasa Securities Co. Ltd.,Primo Securities (PVT) Ltd.,34,301.0,10234.0,2025-07-21 14:38:28.225186
2025-07-21,22621,2025072104031504,API,Naasa Securities Co. Ltd.,Sewa Securities Pvt. Ltd.,265,301.0,79765.0,2025-07-21 14:38:28.225658
2025-07-21,22620,2025072104031505,API,Naasa Securities Co. Ltd.,Vision Securities Pvt. Ltd,201,301.0,60501.0,2025-07-21 14:38:28.225930
2025-07-21,22547,2025072104031525,API,Imperial Securities Company Pvt. Ltd.,Vision Securities Pvt. Ltd,30,301.0,9030.0,2025-07-21 14:38:37.987933
2025-07-21,22409,2025072104031566,API,Thrive Brokerage House Pvt. Ltd,Dipshikha Dhitopatra Karobar Co. Pvt Ltd.,220,300.5,66110.0,2025-07-21 14:38:51.807617
2025-07-21,22316,2025072104031599,API,Aryatara Investment & Securities,Vision Securities Pvt. Ltd,643,301.0,193543.0,2025-07-21 14:39:01.132498
2025-07-21,22315,2025072104031600,API,Aryatara Investment & Securities,Investment Management Nepal Pvt. Ltd.,357,301.0,107457.0,2025-07-21 14:39:01.132947
2025-07-21,22241,2025072104031607,API,Thrive Brokerage House Pvt. Ltd,Sagarmatha Securities Private Limited,30,300.5,9015.0,2025-07-21 14:39:10.471567
2025-07-21,22240,2025072104031608,API,Imperial Securities Company Pvt. Ltd.,Sagarmatha Securities Private Limited,30,300.5,9015.0,2025-07-21 14:39:10.472065
2025-07-21,22239,2025072104031609,API,Dakshinkali Investment & Securities Pvt. Ltd.,Sagarmatha Securities Private Limited,511,300.4,153504.4,2025-07-21 14:39:10.472295
2025-07-21,22032,2025072104031636,API,Naasa Securities Co. Ltd.,Asian Securities Private Ltd.,26,300.6,7815.6,2025-07-21 14:39:29.357494
2025-07-21,22031,2025072104031637,API,Oxford Securities Pvt. Ltd.,Asian Securities Private Ltd.,29,300.5,8714.5,2025-07-21 14:39:29.357974
2025-07-21,21918,2025072104031685,API,Aryatara Investment & Securities,Investment Management Nepal Pvt. Ltd.,100,301.0,30100.0,2025-07-21 14:39:44.185269
2025-07-21,21846,2025072104031708,API,Oxford Securities Pvt. Ltd.,Kumari Securities Private Limited,25,300.5,7512.5,2025-07-21 14:39:52.822600
2025-07-21,21674,2025072104031743,API,Sundhara Securities Limited,Sani Securities Company Ltd.,2,300.0,600.0,2025-07-21 14:40:13.585985
2025-07-21,21546,2025072104031801,API,Dakshinkali Investment & Securities Pvt. Ltd.,J.F. Securites (PVT) Ltd.,243,300.6,73045.8,2025-07-21 14:40:25.135871
2025-07-21,21450,2025072104031828,API,Trishakti Securities Public Limited,Creative Securities Pvt Ltd,1000,300.9,300900.0,2025-07-21 14:40:35.548634
2025-07-21,21380,2025072104031852,API,Trishakti Securities Public Limited,Creative Securities Pvt Ltd,200,300.9,60180.0,2025-07-21 14:40:42.626374
2025-07-21,21374,2025072104031854,API,Trishakti Securities Public Limited,Creative Securities Pvt Ltd,600,300.9,180540.0,2025-07-21 14:40:43.637432
2025-07-21,21373,2025072104031855,API,Trishakti Securities Public Limited,Investment Management Nepal Pvt. Ltd.,228,301.0,68628.0,2025-07-21 14:40:43.637970
