Date,S.N.,Contract ID,Symbol,Buyer Broker,Seller Broker,volume,rate,amount,transaction_time
2025-08-04,143401,2025080403000278,ALICL,Dynamic Money Managers Securities Pvt. Ltd.,Creative Securities Pvt Ltd,10,514.5,5145.0,2025-08-04 11:05:37.513504
2025-08-04,140507,2025080403000464,ALICL,ABC Securities Private Limited,Secured Securities Ltd.,10,513.0,5130.0,2025-08-04 11:07:59.049234
2025-08-04,136679,2025080403000822,ALICL,Dipshikha Dhitopatra Karobar Co. Pvt Ltd.,Secured Securities Ltd.,40,513.0,20520.0,2025-08-04 11:11:22.357135
2025-08-04,136678,2025080403000823,ALICL,Dipshikha Dhitopatra Karobar Co. Pvt Ltd.,Vision Securities Pvt. Ltd,100,513.0,51300.0,2025-08-04 11:11:22.357198
2025-08-04,132133,2025080403001156,ALICL,Opal Securities Investment (PVT) Ltd.,J.F. Securites (PVT) Ltd.,200,512.0,102400.0,2025-08-04 11:14:37.837582
2025-08-04,129706,2025080403001320,ALICL,Opal Securities Investment (PVT) Ltd.,Sumeru Securities Pvt. Ltd.,100,512.0,51200.0,2025-08-04 11:16:36.287519
2025-08-04,124622,2025080403001684,ALICL,ABC Securities Private Limited,Sweta Securities Private Limited,50,511.9,25595.0,2025-08-04 11:21:15.136889
2025-08-04,123818,2025080403001726,ALICL,ABC Securities Private Limited,Malla & Malla Stock Broking Company Pvt. Limited,50,511.0,25550.0,2025-08-04 11:21:59.452374
2025-08-04,122607,2025080403001828,ALICL,Sani Securities Company Ltd.,Malla & Malla Stock Broking Company Pvt. Limited,10,511.0,5110.0,2025-08-04 11:23:00.510869
2025-08-04,121423,2025080403001917,ALICL,Naasa Securities Co. Ltd.,Malla & Malla Stock Broking Company Pvt. Limited,100,511.0,51100.0,2025-08-04 11:24:13.170614
2025-08-04,119538,2025080403002057,ALICL,Sagarmatha Securities Private Limited,J.F. Securites (PVT) Ltd.,100,510.0,51000.0,2025-08-04 11:26:07.202995
2025-08-04,118301,2025080403002100,ALICL,ABC Securities Private Limited,Imperial Securities Company Pvt. Ltd.,40,510.0,20400.0,2025-08-04 11:27:12.806103
2025-08-04,108698,2025080403002788,ALICL,Opal Securities Investment (PVT) Ltd.,Imperial Securities Company Pvt. Ltd.,67,510.0,34170.0,2025-08-04 11:36:35.288213
2025-08-04,107169,2025080403002906,ALICL,Pragyan Securities (PVT) Ltd.,SHUBHAKAMANA SECURITIES PVT. LTD,23,510.5,11741.5,2025-08-04 11:38:02.320659
2025-08-04,106926,2025080403002924,ALICL,Opal Securities Investment (PVT) Ltd.,Primo Securities (PVT) Ltd.,33,510.0,16830.0,2025-08-04 11:38:14.466644
2025-08-04,104251,2025080403003135,ALICL,Agrawal Securities (PVT) Ltd.,Primo Securities (PVT) Ltd.,10,510.0,5100.0,2025-08-04 11:40:40.737395
2025-08-04,104106,2025080403003167,ALICL,Deevyaa Securities & Stock House Pvt. Ltd,SHUBHAKAMANA SECURITIES PVT. LTD,18,508.1,9145.8,2025-08-04 11:40:49.947231
2025-08-04,103743,2025080403003223,ALICL,Deevyaa Securities & Stock House Pvt. Ltd,Sumeru Securities Pvt. Ltd.,82,508.1,41664.2,2025-08-04 11:41:21.257889
2025-08-04,103742,2025080403003224,ALICL,South Asian Bulls Pvt. Ltd.,Sumeru Securities Pvt. Ltd.,18,508.0,9144.0,2025-08-04 11:41:21.258074
2025-08-04,103514,2025080403003253,ALICL,Ashutosh Brokerage & Securities (PVT) Ltd.,Sumeru Securities Pvt. Ltd.,300,509.9,152970.0,2025-08-04 11:41:44.978216
2025-08-04,103513,2025080403003254,ALICL,Ashutosh Brokerage & Securities (PVT) Ltd.,Sewa Securities Pvt. Ltd.,200,510.0,102000.0,2025-08-04 11:41:44.978410
2025-08-04,97696,2025080403003989,ALICL,Naasa Securities Co. Ltd.,Sewa Securities Pvt. Ltd.,10,510.0,5100.0,2025-08-04 11:50:48.442547
2025-08-04,95579,2025080403004364,ALICL,Bhrikuti Stock Broking Co. Pvt. Ltd.,Sewa Securities Pvt. Ltd.,20,510.0,10200.0,2025-08-04 11:54:42.308127
2025-08-04,94304,2025080403004572,ALICL,Bhrikuti Stock Broking Co. Pvt. Ltd.,Sewa Securities Pvt. Ltd.,30,510.0,15300.0,2025-08-04 11:57:27.610649
2025-08-04,94139,2025080403004600,ALICL,Dakshinkali Investment & Securities Pvt. Ltd.,Sewa Securities Pvt. Ltd.,10,510.0,5100.0,2025-08-04 11:57:49.758731
2025-08-04,92929,2025080403004801,ALICL,Agrawal Securities (PVT) Ltd.,Sewa Securities Pvt. Ltd.,20,510.0,10200.0,2025-08-04 12:00:12.643265
2025-08-04,91586,2025080403004970,ALICL,Siprabi Securities Pvt. Ltd.,Shree Krishna Securities Ltd.,50,508.7,25435.0,2025-08-04 12:02:32.225990
2025-08-04,91585,2025080403004971,ALICL,Online Securities Pvt. Ltd.,Shree Krishna Securities Ltd.,10,508.6,5086.0,2025-08-04 12:02:32.226215
2025-08-04,91584,2025080403004972,ALICL,Bhrikuti Stock Broking Co. Pvt. Ltd.,Shree Krishna Securities Ltd.,30,508.5,15255.0,2025-08-04 12:02:32.226348
2025-08-04,91583,2025080403004973,ALICL,ABC Securities Private Limited,Shree Krishna Securities Ltd.,10,508.0,5080.0,2025-08-04 12:02:32.226470
2025-08-04,90375,2025080403005210,ALICL,Online Securities Pvt. Ltd.,Sumeru Securities Pvt. Ltd.,10,508.8,5088.0,2025-08-04 12:04:55.755586
2025-08-04,90374,2025080403005211,ALICL,Naasa Securities Co. Ltd.,Sumeru Securities Pvt. Ltd.,17,508.0,8636.0,2025-08-04 12:04:55.755689
2025-08-04,90373,2025080403005212,ALICL,Pragyan Securities (PVT) Ltd.,Sumeru Securities Pvt. Ltd.,100,508.0,50800.0,2025-08-04 12:04:55.755737
2025-08-04,90372,2025080403005213,ALICL,Sani Securities Company Ltd.,Sumeru Securities Pvt. Ltd.,20,508.0,10160.0,2025-08-04 12:04:55.755787
2025-08-04,82541,2025080403006573,ALICL,South Asian Bulls Pvt. Ltd.,Vision Securities Pvt. Ltd,32,506.2,16198.4,2025-08-04 12:16:28.124323
2025-08-04,82540,2025080403006574,ALICL,Online Securities Pvt. Ltd.,Vision Securities Pvt. Ltd,10,506.2,5062.0,2025-08-04 12:16:28.124487
2025-08-04,82539,2025080403006575,ALICL,Dakshinkali Investment & Securities Pvt. Ltd.,Vision Securities Pvt. Ltd,200,506.1,101220.0,2025-08-04 12:16:28.124548
2025-08-04,82538,2025080403006576,ALICL,Kohinoor Investment & Securities Pvt. Ltd.,Vision Securities Pvt. Ltd,100,506.1,50610.0,2025-08-04 12:16:28.124594
2025-08-04,82537,2025080403006577,ALICL,Opal Securities Investment (PVT) Ltd.,Vision Securities Pvt. Ltd,100,506.0,50600.0,2025-08-04 12:16:28.124642
2025-08-04,82536,2025080403006578,ALICL,Dipshikha Dhitopatra Karobar Co. Pvt Ltd.,Vision Securities Pvt. Ltd,10,506.0,5060.0,2025-08-04 12:16:28.124691
2025-08-04,82535,2025080403006579,ALICL,Sundhara Securities Limited,Vision Securities Pvt. Ltd,10,505.0,5050.0,2025-08-04 12:16:28.124741
2025-08-04,82534,2025080403006580,ALICL,Opal Securities Investment (PVT) Ltd.,Vision Securities Pvt. Ltd,538,505.0,271690.0,2025-08-04 12:16:28.124784
2025-08-04,82188,2025080403006654,ALICL,J.F. Securites (PVT) Ltd.,Online Securities Pvt. Ltd.,1,500.0,500.0,2025-08-04 12:16:55.867540
2025-08-04,81197,2025080403006869,ALICL,Online Securities Pvt. Ltd.,Premier Securities Company Ltd.,10,505.1,5051.0,2025-08-04 12:18:38.300317
2025-08-04,81196,2025080403006870,ALICL,South Asian Bulls Pvt. Ltd.,Premier Securities Company Ltd.,75,505.1,37882.5,2025-08-04 12:18:38.300411
2025-08-04,79407,2025080403007191,ALICL,Investment Management Nepal Pvt. Ltd.,Cristal Kanchanjanga Securites Pvt. Ltd.,10,505.2,5052.0,2025-08-04 12:21:20.483356
2025-08-04,79406,2025080403007192,ALICL,Online Securities Pvt. Ltd.,Cristal Kanchanjanga Securites Pvt. Ltd.,10,505.2,5052.0,2025-08-04 12:21:20.483572
2025-08-04,75259,2025080403007878,ALICL,Online Securities Pvt. Ltd.,Trishakti Securities Public Limited,40,506.0,20240.0,2025-08-04 12:28:49.115063
2025-08-04,75025,2025080403007921,ALICL,Online Securities Pvt. Ltd.,Sumeru Securities Pvt. Ltd.,10,505.2,5052.0,2025-08-04 12:29:10.030936
2025-08-04,75024,2025080403007922,ALICL,Online Securities Pvt. Ltd.,Sumeru Securities Pvt. Ltd.,100,505.2,50520.0,2025-08-04 12:29:10.031178
2025-08-04,75023,2025080403007923,ALICL,South Asian Bulls Pvt. Ltd.,Sumeru Securities Pvt. Ltd.,325,505.1,164157.5,2025-08-04 12:29:10.031323
2025-08-04,75022,2025080403007924,ALICL,Opal Securities Investment (PVT) Ltd.,Sumeru Securities Pvt. Ltd.,65,505.0,32825.0,2025-08-04 12:29:10.031486
2025-08-04,73447,2025080403008115,ALICL,Online Securities Pvt. Ltd.,Vision Securities Pvt. Ltd,10,505.1,5051.0,2025-08-04 12:31:28.210077
2025-08-04,73446,2025080403008116,ALICL,Opal Securities Investment (PVT) Ltd.,Vision Securities Pvt. Ltd,397,505.0,200485.0,2025-08-04 12:31:28.210187
2025-08-04,73445,2025080403008117,ALICL,Kalika Securities Pvt. Ltd.,Vision Securities Pvt. Ltd,50,505.0,25250.0,2025-08-04 12:31:28.210238
2025-08-04,73444,2025080403008118,ALICL,Imperial Securities Company Pvt. Ltd.,Vision Securities Pvt. Ltd,57,504.0,28728.0,2025-08-04 12:31:28.210287
2025-08-04,73443,2025080403008119,ALICL,Primo Securities (PVT) Ltd.,Vision Securities Pvt. Ltd,486,503.6,244749.6,2025-08-04 12:31:28.210352
2025-08-04,73065,2025080403008182,ALICL,Primo Securities (PVT) Ltd.,Online Securities Pvt. Ltd.,200,503.6,100720.0,2025-08-04 12:32:04.863800
2025-08-04,72619,2025080403008247,ALICL,Dakshinkali Investment & Securities Pvt. Ltd.,Sumeru Securities Pvt. Ltd.,200,503.8,100760.0,2025-08-04 12:32:54.430515
2025-08-04,72618,2025080403008248,ALICL,Primo Securities (PVT) Ltd.,Sumeru Securities Pvt. Ltd.,300,503.6,151080.0,2025-08-04 12:32:54.430640
2025-08-04,72437,2025080403008283,ALICL,Primo Securities (PVT) Ltd.,Sumeru Securities Pvt. Ltd.,14,503.6,7050.4,2025-08-04 12:33:14.648943
2025-08-04,72436,2025080403008284,ALICL,ABC Securities Private Limited,Sumeru Securities Pvt. Ltd.,100,503.5,50350.0,2025-08-04 12:33:14.649211
2025-08-04,72435,2025080403008285,ALICL,Linch Stock Market Ltd.,Sumeru Securities Pvt. Ltd.,20,503.0,10060.0,2025-08-04 12:33:14.649348
2025-08-04,72434,2025080403008286,ALICL,South Asian Bulls Pvt. Ltd.,Sumeru Securities Pvt. Ltd.,1000,502.1,502100.0,2025-08-04 12:33:14.649484
2025-08-04,72433,2025080403008287,ALICL,Cristal Kanchanjanga Securites Pvt. Ltd.,Sumeru Securities Pvt. Ltd.,866,502.0,434732.0,2025-08-04 12:33:14.649635
2025-08-04,72183,2025080403008327,ALICL,Cristal Kanchanjanga Securites Pvt. Ltd.,Opal Securities Investment (PVT) Ltd.,25,502.0,12550.0,2025-08-04 12:33:39.483661
2025-08-04,72065,2025080403008348,ALICL,Online Securities Pvt. Ltd.,Opal Securities Investment (PVT) Ltd.,10,502.0,5020.0,2025-08-04 12:33:50.570675
2025-08-04,72064,2025080403008349,ALICL,Bhrikuti Stock Broking Co. Pvt. Ltd.,Opal Securities Investment (PVT) Ltd.,13,501.5,6519.5,2025-08-04 12:33:50.570749
2025-08-04,71300,2025080403008449,ALICL,Sani Securities Company Ltd.,Opal Securities Investment (PVT) Ltd.,24,504.0,12096.0,2025-08-04 12:35:02.262571
2025-08-04,71028,2025080403008497,ALICL,Sani Securities Company Ltd.,Opal Securities Investment (PVT) Ltd.,16,504.0,8064.0,2025-08-04 12:35:31.567631
2025-08-04,71027,2025080403008498,ALICL,Investment Management Nepal Pvt. Ltd.,Opal Securities Investment (PVT) Ltd.,10,502.0,5020.0,2025-08-04 12:35:31.567675
2025-08-04,70276,2025080403008647,ALICL,Nepal Investment And Securities Trading Private Limited,Sumeru Securities Pvt. Ltd.,100,502.0,50200.0,2025-08-04 12:36:47.858785
2025-08-04,70275,2025080403008648,ALICL,Sundhara Securities Limited,Sumeru Securities Pvt. Ltd.,30,502.0,15060.0,2025-08-04 12:36:47.858819
2025-08-04,70274,2025080403008649,ALICL,Bhrikuti Stock Broking Co. Pvt. Ltd.,Sumeru Securities Pvt. Ltd.,72,501.5,36108.0,2025-08-04 12:36:47.858841
2025-08-04,70273,2025080403008650,ALICL,Midas Stock Broking Company Private Limited,Sumeru Securities Pvt. Ltd.,200,500.8,100160.0,2025-08-04 12:36:47.858869
2025-08-04,70272,2025080403008651,ALICL,Sumeru Securities Pvt. Ltd.,Sumeru Securities Pvt. Ltd.,300,500.5,150150.0,2025-08-04 12:36:47.858906
2025-08-04,70271,2025080403008652,ALICL,Oxford Securities Pvt. Ltd.,Sumeru Securities Pvt. Ltd.,400,500.4,200160.0,2025-08-04 12:36:47.858940
2025-08-04,70270,2025080403008653,ALICL,Dynamic Money Managers Securities Pvt. Ltd.,Sumeru Securities Pvt. Ltd.,20,500.3,10006.0,2025-08-04 12:36:47.858964
2025-08-04,61127,2025080403010155,ALICL,Online Securities Pvt. Ltd.,Sewa Securities Pvt. Ltd.,10,501.4,5014.0,2025-08-04 12:58:30.702200
2025-08-04,61126,2025080403010156,ALICL,Sani Securities Company Ltd.,Sewa Securities Pvt. Ltd.,160,501.4,80224.0,2025-08-04 12:58:30.702389
2025-08-04,61125,2025080403010157,ALICL,Online Securities Pvt. Ltd.,Sewa Securities Pvt. Ltd.,10,501.4,5014.0,2025-08-04 12:58:30.702452
2025-08-04,61124,2025080403010158,ALICL,Shree Krishna Securities Ltd.,Sewa Securities Pvt. Ltd.,100,501.3,50130.0,2025-08-04 12:58:30.702541
2025-08-04,61123,2025080403010159,ALICL,South Asian Bulls Pvt. Ltd.,Sewa Securities Pvt. Ltd.,50,501.1,25055.0,2025-08-04 12:58:30.702600
2025-08-04,61122,2025080403010160,ALICL,Shree Krishna Securities Ltd.,Sewa Securities Pvt. Ltd.,210,501.0,105210.0,2025-08-04 12:58:30.702656
2025-08-04,61121,2025080403010161,ALICL,Opal Securities Investment (PVT) Ltd.,Sewa Securities Pvt. Ltd.,100,501.0,50100.0,2025-08-04 12:58:30.702709
2025-08-04,61120,2025080403010162,ALICL,Opal Securities Investment (PVT) Ltd.,Sewa Securities Pvt. Ltd.,100,501.0,50100.0,2025-08-04 12:58:30.702764
2025-08-04,61119,2025080403010163,ALICL,Opal Securities Investment (PVT) Ltd.,Sewa Securities Pvt. Ltd.,50,500.6,25030.0,2025-08-04 12:58:30.702822
2025-08-04,61118,2025080403010164,ALICL,Primo Securities (PVT) Ltd.,Sewa Securities Pvt. Ltd.,420,500.5,210210.0,2025-08-04 12:58:30.702880
2025-08-04,56482,2025080403010886,ALICL,Oxford Securities Pvt. Ltd.,Imperial Securities Company Pvt. Ltd.,50,501.6,25080.0,2025-08-04 13:07:49.790215
2025-08-04,54458,2025080403011213,ALICL,Nepal Investment And Securities Trading Private Limited,Thrive Brokerage House Pvt. Ltd,20,504.0,10080.0,2025-08-04 13:11:43.535483
2025-08-04,53694,2025080403011367,ALICL,Pragyan Securities (PVT) Ltd.,Imperial Securities Company Pvt. Ltd.,10,503.0,5030.0,2025-08-04 13:13:03.077873
2025-08-04,53409,2025080403011409,ALICL,Oxford Securities Pvt. Ltd.,Deevyaa Securities & Stock House Pvt. Ltd,19,501.6,9530.4,2025-08-04 13:13:46.474142
2025-08-04,53408,2025080403011410,ALICL,Dakshinkali Investment & Securities Pvt. Ltd.,Deevyaa Securities & Stock House Pvt. Ltd,100,501.6,50160.0,2025-08-04 13:13:46.474290
2025-08-04,53262,2025080403011451,ALICL,Vision Securities Pvt. Ltd,Deevyaa Securities & Stock House Pvt. Ltd,20,501.5,10030.0,2025-08-04 13:14:11.638540
2025-08-04,53261,2025080403011452,ALICL,Dakshinkali Investment & Securities Pvt. Ltd.,Deevyaa Securities & Stock House Pvt. Ltd,200,501.5,100300.0,2025-08-04 13:14:11.638719
2025-08-04,53255,2025080403011453,ALICL,Online Securities Pvt. Ltd.,Deevyaa Securities & Stock House Pvt. Ltd,10,501.5,5015.0,2025-08-04 13:14:13.215365
2025-08-04,52299,2025080403011663,ALICL,Online Securities Pvt. Ltd.,Deevyaa Securities & Stock House Pvt. Ltd,36,501.0,18036.0,2025-08-04 13:16:07.070359
2025-08-04,52235,2025080403011671,ALICL,Cristal Kanchanjanga Securites Pvt. Ltd.,Magnet Securities and Investment Company Private Limited,250,503.0,125750.0,2025-08-04 13:16:17.172535
2025-08-04,51809,2025080403011779,ALICL,Imperial Securities Company Pvt. Ltd.,Sumeru Securities Pvt. Ltd.,100,503.0,50300.0,2025-08-04 13:17:10.052261
2025-08-04,51808,2025080403011780,ALICL,Imperial Securities Company Pvt. Ltd.,Sumeru Securities Pvt. Ltd.,50,502.0,25100.0,2025-08-04 13:17:10.052389
2025-08-04,51807,2025080403011781,ALICL,Online Securities Pvt. Ltd.,Sumeru Securities Pvt. Ltd.,64,501.0,32064.0,2025-08-04 13:17:10.052449
2025-08-04,51806,2025080403011782,ALICL,Naasa Securities Co. Ltd.,Sumeru Securities Pvt. Ltd.,100,500.7,50070.0,2025-08-04 13:17:10.052511
2025-08-04,51805,2025080403011783,ALICL,Primo Securities (PVT) Ltd.,Sumeru Securities Pvt. Ltd.,80,500.5,40040.0,2025-08-04 13:17:10.052568
2025-08-04,51804,2025080403011784,ALICL,Investment Management Nepal Pvt. Ltd.,Sumeru Securities Pvt. Ltd.,10,500.5,5005.0,2025-08-04 13:17:10.052624
2025-08-04,51803,2025080403011785,ALICL,Sumeru Securities Pvt. Ltd.,Sumeru Securities Pvt. Ltd.,200,500.4,100080.0,2025-08-04 13:17:10.052679
2025-08-04,51802,2025080403011786,ALICL,Dynamic Money Managers Securities Pvt. Ltd.,Sumeru Securities Pvt. Ltd.,396,500.3,198118.8,2025-08-04 13:17:10.052733
2025-08-04,50450,2025080403011980,ALICL,Cristal Kanchanjanga Securites Pvt. Ltd.,KALASH STOCK MARKET PVT. LTD.,250,501.0,125250.0,2025-08-04 13:20:04.593755
2025-08-04,50449,2025080403011981,ALICL,Online Securities Pvt. Ltd.,KALASH STOCK MARKET PVT. LTD.,10,500.4,5004.0,2025-08-04 13:20:04.593907
2025-08-04,50448,2025080403011982,ALICL,Dynamic Money Managers Securities Pvt. Ltd.,KALASH STOCK MARKET PVT. LTD.,84,500.3,42025.2,2025-08-04 13:20:04.593983
2025-08-04,50447,2025080403011983,ALICL,Agrawal Securities (PVT) Ltd.,KALASH STOCK MARKET PVT. LTD.,10,500.3,5003.0,2025-08-04 13:20:04.594048
2025-08-04,50446,2025080403011984,ALICL,J.F. Securites (PVT) Ltd.,KALASH STOCK MARKET PVT. LTD.,40,500.1,20004.0,2025-08-04 13:20:04.594105
2025-08-04,50445,2025080403011985,ALICL,Linch Stock Market Ltd.,KALASH STOCK MARKET PVT. LTD.,300,500.1,150030.0,2025-08-04 13:20:04.594162
2025-08-04,50444,2025080403011986,ALICL,Aryatara Investment & Securities,KALASH STOCK MARKET PVT. LTD.,296,500.1,148029.6,2025-08-04 13:20:04.594215
2025-08-04,50413,2025080403011997,ALICL,Aryatara Investment & Securities,Sumeru Securities Pvt. Ltd.,204,500.1,102020.4,2025-08-04 13:20:12.182721
2025-08-04,50412,2025080403011998,ALICL,Deevyaa Securities & Stock House Pvt. Ltd,Sumeru Securities Pvt. Ltd.,1000,500.0,500000.0,2025-08-04 13:20:12.182819
2025-08-04,50411,2025080403011999,ALICL,Vision Securities Pvt. Ltd,Sumeru Securities Pvt. Ltd.,20,500.0,10000.0,2025-08-04 13:20:12.182894
2025-08-04,50410,2025080403012000,ALICL,Vision Securities Pvt. Ltd,Sumeru Securities Pvt. Ltd.,38,500.0,19000.0,2025-08-04 13:20:12.182957
2025-08-04,50409,2025080403012001,ALICL,Linch Stock Market Ltd.,Sumeru Securities Pvt. Ltd.,45,500.0,22500.0,2025-08-04 13:20:12.183048
2025-08-04,50408,2025080403012002,ALICL,ABC Securities Private Limited,Sumeru Securities Pvt. Ltd.,300,500.0,150000.0,2025-08-04 13:20:12.183119
2025-08-04,50407,2025080403012003,ALICL,Vision Securities Pvt. Ltd,Sumeru Securities Pvt. Ltd.,100,500.0,50000.0,2025-08-04 13:20:12.183189
2025-08-04,50406,2025080403012004,ALICL,Aryatara Investment & Securities,Sumeru Securities Pvt. Ltd.,250,500.0,125000.0,2025-08-04 13:20:12.183258
2025-08-04,50405,2025080403012005,ALICL,Naasa Securities Co. Ltd.,Sumeru Securities Pvt. Ltd.,160,500.0,80000.0,2025-08-04 13:20:12.183315
2025-08-04,50404,2025080403012006,ALICL,Kumari Securities Private Limited,Sumeru Securities Pvt. Ltd.,183,500.0,91500.0,2025-08-04 13:20:12.183409
2025-08-04,49961,2025080403012057,ALICL,Bhrikuti Stock Broking Co. Pvt. Ltd.,Thrive Brokerage House Pvt. Ltd,19,504.0,9576.0,2025-08-04 13:20:59.014831
2025-08-04,48897,2025080403012197,ALICL,Online Securities Pvt. Ltd.,Neev Securities Pvt. Ltd.,10,500.2,5002.0,2025-08-04 13:23:34.666567
2025-08-04,48896,2025080403012198,ALICL,Thrive Brokerage House Pvt. Ltd,Neev Securities Pvt. Ltd.,16,500.2,8003.2,2025-08-04 13:23:34.666846
2025-08-04,48895,2025080403012199,ALICL,Sani Securities Company Ltd.,Neev Securities Pvt. Ltd.,174,500.1,87017.4,2025-08-04 13:23:34.667048
2025-08-04,44302,2025080403012901,ALICL,Vision Securities Pvt. Ltd,Trishakti Securities Public Limited,5,501.0,2505.0,2025-08-04 13:35:01.144107
2025-08-04,37108,2025080403014035,ALICL,Imperial Securities Company Pvt. Ltd.,Nagarik Stock Dealer ,20,502.1,10042.0,2025-08-04 13:55:07.360789
2025-08-04,37107,2025080403014036,ALICL,Online Securities Pvt. Ltd.,Nagarik Stock Dealer ,10,502.1,5021.0,2025-08-04 13:55:07.360944
2025-08-04,37106,2025080403014037,ALICL,Sri Hari Securities Pvt. Ltd.,Nagarik Stock Dealer ,500,501.1,250550.0,2025-08-04 13:55:07.361006
2025-08-04,37105,2025080403014038,ALICL,Cristal Kanchanjanga Securites Pvt. Ltd.,Nagarik Stock Dealer ,500,501.0,250500.0,2025-08-04 13:55:07.361079
2025-08-04,37104,2025080403014039,ALICL,Secured Securities Ltd.,Nagarik Stock Dealer ,165,501.0,82665.0,2025-08-04 13:55:07.361137
2025-08-04,37103,2025080403014040,ALICL,Dakshinkali Investment & Securities Pvt. Ltd.,Nagarik Stock Dealer ,50,501.0,25050.0,2025-08-04 13:55:07.361193
2025-08-04,37102,2025080403014041,ALICL,Naasa Securities Co. Ltd.,Nagarik Stock Dealer ,100,501.0,50100.0,2025-08-04 13:55:07.361266
2025-08-04,37101,2025080403014042,ALICL,J.F. Securites (PVT) Ltd.,Nagarik Stock Dealer ,155,501.0,77655.0,2025-08-04 13:55:07.361325
2025-08-04,37040,2025080403014054,ALICL,Vision Securities Pvt. Ltd,South Asian Bulls Pvt. Ltd.,1,495.0,495.0,2025-08-04 13:55:21.020486
2025-08-04,33907,2025080403014582,ALICL,Investment Management Nepal Pvt. Ltd.,Imperial Securities Company Pvt. Ltd.,30,504.0,15120.0,2025-08-04 14:05:12.126430
2025-08-04,33906,2025080403014583,ALICL,Investment Management Nepal Pvt. Ltd.,Dipshikha Dhitopatra Karobar Co. Pvt Ltd.,100,504.7,50470.0,2025-08-04 14:05:12.126640
2025-08-04,33905,2025080403014584,ALICL,Investment Management Nepal Pvt. Ltd.,Dynamic Money Managers Securities Pvt. Ltd.,100,504.9,50490.0,2025-08-04 14:05:12.126708
2025-08-04,33904,2025080403014585,ALICL,Investment Management Nepal Pvt. Ltd.,Aryatara Investment & Securities,270,505.0,136350.0,2025-08-04 14:05:12.126803
2025-08-04,32268,2025080403014893,ALICL,Agrawal Securities (PVT) Ltd.,Opal Securities Investment (PVT) Ltd.,13,501.5,6519.5,2025-08-04 14:08:09.943405
2025-08-04,30180,2025080403015400,ALICL,KALASH STOCK MARKET PVT. LTD.,Aryatara Investment & Securities,80,505.0,40400.0,2025-08-04 14:12:13.361784
2025-08-04,29748,2025080403015488,ALICL,KALASH STOCK MARKET PVT. LTD.,Naasa Securities Co. Ltd.,100,505.0,50500.0,2025-08-04 14:13:10.494171
2025-08-04,27920,2025080403015857,ALICL,Asian Securities Private Ltd.,South Asian Bulls Pvt. Ltd.,30,505.2,15156.0,2025-08-04 14:16:30.329220
2025-08-04,27635,2025080403015900,ALICL,South Asian Bulls Pvt. Ltd.,South Asian Bulls Pvt. Ltd.,10,505.2,5052.0,2025-08-04 14:17:13.661831
2025-08-04,27561,2025080403015911,ALICL,Sani Securities Company Ltd.,South Asian Bulls Pvt. Ltd.,294,505.2,148528.8,2025-08-04 14:17:24.148818
2025-08-04,27560,2025080403015912,ALICL,Sani Securities Company Ltd.,Imperial Securities Company Pvt. Ltd.,10,506.0,5060.0,2025-08-04 14:17:24.148977
2025-08-04,27559,2025080403015913,ALICL,Sani Securities Company Ltd.,Thrive Brokerage House Pvt. Ltd,300,506.9,152070.0,2025-08-04 14:17:24.149053
2025-08-04,27558,2025080403015914,ALICL,Sani Securities Company Ltd.,Online Securities Pvt. Ltd.,220,507.0,111540.0,2025-08-04 14:17:24.149120
2025-08-04,27557,2025080403015915,ALICL,Sani Securities Company Ltd.,Bhrikuti Stock Broking Co. Pvt. Ltd.,76,507.0,38532.0,2025-08-04 14:17:24.149183
2025-08-04,26098,2025080403016161,ALICL,Sewa Securities Pvt. Ltd.,Dynamic Money Managers Securities Pvt. Ltd.,145,506.0,73370.0,2025-08-04 14:19:44.971637
2025-08-04,24466,2025080403016424,ALICL,Indira securities pvt. ltd,Sumeru Securities Pvt. Ltd.,80,506.0,40480.0,2025-08-04 14:22:48.413198
2025-08-04,24465,2025080403016425,ALICL,Pragyan Securities (PVT) Ltd.,Sumeru Securities Pvt. Ltd.,10,506.0,5060.0,2025-08-04 14:22:48.413368
2025-08-04,24464,2025080403016426,ALICL,Trisul Securities & Invt. Ltd.,Sumeru Securities Pvt. Ltd.,300,505.3,151590.0,2025-08-04 14:22:48.413440
2025-08-04,24463,2025080403016427,ALICL,BHOLE GANESH SECURITIES LTD,Sumeru Securities Pvt. Ltd.,50,505.1,25255.0,2025-08-04 14:22:48.413505
2025-08-04,24462,2025080403016428,ALICL,KALASH STOCK MARKET PVT. LTD.,Sumeru Securities Pvt. Ltd.,320,505.0,161600.0,2025-08-04 14:22:48.413569
2025-08-04,24461,2025080403016429,ALICL,SHUBHAKAMANA SECURITIES PVT. LTD,Sumeru Securities Pvt. Ltd.,100,505.0,50500.0,2025-08-04 14:22:48.413634
2025-08-04,24460,2025080403016430,ALICL,SHUBHAKAMANA SECURITIES PVT. LTD,Sumeru Securities Pvt. Ltd.,900,505.0,454500.0,2025-08-04 14:22:48.413696
2025-08-04,24459,2025080403016431,ALICL,Vision Securities Pvt. Ltd,Sumeru Securities Pvt. Ltd.,240,505.0,121200.0,2025-08-04 14:22:48.413754
2025-08-04,22628,2025080403016771,ALICL,Oxford Securities Pvt. Ltd.,Sumeru Securities Pvt. Ltd.,20,506.9,10138.0,2025-08-04 14:25:46.368048
2025-08-04,21485,2025080403016939,ALICL,Thrive Brokerage House Pvt. Ltd,Sumeru Securities Pvt. Ltd.,25,506.9,12672.5,2025-08-04 14:27:45.195938
2025-08-04,20772,2025080403017063,ALICL,Neev Securities Pvt. Ltd.,Malla & Malla Stock Broking Company Pvt. Limited,30,505.2,15156.0,2025-08-04 14:28:50.848480
2025-08-04,20771,2025080403017064,ALICL,K.B.L. Securities Limited ,Malla & Malla Stock Broking Company Pvt. Limited,70,505.1,35357.0,2025-08-04 14:28:50.848649
2025-08-04,20482,2025080403017125,ALICL,Sweta Securities Private Limited,Sumeru Securities Pvt. Ltd.,295,506.9,149535.5,2025-08-04 14:29:16.414338
2025-08-04,19049,2025080403017363,ALICL,Nagarik Stock Dealer ,Vision Securities Pvt. Ltd,100,506.0,50600.0,2025-08-04 14:31:26.371933
2025-08-04,18992,2025080403017379,ALICL,Agrawal Securities (PVT) Ltd.,Sumeru Securities Pvt. Ltd.,100,506.9,50690.0,2025-08-04 14:31:36.334497
2025-08-04,18721,2025080403017420,ALICL,Kumari Securities Private Limited,Sumeru Securities Pvt. Ltd.,60,506.9,30414.0,2025-08-04 14:32:03.590549
2025-08-04,18720,2025080403017421,ALICL,Kumari Securities Private Limited,Nepal Investment And Securities Trading Private Limited,40,506.9,20276.0,2025-08-04 14:32:03.590714
2025-08-04,18260,2025080403017522,ALICL,MILKY WAY SHARE BROKER COMPANY LTD ,Nepal Investment And Securities Trading Private Limited,10,506.9,5069.0,2025-08-04 14:33:01.270772
2025-08-04,18259,2025080403017523,ALICL,MILKY WAY SHARE BROKER COMPANY LTD ,Bhrikuti Stock Broking Co. Pvt. Ltd.,824,507.0,417768.0,2025-08-04 14:33:01.270934
2025-08-04,18258,2025080403017524,ALICL,MILKY WAY SHARE BROKER COMPANY LTD ,Elite Stock House Limited,166,508.0,84328.0,2025-08-04 14:33:01.271002
2025-08-04,17688,2025080403017646,ALICL,Neev Securities Pvt. Ltd.,Sumeru Securities Pvt. Ltd.,200,506.1,101220.0,2025-08-04 14:34:06.715402
2025-08-04,17687,2025080403017647,ALICL,Nagarik Stock Dealer ,Sumeru Securities Pvt. Ltd.,505,506.0,255530.0,2025-08-04 14:34:06.715441
2025-08-04,17686,2025080403017648,ALICL,MILKY WAY SHARE BROKER COMPANY LTD ,Sumeru Securities Pvt. Ltd.,295,506.0,149270.0,2025-08-04 14:34:06.715482
2025-08-04,16069,2025080403017960,ALICL,ABC Securities Private Limited,Cristal Kanchanjanga Securites Pvt. Ltd.,503,506.1,254568.3,2025-08-04 14:36:26.260814
2025-08-04,16068,2025080403017961,ALICL,MILKY WAY SHARE BROKER COMPANY LTD ,Cristal Kanchanjanga Securites Pvt. Ltd.,34,506.0,17204.0,2025-08-04 14:36:26.260996
2025-08-04,14356,2025080403018406,ALICL,Deevyaa Securities & Stock House Pvt. Ltd,Deevyaa Securities & Stock House Pvt. Ltd,400,506.2,202480.0,2025-08-04 14:38:23.657212
2025-08-04,13737,2025080403018566,ALICL,Nagarik Stock Dealer ,Sagarmatha Securities Private Limited,50,506.1,25305.0,2025-08-04 14:39:33.990320
2025-08-04,13736,2025080403018567,ALICL,Nagarik Stock Dealer ,Deevyaa Securities & Stock House Pvt. Ltd,100,506.2,50620.0,2025-08-04 14:39:33.990492
2025-08-04,12851,2025080403018657,ALICL,Vision Securities Pvt. Ltd,Agrawal Securities (PVT) Ltd.,35,505.0,17675.0,2025-08-04 14:40:28.218509
2025-08-04,11483,2025080403018877,ALICL,Midas Stock Broking Company Private Limited,APPLE SECURITIES PRIVATE LIMITED,22,507.0,11154.0,2025-08-04 14:42:36.393388
2025-08-04,11482,2025080403018878,ALICL,Vision Securities Pvt. Ltd,APPLE SECURITIES PRIVATE LIMITED,88,505.0,44440.0,2025-08-04 14:42:36.393557
2025-08-04,11307,2025080403018905,ALICL,Vision Securities Pvt. Ltd,Bhrikuti Stock Broking Co. Pvt. Ltd.,137,505.0,69185.0,2025-08-04 14:42:54.218074
2025-08-04,11306,2025080403018906,ALICL,Shree Krishna Securities Ltd.,Bhrikuti Stock Broking Co. Pvt. Ltd.,490,505.0,247450.0,2025-08-04 14:42:54.218244
2025-08-04,11305,2025080403018907,ALICL,Dakshinkali Investment & Securities Pvt. Ltd.,Bhrikuti Stock Broking Co. Pvt. Ltd.,100,505.0,50500.0,2025-08-04 14:42:54.218311
2025-08-04,11304,2025080403018908,ALICL,Trisul Securities & Invt. Ltd.,Bhrikuti Stock Broking Co. Pvt. Ltd.,200,505.0,101000.0,2025-08-04 14:42:54.218377
2025-08-04,11303,2025080403018909,ALICL,Kalika Securities Pvt. Ltd.,Bhrikuti Stock Broking Co. Pvt. Ltd.,580,505.0,292900.0,2025-08-04 14:42:54.218439
2025-08-04,11302,2025080403018910,ALICL,Investment Management Nepal Pvt. Ltd.,Bhrikuti Stock Broking Co. Pvt. Ltd.,95,505.0,47975.0,2025-08-04 14:42:54.218523
2025-08-04,9137,2025080403019363,ALICL,Sani Securities Company Ltd.,Sumeru Securities Pvt. Ltd.,11,507.9,5586.9,2025-08-04 14:46:17.222400
2025-08-04,8774,2025080403019431,ALICL,Dakshinkali Investment & Securities Pvt. Ltd.,Sri Hari Securities Pvt. Ltd.,63,505.0,31815.0,2025-08-04 14:46:53.640521
2025-08-04,8773,2025080403019432,ALICL,K.B.L. Securities Limited ,Sri Hari Securities Pvt. Ltd.,237,504.1,119471.7,2025-08-04 14:46:53.640702
2025-08-04,8396,2025080403019519,ALICL,Dynamic Money Managers Securities Pvt. Ltd.,Sumeru Securities Pvt. Ltd.,50,507.9,25395.0,2025-08-04 14:47:49.867652
2025-08-04,7322,2025080403019708,ALICL,Midas Stock Broking Company Private Limited,ABC Securities Private Limited,25,505.0,12625.0,2025-08-04 14:49:54.085817
2025-08-04,7321,2025080403019709,ALICL,K.B.L. Securities Limited ,ABC Securities Private Limited,20,504.1,10082.0,2025-08-04 14:49:54.085996
2025-08-04,3955,2025080403020417,ALICL,Vision Securities Pvt. Ltd,Sani Securities Company Ltd.,10,506.0,5060.0,2025-08-04 14:55:51.158076
2025-08-04,3931,2025080403020432,ALICL,Sagarmatha Securities Private Limited,Sani Securities Company Ltd.,10,506.0,5060.0,2025-08-04 14:55:52.760065
2025-08-04,3473,2025080403020571,ALICL,Neev Securities Pvt. Ltd.,Sani Securities Company Ltd.,100,506.0,50600.0,2025-08-04 14:56:42.477693
2025-08-04,1945,2025080403021021,ALICL,Online Securities Pvt. Ltd.,Sani Securities Company Ltd.,10,506.0,5060.0,2025-08-04 14:58:49.278618
2025-08-04,1739,2025080403021061,ALICL,Online Securities Pvt. Ltd.,Agrawal Securities (PVT) Ltd.,10,505.2,5052.0,2025-08-04 14:58:57.319171
2025-08-04,1738,2025080403021062,ALICL,Naasa Securities Co. Ltd.,Agrawal Securities (PVT) Ltd.,100,505.1,50510.0,2025-08-04 14:58:57.319342
2025-08-04,1233,2025080403021258,ALICL,Midas Stock Broking Company Private Limited,Sani Securities Company Ltd.,50,506.0,25300.0,2025-08-04 14:59:21.695415
2025-08-04,957,2025080403021304,ALICL,Sewa Securities Pvt. Ltd.,Sani Securities Company Ltd.,10,506.0,5060.0,2025-08-04 14:59:29.833578
2025-08-04,488,2025080403021461,ALICL,Vision Securities Pvt. Ltd,Sani Securities Company Ltd.,20,506.0,10120.0,2025-08-04 14:59:48.814506
