Date,S.N.,contract_id,symbol,buyer_broker,seller_broker,volume,price,amount,transaction_time
2025-08-04,148481,2025080404000147,CGH,Trishakti Securities Public Limited,Dynamic Money Managers Securities Pvt. Ltd.,100,1000.2,100020.0,2025-08-04 11:00:55.373194
2025-08-04,148397,2025080404000173,CGH,Himalayan Brokerage Company Limited,Dynamic Money Managers Securities Pvt. Ltd.,65,1000.2,65013.0,2025-08-04 11:01:00.534693
2025-08-04,148084,2025080404000251,CGH,Trishakti Securities Public Limited,Trishakti Securities Public Limited,50,1010.0,50500.0,2025-08-04 11:01:22.603110
2025-08-04,146891,2025080404000572,CGH,Trishakti Securities Public Limited,Sani Securities Company Ltd.,50,1011.0,50550.0,2025-08-04 11:02:47.649644
2025-08-04,146109,2025080404000699,CGH,R.B.B. Securities Company Ltd,Imperial Securities Company Pvt. Ltd.,70,1010.0,70700.0,2025-08-04 11:03:30.662560
2025-08-04,146108,2025080404000700,CGH,R.B.B. Securities Company Ltd,Sundhara Securities Limited,10,1010.0,10100.0,2025-08-04 11:03:30.662673
2025-08-04,144539,2025080404000888,CGH,Investment Management Nepal Pvt. Ltd.,Sewa Securities Pvt. Ltd.,25,1009.0,25225.0,2025-08-04 11:04:49.185770
2025-08-04,142902,2025080404001044,CGH,Siprabi Securities Pvt. Ltd.,Sani Securities Company Ltd.,50,1011.0,50550.0,2025-08-04 11:06:02.741216
2025-08-04,142866,2025080404001049,CGH,Kohinoor Investment & Securities Pvt. Ltd.,Sani Securities Company Ltd.,30,1011.0,30330.0,2025-08-04 11:06:05.565777
2025-08-04,142595,2025080404001087,CGH,Investment Management Nepal Pvt. Ltd.,Kohinoor Investment & Securities Pvt. Ltd.,10,1009.0,10090.0,2025-08-04 11:06:19.815536
2025-08-04,142495,2025080404001110,CGH,Nepal Stock House (PVT) Ltd.,South Asian Bulls Pvt. Ltd.,100,1010.9,101090.0,2025-08-04 11:06:24.847103
2025-08-04,142494,2025080404001111,CGH,Nepal Stock House (PVT) Ltd.,Sani Securities Company Ltd.,20,1011.0,20220.0,2025-08-04 11:06:24.847257
2025-08-04,142200,2025080404001143,CGH,Investment Management Nepal Pvt. Ltd.,Sani Securities Company Ltd.,165,1011.0,166815.0,2025-08-04 11:06:38.962075
2025-08-04,141996,2025080404001158,CGH,Himalayan Brokerage Company Limited,Sani Securities Company Ltd.,35,1011.0,35385.0,2025-08-04 11:06:47.697921
2025-08-04,141995,2025080404001159,CGH,Himalayan Brokerage Company Limited,Imperial Securities Company Pvt. Ltd.,40,1011.0,40440.0,2025-08-04 11:06:47.698044
2025-08-04,139843,2025080404001425,CGH,Trishakti Securities Public Limited,Bhrikuti Stock Broking Co. Pvt. Ltd.,50,1012.0,50600.0,2025-08-04 11:08:36.757521
2025-08-04,139293,2025080404001518,CGH,Online Securities Pvt. Ltd.,Bhrikuti Stock Broking Co. Pvt. Ltd.,66,1012.0,66792.0,2025-08-04 11:09:03.872270
2025-08-04,138674,2025080404001576,CGH,Nepal Stock House (PVT) Ltd.,Nepal Stock House (PVT) Ltd.,25,1011.6,25290.0,2025-08-04 11:09:35.340588
2025-08-04,138673,2025080404001577,CGH,Kohinoor Investment & Securities Pvt. Ltd.,Nepal Stock House (PVT) Ltd.,25,1011.6,25290.0,2025-08-04 11:09:35.340686
2025-08-04,138648,2025080404001582,CGH,Trishakti Securities Public Limited,Bhrikuti Stock Broking Co. Pvt. Ltd.,100,1012.0,101200.0,2025-08-04 11:09:36.334816
2025-08-04,137882,2025080404001688,CGH,Kohinoor Investment & Securities Pvt. Ltd.,Bhrikuti Stock Broking Co. Pvt. Ltd.,100,1012.0,101200.0,2025-08-04 11:10:18.832091
2025-08-04,137791,2025080404001700,CGH,Nepal Stock House (PVT) Ltd.,Bhrikuti Stock Broking Co. Pvt. Ltd.,50,1012.0,50600.0,2025-08-04 11:10:23.968588
2025-08-04,137498,2025080404001748,CGH,Nepal Stock House (PVT) Ltd.,Bhrikuti Stock Broking Co. Pvt. Ltd.,134,1012.0,135608.0,2025-08-04 11:10:38.362198
2025-08-04,137285,2025080404001808,CGH,Nepal Stock House (PVT) Ltd.,Online Securities Pvt. Ltd.,25,1012.0,25300.0,2025-08-04 11:10:50.540523
2025-08-04,137061,2025080404001837,CGH,Nepal Stock House (PVT) Ltd.,Sweta Securities Private Limited,10,1012.0,10120.0,2025-08-04 11:11:05.102724
2025-08-04,136369,2025080404001905,CGH,Opal Securities Investment (PVT) Ltd.,Primo Securities (PVT) Ltd.,55,1012.0,55660.0,2025-08-04 11:11:38.666214
2025-08-04,135926,2025080404001965,CGH,ABC Securities Private Limited,Primo Securities (PVT) Ltd.,400,1012.0,404800.0,2025-08-04 11:11:59.731546
2025-08-04,135843,2025080404001976,CGH,Himalayan Brokerage Company Limited,Deevyaa Securities & Stock House Pvt. Ltd,25,1011.0,25275.0,2025-08-04 11:12:04.221901
2025-08-04,135842,2025080404001977,CGH,South Asian Bulls Pvt. Ltd.,Deevyaa Securities & Stock House Pvt. Ltd,25,1011.0,25275.0,2025-08-04 11:12:04.222004
2025-08-04,135614,2025080404002016,CGH,KALASH STOCK MARKET PVT. LTD.,Primo Securities (PVT) Ltd.,10,1012.0,10120.0,2025-08-04 11:12:16.121444
2025-08-04,135406,2025080404002044,CGH,South Asian Bulls Pvt. Ltd.,Nepal Stock House (PVT) Ltd.,12,1011.0,12132.0,2025-08-04 11:12:24.682724
2025-08-04,135108,2025080404002087,CGH,ABC Securities Private Limited,Primo Securities (PVT) Ltd.,35,1012.0,35420.0,2025-08-04 11:12:38.586590
2025-08-04,135092,2025080404002092,CGH,Trishakti Securities Public Limited,Naasa Securities Co. Ltd.,50,1012.0,50600.0,2025-08-04 11:12:39.356856
2025-08-04,134732,2025080404002141,CGH,Sani Securities Company Ltd.,Imperial Securities Company Pvt. Ltd.,90,1014.0,91260.0,2025-08-04 11:12:54.741325
2025-08-04,134157,2025080404002218,CGH,ABC Securities Private Limited,Imperial Securities Company Pvt. Ltd.,20,1014.0,20280.0,2025-08-04 11:13:16.000225
2025-08-04,133873,2025080404002294,CGH,ABC Securities Private Limited,Imperial Securities Company Pvt. Ltd.,30,1014.0,30420.0,2025-08-04 11:13:29.153488
2025-08-04,133710,2025080404002312,CGH,Sagarmatha Securities Private Limited,Imperial Securities Company Pvt. Ltd.,200,1014.0,202800.0,2025-08-04 11:13:36.805600
2025-08-04,133269,2025080404002387,CGH,Trishakti Securities Public Limited,Midas Stock Broking Company Private Limited,100,1013.0,101300.0,2025-08-04 11:13:55.477121
2025-08-04,133268,2025080404002388,CGH,South Asian Bulls Pvt. Ltd.,Midas Stock Broking Company Private Limited,13,1011.0,13143.0,2025-08-04 11:13:55.477191
2025-08-04,133267,2025080404002389,CGH,Secured Securities Ltd.,Midas Stock Broking Company Private Limited,72,1005.0,72360.0,2025-08-04 11:13:55.477220
2025-08-04,132022,2025080404002515,CGH,Secured Securities Ltd.,Vision Securities Pvt. Ltd,28,1005.0,28140.0,2025-08-04 11:14:42.413595
2025-08-04,132021,2025080404002516,CGH,Sweta Securities Private Limited,Vision Securities Pvt. Ltd,22,1005.0,22110.0,2025-08-04 11:14:42.413782
2025-08-04,131252,2025080404002569,CGH,Himalayan Brokerage Company Limited,Imperial Securities Company Pvt. Ltd.,50,1006.1,50305.0,2025-08-04 11:15:20.378905
2025-08-04,131251,2025080404002570,CGH,Sweta Securities Private Limited,Imperial Securities Company Pvt. Ltd.,178,1005.0,178890.0,2025-08-04 11:15:20.379125
2025-08-04,131250,2025080404002571,CGH,Trishakti Securities Public Limited,Imperial Securities Company Pvt. Ltd.,100,1005.0,100500.0,2025-08-04 11:15:20.379238
2025-08-04,131249,2025080404002572,CGH,Agrawal Securities (PVT) Ltd.,Imperial Securities Company Pvt. Ltd.,20,1005.0,20100.0,2025-08-04 11:15:20.379375
2025-08-04,131248,2025080404002573,CGH,Imperial Securities Company Pvt. Ltd.,Imperial Securities Company Pvt. Ltd.,152,1001.1,152167.2,2025-08-04 11:15:20.379545
2025-08-04,129753,2025080404002722,CGH,Imperial Securities Company Pvt. Ltd.,Imperial Securities Company Pvt. Ltd.,20,1003.0,20060.0,2025-08-04 11:16:34.125763
2025-08-04,129752,2025080404002723,CGH,Nagarik Stock Dealer ,Imperial Securities Company Pvt. Ltd.,35,1002.3,35080.5,2025-08-04 11:16:34.125877
2025-08-04,129751,2025080404002724,CGH,Imperial Securities Company Pvt. Ltd.,Imperial Securities Company Pvt. Ltd.,348,1001.1,348382.8,2025-08-04 11:16:34.125922
2025-08-04,129750,2025080404002725,CGH,Online Securities Pvt. Ltd.,Imperial Securities Company Pvt. Ltd.,10,1001.0,10010.0,2025-08-04 11:16:34.125965
2025-08-04,129749,2025080404002726,CGH,Siprabi Securities Pvt. Ltd.,Imperial Securities Company Pvt. Ltd.,87,1001.0,87087.0,2025-08-04 11:16:34.126033
2025-08-04,129460,2025080404002768,CGH,Siprabi Securities Pvt. Ltd.,Imperial Securities Company Pvt. Ltd.,408,1001.0,408408.0,2025-08-04 11:16:46.339732
2025-08-04,129459,2025080404002769,CGH,Secured Securities Ltd.,Imperial Securities Company Pvt. Ltd.,92,1001.0,92092.0,2025-08-04 11:16:46.339842
2025-08-04,129048,2025080404002812,CGH,Trisul Securities & Invt. Ltd.,Imperial Securities Company Pvt. Ltd.,10,1000.5,10005.0,2025-08-04 11:17:06.895675
2025-08-04,129047,2025080404002813,CGH,Thrive Brokerage House Pvt. Ltd,Imperial Securities Company Pvt. Ltd.,100,1000.5,100050.0,2025-08-04 11:17:06.895789
2025-08-04,129046,2025080404002814,CGH,R.B.B. Securities Company Ltd,Imperial Securities Company Pvt. Ltd.,90,1000.3,90027.0,2025-08-04 11:17:06.895831
2025-08-04,128740,2025080404002844,CGH,R.B.B. Securities Company Ltd,Imperial Securities Company Pvt. Ltd.,10,1000.3,10003.0,2025-08-04 11:17:24.278008
2025-08-04,128739,2025080404002845,CGH,Himalayan Brokerage Company Limited,Imperial Securities Company Pvt. Ltd.,35,1000.2,35007.0,2025-08-04 11:17:24.278115
2025-08-04,128738,2025080404002846,CGH,Sani Securities Company Ltd.,Imperial Securities Company Pvt. Ltd.,50,1000.1,50005.0,2025-08-04 11:17:24.278165
2025-08-04,128737,2025080404002847,CGH,Aryatara Investment & Securities,Imperial Securities Company Pvt. Ltd.,100,1000.0,100000.0,2025-08-04 11:17:24.278203
2025-08-04,128459,2025080404002863,CGH,Swarna Laxmi Securities Pvt. Ltd.,Nepal Stock House (PVT) Ltd.,15,1001.0,15015.0,2025-08-04 11:17:41.169592
2025-08-04,128458,2025080404002864,CGH,Imperial Securities Company Pvt. Ltd.,Nepal Stock House (PVT) Ltd.,30,1000.0,30000.0,2025-08-04 11:17:41.169802
2025-08-04,128457,2025080404002865,CGH,Sumeru Securities Pvt. Ltd.,Nepal Stock House (PVT) Ltd.,55,1000.0,55000.0,2025-08-04 11:17:41.169917
2025-08-04,127237,2025080404002960,CGH,Sumeru Securities Pvt. Ltd.,Nepal Investment And Securities Trading Private Limited,40,1000.0,40000.0,2025-08-04 11:18:39.781810
2025-08-04,127236,2025080404002961,CGH,Sumeru Securities Pvt. Ltd.,Imperial Securities Company Pvt. Ltd.,5,1000.0,5000.0,2025-08-04 11:18:39.781912
2025-08-04,125435,2025080404003169,CGH,Cristal Kanchanjanga Securites Pvt. Ltd.,Sri Hari Securities Pvt. Ltd.,10,1001.0,10010.0,2025-08-04 11:20:23.940301
2025-08-04,124475,2025080404003239,CGH,Roadshow securities limited,Vision Securities Pvt. Ltd,131,1005.0,131655.0,2025-08-04 11:21:18.876302
2025-08-04,124119,2025080404003278,CGH,Nagarik Stock Dealer ,Kalika Securities Pvt. Ltd.,50,1011.0,50550.0,2025-08-04 11:21:42.498352
2025-08-04,123888,2025080404003303,CGH,Online Securities Pvt. Ltd.,Kalika Securities Pvt. Ltd.,200,1011.0,202200.0,2025-08-04 11:21:57.314272
2025-08-04,123887,2025080404003304,CGH,Online Securities Pvt. Ltd.,Naasa Securities Co. Ltd.,300,1011.0,303300.0,2025-08-04 11:21:57.314468
2025-08-04,123626,2025080404003322,CGH,Premier Securities Company Ltd.,Naasa Securities Co. Ltd.,100,1011.0,101100.0,2025-08-04 11:22:11.250098
2025-08-04,123122,2025080404003356,CGH,Trishakti Securities Public Limited,Naasa Securities Co. Ltd.,288,1011.0,291168.0,2025-08-04 11:22:32.970986
2025-08-04,122924,2025080404003371,CGH,Trishakti Securities Public Limited,Sani Securities Company Ltd.,200,1011.0,202200.0,2025-08-04 11:22:45.956797
2025-08-04,122753,2025080404003381,CGH,Trishakti Securities Public Limited,Vision Securities Pvt. Ltd,10,1011.0,10110.0,2025-08-04 11:22:51.116914
2025-08-04,122689,2025080404003390,CGH,Opal Securities Investment (PVT) Ltd.,Midas Stock Broking Company Private Limited,10,1010.0,10100.0,2025-08-04 11:22:54.789260
2025-08-04,121713,2025080404003482,CGH,Opal Securities Investment (PVT) Ltd.,ABC Securities Private Limited,35,1010.0,35350.0,2025-08-04 11:23:57.011164
2025-08-04,120017,2025080404003648,CGH,Opal Securities Investment (PVT) Ltd.,Nepal Stock House (PVT) Ltd.,55,1010.0,55550.0,2025-08-04 11:25:42.088813
2025-08-04,120016,2025080404003649,CGH,Aakashbhairab Securities Ltd.,Nepal Stock House (PVT) Ltd.,28,1010.0,28280.0,2025-08-04 11:25:42.089098
2025-08-04,119670,2025080404003681,CGH,Kohinoor Investment & Securities Pvt. Ltd.,Imperial Securities Company Pvt. Ltd.,20,1014.0,20280.0,2025-08-04 11:25:58.962178
2025-08-04,117352,2025080404003929,CGH,Primo Securities (PVT) Ltd.,Imperial Securities Company Pvt. Ltd.,16,1013.0,16208.0,2025-08-04 11:28:10.080763
2025-08-04,116482,2025080404004033,CGH,Kumari Securities Private Limited,Kalika Securities Pvt. Ltd.,100,1011.0,101100.0,2025-08-04 11:29:03.922366
2025-08-04,115750,2025080404004118,CGH,Aakashbhairab Securities Ltd.,Nepal Stock House (PVT) Ltd.,22,1010.0,22220.0,2025-08-04 11:29:51.620571
2025-08-04,115749,2025080404004119,CGH,Indira securities pvt. ltd,Nepal Stock House (PVT) Ltd.,110,1010.0,111100.0,2025-08-04 11:29:51.620760
2025-08-04,115647,2025080404004139,CGH,Opal Securities Investment (PVT) Ltd.,Nepal Stock House (PVT) Ltd.,50,1010.0,50500.0,2025-08-04 11:29:59.357659
2025-08-04,115089,2025080404004205,CGH,Capital Max Securities Ltd,Nepal Stock House (PVT) Ltd.,110,1010.0,111100.0,2025-08-04 11:30:43.126266
2025-08-04,115023,2025080404004212,CGH,Opal Securities Investment (PVT) Ltd.,Kalika Securities Pvt. Ltd.,25,1011.0,25275.0,2025-08-04 11:30:45.884945
2025-08-04,114835,2025080404004222,CGH,Roadshow securities limited,Imperial Securities Company Pvt. Ltd.,69,1005.0,69345.0,2025-08-04 11:30:55.218523
2025-08-04,114834,2025080404004223,CGH,Trisul Securities & Invt. Ltd.,Imperial Securities Company Pvt. Ltd.,100,1002.2,100220.0,2025-08-04 11:30:55.218659
2025-08-04,114833,2025080404004224,CGH,Premier Securities Company Ltd.,Imperial Securities Company Pvt. Ltd.,25,1002.2,25055.0,2025-08-04 11:30:55.218716
2025-08-04,114832,2025080404004225,CGH,Cristal Kanchanjanga Securites Pvt. Ltd.,Imperial Securities Company Pvt. Ltd.,306,1002.1,306642.6,2025-08-04 11:30:55.218769
2025-08-04,114506,2025080404004245,CGH,Cristal Kanchanjanga Securites Pvt. Ltd.,Imperial Securities Company Pvt. Ltd.,684,1002.1,685436.4,2025-08-04 11:31:10.703878
2025-08-04,114505,2025080404004246,CGH,Agrawal Securities (PVT) Ltd.,Imperial Securities Company Pvt. Ltd.,500,1002.0,501000.0,2025-08-04 11:31:10.703997
2025-08-04,114504,2025080404004247,CGH,Trishakti Securities Public Limited,Imperial Securities Company Pvt. Ltd.,150,1001.2,150180.0,2025-08-04 11:31:10.704064
2025-08-04,114503,2025080404004248,CGH,Linch Stock Market Ltd.,Imperial Securities Company Pvt. Ltd.,400,1001.2,400480.0,2025-08-04 11:31:10.704114
2025-08-04,114502,2025080404004249,CGH,Linch Stock Market Ltd.,Imperial Securities Company Pvt. Ltd.,360,1001.2,360432.0,2025-08-04 11:31:10.704161
2025-08-04,114501,2025080404004250,CGH,Primo Securities (PVT) Ltd.,Imperial Securities Company Pvt. Ltd.,906,1001.0,906906.0,2025-08-04 11:31:10.704210
2025-08-04,111791,2025080404004517,CGH,Imperial Securities Company Pvt. Ltd.,Siprabi Securities Pvt. Ltd.,30,1002.2,30066.0,2025-08-04 11:33:49.298134
2025-08-04,111790,2025080404004518,CGH,Trishakti Securities Public Limited,Siprabi Securities Pvt. Ltd.,20,1002.1,20042.0,2025-08-04 11:33:49.298397
2025-08-04,110925,2025080404004586,CGH,Neev Securities Pvt. Ltd.,Primo Securities (PVT) Ltd.,100,1002.3,100230.0,2025-08-04 11:34:30.075236
2025-08-04,110924,2025080404004587,CGH,Trishakti Securities Public Limited,Primo Securities (PVT) Ltd.,80,1002.1,80168.0,2025-08-04 11:34:30.075523
2025-08-04,110923,2025080404004588,CGH,Neev Securities Pvt. Ltd.,Primo Securities (PVT) Ltd.,189,1002.0,189378.0,2025-08-04 11:34:30.075686
2025-08-04,103652,2025080404005212,CGH,Imperial Securities Company Pvt. Ltd.,Sani Securities Company Ltd.,10,1008.6,10086.0,2025-08-04 11:41:31.463589
2025-08-04,103651,2025080404005213,CGH,Imperial Securities Company Pvt. Ltd.,Naasa Securities Co. Ltd.,10,1008.7,10087.0,2025-08-04 11:41:31.463750
2025-08-04,103650,2025080404005214,CGH,Imperial Securities Company Pvt. Ltd.,Asian Securities Private Ltd.,10,1009.0,10090.0,2025-08-04 11:41:31.463857
2025-08-04,103649,2025080404005215,CGH,Imperial Securities Company Pvt. Ltd.,Secured Securities Ltd.,50,1010.0,50500.0,2025-08-04 11:41:31.463919
2025-08-04,103648,2025080404005216,CGH,Imperial Securities Company Pvt. Ltd.,Vision Securities Pvt. Ltd,70,1010.0,70700.0,2025-08-04 11:41:31.463978
2025-08-04,103579,2025080404005223,CGH,Thrive Brokerage House Pvt. Ltd,Trishakti Securities Public Limited,10,1008.0,10080.0,2025-08-04 11:41:37.895101
2025-08-04,103451,2025080404005240,CGH,Naasa Securities Co. Ltd.,Vision Securities Pvt. Ltd,1000,1010.1,1010100.0,2025-08-04 11:41:50.740615
2025-08-04,103450,2025080404005241,CGH,Naasa Securities Co. Ltd.,Kalika Securities Pvt. Ltd.,400,1011.0,404400.0,2025-08-04 11:41:50.740766
2025-08-04,102570,2025080404005359,CGH,Siprabi Securities Pvt. Ltd.,Kalika Securities Pvt. Ltd.,100,1011.0,101100.0,2025-08-04 11:43:13.677100
2025-08-04,102318,2025080404005407,CGH,Sweta Securities Private Limited,Dipshikha Dhitopatra Karobar Co. Pvt Ltd.,10,1010.0,10100.0,2025-08-04 11:43:43.681414
2025-08-04,102317,2025080404005408,CGH,Sweta Securities Private Limited,Kalika Securities Pvt. Ltd.,386,1011.0,390246.0,2025-08-04 11:43:43.681565
2025-08-04,102316,2025080404005409,CGH,Sweta Securities Private Limited,Nepal Stock House (PVT) Ltd.,50,1011.0,50550.0,2025-08-04 11:43:43.681622
2025-08-04,99786,2025080404005789,CGH,Sweta Securities Private Limited,Market Securities & Exchange (PVT) Ltd.,40,1011.0,40440.0,2025-08-04 11:47:19.567232
2025-08-04,99659,2025080404005814,CGH,Sweta Securities Private Limited,Sani Securities Company Ltd.,14,1011.0,14154.0,2025-08-04 11:47:32.364923
2025-08-04,99658,2025080404005815,CGH,Sani Securities Company Ltd.,Sani Securities Company Ltd.,86,1010.1,86868.6,2025-08-04 11:47:32.365236
2025-08-04,99641,2025080404005819,CGH,Global IME Securities Limited,Imperial Securities Company Pvt. Ltd.,84,1013.0,85092.0,2025-08-04 11:47:34.008658
2025-08-04,99288,2025080404005854,CGH,Dakshinkali Investment & Securities Pvt. Ltd.,Sani Securities Company Ltd.,10,1011.0,10110.0,2025-08-04 11:48:08.713622
2025-08-04,99235,2025080404005869,CGH,Sani Securities Company Ltd.,Imperial Securities Company Pvt. Ltd.,814,1010.1,822221.4,2025-08-04 11:48:15.808518
2025-08-04,99234,2025080404005870,CGH,Asian Securities Private Ltd.,Imperial Securities Company Pvt. Ltd.,186,1010.0,187860.0,2025-08-04 11:48:15.808806
2025-08-04,99091,2025080404005902,CGH,Naasa Securities Co. Ltd.,Sani Securities Company Ltd.,140,1011.0,141540.0,2025-08-04 11:48:26.519162
2025-08-04,99069,2025080404005904,CGH,Asian Securities Private Ltd.,Imperial Securities Company Pvt. Ltd.,300,1010.0,303000.0,2025-08-04 11:48:27.988479
2025-08-04,98659,2025080404005991,CGH,Naasa Securities Co. Ltd.,Agrawal Securities (PVT) Ltd.,62,1013.0,62806.0,2025-08-04 11:49:14.264573
2025-08-04,98658,2025080404005992,CGH,Naasa Securities Co. Ltd.,Dynamic Money Managers Securities Pvt. Ltd.,58,1013.0,58754.0,2025-08-04 11:49:14.264772
2025-08-04,98583,2025080404006013,CGH,Asian Securities Private Ltd.,Dynamic Money Managers Securities Pvt. Ltd.,14,1013.0,14182.0,2025-08-04 11:49:24.658746
2025-08-04,97943,2025080404006112,CGH,Global IME Securities Limited,Magnet Securities and Investment Company Private Limited,10,1009.0,10090.0,2025-08-04 11:50:29.070145
2025-08-04,97942,2025080404006113,CGH,Siprabi Securities Pvt. Ltd.,Magnet Securities and Investment Company Private Limited,30,1009.0,30270.0,2025-08-04 11:50:29.070244
2025-08-04,97941,2025080404006114,CGH,ABC Securities Private Limited,Magnet Securities and Investment Company Private Limited,10,1008.0,10080.0,2025-08-04 11:50:29.070388
2025-08-04,97940,2025080404006115,CGH,Sani Securities Company Ltd.,Magnet Securities and Investment Company Private Limited,25,1003.0,25075.0,2025-08-04 11:50:29.070454
2025-08-04,97939,2025080404006116,CGH,Dipshikha Dhitopatra Karobar Co. Pvt Ltd.,Magnet Securities and Investment Company Private Limited,10,1003.0,10030.0,2025-08-04 11:50:29.070518
2025-08-04,97938,2025080404006117,CGH,Trishakti Securities Public Limited,Magnet Securities and Investment Company Private Limited,300,1003.0,300900.0,2025-08-04 11:50:29.070590
2025-08-04,97937,2025080404006118,CGH,ABC Securities Private Limited,Magnet Securities and Investment Company Private Limited,115,1002.7,115310.5,2025-08-04 11:50:29.070666
2025-08-04,95270,2025080404006514,CGH,Naasa Securities Co. Ltd.,Imperial Securities Company Pvt. Ltd.,20,1003.1,20062.0,2025-08-04 11:55:18.554433
2025-08-04,95269,2025080404006515,CGH,Asian Securities Private Ltd.,Imperial Securities Company Pvt. Ltd.,199,1003.0,199597.0,2025-08-04 11:55:18.554782
2025-08-04,95268,2025080404006516,CGH,ABC Securities Private Limited,Imperial Securities Company Pvt. Ltd.,85,1002.7,85229.5,2025-08-04 11:55:18.555040
2025-08-04,95267,2025080404006517,CGH,Neev Securities Pvt. Ltd.,Imperial Securities Company Pvt. Ltd.,150,1002.4,150360.0,2025-08-04 11:55:18.555350
2025-08-04,95266,2025080404006518,CGH,Market Securities & Exchange (PVT) Ltd.,Imperial Securities Company Pvt. Ltd.,1000,1002.3,1002300.0,2025-08-04 11:55:18.555623
2025-08-04,95265,2025080404006519,CGH,Himalayan Brokerage Company Limited,Imperial Securities Company Pvt. Ltd.,50,1002.1,50105.0,2025-08-04 11:55:18.555874
2025-08-04,95264,2025080404006520,CGH,Sundhara Securities Limited,Imperial Securities Company Pvt. Ltd.,20,1002.0,20040.0,2025-08-04 11:55:18.556099
2025-08-04,95263,2025080404006521,CGH,Nepal Stock House (PVT) Ltd.,Imperial Securities Company Pvt. Ltd.,333,1002.0,333666.0,2025-08-04 11:55:18.556166
2025-08-04,95262,2025080404006522,CGH,Sweta Securities Private Limited,Imperial Securities Company Pvt. Ltd.,143,1001.0,143143.0,2025-08-04 11:55:18.556227
2025-08-04,95209,2025080404006539,CGH,Sweta Securities Private Limited,Imperial Securities Company Pvt. Ltd.,307,1001.0,307307.0,2025-08-04 11:55:29.781724
2025-08-04,95208,2025080404006540,CGH,Sweta Securities Private Limited,Imperial Securities Company Pvt. Ltd.,260,1001.0,260260.0,2025-08-04 11:55:29.782055
2025-08-04,95207,2025080404006541,CGH,Agrawal Securities (PVT) Ltd.,Imperial Securities Company Pvt. Ltd.,250,1001.0,250250.0,2025-08-04 11:55:29.782232
2025-08-04,95206,2025080404006542,CGH,Sweta Securities Private Limited,Imperial Securities Company Pvt. Ltd.,100,1001.0,100100.0,2025-08-04 11:55:29.782423
2025-08-04,95205,2025080404006543,CGH,Primo Securities (PVT) Ltd.,Imperial Securities Company Pvt. Ltd.,100,1000.3,100030.0,2025-08-04 11:55:29.782615
2025-08-04,95204,2025080404006544,CGH,Dipshikha Dhitopatra Karobar Co. Pvt Ltd.,Imperial Securities Company Pvt. Ltd.,30,1000.2,30006.0,2025-08-04 11:55:29.782805
2025-08-04,95203,2025080404006545,CGH,Himalayan Brokerage Company Limited,Imperial Securities Company Pvt. Ltd.,50,1000.1,50005.0,2025-08-04 11:55:29.783001
2025-08-04,95202,2025080404006546,CGH,Secured Securities Ltd.,Imperial Securities Company Pvt. Ltd.,300,1000.0,300000.0,2025-08-04 11:55:29.783195
2025-08-04,95201,2025080404006547,CGH,Deevyaa Securities & Stock House Pvt. Ltd,Imperial Securities Company Pvt. Ltd.,200,1000.0,200000.0,2025-08-04 11:55:29.783383
2025-08-04,95200,2025080404006548,CGH,Asian Securities Private Ltd.,Imperial Securities Company Pvt. Ltd.,400,1000.0,400000.0,2025-08-04 11:55:29.783591
2025-08-04,93896,2025080404006769,CGH,Oxford Securities Pvt. Ltd.,Nepal Investment And Securities Trading Private Limited,40,1002.0,40080.0,2025-08-04 11:58:21.367998
2025-08-04,93873,2025080404006777,CGH,Oxford Securities Pvt. Ltd.,Aryatara Investment & Securities,10,1002.0,10020.0,2025-08-04 11:58:24.547837
2025-08-04,93536,2025080404006828,CGH,Vision Securities Pvt. Ltd,Sundhara Securities Limited,54,1010.0,54540.0,2025-08-04 11:59:10.913916
2025-08-04,93399,2025080404006862,CGH,Neev Securities Pvt. Ltd.,Nepal Stock House (PVT) Ltd.,100,1001.2,100120.0,2025-08-04 11:59:21.854362
2025-08-04,92687,2025080404006994,CGH,Neev Securities Pvt. Ltd.,Imperial Securities Company Pvt. Ltd.,50,1001.2,50060.0,2025-08-04 12:00:39.653593
2025-08-04,92686,2025080404006995,CGH,Sani Securities Company Ltd.,Imperial Securities Company Pvt. Ltd.,56,1000.1,56005.6,2025-08-04 12:00:39.653825
2025-08-04,92037,2025080404007101,CGH,Sani Securities Company Ltd.,Aakashbhairab Securities Ltd.,943,1000.1,943094.3,2025-08-04 12:01:53.484614
2025-08-04,92036,2025080404007102,CGH,Nepal Stock House (PVT) Ltd.,Aakashbhairab Securities Ltd.,33,1000.1,33003.3,2025-08-04 12:01:53.484816
2025-08-04,92035,2025080404007103,CGH,Sweta Securities Private Limited,Aakashbhairab Securities Ltd.,11,1000.0,11000.0,2025-08-04 12:01:53.484899
2025-08-04,92034,2025080404007104,CGH,SUN SECURITIES PVT LTD,Aakashbhairab Securities Ltd.,10,1000.0,10000.0,2025-08-04 12:01:53.484960
2025-08-04,91815,2025080404007153,CGH,Opal Securities Investment (PVT) Ltd.,Deevyaa Securities & Stock House Pvt. Ltd,10,1000.1,10001.0,2025-08-04 12:02:05.194621
2025-08-04,91814,2025080404007154,CGH,Opal Securities Investment (PVT) Ltd.,Market Securities & Exchange (PVT) Ltd.,200,1009.0,201800.0,2025-08-04 12:02:05.194816
2025-08-04,91165,2025080404007280,CGH,Opal Securities Investment (PVT) Ltd.,Midas Stock Broking Company Private Limited,100,1009.0,100900.0,2025-08-04 12:03:22.918820
2025-08-04,91056,2025080404007324,CGH,Opal Securities Investment (PVT) Ltd.,Kumari Securities Private Limited,10,1009.0,10090.0,2025-08-04 12:03:34.875881
2025-08-04,90124,2025080404007554,CGH,Opal Securities Investment (PVT) Ltd.,Imperial Securities Company Pvt. Ltd.,80,1009.0,80720.0,2025-08-04 12:05:22.871352
2025-08-04,90123,2025080404007555,CGH,Kumari Securities Private Limited,Imperial Securities Company Pvt. Ltd.,500,1000.0,500000.0,2025-08-04 12:05:22.871571
2025-08-04,90122,2025080404007556,CGH,Asian Securities Private Ltd.,Imperial Securities Company Pvt. Ltd.,100,1000.0,100000.0,2025-08-04 12:05:22.871645
2025-08-04,90121,2025080404007557,CGH,Oxford Securities Pvt. Ltd.,Imperial Securities Company Pvt. Ltd.,12,1000.0,12000.0,2025-08-04 12:05:22.871711
2025-08-04,90120,2025080404007558,CGH,Aryatara Investment & Securities,Imperial Securities Company Pvt. Ltd.,100,1000.0,100000.0,2025-08-04 12:05:22.871770
2025-08-04,90119,2025080404007559,CGH,Himalayan Brokerage Company Limited,Imperial Securities Company Pvt. Ltd.,108,1000.0,108000.0,2025-08-04 12:05:22.871828
2025-08-04,89935,2025080404007572,CGH,Himalayan Brokerage Company Limited,Imperial Securities Company Pvt. Ltd.,800,1000.0,800000.0,2025-08-04 12:05:34.040495
2025-08-04,88485,2025080404007912,CGH,Himalayan Brokerage Company Limited,Sumeru Securities Pvt. Ltd.,92,1000.0,92000.0,2025-08-04 12:07:42.687666
2025-08-04,88484,2025080404007913,CGH,Agrawal Securities (PVT) Ltd.,Sumeru Securities Pvt. Ltd.,10,1000.0,10000.0,2025-08-04 12:07:42.687729
2025-08-04,88158,2025080404008020,CGH,Agrawal Securities (PVT) Ltd.,Trisul Securities & Invt. Ltd.,190,1000.0,190000.0,2025-08-04 12:08:11.817546
2025-08-04,88157,2025080404008021,CGH,Premier Securities Company Ltd.,Trisul Securities & Invt. Ltd.,10,1000.0,10000.0,2025-08-04 12:08:11.817759
2025-08-04,87679,2025080404008099,CGH,Nepal Stock House (PVT) Ltd.,Sumeru Securities Pvt. Ltd.,25,999.2,24980.0,2025-08-04 12:08:48.215969
2025-08-04,87678,2025080404008100,CGH,Imperial Securities Company Pvt. Ltd.,Sumeru Securities Pvt. Ltd.,75,999.1,74932.5,2025-08-04 12:08:48.216066
2025-08-04,87256,2025080404008191,CGH,Imperial Securities Company Pvt. Ltd.,Linch Stock Market Ltd.,100,999.1,99910.0,2025-08-04 12:09:22.938897
2025-08-04,85087,2025080404008587,CGH,Sani Securities Company Ltd.,Sipla Securities Private Limited,101,1001.0,101101.0,2025-08-04 12:12:41.782569
2025-08-04,85086,2025080404008588,CGH,Dipshikha Dhitopatra Karobar Co. Pvt Ltd.,Sipla Securities Private Limited,100,1000.0,100000.0,2025-08-04 12:12:41.782780
2025-08-04,85085,2025080404008589,CGH,Neev Securities Pvt. Ltd.,Sipla Securities Private Limited,50,999.5,49975.0,2025-08-04 12:12:41.782888
2025-08-04,85084,2025080404008590,CGH,Naasa Securities Co. Ltd.,Sipla Securities Private Limited,50,999.4,49970.0,2025-08-04 12:12:41.782953
2025-08-04,85083,2025080404008591,CGH,Imperial Securities Company Pvt. Ltd.,Sipla Securities Private Limited,699,999.1,698370.9,2025-08-04 12:12:41.783016
2025-08-04,83262,2025080404009062,CGH,Imperial Securities Company Pvt. Ltd.,Vision Securities Pvt. Ltd,50,999.1,49955.0,2025-08-04 12:15:23.266913
2025-08-04,82164,2025080404009314,CGH,Imperial Securities Company Pvt. Ltd.,Blue Chip Securities Ltd,50,999.1,49955.0,2025-08-04 12:16:58.546626
2025-08-04,81456,2025080404009498,CGH,Imperial Securities Company Pvt. Ltd.,Nagarik Stock Dealer ,26,999.1,25976.6,2025-08-04 12:18:09.239389
2025-08-04,81455,2025080404009499,CGH,Shree Krishna Securities Ltd.,Nagarik Stock Dealer ,10,999.0,9990.0,2025-08-04 12:18:09.239601
2025-08-04,81454,2025080404009500,CGH,Dynamic Money Managers Securities Pvt. Ltd.,Nagarik Stock Dealer ,10,999.0,9990.0,2025-08-04 12:18:09.239694
2025-08-04,81453,2025080404009501,CGH,Neev Securities Pvt. Ltd.,Nagarik Stock Dealer ,50,999.0,49950.0,2025-08-04 12:18:09.239790
2025-08-04,81335,2025080404009531,CGH,ABC Securities Private Limited,Sri Hari Securities Pvt. Ltd.,10,999.0,9990.0,2025-08-04 12:18:25.477529
2025-08-04,81334,2025080404009532,CGH,Nepal Stock House (PVT) Ltd.,Sri Hari Securities Pvt. Ltd.,90,998.0,89820.0,2025-08-04 12:18:25.477852
2025-08-04,81250,2025080404009562,CGH,Nepal Stock House (PVT) Ltd.,Nagarik Stock Dealer ,100,998.0,99800.0,2025-08-04 12:18:32.294525
2025-08-04,80612,2025080404009707,CGH,Nepal Stock House (PVT) Ltd.,Nagarik Stock Dealer ,14,998.0,13972.0,2025-08-04 12:19:45.516195
2025-08-04,79562,2025080404009834,CGH,Nepal Stock House (PVT) Ltd.,Linch Stock Market Ltd.,96,998.0,95808.0,2025-08-04 12:21:00.227592
2025-08-04,79561,2025080404009835,CGH,Agrawal Securities (PVT) Ltd.,Linch Stock Market Ltd.,104,998.0,103792.0,2025-08-04 12:21:00.227802
2025-08-04,79471,2025080404009869,CGH,Agrawal Securities (PVT) Ltd.,Naasa Securities Co. Ltd.,96,998.0,95808.0,2025-08-04 12:21:13.370576
2025-08-04,79470,2025080404009870,CGH,Vision Securities Pvt. Ltd,Naasa Securities Co. Ltd.,10,998.0,9980.0,2025-08-04 12:21:13.370814
2025-08-04,79469,2025080404009871,CGH,Sani Securities Company Ltd.,Naasa Securities Co. Ltd.,50,998.0,49900.0,2025-08-04 12:21:13.370891
2025-08-04,79113,2025080404009927,CGH,Imperial Securities Company Pvt. Ltd.,Nepal Stock House (PVT) Ltd.,100,997.2,99720.0,2025-08-04 12:21:54.996206
2025-08-04,78930,2025080404009967,CGH,Imperial Securities Company Pvt. Ltd.,Naasa Securities Co. Ltd.,244,997.2,243316.8,2025-08-04 12:22:17.859621
2025-08-04,78603,2025080404010030,CGH,Imperial Securities Company Pvt. Ltd.,J.F. Securites (PVT) Ltd.,50,997.2,49860.0,2025-08-04 12:22:59.167735
2025-08-04,76859,2025080404010414,CGH,Imperial Securities Company Pvt. Ltd.,Citizens Share Broker Limited,10,997.2,9972.0,2025-08-04 12:26:00.125911
2025-08-04,75734,2025080404010667,CGH,Imperial Securities Company Pvt. Ltd.,Aryatara Investment & Securities,100,997.2,99720.0,2025-08-04 12:28:02.180467
2025-08-04,74637,2025080404010904,CGH,Deevyaa Securities & Stock House Pvt. Ltd,Aryatara Investment & Securities,60,998.0,59880.0,2025-08-04 12:29:51.492920
2025-08-04,74214,2025080404010978,CGH,Premier Securities Company Ltd.,Siprabi Securities Pvt. Ltd.,50,997.9,49895.0,2025-08-04 12:30:16.106427
2025-08-04,73695,2025080404011078,CGH,Trishakti Securities Public Limited,Sani Securities Company Ltd.,200,999.0,199800.0,2025-08-04 12:31:02.138598
2025-08-04,73694,2025080404011079,CGH,Trishakti Securities Public Limited,Online Securities Pvt. Ltd.,14,999.0,13986.0,2025-08-04 12:31:02.138922
2025-08-04,73693,2025080404011080,CGH,Trishakti Securities Public Limited,Naasa Securities Co. Ltd.,20,999.0,19980.0,2025-08-04 12:31:02.139146
2025-08-04,73480,2025080404011115,CGH,Trishakti Securities Public Limited,South Asian Bulls Pvt. Ltd.,60,999.0,59940.0,2025-08-04 12:31:23.533910
2025-08-04,73014,2025080404011184,CGH,Sani Securities Company Ltd.,Naasa Securities Co. Ltd.,50,1000.0,50000.0,2025-08-04 12:32:08.642438
2025-08-04,73013,2025080404011185,CGH,Sani Securities Company Ltd.,Neev Securities Pvt. Ltd.,10,1000.0,10000.0,2025-08-04 12:32:08.642641
2025-08-04,73012,2025080404011186,CGH,Sani Securities Company Ltd.,Capital Max Securities Ltd,200,1000.0,200000.0,2025-08-04 12:32:08.642724
2025-08-04,73011,2025080404011187,CGH,Sani Securities Company Ltd.,Aryatara Investment & Securities,50,1000.0,50000.0,2025-08-04 12:32:08.642796
2025-08-04,73010,2025080404011188,CGH,Sani Securities Company Ltd.,Opal Securities Investment (PVT) Ltd.,20,1000.0,20000.0,2025-08-04 12:32:08.642868
2025-08-04,72582,2025080404011265,CGH,Capital Max Securities Ltd,Imperial Securities Company Pvt. Ltd.,10,1000.0,10000.0,2025-08-04 12:33:01.392005
2025-08-04,72401,2025080404011285,CGH,Capital Max Securities Ltd,Sani Securities Company Ltd.,100,1000.0,100000.0,2025-08-04 12:33:18.884714
2025-08-04,72400,2025080404011286,CGH,Naasa Securities Co. Ltd.,Sani Securities Company Ltd.,50,1000.0,50000.0,2025-08-04 12:33:18.884903
2025-08-04,71996,2025080404011359,CGH,Deevyaa Securities & Stock House Pvt. Ltd,Sani Securities Company Ltd.,51,1000.0,51000.0,2025-08-04 12:33:55.084934
2025-08-04,71197,2025080404011514,CGH,Market Securities & Exchange (PVT) Ltd.,South Asian Bulls Pvt. Ltd.,100,1000.0,100000.0,2025-08-04 12:35:14.987048
2025-08-04,69323,2025080404011898,CGH,Market Securities & Exchange (PVT) Ltd.,Premier Securities Company Ltd.,10,1000.0,10000.0,2025-08-04 12:38:35.273281
2025-08-04,68472,2025080404012058,CGH,Premier Securities Company Ltd.,Dynamic Money Managers Securities Pvt. Ltd.,20,1000.1,20002.0,2025-08-04 12:40:29.470669
2025-08-04,68456,2025080404012062,CGH,Market Securities & Exchange (PVT) Ltd.,Imperial Securities Company Pvt. Ltd.,90,1000.0,90000.0,2025-08-04 12:40:33.163303
2025-08-04,68455,2025080404012063,CGH,Cristal Kanchanjanga Securites Pvt. Ltd.,Imperial Securities Company Pvt. Ltd.,100,1000.0,100000.0,2025-08-04 12:40:33.163532
2025-08-04,68454,2025080404012064,CGH,Aryatara Investment & Securities,Imperial Securities Company Pvt. Ltd.,490,1000.0,490000.0,2025-08-04 12:40:33.163604
2025-08-04,67482,2025080404012306,CGH,Vision Securities Pvt. Ltd,Asian Securities Private Ltd.,10,1000.0,10000.0,2025-08-04 12:42:32.574279
2025-08-04,66645,2025080404012470,CGH,SUN SECURITIES PVT LTD,Capital Max Securities Ltd,55,999.3,54961.5,2025-08-04 12:44:40.315789
2025-08-04,65982,2025080404012649,CGH,SUN SECURITIES PVT LTD,Vision Securities Pvt. Ltd,10,999.3,9993.0,2025-08-04 12:46:15.837427
2025-08-04,64297,2025080404013018,CGH,Dakshinkali Investment & Securities Pvt. Ltd.,Sumeru Securities Pvt. Ltd.,100,1000.2,100020.0,2025-08-04 12:50:56.317840
2025-08-04,64095,2025080404013080,CGH,MILKY WAY SHARE BROKER COMPANY LTD ,Dipshikha Dhitopatra Karobar Co. Pvt Ltd.,100,1002.0,100200.0,2025-08-04 12:51:27.557290
2025-08-04,63659,2025080404013164,CGH,Trishakti Securities Public Limited,Sundhara Securities Limited,46,1003.0,46138.0,2025-08-04 12:52:57.119056
2025-08-04,63529,2025080404013192,CGH,Trishakti Securities Public Limited,Imperial Securities Company Pvt. Ltd.,160,1003.0,160480.0,2025-08-04 12:53:18.416164
2025-08-04,63528,2025080404013193,CGH,Naasa Securities Co. Ltd.,Imperial Securities Company Pvt. Ltd.,100,1001.0,100100.0,2025-08-04 12:53:18.416420
2025-08-04,63527,2025080404013194,CGH,Investment Management Nepal Pvt. Ltd.,Imperial Securities Company Pvt. Ltd.,200,1000.3,200060.0,2025-08-04 12:53:18.416507
2025-08-04,63526,2025080404013195,CGH,Sani Securities Company Ltd.,Imperial Securities Company Pvt. Ltd.,140,1000.0,140000.0,2025-08-04 12:53:18.416583
2025-08-04,62292,2025080404013452,CGH,Sani Securities Company Ltd.,Nepal Investment And Securities Trading Private Limited,20,1000.1,20002.0,2025-08-04 12:56:07.178255
2025-08-04,62240,2025080404013463,CGH,Sani Securities Company Ltd.,Sumeru Securities Pvt. Ltd.,120,1000.0,120000.0,2025-08-04 12:56:14.151014
2025-08-04,62137,2025080404013490,CGH,Sani Securities Company Ltd.,Stoxkarts Securities Limited,140,1000.0,140000.0,2025-08-04 12:56:26.676999
2025-08-04,62136,2025080404013491,CGH,Naasa Securities Co. Ltd.,Stoxkarts Securities Limited,30,1000.0,30000.0,2025-08-04 12:56:26.677066
2025-08-04,62135,2025080404013492,CGH,Naasa Securities Co. Ltd.,Stoxkarts Securities Limited,30,999.3,29979.0,2025-08-04 12:56:26.677097
2025-08-04,61920,2025080404013526,CGH,Online Securities Pvt. Ltd.,Online Securities Pvt. Ltd.,40,1000.1,40004.0,2025-08-04 12:56:55.307407
2025-08-04,61599,2025080404013583,CGH,Online Securities Pvt. Ltd.,Deevyaa Securities & Stock House Pvt. Ltd,10,1000.1,10001.0,2025-08-04 12:57:40.732552
2025-08-04,61425,2025080404013618,CGH,Online Securities Pvt. Ltd.,Nepal Stock House (PVT) Ltd.,400,1000.1,400040.0,2025-08-04 12:57:57.915797
2025-08-04,61155,2025080404013672,CGH,Online Securities Pvt. Ltd.,South Asian Bulls Pvt. Ltd.,50,1000.1,50005.0,2025-08-04 12:58:24.971757
2025-08-04,60713,2025080404013751,CGH,Naasa Securities Co. Ltd.,Kohinoor Investment & Securities Pvt. Ltd.,50,999.0,49950.0,2025-08-04 12:59:19.666189
2025-08-04,60475,2025080404013800,CGH,Linch Stock Market Ltd.,Kohinoor Investment & Securities Pvt. Ltd.,50,998.0,49900.0,2025-08-04 12:59:49.967992
2025-08-04,59385,2025080404014062,CGH,Linch Stock Market Ltd.,Naasa Securities Co. Ltd.,20,998.0,19960.0,2025-08-04 13:01:58.798763
2025-08-04,59032,2025080404014129,CGH,Linch Stock Market Ltd.,Agrawal Securities (PVT) Ltd.,70,998.0,69860.0,2025-08-04 13:02:47.471681
2025-08-04,59031,2025080404014130,CGH,KALASH STOCK MARKET PVT. LTD.,Agrawal Securities (PVT) Ltd.,100,997.4,99740.0,2025-08-04 13:02:47.471748
2025-08-04,59030,2025080404014131,CGH,Imperial Securities Company Pvt. Ltd.,Agrawal Securities (PVT) Ltd.,496,997.2,494611.2,2025-08-04 13:02:47.471780
2025-08-04,59029,2025080404014132,CGH,Imperial Securities Company Pvt. Ltd.,Agrawal Securities (PVT) Ltd.,329,997.1,328045.9,2025-08-04 13:02:47.471838
2025-08-04,58850,2025080404014154,CGH,Imperial Securities Company Pvt. Ltd.,Nepal Investment And Securities Trading Private Limited,10,997.1,9971.0,2025-08-04 13:03:11.074390
2025-08-04,58022,2025080404014352,CGH,Neev Securities Pvt. Ltd.,Sani Securities Company Ltd.,100,997.2,99720.0,2025-08-04 13:05:15.747126
2025-08-04,57283,2025080404014487,CGH,Imperial Securities Company Pvt. Ltd.,Trishakti Securities Public Limited,200,997.1,199420.0,2025-08-04 13:06:29.554668
2025-08-04,56834,2025080404014576,CGH,Imperial Securities Company Pvt. Ltd.,Online Securities Pvt. Ltd.,69,997.1,68799.9,2025-08-04 13:07:16.451988
2025-08-04,55663,2025080404014945,CGH,Indira securities pvt. ltd,Naasa Securities Co. Ltd.,10,997.2,9972.0,2025-08-04 13:09:33.329594
2025-08-04,55662,2025080404014946,CGH,Indira securities pvt. ltd,Sani Securities Company Ltd.,50,998.0,49900.0,2025-08-04 13:09:33.329782
2025-08-04,55503,2025080404015010,CGH,Indira securities pvt. ltd,Swarna Laxmi Securities Pvt. Ltd.,140,998.0,139720.0,2025-08-04 13:09:48.621100
2025-08-04,55502,2025080404015011,CGH,Imperial Securities Company Pvt. Ltd.,Swarna Laxmi Securities Pvt. Ltd.,60,997.1,59826.0,2025-08-04 13:09:48.621374
2025-08-04,55070,2025080404015075,CGH,Imperial Securities Company Pvt. Ltd.,Imperial Securities Company Pvt. Ltd.,332,997.1,331037.2,2025-08-04 13:10:25.517923
2025-08-04,55069,2025080404015076,CGH,Dipshikha Dhitopatra Karobar Co. Pvt Ltd.,Imperial Securities Company Pvt. Ltd.,20,997.1,19942.0,2025-08-04 13:10:25.518122
2025-08-04,55068,2025080404015077,CGH,Cristal Kanchanjanga Securites Pvt. Ltd.,Imperial Securities Company Pvt. Ltd.,50,997.0,49850.0,2025-08-04 13:10:25.518242
2025-08-04,55067,2025080404015078,CGH,Secured Securities Ltd.,Imperial Securities Company Pvt. Ltd.,100,997.0,99700.0,2025-08-04 13:10:25.518350
2025-08-04,55066,2025080404015079,CGH,Himalayan Brokerage Company Limited,Imperial Securities Company Pvt. Ltd.,180,997.0,179460.0,2025-08-04 13:10:25.518457
2025-08-04,55065,2025080404015080,CGH,Nepal Stock House (PVT) Ltd.,Imperial Securities Company Pvt. Ltd.,318,996.5,316887.0,2025-08-04 13:10:25.518561
2025-08-04,54956,2025080404015094,CGH,Nepal Stock House (PVT) Ltd.,Imperial Securities Company Pvt. Ltd.,500,996.5,498250.0,2025-08-04 13:10:37.687071
2025-08-04,54922,2025080404015099,CGH,Nepal Stock House (PVT) Ltd.,Asian Securities Private Ltd.,20,996.5,19930.0,2025-08-04 13:10:45.264473
2025-08-04,52980,2025080404015500,CGH,Nepal Stock House (PVT) Ltd.,Vision Securities Pvt. Ltd,20,996.5,19930.0,2025-08-04 13:14:35.707627
2025-08-04,52809,2025080404015539,CGH,Nepal Stock House (PVT) Ltd.,Nepal Investment And Securities Trading Private Limited,10,996.5,9965.0,2025-08-04 13:15:01.138637
2025-08-04,52285,2025080404015660,CGH,Nepal Stock House (PVT) Ltd.,Trishakti Securities Public Limited,10,996.5,9965.0,2025-08-04 13:16:08.358776
2025-08-04,51849,2025080404015759,CGH,Deevyaa Securities & Stock House Pvt. Ltd,Cristal Kanchanjanga Securites Pvt. Ltd.,10,997.0,9970.0,2025-08-04 13:17:03.434655
2025-08-04,51848,2025080404015760,CGH,Nepal Stock House (PVT) Ltd.,Cristal Kanchanjanga Securites Pvt. Ltd.,122,996.5,121573.0,2025-08-04 13:17:03.435030
2025-08-04,51847,2025080404015761,CGH,Himalayan Securities Limited,Cristal Kanchanjanga Securites Pvt. Ltd.,10,996.1,9961.0,2025-08-04 13:17:03.435261
2025-08-04,51846,2025080404015762,CGH,Online Securities Pvt. Ltd.,Cristal Kanchanjanga Securites Pvt. Ltd.,158,996.0,157368.0,2025-08-04 13:17:03.435526
2025-08-04,50909,2025080404015919,CGH,South Asian Bulls Pvt. Ltd.,Bhrikuti Stock Broking Co. Pvt. Ltd.,100,997.0,99700.0,2025-08-04 13:19:07.828037
2025-08-04,50694,2025080404015965,CGH,Vision Securities Pvt. Ltd,Bhrikuti Stock Broking Co. Pvt. Ltd.,10,997.0,9970.0,2025-08-04 13:19:36.854970
2025-08-04,50693,2025080404015966,CGH,Vision Securities Pvt. Ltd,Kohinoor Investment & Securities Pvt. Ltd.,10,998.4,9984.0,2025-08-04 13:19:36.855375
2025-08-04,50692,2025080404015967,CGH,Vision Securities Pvt. Ltd,Vision Securities Pvt. Ltd,10,998.5,9985.0,2025-08-04 13:19:36.855689
2025-08-04,49202,2025080404016325,CGH,Premier Securities Company Ltd.,Kalika Securities Pvt. Ltd.,10,998.1,9981.0,2025-08-04 13:23:00.500370
2025-08-04,49106,2025080404016346,CGH,South Asian Bulls Pvt. Ltd.,Kumari Securities Private Limited,10,1000.0,10000.0,2025-08-04 13:23:11.463878
2025-08-04,49105,2025080404016347,CGH,South Asian Bulls Pvt. Ltd.,NIMB Stock Markets Limited,50,1000.0,50000.0,2025-08-04 13:23:11.464261
2025-08-04,49104,2025080404016348,CGH,South Asian Bulls Pvt. Ltd.,Bhrikuti Stock Broking Co. Pvt. Ltd.,40,1000.0,40000.0,2025-08-04 13:23:11.464518
2025-08-04,48391,2025080404016472,CGH,Deevyaa Securities & Stock House Pvt. Ltd,Bhrikuti Stock Broking Co. Pvt. Ltd.,60,1000.0,60000.0,2025-08-04 13:24:25.445012
2025-08-04,48390,2025080404016473,CGH,Deevyaa Securities & Stock House Pvt. Ltd,Dakshinkali Investment & Securities Pvt. Ltd.,100,1000.0,100000.0,2025-08-04 13:24:25.445268
2025-08-04,48389,2025080404016474,CGH,Deevyaa Securities & Stock House Pvt. Ltd,Sani Securities Company Ltd.,440,1000.0,440000.0,2025-08-04 13:24:25.445380
2025-08-04,48182,2025080404016518,CGH,Sri Hari Securities Pvt. Ltd.,Sani Securities Company Ltd.,1000,1000.0,1000000.0,2025-08-04 13:24:52.386103
2025-08-04,48121,2025080404016531,CGH,Sagarmatha Securities Private Limited,Sani Securities Company Ltd.,200,1000.0,200000.0,2025-08-04 13:24:58.980370
2025-08-04,48075,2025080404016538,CGH,Indira securities pvt. ltd,Sani Securities Company Ltd.,500,1000.0,500000.0,2025-08-04 13:25:06.194969
2025-08-04,47744,2025080404016603,CGH,South Asian Bulls Pvt. Ltd.,Online Securities Pvt. Ltd.,10,1000.0,10000.0,2025-08-04 13:25:57.962615
2025-08-04,47743,2025080404016604,CGH,South Asian Bulls Pvt. Ltd.,Dakshinkali Investment & Securities Pvt. Ltd.,50,1001.0,50050.0,2025-08-04 13:25:57.962722
2025-08-04,47742,2025080404016605,CGH,South Asian Bulls Pvt. Ltd.,Naasa Securities Co. Ltd.,100,1003.0,100300.0,2025-08-04 13:25:57.962841
2025-08-04,47741,2025080404016606,CGH,South Asian Bulls Pvt. Ltd.,Sani Securities Company Ltd.,100,1004.0,100400.0,2025-08-04 13:25:57.962918
2025-08-04,47080,2025080404016773,CGH,Online Securities Pvt. Ltd.,Vision Securities Pvt. Ltd,10,1000.0,10000.0,2025-08-04 13:27:55.344142
2025-08-04,46577,2025080404016846,CGH,Premier Securities Company Ltd.,Agrawal Securities (PVT) Ltd.,14,1000.1,14001.4,2025-08-04 13:29:27.136516
2025-08-04,46376,2025080404016895,CGH,Premier Securities Company Ltd.,Imperial Securities Company Pvt. Ltd.,76,1000.1,76007.6,2025-08-04 13:29:56.410458
2025-08-04,46375,2025080404016896,CGH,Online Securities Pvt. Ltd.,Imperial Securities Company Pvt. Ltd.,332,1000.0,332000.0,2025-08-04 13:29:56.410681
2025-08-04,46374,2025080404016897,CGH,Sani Securities Company Ltd.,Imperial Securities Company Pvt. Ltd.,392,1000.0,392000.0,2025-08-04 13:29:56.410802
2025-08-04,46306,2025080404016910,CGH,Sani Securities Company Ltd.,Naasa Securities Co. Ltd.,108,1000.0,108000.0,2025-08-04 13:30:05.929874
2025-08-04,45667,2025080404017124,CGH,Thrive Brokerage House Pvt. Ltd,Nepal Stock House (PVT) Ltd.,100,999.2,99920.0,2025-08-04 13:31:13.935627
2025-08-04,45666,2025080404017125,CGH,Indira securities pvt. ltd,Nepal Stock House (PVT) Ltd.,200,997.0,199400.0,2025-08-04 13:31:13.935881
2025-08-04,45665,2025080404017126,CGH,Dipshikha Dhitopatra Karobar Co. Pvt Ltd.,Nepal Stock House (PVT) Ltd.,50,997.0,49850.0,2025-08-04 13:31:13.935973
2025-08-04,45664,2025080404017127,CGH,Dynamic Money Managers Securities Pvt. Ltd.,Nepal Stock House (PVT) Ltd.,50,997.0,49850.0,2025-08-04 13:31:13.936050
2025-08-04,45276,2025080404017217,CGH,South Asian Bulls Pvt. Ltd.,Naasa Securities Co. Ltd.,90,1000.0,90000.0,2025-08-04 13:32:16.586761
2025-08-04,44903,2025080404017279,CGH,Dynamic Money Managers Securities Pvt. Ltd.,Aryatara Investment & Securities,50,997.0,49850.0,2025-08-04 13:33:23.917280
2025-08-04,44902,2025080404017280,CGH,Himalayan Brokerage Company Limited,Aryatara Investment & Securities,200,996.1,199220.0,2025-08-04 13:33:23.917578
2025-08-04,44901,2025080404017281,CGH,Online Securities Pvt. Ltd.,Aryatara Investment & Securities,10,995.0,9950.0,2025-08-04 13:33:23.917685
2025-08-04,44900,2025080404017282,CGH,Agrawal Securities (PVT) Ltd.,Aryatara Investment & Securities,100,995.0,99500.0,2025-08-04 13:33:23.917785
2025-08-04,44899,2025080404017283,CGH,Online Securities Pvt. Ltd.,Aryatara Investment & Securities,40,995.0,39800.0,2025-08-04 13:33:23.917861
2025-08-04,44654,2025080404017343,CGH,Online Securities Pvt. Ltd.,KALASH STOCK MARKET PVT. LTD.,20,995.0,19900.0,2025-08-04 13:34:02.431807
2025-08-04,44653,2025080404017344,CGH,Linch Stock Market Ltd.,KALASH STOCK MARKET PVT. LTD.,50,995.0,49750.0,2025-08-04 13:34:02.432245
2025-08-04,44249,2025080404017444,CGH,Sani Securities Company Ltd.,KALASH STOCK MARKET PVT. LTD.,485,995.0,482575.0,2025-08-04 13:35:15.739464
2025-08-04,42139,2025080404017986,CGH,Sani Securities Company Ltd.,Sharepro Securities Private Limited,100,993.7,99370.0,2025-08-04 13:41:27.586226
2025-08-04,42138,2025080404017987,CGH,Bhrikuti Stock Broking Co. Pvt. Ltd.,Sharepro Securities Private Limited,30,993.6,29808.0,2025-08-04 13:41:27.586283
2025-08-04,42137,2025080404017988,CGH,J.F. Securites (PVT) Ltd.,Sharepro Securities Private Limited,50,993.5,49675.0,2025-08-04 13:41:27.586332
2025-08-04,42136,2025080404017989,CGH,Sani Securities Company Ltd.,Sharepro Securities Private Limited,50,993.0,49650.0,2025-08-04 13:41:27.586363
2025-08-04,42135,2025080404017990,CGH,KALASH STOCK MARKET PVT. LTD.,Sharepro Securities Private Limited,100,993.0,99300.0,2025-08-04 13:41:27.586391
2025-08-04,42134,2025080404017991,CGH,Sewa Securities Pvt. Ltd.,Sharepro Securities Private Limited,10,992.1,9921.0,2025-08-04 13:41:27.586420
2025-08-04,42133,2025080404017992,CGH,Deevyaa Securities & Stock House Pvt. Ltd,Sharepro Securities Private Limited,200,992.1,198420.0,2025-08-04 13:41:27.586455
2025-08-04,42132,2025080404017993,CGH,Midas Stock Broking Company Private Limited,Sharepro Securities Private Limited,100,992.0,99200.0,2025-08-04 13:41:27.586493
2025-08-04,42131,2025080404017994,CGH,Neev Securities Pvt. Ltd.,Sharepro Securities Private Limited,500,992.0,496000.0,2025-08-04 13:41:27.586522
2025-08-04,42130,2025080404017995,CGH,Neev Securities Pvt. Ltd.,Sharepro Securities Private Limited,860,990.2,851572.0,2025-08-04 13:41:27.586570
2025-08-04,39719,2025080404018341,CGH,South Asian Bulls Pvt. Ltd.,Imperial Securities Company Pvt. Ltd.,100,992.0,99200.0,2025-08-04 13:46:46.476868
2025-08-04,37763,2025080404018732,CGH,Premier Securities Company Ltd.,Sagarmatha Securities Private Limited,10,998.0,9980.0,2025-08-04 13:52:40.568476
2025-08-04,37762,2025080404018733,CGH,Premier Securities Company Ltd.,Primo Securities (PVT) Ltd.,90,998.0,89820.0,2025-08-04 13:52:40.568918
2025-08-04,36638,2025080404018959,CGH,Siprabi Securities Pvt. Ltd.,Nepal Stock House (PVT) Ltd.,20,992.3,19846.0,2025-08-04 13:56:52.987788
2025-08-04,35667,2025080404019215,CGH,Premier Securities Company Ltd.,Vision Securities Pvt. Ltd,35,993.0,34755.0,2025-08-04 14:00:09.716762
2025-08-04,35279,2025080404019281,CGH,South Asian Bulls Pvt. Ltd.,SHUBHAKAMANA SECURITIES PVT. LTD,100,993.1,99310.0,2025-08-04 14:01:14.360349
2025-08-04,35278,2025080404019282,CGH,Sewa Securities Pvt. Ltd.,SHUBHAKAMANA SECURITIES PVT. LTD,50,993.1,49655.0,2025-08-04 14:01:14.360425
2025-08-04,35277,2025080404019283,CGH,Premier Securities Company Ltd.,SHUBHAKAMANA SECURITIES PVT. LTD,65,993.0,64545.0,2025-08-04 14:01:14.360457
2025-08-04,35276,2025080404019284,CGH,Sani Securities Company Ltd.,SHUBHAKAMANA SECURITIES PVT. LTD,101,993.0,100293.0,2025-08-04 14:01:14.360482
2025-08-04,35275,2025080404019285,CGH,Premier Securities Company Ltd.,SHUBHAKAMANA SECURITIES PVT. LTD,50,992.4,49620.0,2025-08-04 14:01:14.360510
2025-08-04,35274,2025080404019286,CGH,Siprabi Securities Pvt. Ltd.,SHUBHAKAMANA SECURITIES PVT. LTD,30,992.3,29769.0,2025-08-04 14:01:14.360535
2025-08-04,35273,2025080404019287,CGH,Premier Securities Company Ltd.,SHUBHAKAMANA SECURITIES PVT. LTD,10,992.3,9923.0,2025-08-04 14:01:14.360565
2025-08-04,35272,2025080404019288,CGH,South Asian Bulls Pvt. Ltd.,SHUBHAKAMANA SECURITIES PVT. LTD,1000,992.2,992200.0,2025-08-04 14:01:14.360594
2025-08-04,35271,2025080404019289,CGH,Indira securities pvt. ltd,SHUBHAKAMANA SECURITIES PVT. LTD,50,992.0,49600.0,2025-08-04 14:01:14.360648
2025-08-04,35270,2025080404019290,CGH,South Asian Bulls Pvt. Ltd.,SHUBHAKAMANA SECURITIES PVT. LTD,1000,992.0,992000.0,2025-08-04 14:01:14.360709
2025-08-04,35269,2025080404019291,CGH,Sani Securities Company Ltd.,SHUBHAKAMANA SECURITIES PVT. LTD,100,992.0,99200.0,2025-08-04 14:01:14.360730
2025-08-04,35268,2025080404019292,CGH,Sewa Securities Pvt. Ltd.,SHUBHAKAMANA SECURITIES PVT. LTD,10,990.4,9904.0,2025-08-04 14:01:14.360755
2025-08-04,35267,2025080404019293,CGH,Sani Securities Company Ltd.,SHUBHAKAMANA SECURITIES PVT. LTD,100,990.3,99030.0,2025-08-04 14:01:14.360779
2025-08-04,35266,2025080404019294,CGH,Agrawal Securities (PVT) Ltd.,SHUBHAKAMANA SECURITIES PVT. LTD,100,990.3,99030.0,2025-08-04 14:01:14.360802
2025-08-04,35265,2025080404019295,CGH,Neev Securities Pvt. Ltd.,SHUBHAKAMANA SECURITIES PVT. LTD,140,990.2,138628.0,2025-08-04 14:01:14.360837
2025-08-04,35264,2025080404019296,CGH,Kohinoor Investment & Securities Pvt. Ltd.,SHUBHAKAMANA SECURITIES PVT. LTD,94,990.2,93078.8,2025-08-04 14:01:14.360867
2025-08-04,34801,2025080404019392,CGH,SHUBHAKAMANA SECURITIES PVT. LTD,Kohinoor Investment & Securities Pvt. Ltd.,20,996.8,19936.0,2025-08-04 14:02:32.645791
2025-08-04,34800,2025080404019393,CGH,SHUBHAKAMANA SECURITIES PVT. LTD,Primo Securities (PVT) Ltd.,10,998.0,9980.0,2025-08-04 14:02:32.646027
2025-08-04,34799,2025080404019394,CGH,SHUBHAKAMANA SECURITIES PVT. LTD,Kohinoor Investment & Securities Pvt. Ltd.,20,998.0,19960.0,2025-08-04 14:02:32.646116
2025-08-04,34798,2025080404019395,CGH,SHUBHAKAMANA SECURITIES PVT. LTD,Himalayan Brokerage Company Limited,700,999.0,699300.0,2025-08-04 14:02:32.646220
2025-08-04,34797,2025080404019396,CGH,SHUBHAKAMANA SECURITIES PVT. LTD,Sani Securities Company Ltd.,860,1000.0,860000.0,2025-08-04 14:02:32.646380
2025-08-04,34796,2025080404019397,CGH,SHUBHAKAMANA SECURITIES PVT. LTD,Opal Securities Investment (PVT) Ltd.,10,1000.0,10000.0,2025-08-04 14:02:32.646521
2025-08-04,34795,2025080404019398,CGH,SHUBHAKAMANA SECURITIES PVT. LTD,Linch Stock Market Ltd.,100,1000.0,100000.0,2025-08-04 14:02:32.646629
2025-08-04,34794,2025080404019399,CGH,SHUBHAKAMANA SECURITIES PVT. LTD,Nepal Stock House (PVT) Ltd.,500,1000.0,500000.0,2025-08-04 14:02:32.646755
2025-08-04,34793,2025080404019400,CGH,SHUBHAKAMANA SECURITIES PVT. LTD,NIMB Stock Markets Limited,50,1000.0,50000.0,2025-08-04 14:02:32.646885
2025-08-04,34792,2025080404019401,CGH,SHUBHAKAMANA SECURITIES PVT. LTD,Capital Hub P. Ltd,20,1000.0,20000.0,2025-08-04 14:02:32.647009
2025-08-04,34687,2025080404019427,CGH,Opal Securities Investment (PVT) Ltd.,Dipshikha Dhitopatra Karobar Co. Pvt Ltd.,100,1002.0,100200.0,2025-08-04 14:02:49.225830
2025-08-04,34544,2025080404019486,CGH,Trisul Securities & Invt. Ltd.,Thrive Brokerage House Pvt. Ltd,100,1003.0,100300.0,2025-08-04 14:03:12.395568
2025-08-04,34543,2025080404019487,CGH,Trisul Securities & Invt. Ltd.,Dakshinkali Investment & Securities Pvt. Ltd.,100,1003.0,100300.0,2025-08-04 14:03:12.395867
2025-08-04,34542,2025080404019488,CGH,Trisul Securities & Invt. Ltd.,Sani Securities Company Ltd.,100,1004.0,100400.0,2025-08-04 14:03:12.395968
2025-08-04,34541,2025080404019489,CGH,Trisul Securities & Invt. Ltd.,Sani Securities Company Ltd.,200,1004.0,200800.0,2025-08-04 14:03:12.396050
2025-08-04,34015,2025080404019604,CGH,Himalayan Brokerage Company Limited,Nepal Stock House (PVT) Ltd.,300,1001.1,300330.0,2025-08-04 14:04:58.840884
2025-08-04,33718,2025080404019663,CGH,SHUBHAKAMANA SECURITIES PVT. LTD,Sani Securities Company Ltd.,50,1004.0,50200.0,2025-08-04 14:05:32.246249
2025-08-04,33717,2025080404019664,CGH,SHUBHAKAMANA SECURITIES PVT. LTD,Imperial Securities Company Pvt. Ltd.,125,1004.0,125500.0,2025-08-04 14:05:32.246486
2025-08-04,33716,2025080404019665,CGH,SHUBHAKAMANA SECURITIES PVT. LTD,Premier Securities Company Ltd.,200,1004.0,200800.0,2025-08-04 14:05:32.246582
2025-08-04,33715,2025080404019666,CGH,SHUBHAKAMANA SECURITIES PVT. LTD,Imperial Securities Company Pvt. Ltd.,335,1004.0,336340.0,2025-08-04 14:05:32.246669
2025-08-04,33444,2025080404019722,CGH,Himalayan Brokerage Company Limited,Imperial Securities Company Pvt. Ltd.,165,1001.1,165181.5,2025-08-04 14:06:07.204662
2025-08-04,33259,2025080404019762,CGH,Himalayan Brokerage Company Limited,Imperial Securities Company Pvt. Ltd.,35,1001.1,35038.5,2025-08-04 14:06:30.504675
2025-08-04,33258,2025080404019763,CGH,Oxford Securities Pvt. Ltd.,Imperial Securities Company Pvt. Ltd.,100,1001.0,100100.0,2025-08-04 14:06:30.505102
2025-08-04,33257,2025080404019764,CGH,Opal Securities Investment (PVT) Ltd.,Imperial Securities Company Pvt. Ltd.,20,1000.0,20000.0,2025-08-04 14:06:30.505397
2025-08-04,33197,2025080404019776,CGH,K.B.L. Securities Limited ,Imperial Securities Company Pvt. Ltd.,145,1000.0,145000.0,2025-08-04 14:06:37.864601
2025-08-04,32975,2025080404019826,CGH,K.B.L. Securities Limited ,Premier Securities Company Ltd.,15,1001.0,15015.0,2025-08-04 14:06:59.968425
2025-08-04,32372,2025080404019956,CGH,Siprabi Securities Pvt. Ltd.,Agrawal Securities (PVT) Ltd.,100,1003.0,100300.0,2025-08-04 14:08:01.733606
2025-08-04,31821,2025080404020099,CGH,Sewa Securities Pvt. Ltd.,Aryatara Investment & Securities,10,1005.0,10050.0,2025-08-04 14:09:03.494722
2025-08-04,31820,2025080404020100,CGH,Sewa Securities Pvt. Ltd.,Sweta Securities Private Limited,10,1005.0,10050.0,2025-08-04 14:09:03.495139
2025-08-04,31819,2025080404020101,CGH,Sewa Securities Pvt. Ltd.,Nepal Investment And Securities Trading Private Limited,20,1005.0,20100.0,2025-08-04 14:09:03.495523
2025-08-04,31818,2025080404020102,CGH,Sewa Securities Pvt. Ltd.,Aryatara Investment & Securities,10,1005.0,10050.0,2025-08-04 14:09:03.495901
2025-08-04,31363,2025080404020186,CGH,Oxford Securities Pvt. Ltd.,Imperial Securities Company Pvt. Ltd.,100,1002.0,100200.0,2025-08-04 14:09:56.468302
2025-08-04,31362,2025080404020187,CGH,K.B.L. Securities Limited ,Imperial Securities Company Pvt. Ltd.,90,1001.0,90090.0,2025-08-04 14:09:56.468612
2025-08-04,31361,2025080404020188,CGH,J.F. Securites (PVT) Ltd.,Imperial Securities Company Pvt. Ltd.,300,1000.2,300060.0,2025-08-04 14:09:56.468701
2025-08-04,31360,2025080404020189,CGH,Kohinoor Investment & Securities Pvt. Ltd.,Imperial Securities Company Pvt. Ltd.,101,1000.1,101010.1,2025-08-04 14:09:56.468783
2025-08-04,31359,2025080404020190,CGH,Imperial Securities Company Pvt. Ltd.,Imperial Securities Company Pvt. Ltd.,2000,1000.0,2000000.0,2025-08-04 14:09:56.468864
2025-08-04,31358,2025080404020191,CGH,Investment Management Nepal Pvt. Ltd.,Imperial Securities Company Pvt. Ltd.,409,1000.0,409000.0,2025-08-04 14:09:56.468943
2025-08-04,30371,2025080404020376,CGH,Secured Securities Ltd.,Bhrikuti Stock Broking Co. Pvt. Ltd.,80,1005.0,80400.0,2025-08-04 14:11:51.958546
2025-08-04,30370,2025080404020377,CGH,Secured Securities Ltd.,Agrawal Securities (PVT) Ltd.,500,1006.0,503000.0,2025-08-04 14:11:51.958833
2025-08-04,30369,2025080404020378,CGH,Secured Securities Ltd.,Vision Securities Pvt. Ltd,10,1007.0,10070.0,2025-08-04 14:11:51.958945
2025-08-04,30368,2025080404020379,CGH,Secured Securities Ltd.,ABC Securities Private Limited,35,1007.0,35245.0,2025-08-04 14:11:51.959032
2025-08-04,30367,2025080404020380,CGH,Secured Securities Ltd.,Cristal Kanchanjanga Securites Pvt. Ltd.,10,1007.0,10070.0,2025-08-04 14:11:51.959115
2025-08-04,30366,2025080404020381,CGH,Secured Securities Ltd.,Vision Securities Pvt. Ltd,1000,1010.0,1010000.0,2025-08-04 14:11:51.959217
2025-08-04,30365,2025080404020382,CGH,Secured Securities Ltd.,Primo Securities (PVT) Ltd.,10,1010.0,10100.0,2025-08-04 14:11:51.959303
2025-08-04,30364,2025080404020383,CGH,Secured Securities Ltd.,Nepal Investment And Securities Trading Private Limited,10,1010.0,10100.0,2025-08-04 14:11:51.959401
2025-08-04,30363,2025080404020384,CGH,Secured Securities Ltd.,Linch Stock Market Ltd.,100,1010.0,101000.0,2025-08-04 14:11:51.959478
2025-08-04,30362,2025080404020385,CGH,Secured Securities Ltd.,Kohinoor Investment & Securities Pvt. Ltd.,245,1010.0,247450.0,2025-08-04 14:11:51.959556
2025-08-04,29777,2025080404020500,CGH,Investment Management Nepal Pvt. Ltd.,Kohinoor Investment & Securities Pvt. Ltd.,60,1010.0,60600.0,2025-08-04 14:13:07.710831
2025-08-04,29776,2025080404020501,CGH,Investment Management Nepal Pvt. Ltd.,Trisul Securities & Invt. Ltd.,31,1010.0,31310.0,2025-08-04 14:13:07.711218
2025-08-04,29452,2025080404020558,CGH,Investment Management Nepal Pvt. Ltd.,Thrive Brokerage House Pvt. Ltd,30,1009.0,30270.0,2025-08-04 14:13:41.922916
2025-08-04,29451,2025080404020559,CGH,Investment Management Nepal Pvt. Ltd.,Trisul Securities & Invt. Ltd.,120,1010.0,121200.0,2025-08-04 14:13:41.923160
2025-08-04,28899,2025080404020686,CGH,Kohinoor Investment & Securities Pvt. Ltd.,Trisul Securities & Invt. Ltd.,36,1010.0,36360.0,2025-08-04 14:14:32.175833
2025-08-04,28795,2025080404020729,CGH,Sweta Securities Private Limited,Imperial Securities Company Pvt. Ltd.,100,1001.0,100100.0,2025-08-04 14:14:44.235155
2025-08-04,28794,2025080404020730,CGH,Imperial Securities Company Pvt. Ltd.,Imperial Securities Company Pvt. Ltd.,50,1000.2,50010.0,2025-08-04 14:14:44.235549
2025-08-04,28793,2025080404020731,CGH,Neev Securities Pvt. Ltd.,Imperial Securities Company Pvt. Ltd.,100,1000.1,100010.0,2025-08-04 14:14:44.235807
2025-08-04,28792,2025080404020732,CGH,Premier Securities Company Ltd.,Imperial Securities Company Pvt. Ltd.,350,1000.0,350000.0,2025-08-04 14:14:44.236055
2025-08-04,28652,2025080404020761,CGH,Online Securities Pvt. Ltd.,Stoxkarts Securities Limited,50,1009.9,50495.0,2025-08-04 14:15:02.943438
2025-08-04,27745,2025080404020955,CGH,Sri Hari Securities Pvt. Ltd.,Stoxkarts Securities Limited,50,1009.9,50495.0,2025-08-04 14:16:52.552393
2025-08-04,25974,2025080404021381,CGH,Sagarmatha Securities Private Limited,Imperial Securities Company Pvt. Ltd.,15,1001.1,15016.5,2025-08-04 14:19:54.197206
2025-08-04,25973,2025080404021382,CGH,Premier Securities Company Ltd.,Imperial Securities Company Pvt. Ltd.,200,1001.1,200220.0,2025-08-04 14:19:54.197653
2025-08-04,25972,2025080404021383,CGH,Sri Hari Securities Pvt. Ltd.,Imperial Securities Company Pvt. Ltd.,150,1001.0,150150.0,2025-08-04 14:19:54.197960
2025-08-04,25971,2025080404021384,CGH,Kumari Securities Private Limited,Imperial Securities Company Pvt. Ltd.,100,1001.0,100100.0,2025-08-04 14:19:54.198232
2025-08-04,25970,2025080404021385,CGH,Neev Securities Pvt. Ltd.,Imperial Securities Company Pvt. Ltd.,100,1000.1,100010.0,2025-08-04 14:19:54.198492
2025-08-04,25969,2025080404021386,CGH,Premier Securities Company Ltd.,Imperial Securities Company Pvt. Ltd.,150,1000.0,150000.0,2025-08-04 14:19:54.198744
2025-08-04,25968,2025080404021387,CGH,Aryatara Investment & Securities,Imperial Securities Company Pvt. Ltd.,100,1000.0,100000.0,2025-08-04 14:19:54.199014
2025-08-04,25967,2025080404021388,CGH,ABC Securities Private Limited,Imperial Securities Company Pvt. Ltd.,30,1000.0,30000.0,2025-08-04 14:19:54.199286
2025-08-04,25966,2025080404021389,CGH,Market Securities & Exchange (PVT) Ltd.,Imperial Securities Company Pvt. Ltd.,10,1000.0,10000.0,2025-08-04 14:19:54.199535
2025-08-04,25965,2025080404021390,CGH,Premier Securities Company Ltd.,Imperial Securities Company Pvt. Ltd.,45,1000.0,45000.0,2025-08-04 14:19:54.199783
2025-08-04,25147,2025080404021601,CGH,Naasa Securities Co. Ltd.,Imperial Securities Company Pvt. Ltd.,1000,1002.0,1002000.0,2025-08-04 14:21:48.627509
2025-08-04,25146,2025080404021602,CGH,Trisul Securities & Invt. Ltd.,Imperial Securities Company Pvt. Ltd.,200,1000.0,200000.0,2025-08-04 14:21:48.627711
2025-08-04,25145,2025080404021603,CGH,Deevyaa Securities & Stock House Pvt. Ltd,Imperial Securities Company Pvt. Ltd.,500,1000.0,500000.0,2025-08-04 14:21:48.627788
2025-08-04,25144,2025080404021604,CGH,Sani Securities Company Ltd.,Imperial Securities Company Pvt. Ltd.,800,1000.0,800000.0,2025-08-04 14:21:48.627865
2025-08-04,24397,2025080404021769,CGH,Sani Securities Company Ltd.,Naasa Securities Co. Ltd.,200,1000.0,200000.0,2025-08-04 14:22:52.663434
2025-08-04,24396,2025080404021770,CGH,Malla & Malla Stock Broking Company Pvt. Limited,Naasa Securities Co. Ltd.,41,1000.0,41000.0,2025-08-04 14:22:52.663846
2025-08-04,24395,2025080404021771,CGH,Imperial Securities Company Pvt. Ltd.,Naasa Securities Co. Ltd.,100,1000.0,100000.0,2025-08-04 14:22:52.664081
2025-08-04,24394,2025080404021772,CGH,Kumari Securities Private Limited,Naasa Securities Co. Ltd.,37,1000.0,37000.0,2025-08-04 14:22:52.664330
2025-08-04,24324,2025080404021780,CGH,Trishakti Securities Public Limited,S.P.S.A. Securities Limited,2,1011.0,2022.0,2025-08-04 14:22:57.345951
2025-08-04,23250,2025080404022016,CGH,Asian Securities Private Ltd.,Imperial Securities Company Pvt. Ltd.,100,1001.0,100100.0,2025-08-04 14:24:40.478851
2025-08-04,23249,2025080404022017,CGH,Nepal Stock House (PVT) Ltd.,Imperial Securities Company Pvt. Ltd.,50,1000.1,50005.0,2025-08-04 14:24:40.479090
2025-08-04,23248,2025080404022018,CGH,Kumari Securities Private Limited,Imperial Securities Company Pvt. Ltd.,136,1000.0,136000.0,2025-08-04 14:24:40.479194
2025-08-04,23247,2025080404022019,CGH,Premier Securities Company Ltd.,Imperial Securities Company Pvt. Ltd.,100,1000.0,100000.0,2025-08-04 14:24:40.479293
2025-08-04,23246,2025080404022020,CGH,Kumari Securities Private Limited,Imperial Securities Company Pvt. Ltd.,114,1000.0,114000.0,2025-08-04 14:24:40.479403
2025-08-04,22857,2025080404022105,CGH,Dakshinkali Investment & Securities Pvt. Ltd.,Trisul Securities & Invt. Ltd.,30,1009.0,30270.0,2025-08-04 14:25:21.806130
2025-08-04,21756,2025080404022313,CGH,Secured Securities Ltd.,Kumari Securities Private Limited,10,1005.0,10050.0,2025-08-04 14:27:20.574131
2025-08-04,21755,2025080404022314,CGH,Secured Securities Ltd.,Trisul Securities & Invt. Ltd.,683,1009.0,689147.0,2025-08-04 14:27:20.574496
2025-08-04,21754,2025080404022315,CGH,Secured Securities Ltd.,Infinity Securities Limited,100,1009.9,100990.0,2025-08-04 14:27:20.574799
2025-08-04,21753,2025080404022316,CGH,Secured Securities Ltd.,Sani Securities Company Ltd.,300,1010.0,303000.0,2025-08-04 14:27:20.575083
2025-08-04,21752,2025080404022317,CGH,Secured Securities Ltd.,Imperial Securities Company Pvt. Ltd.,407,1010.0,411070.0,2025-08-04 14:27:20.575446
2025-08-04,21486,2025080404022363,CGH,Thrive Brokerage House Pvt. Ltd,Imperial Securities Company Pvt. Ltd.,93,1010.0,93930.0,2025-08-04 14:27:45.192806
2025-08-04,20861,2025080404022533,CGH,Sani Securities Company Ltd.,Dynamic Money Managers Securities Pvt. Ltd.,28,1013.0,28364.0,2025-08-04 14:28:43.074254
2025-08-04,20860,2025080404022534,CGH,Sani Securities Company Ltd.,Nepal Investment And Securities Trading Private Limited,10,1014.0,10140.0,2025-08-04 14:28:43.074494
2025-08-04,20859,2025080404022535,CGH,Sani Securities Company Ltd.,Nepal Investment And Securities Trading Private Limited,10,1014.0,10140.0,2025-08-04 14:28:43.074590
2025-08-04,20858,2025080404022536,CGH,Sani Securities Company Ltd.,Trishakti Securities Public Limited,100,1014.0,101400.0,2025-08-04 14:28:43.074699
2025-08-04,20857,2025080404022537,CGH,Sani Securities Company Ltd.,Cristal Kanchanjanga Securites Pvt. Ltd.,149,1014.0,151086.0,2025-08-04 14:28:43.074823
2025-08-04,20219,2025080404022662,CGH,Trademow Securities Private Limited,Sani Securities Company Ltd.,40,1010.0,40400.0,2025-08-04 14:29:38.071415
2025-08-04,20218,2025080404022663,CGH,Trademow Securities Private Limited,Premier Securities Company Ltd.,60,1014.0,60840.0,2025-08-04 14:29:38.071789
2025-08-04,19989,2025080404022722,CGH,Kohinoor Investment & Securities Pvt. Ltd.,Imperial Securities Company Pvt. Ltd.,400,1005.0,402000.0,2025-08-04 14:29:57.118119
2025-08-04,19988,2025080404022723,CGH,Bhrikuti Stock Broking Co. Pvt. Ltd.,Imperial Securities Company Pvt. Ltd.,400,1004.0,401600.0,2025-08-04 14:29:57.118403
2025-08-04,19913,2025080404022740,CGH,Sani Securities Company Ltd.,Premier Securities Company Ltd.,11,1014.0,11154.0,2025-08-04 14:30:04.409136
2025-08-04,19339,2025080404022898,CGH,Investment Management Nepal Pvt. Ltd.,Imperial Securities Company Pvt. Ltd.,200,1005.0,201000.0,2025-08-04 14:30:57.520882
2025-08-04,18603,2025080404023056,CGH,Trishakti Securities Public Limited,Linch Stock Market Ltd.,15,1010.0,15150.0,2025-08-04 14:32:16.092303
2025-08-04,18280,2025080404023097,CGH,Imperial Securities Company Pvt. Ltd.,Premier Securities Company Ltd.,10,1014.0,10140.0,2025-08-04 14:32:57.719581
2025-08-04,18027,2025080404023149,CGH,ABC Securities Private Limited,Imperial Securities Company Pvt. Ltd.,40,1012.0,40480.0,2025-08-04 14:33:22.237020
2025-08-04,18026,2025080404023150,CGH,Agrawal Securities (PVT) Ltd.,Imperial Securities Company Pvt. Ltd.,50,1011.0,50550.0,2025-08-04 14:33:22.237248
2025-08-04,18025,2025080404023151,CGH,Imperial Securities Company Pvt. Ltd.,Imperial Securities Company Pvt. Ltd.,10,1011.0,10110.0,2025-08-04 14:33:22.237352
2025-08-04,18024,2025080404023152,CGH,Kohinoor Investment & Securities Pvt. Ltd.,Imperial Securities Company Pvt. Ltd.,50,1011.0,50550.0,2025-08-04 14:33:22.237441
2025-08-04,18023,2025080404023153,CGH,Trishakti Securities Public Limited,Imperial Securities Company Pvt. Ltd.,850,1010.0,858500.0,2025-08-04 14:33:22.237541
2025-08-04,16136,2025080404023593,CGH,Imperial Securities Company Pvt. Ltd.,Deevyaa Securities & Stock House Pvt. Ltd,32,1011.0,32352.0,2025-08-04 14:36:21.066372
2025-08-04,16135,2025080404023594,CGH,Trishakti Securities Public Limited,Deevyaa Securities & Stock House Pvt. Ltd,135,1010.0,136350.0,2025-08-04 14:36:21.066615
2025-08-04,16134,2025080404023595,CGH,Market Securities & Exchange (PVT) Ltd.,Deevyaa Securities & Stock House Pvt. Ltd,50,1010.0,50500.0,2025-08-04 14:36:21.066765
2025-08-04,16133,2025080404023596,CGH,Sani Securities Company Ltd.,Deevyaa Securities & Stock House Pvt. Ltd,100,1010.0,101000.0,2025-08-04 14:36:21.066896
2025-08-04,16132,2025080404023597,CGH,Investment Management Nepal Pvt. Ltd.,Deevyaa Securities & Stock House Pvt. Ltd,50,1006.1,50305.0,2025-08-04 14:36:21.066992
2025-08-04,16131,2025080404023598,CGH,Sri Hari Securities Pvt. Ltd.,Deevyaa Securities & Stock House Pvt. Ltd,633,1006.0,636798.0,2025-08-04 14:36:21.067087
2025-08-04,15915,2025080404023658,CGH,Sri Hari Securities Pvt. Ltd.,Primo Securities (PVT) Ltd.,50,1006.0,50300.0,2025-08-04 14:36:34.050376
2025-08-04,15103,2025080404023885,CGH,Sri Hari Securities Pvt. Ltd.,SHUBHAKAMANA SECURITIES PVT. LTD,317,1006.0,318902.0,2025-08-04 14:37:24.270731
2025-08-04,15102,2025080404023886,CGH,Trademow Securities Private Limited,SHUBHAKAMANA SECURITIES PVT. LTD,55,1006.0,55330.0,2025-08-04 14:37:24.270973
2025-08-04,15101,2025080404023887,CGH,Trisul Securities & Invt. Ltd.,SHUBHAKAMANA SECURITIES PVT. LTD,628,1005.0,631140.0,2025-08-04 14:37:24.271060
2025-08-04,15048,2025080404023899,CGH,Trisul Securities & Invt. Ltd.,Imperial Securities Company Pvt. Ltd.,222,1005.0,223110.0,2025-08-04 14:37:28.759307
2025-08-04,15047,2025080404023900,CGH,Bhrikuti Stock Broking Co. Pvt. Ltd.,Imperial Securities Company Pvt. Ltd.,100,1004.0,100400.0,2025-08-04 14:37:28.759577
2025-08-04,15046,2025080404023901,CGH,Kumari Securities Private Limited,Imperial Securities Company Pvt. Ltd.,136,1004.0,136544.0,2025-08-04 14:37:28.759673
2025-08-04,15045,2025080404023902,CGH,Imperial Securities Company Pvt. Ltd.,Imperial Securities Company Pvt. Ltd.,100,1003.0,100300.0,2025-08-04 14:37:28.759766
2025-08-04,15044,2025080404023903,CGH,Online Securities Pvt. Ltd.,Imperial Securities Company Pvt. Ltd.,100,1002.1,100210.0,2025-08-04 14:37:28.759871
2025-08-04,15043,2025080404023904,CGH,Nepal Stock House (PVT) Ltd.,Imperial Securities Company Pvt. Ltd.,50,1002.0,50100.0,2025-08-04 14:37:28.759948
2025-08-04,15042,2025080404023905,CGH,Primo Securities (PVT) Ltd.,Imperial Securities Company Pvt. Ltd.,100,1002.0,100200.0,2025-08-04 14:37:28.760027
2025-08-04,15041,2025080404023906,CGH,Sani Securities Company Ltd.,Imperial Securities Company Pvt. Ltd.,200,1001.3,200260.0,2025-08-04 14:37:28.760112
2025-08-04,15040,2025080404023907,CGH,Opal Securities Investment (PVT) Ltd.,Imperial Securities Company Pvt. Ltd.,992,1001.2,993190.4,2025-08-04 14:37:28.760216
2025-08-04,14887,2025080404023961,CGH,Opal Securities Investment (PVT) Ltd.,Imperial Securities Company Pvt. Ltd.,4008,1001.2,4012809.6,2025-08-04 14:37:40.032767
2025-08-04,14886,2025080404023962,CGH,ABC Securities Private Limited,Imperial Securities Company Pvt. Ltd.,992,1001.0,992992.0,2025-08-04 14:37:40.032976
2025-08-04,14777,2025080404024000,CGH,ABC Securities Private Limited,Imperial Securities Company Pvt. Ltd.,200,1000.1,200020.0,2025-08-04 14:37:48.225525
2025-08-04,14776,2025080404024001,CGH,Market Securities & Exchange (PVT) Ltd.,Imperial Securities Company Pvt. Ltd.,4800,1000.0,4800000.0,2025-08-04 14:37:48.225780
2025-08-04,14654,2025080404024034,CGH,SHUBHAKAMANA SECURITIES PVT. LTD,Imperial Securities Company Pvt. Ltd.,1000,1001.2,1001200.0,2025-08-04 14:37:58.563757
2025-08-04,14653,2025080404024035,CGH,Market Securities & Exchange (PVT) Ltd.,Imperial Securities Company Pvt. Ltd.,200,1000.0,200000.0,2025-08-04 14:37:58.563969
2025-08-04,14652,2025080404024036,CGH,Imperial Securities Company Pvt. Ltd.,Imperial Securities Company Pvt. Ltd.,200,1000.0,200000.0,2025-08-04 14:37:58.564072
2025-08-04,14651,2025080404024037,CGH,Sewa Securities Pvt. Ltd.,Imperial Securities Company Pvt. Ltd.,50,1000.0,50000.0,2025-08-04 14:37:58.564148
2025-08-04,14650,2025080404024038,CGH,Sani Securities Company Ltd.,Imperial Securities Company Pvt. Ltd.,100,1000.0,100000.0,2025-08-04 14:37:58.564226
2025-08-04,14649,2025080404024039,CGH,Premier Securities Company Ltd.,Imperial Securities Company Pvt. Ltd.,250,1000.0,250000.0,2025-08-04 14:37:58.564304
2025-08-04,13658,2025080404024406,CGH,Sani Securities Company Ltd.,Thrive Brokerage House Pvt. Ltd,10,1000.0,10000.0,2025-08-04 14:39:45.381336
2025-08-04,13460,2025080404024430,CGH,Sani Securities Company Ltd.,Primo Securities (PVT) Ltd.,90,1000.0,90000.0,2025-08-04 14:39:56.113764
2025-08-04,13459,2025080404024431,CGH,Primo Securities (PVT) Ltd.,Primo Securities (PVT) Ltd.,200,1000.0,200000.0,2025-08-04 14:39:56.114169
2025-08-04,13458,2025080404024432,CGH,Primo Securities (PVT) Ltd.,Primo Securities (PVT) Ltd.,150,999.0,149850.0,2025-08-04 14:39:56.114553
2025-08-04,13457,2025080404024433,CGH,Vision Securities Pvt. Ltd,Primo Securities (PVT) Ltd.,10,999.0,9990.0,2025-08-04 14:39:56.114883
2025-08-04,13456,2025080404024434,CGH,Market Securities & Exchange (PVT) Ltd.,Primo Securities (PVT) Ltd.,1000,999.0,999000.0,2025-08-04 14:39:56.115198
2025-08-04,12033,2025080404024743,CGH,Sani Securities Company Ltd.,Primo Securities (PVT) Ltd.,50,999.0,49950.0,2025-08-04 14:41:43.909439
2025-08-04,11314,2025080404024999,CGH,Sani Securities Company Ltd.,Agrawal Securities (PVT) Ltd.,650,1000.0,650000.0,2025-08-04 14:42:53.350300
2025-08-04,10455,2025080404025207,CGH,Sani Securities Company Ltd.,Imperial Securities Company Pvt. Ltd.,2300,1000.0,2300000.0,2025-08-04 14:44:28.863592
2025-08-04,10454,2025080404025208,CGH,Oxford Securities Pvt. Ltd.,Imperial Securities Company Pvt. Ltd.,700,1000.0,700000.0,2025-08-04 14:44:28.863847
2025-08-04,10051,2025080404025268,CGH,Oxford Securities Pvt. Ltd.,Cristal Kanchanjanga Securites Pvt. Ltd.,50,1009.5,50475.0,2025-08-04 14:44:57.482927
2025-08-04,10050,2025080404025269,CGH,Oxford Securities Pvt. Ltd.,Trisul Securities & Invt. Ltd.,350,1010.0,353500.0,2025-08-04 14:44:57.483149
2025-08-04,9632,2025080404025412,CGH,Oxford Securities Pvt. Ltd.,Imperial Securities Company Pvt. Ltd.,280,1000.0,280000.0,2025-08-04 14:45:30.211426
2025-08-04,9631,2025080404025413,CGH,Oxford Securities Pvt. Ltd.,Imperial Securities Company Pvt. Ltd.,20,1000.0,20000.0,2025-08-04 14:45:30.211642
2025-08-04,9497,2025080404025468,CGH,Oxford Securities Pvt. Ltd.,Imperial Securities Company Pvt. Ltd.,80,1000.0,80000.0,2025-08-04 14:45:42.423256
2025-08-04,9496,2025080404025469,CGH,Market Securities & Exchange (PVT) Ltd.,Imperial Securities Company Pvt. Ltd.,4920,1000.0,4920000.0,2025-08-04 14:45:42.423728
2025-08-04,7963,2025080404025884,CGH,Midas Stock Broking Company Private Limited,Imperial Securities Company Pvt. Ltd.,1000,1000.2,1000200.0,2025-08-04 14:48:35.720501
2025-08-04,7962,2025080404025885,CGH,Agrawal Securities (PVT) Ltd.,Imperial Securities Company Pvt. Ltd.,100,1000.1,100010.0,2025-08-04 14:48:35.720728
2025-08-04,7961,2025080404025886,CGH,Deevyaa Securities & Stock House Pvt. Ltd,Imperial Securities Company Pvt. Ltd.,200,1000.1,200020.0,2025-08-04 14:48:35.720811
2025-08-04,7806,2025080404025913,CGH,Deevyaa Securities & Stock House Pvt. Ltd,Imperial Securities Company Pvt. Ltd.,50,1000.1,50005.0,2025-08-04 14:48:55.325751
2025-08-04,7805,2025080404025914,CGH,Market Securities & Exchange (PVT) Ltd.,Imperial Securities Company Pvt. Ltd.,80,1000.0,80000.0,2025-08-04 14:48:55.326004
2025-08-04,7804,2025080404025915,CGH,Thrive Brokerage House Pvt. Ltd,Imperial Securities Company Pvt. Ltd.,170,1000.0,170000.0,2025-08-04 14:48:55.326097
2025-08-04,7215,2025080404026058,CGH,Premier Securities Company Ltd.,Vision Securities Pvt. Ltd,10,1001.0,10010.0,2025-08-04 14:50:10.416398
2025-08-04,6797,2025080404026113,CGH,Magnet Securities and Investment Company Private Limited,Magnet Securities and Investment Company Private Limited,30,1007.0,30210.0,2025-08-04 14:50:39.720345
2025-08-04,6796,2025080404026114,CGH,Magnet Securities and Investment Company Private Limited,Sani Securities Company Ltd.,20,1008.0,20160.0,2025-08-04 14:50:39.720563
2025-08-04,6795,2025080404026115,CGH,Magnet Securities and Investment Company Private Limited,Market Securities & Exchange (PVT) Ltd.,50,1008.0,50400.0,2025-08-04 14:50:39.720653
2025-08-04,6794,2025080404026116,CGH,Magnet Securities and Investment Company Private Limited,APPLE SECURITIES PRIVATE LIMITED,70,1008.0,70560.0,2025-08-04 14:50:39.720736
2025-08-04,6530,2025080404026169,CGH,Hatemalo Financial Services Private Limited,APPLE SECURITIES PRIVATE LIMITED,30,1008.0,30240.0,2025-08-04 14:51:09.168722
2025-08-04,6529,2025080404026170,CGH,Hatemalo Financial Services Private Limited,Trisul Securities & Invt. Ltd.,100,1009.7,100970.0,2025-08-04 14:51:09.169021
2025-08-04,6528,2025080404026171,CGH,Hatemalo Financial Services Private Limited,Primo Securities (PVT) Ltd.,20,1009.8,20196.0,2025-08-04 14:51:09.169142
2025-08-04,6527,2025080404026172,CGH,Hatemalo Financial Services Private Limited,Nepal Stock House (PVT) Ltd.,300,1009.8,302940.0,2025-08-04 14:51:09.169252
2025-08-04,6526,2025080404026173,CGH,Hatemalo Financial Services Private Limited,Market Securities & Exchange (PVT) Ltd.,50,1010.0,50500.0,2025-08-04 14:51:09.169348
2025-08-04,6525,2025080404026174,CGH,Hatemalo Financial Services Private Limited,Oxford Securities Pvt. Ltd.,100,1010.0,101000.0,2025-08-04 14:51:09.169430
2025-08-04,6326,2025080404026211,CGH,Citizens Share Broker Limited,Oxford Securities Pvt. Ltd.,450,1010.0,454500.0,2025-08-04 14:51:29.073681
2025-08-04,6149,2025080404026266,CGH,Citizens Share Broker Limited,Oxford Securities Pvt. Ltd.,280,1010.0,282800.0,2025-08-04 14:51:51.150718
2025-08-04,6077,2025080404026279,CGH,Citizens Share Broker Limited,Oxford Securities Pvt. Ltd.,160,1010.0,161600.0,2025-08-04 14:51:58.173727
2025-08-04,6076,2025080404026280,CGH,Citizens Share Broker Limited,Market Securities & Exchange (PVT) Ltd.,40,1010.0,40400.0,2025-08-04 14:51:58.173998
2025-08-04,5950,2025080404026328,CGH,Premier Securities Company Ltd.,Imperial Securities Company Pvt. Ltd.,90,1001.0,90090.0,2025-08-04 14:52:18.672239
2025-08-04,5949,2025080404026329,CGH,Aryatara Investment & Securities,Imperial Securities Company Pvt. Ltd.,100,1001.0,100100.0,2025-08-04 14:52:18.672484
2025-08-04,5948,2025080404026330,CGH,Imperial Securities Company Pvt. Ltd.,Imperial Securities Company Pvt. Ltd.,20,1001.0,20020.0,2025-08-04 14:52:18.672571
2025-08-04,5947,2025080404026331,CGH,BHOLE GANESH SECURITIES LTD,Imperial Securities Company Pvt. Ltd.,100,1000.3,100030.0,2025-08-04 14:52:18.672658
2025-08-04,5946,2025080404026332,CGH,Dipshikha Dhitopatra Karobar Co. Pvt Ltd.,Imperial Securities Company Pvt. Ltd.,100,1000.2,100020.0,2025-08-04 14:52:18.672742
2025-08-04,5945,2025080404026333,CGH,Midas Stock Broking Company Private Limited,Imperial Securities Company Pvt. Ltd.,1000,1000.1,1000100.0,2025-08-04 14:52:18.672829
2025-08-04,5944,2025080404026334,CGH,Thrive Brokerage House Pvt. Ltd,Imperial Securities Company Pvt. Ltd.,30,1000.0,30000.0,2025-08-04 14:52:18.672917
2025-08-04,5943,2025080404026335,CGH,Nepal Stock House (PVT) Ltd.,Imperial Securities Company Pvt. Ltd.,50,1000.0,50000.0,2025-08-04 14:52:18.672999
2025-08-04,5942,2025080404026336,CGH,Opal Securities Investment (PVT) Ltd.,Imperial Securities Company Pvt. Ltd.,100,1000.0,100000.0,2025-08-04 14:52:18.673081
2025-08-04,5941,2025080404026337,CGH,Dipshikha Dhitopatra Karobar Co. Pvt Ltd.,Imperial Securities Company Pvt. Ltd.,50,1000.0,50000.0,2025-08-04 14:52:18.673162
2025-08-04,5940,2025080404026338,CGH,Nepal Stock House (PVT) Ltd.,Imperial Securities Company Pvt. Ltd.,100,1000.0,100000.0,2025-08-04 14:52:18.673242
2025-08-04,5939,2025080404026339,CGH,Premier Securities Company Ltd.,Imperial Securities Company Pvt. Ltd.,60,1000.0,60000.0,2025-08-04 14:52:18.673330
2025-08-04,5796,2025080404026405,CGH,Hatemalo Financial Services Private Limited,Imperial Securities Company Pvt. Ltd.,1000,1002.0,1002000.0,2025-08-04 14:52:48.451368
2025-08-04,5795,2025080404026406,CGH,Premier Securities Company Ltd.,Imperial Securities Company Pvt. Ltd.,140,1000.0,140000.0,2025-08-04 14:52:48.451620
2025-08-04,5794,2025080404026407,CGH,Opal Securities Investment (PVT) Ltd.,Imperial Securities Company Pvt. Ltd.,100,1000.0,100000.0,2025-08-04 14:52:48.451734
2025-08-04,5793,2025080404026408,CGH,Creative Securities Pvt Ltd,Imperial Securities Company Pvt. Ltd.,20,1000.0,20000.0,2025-08-04 14:52:48.451847
2025-08-04,5792,2025080404026409,CGH,Asian Securities Private Ltd.,Imperial Securities Company Pvt. Ltd.,340,1000.0,340000.0,2025-08-04 14:52:48.451952
2025-08-04,4222,2025080404026888,CGH,Online Securities Pvt. Ltd.,APPLE SECURITIES PRIVATE LIMITED,10,1009.9,10099.0,2025-08-04 14:55:24.944430
2025-08-04,4182,2025080404026897,CGH,Capital Max Securities Ltd,APPLE SECURITIES PRIVATE LIMITED,10,1009.9,10099.0,2025-08-04 14:55:28.498389
2025-08-04,3957,2025080404026983,CGH,Midas Stock Broking Company Private Limited,APPLE SECURITIES PRIVATE LIMITED,50,1009.9,50495.0,2025-08-04 14:55:50.140748
2025-08-04,3877,2025080404027020,CGH,Primo Securities (PVT) Ltd.,Imperial Securities Company Pvt. Ltd.,5000,1004.0,5020000.0,2025-08-04 14:55:58.340714
2025-08-04,3876,2025080404027021,CGH,ABC Securities Private Limited,Imperial Securities Company Pvt. Ltd.,50,1003.3,50165.0,2025-08-04 14:55:58.341026
2025-08-04,3875,2025080404027022,CGH,Hatemalo Financial Services Private Limited,Imperial Securities Company Pvt. Ltd.,100,1003.3,100330.0,2025-08-04 14:55:58.341183
2025-08-04,3874,2025080404027023,CGH,Midas Stock Broking Company Private Limited,Imperial Securities Company Pvt. Ltd.,1000,1003.2,1003200.0,2025-08-04 14:55:58.341306
2025-08-04,3873,2025080404027024,CGH,Opal Securities Investment (PVT) Ltd.,Imperial Securities Company Pvt. Ltd.,9850,1003.1,9880535.0,2025-08-04 14:55:58.341450
2025-08-04,3500,2025080404027198,CGH,Hatemalo Financial Services Private Limited,APPLE SECURITIES PRIVATE LIMITED,15,1009.9,15148.5,2025-08-04 14:56:38.294732
2025-08-04,3499,2025080404027199,CGH,Hatemalo Financial Services Private Limited,Kohinoor Investment & Securities Pvt. Ltd.,10,1009.9,10099.0,2025-08-04 14:56:38.295146
2025-08-04,3498,2025080404027200,CGH,Hatemalo Financial Services Private Limited,Market Securities & Exchange (PVT) Ltd.,75,1010.0,75750.0,2025-08-04 14:56:38.295490
2025-08-04,3497,2025080404027201,CGH,Hatemalo Financial Services Private Limited,Primo Securities (PVT) Ltd.,35,1010.0,35350.0,2025-08-04 14:56:38.295779
2025-08-04,3496,2025080404027202,CGH,Hatemalo Financial Services Private Limited,Aryatara Investment & Securities,200,1011.0,202200.0,2025-08-04 14:56:38.296086
2025-08-04,3495,2025080404027203,CGH,Hatemalo Financial Services Private Limited,Imperial Securities Company Pvt. Ltd.,500,1011.0,505500.0,2025-08-04 14:56:38.296406
2025-08-04,3494,2025080404027204,CGH,Hatemalo Financial Services Private Limited,Sri Hari Securities Pvt. Ltd.,165,1013.5,167227.5,2025-08-04 14:56:38.296710
2025-08-04,3213,2025080404027328,CGH,Primo Securities (PVT) Ltd.,Imperial Securities Company Pvt. Ltd.,1000,1004.0,1004000.0,2025-08-04 14:57:10.450600
2025-08-04,3212,2025080404027329,CGH,Aryatara Investment & Securities,Imperial Securities Company Pvt. Ltd.,100,1003.2,100320.0,2025-08-04 14:57:10.450885
2025-08-04,3211,2025080404027330,CGH,Opal Securities Investment (PVT) Ltd.,Imperial Securities Company Pvt. Ltd.,150,1003.1,150465.0,2025-08-04 14:57:10.450976
2025-08-04,3210,2025080404027331,CGH,Citizens Share Broker Limited,Imperial Securities Company Pvt. Ltd.,100,1002.1,100210.0,2025-08-04 14:57:10.451062
2025-08-04,3209,2025080404027332,CGH,Dynamic Money Managers Securities Pvt. Ltd.,Imperial Securities Company Pvt. Ltd.,50,1002.1,50105.0,2025-08-04 14:57:10.451145
2025-08-04,3208,2025080404027333,CGH,ABC Securities Private Limited,Imperial Securities Company Pvt. Ltd.,100,1002.0,100200.0,2025-08-04 14:57:10.451237
2025-08-04,3207,2025080404027334,CGH,Nepal Stock House (PVT) Ltd.,Imperial Securities Company Pvt. Ltd.,500,1001.0,500500.0,2025-08-04 14:57:10.451333
2025-08-04,2712,2025080404027554,CGH,K.B.L. Securities Limited ,Imperial Securities Company Pvt. Ltd.,200,1008.0,201600.0,2025-08-04 14:57:51.663765
2025-08-04,2424,2025080404027667,CGH,Vision Securities Pvt. Ltd,Creative Securities Pvt Ltd,100,1005.0,100500.0,2025-08-04 14:58:12.731218
2025-08-04,2423,2025080404027668,CGH,Deevyaa Securities & Stock House Pvt. Ltd,Creative Securities Pvt Ltd,155,1005.0,155775.0,2025-08-04 14:58:12.731454
2025-08-04,1965,2025080404027826,CGH,K.B.L. Securities Limited ,Linch Stock Market Ltd.,200,1006.0,201200.0,2025-08-04 14:58:46.375963
2025-08-04,1949,2025080404027833,CGH,Deevyaa Securities & Stock House Pvt. Ltd,Imperial Securities Company Pvt. Ltd.,245,1008.0,246960.0,2025-08-04 14:58:48.747057
2025-08-04,1638,2025080404027923,CGH,Deevyaa Securities & Stock House Pvt. Ltd,Imperial Securities Company Pvt. Ltd.,20,1008.0,20160.0,2025-08-04 14:59:02.847614
2025-08-04,1621,2025080404027930,CGH,K.B.L. Securities Limited ,Elite Stock House Limited,300,1006.0,301800.0,2025-08-04 14:59:03.142660
2025-08-04,1620,2025080404027931,CGH,Asian Securities Private Ltd.,Elite Stock House Limited,260,1005.0,261300.0,2025-08-04 14:59:03.142885
2025-08-04,1619,2025080404027932,CGH,Sweta Securities Private Limited,Elite Stock House Limited,100,1004.2,100420.0,2025-08-04 14:59:03.142977
2025-08-04,1618,2025080404027933,CGH,Linch Stock Market Ltd.,Elite Stock House Limited,50,1002.2,50110.0,2025-08-04 14:59:03.143067
2025-08-04,1617,2025080404027934,CGH,K.B.L. Securities Limited ,Elite Stock House Limited,290,1000.2,290058.0,2025-08-04 14:59:03.143156
2025-08-04,1395,2025080404028015,CGH,Kohinoor Investment & Securities Pvt. Ltd.,Imperial Securities Company Pvt. Ltd.,480,1001.0,480480.0,2025-08-04 14:59:15.031606
2025-08-04,1394,2025080404028016,CGH,Naasa Securities Co. Ltd.,Imperial Securities Company Pvt. Ltd.,10,1000.5,10005.0,2025-08-04 14:59:15.031841
2025-08-04,1393,2025080404028017,CGH,Naasa Securities Co. Ltd.,Imperial Securities Company Pvt. Ltd.,500,1000.3,500150.0,2025-08-04 14:59:15.031936
2025-08-04,1392,2025080404028018,CGH,K.B.L. Securities Limited ,Imperial Securities Company Pvt. Ltd.,1510,1000.2,1510302.0,2025-08-04 14:59:15.032034
2025-08-04,1008,2025080404028129,CGH,Imperial Securities Company Pvt. Ltd.,Imperial Securities Company Pvt. Ltd.,300,1006.2,301860.0,2025-08-04 14:59:27.562223
2025-08-04,1007,2025080404028130,CGH,Deevyaa Securities & Stock House Pvt. Ltd,Imperial Securities Company Pvt. Ltd.,20,1000.1,20002.0,2025-08-04 14:59:27.562726
2025-08-04,1005,2025080404028131,CGH,Sani Securities Company Ltd.,Imperial Securities Company Pvt. Ltd.,100,1000.0,100000.0,2025-08-04 14:59:27.562996
2025-08-04,1004,2025080404028132,CGH,Siprabi Securities Pvt. Ltd.,Imperial Securities Company Pvt. Ltd.,10,1000.0,10000.0,2025-08-04 14:59:27.563266
2025-08-04,1003,2025080404028133,CGH,R.B.B. Securities Company Ltd,Imperial Securities Company Pvt. Ltd.,30,1000.0,30000.0,2025-08-04 14:59:27.563645
2025-08-04,1002,2025080404028134,CGH,Aryatara Investment & Securities,Imperial Securities Company Pvt. Ltd.,50,1000.0,50000.0,2025-08-04 14:59:27.563992
2025-08-04,1001,2025080404028135,CGH,Opal Securities Investment (PVT) Ltd.,Imperial Securities Company Pvt. Ltd.,100,1000.0,100000.0,2025-08-04 14:59:27.564375
2025-08-04,1000,2025080404028136,CGH,Himalayan Brokerage Company Limited,Imperial Securities Company Pvt. Ltd.,260,1000.0,260000.0,2025-08-04 14:59:27.564727
2025-08-04,999,2025080404028137,CGH,Sani Securities Company Ltd.,Imperial Securities Company Pvt. Ltd.,100,1000.0,100000.0,2025-08-04 14:59:27.565064
2025-08-04,998,2025080404028138,CGH,Naasa Securities Co. Ltd.,Imperial Securities Company Pvt. Ltd.,300,1000.0,300000.0,2025-08-04 14:59:27.565460
2025-08-04,997,2025080404028139,CGH,Online Securities Pvt. Ltd.,Imperial Securities Company Pvt. Ltd.,530,1000.0,530000.0,2025-08-04 14:59:27.565828
2025-08-04,490,2025080404028341,CGH,Capital Max Securities Ltd,Imperial Securities Company Pvt. Ltd.,10,1008.0,10080.0,2025-08-04 14:59:48.685082
2025-08-04,345,2025080404028402,CGH,Cristal Kanchanjanga Securites Pvt. Ltd.,Imperial Securities Company Pvt. Ltd.,500,1007.9,503950.0,2025-08-04 14:59:53.194688
2025-08-04,242,2025080404028429,CGH,Midas Stock Broking Company Private Limited,Trisul Securities & Invt. Ltd.,500,1001.2,500600.0,2025-08-04 14:59:56.150107
