Date,S.N.,Contract ID,Symbol,Buyer Broker,Seller Broker,volume,rate,amount,transaction_time
2025-08-04,142052,2025080401005341,EBL,KALASH STOCK MARKET PVT. LTD.,Investment Management Nepal Pvt. Ltd.,300,715.0,214500.0,2025-08-04 11:06:45.066065
2025-08-04,141032,2025080401006135,EBL,Nepal Investment And Securities Trading Private Limited,Secured Securities Ltd.,100,715.1,71510.0,2025-08-04 11:07:29.539439
2025-08-04,139721,2025080401007017,EBL,Trisul Securities & Invt. Ltd.,Naasa Securities Co. Ltd.,10,719.0,7190.0,2025-08-04 11:08:44.221615
2025-08-04,139098,2025080401007482,EBL,Dipshikha Dhitopatra Karobar Co. Pvt Ltd.,J.F. Securites (PVT) Ltd.,10,718.9,7189.0,2025-08-04 11:09:14.833838
2025-08-04,139097,2025080401007483,EBL,Dipshikha Dhitopatra Karobar Co. Pvt Ltd.,Naasa Securities Co. Ltd.,23,719.0,16537.0,2025-08-04 11:09:14.833985
2025-08-04,139096,2025080401007484,EBL,Dipshikha Dhitopatra Karobar Co. Pvt Ltd.,Cristal Kanchanjanga Securites Pvt. Ltd.,467,719.0,335773.0,2025-08-04 11:09:14.834116
2025-08-04,138810,2025080401007679,EBL,Nepal Investment And Securities Trading Private Limited,Cristal Kanchanjanga Securites Pvt. Ltd.,500,719.0,359500.0,2025-08-04 11:09:28.696039
2025-08-04,138503,2025080401007911,EBL,Imperial Securities Company Pvt. Ltd.,Midas Stock Broking Company Private Limited,200,718.0,143600.0,2025-08-04 11:09:42.688041
2025-08-04,137823,2025080401008351,EBL,Imperial Securities Company Pvt. Ltd.,Dipshikha Dhitopatra Karobar Co. Pvt Ltd.,90,718.0,64620.0,2025-08-04 11:10:22.717979
2025-08-04,137628,2025080401008465,EBL,Imperial Securities Company Pvt. Ltd.,Sani Securities Company Ltd.,210,718.0,150780.0,2025-08-04 11:10:32.704417
2025-08-04,137627,2025080401008466,EBL,Linch Stock Market Ltd.,Sani Securities Company Ltd.,30,718.0,21540.0,2025-08-04 11:10:32.704538
2025-08-04,136947,2025080401008889,EBL,Sani Securities Company Ltd.,Sani Securities Company Ltd.,90,718.0,64620.0,2025-08-04 11:11:09.816764
2025-08-04,136946,2025080401008890,EBL,Sani Securities Company Ltd.,Aryatara Investment & Securities,141,718.0,101238.0,2025-08-04 11:11:09.816859
2025-08-04,135973,2025080401009528,EBL,Sani Securities Company Ltd.,Kumari Securities Private Limited,100,718.0,71800.0,2025-08-04 11:11:55.981853
2025-08-04,134868,2025080401010238,EBL,Sani Securities Company Ltd.,Sani Securities Company Ltd.,100,718.0,71800.0,2025-08-04 11:12:48.508808
2025-08-04,134822,2025080401010273,EBL,Imperial Securities Company Pvt. Ltd.,Dynamic Money Managers Securities Pvt. Ltd.,50,718.1,35905.0,2025-08-04 11:12:50.933059
2025-08-04,134821,2025080401010274,EBL,Sani Securities Company Ltd.,Dynamic Money Managers Securities Pvt. Ltd.,1069,718.0,767542.0,2025-08-04 11:12:50.933134
2025-08-04,134537,2025080401010503,EBL,Market Securities & Exchange (PVT) Ltd.,Dynamic Money Managers Securities Pvt. Ltd.,100,718.0,71800.0,2025-08-04 11:12:59.972939
2025-08-04,133392,2025080401011268,EBL,Imperial Securities Company Pvt. Ltd.,J.F. Securites (PVT) Ltd.,10,715.0,7150.0,2025-08-04 11:13:49.947494
2025-08-04,132822,2025080401011700,EBL,Imperial Securities Company Pvt. Ltd.,Imperial Securities Company Pvt. Ltd.,140,715.0,100100.0,2025-08-04 11:14:10.656256
2025-08-04,131724,2025080401012523,EBL,Trisul Securities & Invt. Ltd.,Sani Securities Company Ltd.,100,715.0,71500.0,2025-08-04 11:14:56.409245
2025-08-04,130100,2025080401013778,EBL,Linch Stock Market Ltd.,Arun Securities (PVT) Ltd.,30,715.0,21450.0,2025-08-04 11:16:17.030964
2025-08-04,130099,2025080401013779,EBL,Trisul Securities & Invt. Ltd.,Arun Securities (PVT) Ltd.,100,713.0,71300.0,2025-08-04 11:16:17.030997
2025-08-04,130098,2025080401013780,EBL,Sewa Securities Pvt. Ltd.,Arun Securities (PVT) Ltd.,100,712.0,71200.0,2025-08-04 11:16:17.031033
2025-08-04,130097,2025080401013781,EBL,Oxford Securities Pvt. Ltd.,Arun Securities (PVT) Ltd.,500,712.0,356000.0,2025-08-04 11:16:17.031059
2025-08-04,130096,2025080401013782,EBL,Cristal Kanchanjanga Securites Pvt. Ltd.,Arun Securities (PVT) Ltd.,50,711.0,35550.0,2025-08-04 11:16:17.031082
2025-08-04,130095,2025080401013783,EBL,Secured Securities Ltd.,Arun Securities (PVT) Ltd.,220,710.2,156244.0,2025-08-04 11:16:17.031104
2025-08-04,129478,2025080401014234,EBL,Kumari Securities Private Limited,Thrive Brokerage House Pvt. Ltd,200,711.0,142200.0,2025-08-04 11:16:45.272619
2025-08-04,129477,2025080401014235,EBL,Secured Securities Ltd.,Thrive Brokerage House Pvt. Ltd,280,710.2,198856.0,2025-08-04 11:16:45.272708
2025-08-04,129476,2025080401014236,EBL,Kohinoor Investment & Securities Pvt. Ltd.,Thrive Brokerage House Pvt. Ltd,500,710.1,355050.0,2025-08-04 11:16:45.272749
2025-08-04,129475,2025080401014237,EBL,Naasa Securities Co. Ltd.,Thrive Brokerage House Pvt. Ltd,20,710.0,14200.0,2025-08-04 11:16:45.272797
2025-08-04,128904,2025080401014662,EBL,Naasa Securities Co. Ltd.,Naasa Securities Co. Ltd.,10,710.0,7100.0,2025-08-04 11:17:14.725043
2025-08-04,127513,2025080401015745,EBL,Sundhara Securities Limited,K.B.L. Securities Limited ,20,711.0,14220.0,2025-08-04 11:18:24.909120
2025-08-04,127512,2025080401015746,EBL,South Asian Bulls Pvt. Ltd.,K.B.L. Securities Limited ,80,711.0,56880.0,2025-08-04 11:18:24.909207
2025-08-04,126794,2025080401016277,EBL,Agrawal Securities (PVT) Ltd.,Dynamic Money Managers Securities Pvt. Ltd.,10,718.0,7180.0,2025-08-04 11:19:03.020617
2025-08-04,124885,2025080401017684,EBL,Imperial Securities Company Pvt. Ltd.,Imperial Securities Company Pvt. Ltd.,50,717.9,35895.0,2025-08-04 11:21:00.495611
2025-08-04,124884,2025080401017685,EBL,Imperial Securities Company Pvt. Ltd.,Linch Stock Market Ltd.,50,717.9,35895.0,2025-08-04 11:21:00.495712
2025-08-04,124751,2025080401017781,EBL,Kumari Securities Private Limited,Linch Stock Market Ltd.,30,717.9,21537.0,2025-08-04 11:21:07.840194
2025-08-04,124068,2025080401018307,EBL,Sani Securities Company Ltd.,Linch Stock Market Ltd.,10,717.9,7179.0,2025-08-04 11:21:45.782706
2025-08-04,123462,2025080401018774,EBL,Sajilo Broker Limited,Cristal Kanchanjanga Securites Pvt. Ltd.,13,717.0,9321.0,2025-08-04 11:22:13.751372
2025-08-04,123461,2025080401018775,EBL,South Asian Bulls Pvt. Ltd.,Cristal Kanchanjanga Securites Pvt. Ltd.,187,716.0,133892.0,2025-08-04 11:22:13.751467
2025-08-04,121410,2025080401020297,EBL,South Asian Bulls Pvt. Ltd.,Nepal Stock House (PVT) Ltd.,13,716.0,9308.0,2025-08-04 11:24:15.297569
2025-08-04,121303,2025080401020365,EBL,ABC Securities Private Limited,Cristal Kanchanjanga Securites Pvt. Ltd.,100,716.0,71600.0,2025-08-04 11:24:22.966965
2025-08-04,121302,2025080401020366,EBL,Nepal Stock House (PVT) Ltd.,Cristal Kanchanjanga Securites Pvt. Ltd.,32,715.0,22880.0,2025-08-04 11:24:22.967067
2025-08-04,120286,2025080401021127,EBL,Imperial Securities Company Pvt. Ltd.,Linch Stock Market Ltd.,10,717.9,7179.0,2025-08-04 11:25:21.869242
2025-08-04,120285,2025080401021128,EBL,Imperial Securities Company Pvt. Ltd.,Dynamic Money Managers Securities Pvt. Ltd.,50,718.0,35900.0,2025-08-04 11:25:21.869477
2025-08-04,118269,2025080401022674,EBL,Nepal Stock House (PVT) Ltd.,Sweta Securities Private Limited,18,715.0,12870.0,2025-08-04 11:27:15.566336
2025-08-04,118268,2025080401022675,EBL,ABC Securities Private Limited,Sweta Securities Private Limited,25,715.0,17875.0,2025-08-04 11:27:15.566438
2025-08-04,118267,2025080401022676,EBL,Dipshikha Dhitopatra Karobar Co. Pvt Ltd.,Sweta Securities Private Limited,41,712.1,29196.1,2025-08-04 11:27:15.566495
2025-08-04,118266,2025080401022677,EBL,ABC Securities Private Limited,Sweta Securities Private Limited,100,712.0,71200.0,2025-08-04 11:27:15.566544
2025-08-04,118265,2025080401022678,EBL,ABC Securities Private Limited,Sweta Securities Private Limited,100,712.0,71200.0,2025-08-04 11:27:15.566589
2025-08-04,118264,2025080401022679,EBL,ABC Securities Private Limited,Sweta Securities Private Limited,100,712.0,71200.0,2025-08-04 11:27:15.566634
2025-08-04,118263,2025080401022680,EBL,Vision Securities Pvt. Ltd,Sweta Securities Private Limited,116,712.0,82592.0,2025-08-04 11:27:15.566695
2025-08-04,118218,2025080401022710,EBL,Vision Securities Pvt. Ltd,Machhapuchchhre Securities Limited,90,712.0,64080.0,2025-08-04 11:27:19.438761
2025-08-04,117138,2025080401023477,EBL,Vision Securities Pvt. Ltd,Agrawal Securities (PVT) Ltd.,103,712.0,73336.0,2025-08-04 11:28:25.073442
2025-08-04,117128,2025080401023483,EBL,Vision Securities Pvt. Ltd,BHOLE GANESH SECURITIES LTD,150,712.0,106800.0,2025-08-04 11:28:25.818615
2025-08-04,111044,2025080401027946,EBL,Vision Securities Pvt. Ltd,ABC Securities Private Limited,24,712.0,17088.0,2025-08-04 11:34:23.358033
2025-08-04,108756,2025080401029705,EBL,Vision Securities Pvt. Ltd,Kumari Securities Private Limited,17,712.0,12104.0,2025-08-04 11:36:31.942493
2025-08-04,108755,2025080401029706,EBL,Trishakti Securities Public Limited,Kumari Securities Private Limited,100,712.0,71200.0,2025-08-04 11:36:31.942781
2025-08-04,108754,2025080401029707,EBL,South Asian Bulls Pvt. Ltd.,Kumari Securities Private Limited,16,712.0,11392.0,2025-08-04 11:36:31.942980
2025-08-04,108321,2025080401030045,EBL,Sumeru Securities Pvt. Ltd.,Malla & Malla Stock Broking Company Pvt. Limited,2,710.0,1420.0,2025-08-04 11:36:52.618503
2025-08-04,107992,2025080401030303,EBL,Kumari Securities Private Limited,Shree Krishna Securities Ltd.,30,712.0,21360.0,2025-08-04 11:37:09.982285
2025-08-04,107991,2025080401030304,EBL,Sani Securities Company Ltd.,Shree Krishna Securities Ltd.,10,712.0,7120.0,2025-08-04 11:37:09.982398
2025-08-04,107006,2025080401030999,EBL,J.F. Securites (PVT) Ltd.,Linch Stock Market Ltd.,10,713.0,7130.0,2025-08-04 11:38:10.608820
2025-08-04,106828,2025080401031137,EBL,Nepal Investment And Securities Trading Private Limited,Linch Stock Market Ltd.,149,713.0,106237.0,2025-08-04 11:38:21.471166
2025-08-04,104683,2025080401032755,EBL,Vision Securities Pvt. Ltd,Sani Securities Company Ltd.,50,715.0,35750.0,2025-08-04 11:39:58.430494
2025-08-04,104483,2025080401032884,EBL,ABC Securities Private Limited,Sani Securities Company Ltd.,30,715.0,21450.0,2025-08-04 11:40:16.327179
2025-08-04,104143,2025080401033067,EBL,Dakshinkali Investment & Securities Pvt. Ltd.,Sani Securities Company Ltd.,184,715.0,131560.0,2025-08-04 11:40:46.100969
2025-08-04,104142,2025080401033068,EBL,Dakshinkali Investment & Securities Pvt. Ltd.,Deevyaa Securities & Stock House Pvt. Ltd,300,715.0,214500.0,2025-08-04 11:40:46.101113
2025-08-04,104141,2025080401033069,EBL,Dakshinkali Investment & Securities Pvt. Ltd.,Aryatara Investment & Securities,16,715.0,11440.0,2025-08-04 11:40:46.101177
2025-08-04,103705,2025080401033333,EBL,Asian Securities Private Ltd.,SHUBHAKAMANA SECURITIES PVT. LTD,10,713.1,7131.0,2025-08-04 11:41:26.127020
2025-08-04,102856,2025080401033831,EBL,Nepal Investment And Securities Trading Private Limited,Aryatara Investment & Securities,351,715.0,250965.0,2025-08-04 11:42:48.646136
2025-08-04,101699,2025080401034502,EBL,INDEX SECURITIES LIMITED,Aryatara Investment & Securities,10,715.0,7150.0,2025-08-04 11:44:33.726265
2025-08-04,101628,2025080401034552,EBL,Naasa Securities Co. Ltd.,Aryatara Investment & Securities,16,715.0,11440.0,2025-08-04 11:44:39.257994
2025-08-04,101353,2025080401034696,EBL,Naasa Securities Co. Ltd.,Bhrikuti Stock Broking Co. Pvt. Ltd.,54,715.0,38610.0,2025-08-04 11:45:06.167589
2025-08-04,101352,2025080401034697,EBL,Thrive Brokerage House Pvt. Ltd,Bhrikuti Stock Broking Co. Pvt. Ltd.,10,714.0,7140.0,2025-08-04 11:45:06.167738
2025-08-04,101351,2025080401034698,EBL,Shree Krishna Securities Ltd.,Bhrikuti Stock Broking Co. Pvt. Ltd.,236,713.2,168315.2,2025-08-04 11:45:06.167831
2025-08-04,101299,2025080401034725,EBL,Shree Krishna Securities Ltd.,APPLE SECURITIES PRIVATE LIMITED,304,713.2,216812.8,2025-08-04 11:45:13.088114
2025-08-04,101298,2025080401034726,EBL,Asian Securities Private Ltd.,APPLE SECURITIES PRIVATE LIMITED,82,713.1,58474.2,2025-08-04 11:45:13.088383
2025-08-04,100822,2025080401034951,EBL,Premier Securities Company Ltd.,Sharepro Securities Private Limited,20,713.2,14264.0,2025-08-04 11:46:03.317681
2025-08-04,100821,2025080401034952,EBL,Sani Securities Company Ltd.,Sharepro Securities Private Limited,73,713.1,52056.3,2025-08-04 11:46:03.317834
2025-08-04,100335,2025080401035295,EBL,Nepal Stock House (PVT) Ltd.,Shree Krishna Securities Ltd.,10,715.0,7150.0,2025-08-04 11:46:30.301877
2025-08-04,99578,2025080401035638,EBL,N.M.B. SECURITIES LIMITED,Neev Securities Pvt. Ltd.,100,714.0,71400.0,2025-08-04 11:47:41.683870
2025-08-04,98316,2025080401036273,EBL,Kohinoor Investment & Securities Pvt. Ltd.,Malla & Malla Stock Broking Company Pvt. Limited,50,713.2,35660.0,2025-08-04 11:49:52.981562
2025-08-04,98315,2025080401036274,EBL,Bhrikuti Stock Broking Co. Pvt. Ltd.,Malla & Malla Stock Broking Company Pvt. Limited,10,713.2,7132.0,2025-08-04 11:49:52.981747
2025-08-04,98314,2025080401036275,EBL,Neev Securities Pvt. Ltd.,Malla & Malla Stock Broking Company Pvt. Limited,50,713.2,35660.0,2025-08-04 11:49:52.981810
2025-08-04,98313,2025080401036276,EBL,Sani Securities Company Ltd.,Malla & Malla Stock Broking Company Pvt. Limited,427,713.1,304493.7,2025-08-04 11:49:52.981881
2025-08-04,98312,2025080401036277,EBL,Premier Securities Company Ltd.,Malla & Malla Stock Broking Company Pvt. Limited,30,713.0,21390.0,2025-08-04 11:49:52.981957
2025-08-04,98311,2025080401036278,EBL,Thrive Brokerage House Pvt. Ltd,Malla & Malla Stock Broking Company Pvt. Limited,20,713.0,14260.0,2025-08-04 11:49:52.982018
2025-08-04,98310,2025080401036279,EBL,Dynamic Money Managers Securities Pvt. Ltd.,Malla & Malla Stock Broking Company Pvt. Limited,955,713.0,680915.0,2025-08-04 11:49:52.982194
2025-08-04,97923,2025080401036454,EBL,Dynamic Money Managers Securities Pvt. Ltd.,SHUBHAKAMANA SECURITIES PVT. LTD,45,713.0,32085.0,2025-08-04 11:50:31.368820
2025-08-04,97922,2025080401036455,EBL,Agrawal Securities (PVT) Ltd.,SHUBHAKAMANA SECURITIES PVT. LTD,50,713.0,35650.0,2025-08-04 11:50:31.368930
2025-08-04,97921,2025080401036456,EBL,Sundhara Securities Limited,Sharepro Securities Private Limited,84,713.0,59892.0,2025-08-04 11:50:31.678960
2025-08-04,97811,2025080401036528,EBL,South Asian Bulls Pvt. Ltd.,Shree Krishna Securities Ltd.,19,715.0,13585.0,2025-08-04 11:50:38.757647
2025-08-04,97793,2025080401036539,EBL,Sundhara Securities Limited,Sharepro Securities Private Limited,10,713.0,7130.0,2025-08-04 11:50:39.716875
2025-08-04,94982,2025080401037972,EBL,South Asian Bulls Pvt. Ltd.,Imperial Securities Company Pvt. Ltd.,4,713.0,2852.0,2025-08-04 11:56:00.608545
2025-08-04,94807,2025080401038057,EBL,Vision Securities Pvt. Ltd,Aryatara Investment & Securities,50,713.0,35650.0,2025-08-04 11:56:22.010095
2025-08-04,94806,2025080401038058,EBL,ABC Securities Private Limited,Aryatara Investment & Securities,32,713.0,22816.0,2025-08-04 11:56:22.010382
2025-08-04,94317,2025080401038302,EBL,Nepal Investment And Securities Trading Private Limited,Dynamic Money Managers Securities Pvt. Ltd.,3500,714.0,2499000.0,2025-08-04 11:57:25.636397
2025-08-04,94250,2025080401038347,EBL,Pragyan Securities (PVT) Ltd.,Dynamic Money Managers Securities Pvt. Ltd.,100,714.0,71400.0,2025-08-04 11:57:31.744884
2025-08-04,94138,2025080401038400,EBL,Kumari Securities Private Limited,Dynamic Money Managers Securities Pvt. Ltd.,121,714.0,86394.0,2025-08-04 11:57:50.270513
2025-08-04,93780,2025080401038543,EBL,Pragyan Securities (PVT) Ltd.,Shree Krishna Securities Ltd.,21,715.0,15015.0,2025-08-04 11:58:40.805261
2025-08-04,93779,2025080401038544,EBL,Pragyan Securities (PVT) Ltd.,Thrive Brokerage House Pvt. Ltd,25,715.0,17875.0,2025-08-04 11:58:40.805431
2025-08-04,93605,2025080401038631,EBL,Kumari Securities Private Limited,Trishakti Securities Public Limited,79,714.0,56406.0,2025-08-04 11:59:02.090771
2025-08-04,93269,2025080401038829,EBL,ABC Securities Private Limited,Trishakti Securities Public Limited,53,713.0,37789.0,2025-08-04 11:59:32.303478
2025-08-04,93153,2025080401038877,EBL,Neev Securities Pvt. Ltd.,Trishakti Securities Public Limited,60,712.2,42732.0,2025-08-04 11:59:50.462747
2025-08-04,93152,2025080401038878,EBL,Dynamic Money Managers Securities Pvt. Ltd.,Trishakti Securities Public Limited,58,712.2,41307.6,2025-08-04 11:59:50.462923
2025-08-04,92694,2025080401039062,EBL,Pragyan Securities (PVT) Ltd.,Kohinoor Investment & Securities Pvt. Ltd.,50,713.0,35650.0,2025-08-04 12:00:38.183808
2025-08-04,90433,2025080401040063,EBL,Kohinoor Investment & Securities Pvt. Ltd.,J.F. Securites (PVT) Ltd.,50,713.5,35675.0,2025-08-04 12:04:47.602354
2025-08-04,89696,2025080401040391,EBL,Kohinoor Investment & Securities Pvt. Ltd.,Asian Securities Private Ltd.,50,713.5,35675.0,2025-08-04 12:06:02.819734
2025-08-04,89695,2025080401040392,EBL,Sundhara Securities Limited,Asian Securities Private Ltd.,18,713.5,12843.0,2025-08-04 12:06:02.819966
2025-08-04,87544,2025080401041277,EBL,Sundhara Securities Limited,Dakshinkali Investment & Securities Pvt. Ltd.,32,713.5,22832.0,2025-08-04 12:08:59.268231
2025-08-04,87543,2025080401041278,EBL,Asian Securities Private Ltd.,Dakshinkali Investment & Securities Pvt. Ltd.,18,713.1,12835.8,2025-08-04 12:08:59.268427
2025-08-04,87542,2025080401041279,EBL,BHOLE GANESH SECURITIES LTD,Dakshinkali Investment & Securities Pvt. Ltd.,10,713.0,7130.0,2025-08-04 12:08:59.268511
2025-08-04,87287,2025080401041363,EBL,Dynamic Money Managers Securities Pvt. Ltd.,Asian Securities Private Ltd.,15,712.2,10683.0,2025-08-04 12:09:18.033868
2025-08-04,85320,2025080401042150,EBL,Dynamic Money Managers Securities Pvt. Ltd.,Bhrikuti Stock Broking Co. Pvt. Ltd.,23,712.2,16380.6,2025-08-04 12:12:20.971168
2025-08-04,84277,2025080401042574,EBL,Sani Securities Company Ltd.,Dakshinkali Investment & Securities Pvt. Ltd.,100,712.0,71200.0,2025-08-04 12:13:49.073433
2025-08-04,84276,2025080401042575,EBL,Citizens Share Broker Limited,Dakshinkali Investment & Securities Pvt. Ltd.,10,712.0,7120.0,2025-08-04 12:13:49.073792
2025-08-04,84275,2025080401042576,EBL,Sewa Securities Pvt. Ltd.,Dakshinkali Investment & Securities Pvt. Ltd.,10,712.0,7120.0,2025-08-04 12:13:49.074013
2025-08-04,84274,2025080401042577,EBL,Sundhara Securities Limited,Dakshinkali Investment & Securities Pvt. Ltd.,100,712.0,71200.0,2025-08-04 12:13:49.074246
2025-08-04,84273,2025080401042578,EBL,Secured Securities Ltd.,Dakshinkali Investment & Securities Pvt. Ltd.,25,712.0,17800.0,2025-08-04 12:13:49.074446
2025-08-04,83215,2025080401042932,EBL,Agrawal Securities (PVT) Ltd.,Secured Securities Ltd.,10,711.2,7112.0,2025-08-04 12:15:26.653375
2025-08-04,83214,2025080401042933,EBL,Shree Krishna Securities Ltd.,Secured Securities Ltd.,38,711.2,27025.6,2025-08-04 12:15:26.653552
2025-08-04,83213,2025080401042934,EBL,Dynamic Money Managers Securities Pvt. Ltd.,Secured Securities Ltd.,54,711.2,38404.8,2025-08-04 12:15:26.653625
2025-08-04,82359,2025080401043293,EBL,Dynamic Money Managers Securities Pvt. Ltd.,Dakshinkali Investment & Securities Pvt. Ltd.,16,711.2,11379.2,2025-08-04 12:16:41.555507
2025-08-04,82358,2025080401043294,EBL,Agrawal Securities (PVT) Ltd.,Dakshinkali Investment & Securities Pvt. Ltd.,100,711.1,71110.0,2025-08-04 12:16:41.555708
2025-08-04,82357,2025080401043295,EBL,Trisul Securities & Invt. Ltd.,Dakshinkali Investment & Securities Pvt. Ltd.,100,711.1,71110.0,2025-08-04 12:16:41.555786
2025-08-04,82356,2025080401043296,EBL,Trisul Securities & Invt. Ltd.,Dakshinkali Investment & Securities Pvt. Ltd.,100,711.1,71110.0,2025-08-04 12:16:41.555858
2025-08-04,82355,2025080401043297,EBL,N.M.B. SECURITIES LIMITED,Dakshinkali Investment & Securities Pvt. Ltd.,100,711.0,71100.0,2025-08-04 12:16:41.555928
2025-08-04,82354,2025080401043298,EBL,Imperial Securities Company Pvt. Ltd.,Dakshinkali Investment & Securities Pvt. Ltd.,50,711.0,35550.0,2025-08-04 12:16:41.555998
2025-08-04,82353,2025080401043299,EBL,Oxford Securities Pvt. Ltd.,Dakshinkali Investment & Securities Pvt. Ltd.,90,710.5,63945.0,2025-08-04 12:16:41.556080
2025-08-04,82352,2025080401043300,EBL,Dynamic Money Managers Securities Pvt. Ltd.,Dakshinkali Investment & Securities Pvt. Ltd.,200,710.3,142060.0,2025-08-04 12:16:41.556148
2025-08-04,82351,2025080401043301,EBL,Siprabi Securities Pvt. Ltd.,Dakshinkali Investment & Securities Pvt. Ltd.,100,710.2,71020.0,2025-08-04 12:16:41.556220
2025-08-04,82350,2025080401043302,EBL,Malla & Malla Stock Broking Company Pvt. Limited,Dakshinkali Investment & Securities Pvt. Ltd.,100,710.1,71010.0,2025-08-04 12:16:41.556285
2025-08-04,82349,2025080401043303,EBL,Bhrikuti Stock Broking Co. Pvt. Ltd.,Dakshinkali Investment & Securities Pvt. Ltd.,10,710.0,7100.0,2025-08-04 12:16:41.556354
2025-08-04,82348,2025080401043304,EBL,Trishakti Securities Public Limited,Dakshinkali Investment & Securities Pvt. Ltd.,500,710.0,355000.0,2025-08-04 12:16:41.556422
2025-08-04,82347,2025080401043305,EBL,Naasa Securities Co. Ltd.,Dakshinkali Investment & Securities Pvt. Ltd.,500,710.0,355000.0,2025-08-04 12:16:41.556485
2025-08-04,82346,2025080401043306,EBL,Trishakti Securities Public Limited,Dakshinkali Investment & Securities Pvt. Ltd.,100,710.0,71000.0,2025-08-04 12:16:41.556574
2025-08-04,82345,2025080401043307,EBL,Aakashbhairab Securities Ltd.,Dakshinkali Investment & Securities Pvt. Ltd.,500,710.0,355000.0,2025-08-04 12:16:41.556634
2025-08-04,82344,2025080401043308,EBL,Naasa Securities Co. Ltd.,Dakshinkali Investment & Securities Pvt. Ltd.,25,710.0,17750.0,2025-08-04 12:16:41.556702
2025-08-04,82343,2025080401043309,EBL,MILKY WAY SHARE BROKER COMPANY LTD ,Dakshinkali Investment & Securities Pvt. Ltd.,35,710.0,24850.0,2025-08-04 12:16:41.556775
2025-08-04,82342,2025080401043310,EBL,Premier Securities Company Ltd.,Dakshinkali Investment & Securities Pvt. Ltd.,20,710.0,14200.0,2025-08-04 12:16:41.556867
2025-08-04,82341,2025080401043311,EBL,Dipshikha Dhitopatra Karobar Co. Pvt Ltd.,Dakshinkali Investment & Securities Pvt. Ltd.,21,710.0,14910.0,2025-08-04 12:16:41.556960
2025-08-04,82340,2025080401043312,EBL,SUN SECURITIES PVT LTD,Dakshinkali Investment & Securities Pvt. Ltd.,219,710.0,155490.0,2025-08-04 12:16:41.557073
2025-08-04,82339,2025080401043313,EBL,Prabhu Stock Market Limited,Dakshinkali Investment & Securities Pvt. Ltd.,17,710.0,12070.0,2025-08-04 12:16:41.557209
2025-08-04,80299,2025080401044177,EBL,Dynamic Money Managers Securities Pvt. Ltd.,Sani Securities Company Ltd.,70,710.0,49700.0,2025-08-04 12:19:48.572997
2025-08-04,80285,2025080401044191,EBL,Roadshow securities limited,Sani Securities Company Ltd.,50,710.0,35500.0,2025-08-04 12:19:48.588426
2025-08-04,80237,2025080401044239,EBL,Sani Securities Company Ltd.,Premier Securities Company Ltd.,100,709.0,70900.0,2025-08-04 12:19:48.874973
2025-08-04,80113,2025080401044297,EBL,BHOLE GANESH SECURITIES LTD,Sani Securities Company Ltd.,45,710.0,31950.0,2025-08-04 12:19:58.066367
2025-08-04,78222,2025080401045053,EBL,Sani Securities Company Ltd.,Vision Securities Pvt. Ltd,16,709.0,11344.0,2025-08-04 12:23:40.551742
2025-08-04,78221,2025080401045054,EBL,Thrive Brokerage House Pvt. Ltd,Vision Securities Pvt. Ltd,50,709.0,35450.0,2025-08-04 12:23:40.551909
2025-08-04,78220,2025080401045055,EBL,Online Securities Pvt. Ltd.,Vision Securities Pvt. Ltd,22,709.0,15598.0,2025-08-04 12:23:40.551998
2025-08-04,78219,2025080401045056,EBL,Aryatara Investment & Securities,Vision Securities Pvt. Ltd,100,708.0,70800.0,2025-08-04 12:23:40.552072
2025-08-04,78218,2025080401045057,EBL,Trishakti Securities Public Limited,Vision Securities Pvt. Ltd,12,708.0,8496.0,2025-08-04 12:23:40.552137
2025-08-04,77907,2025080401045177,EBL,Trishakti Securities Public Limited,Dakshinkali Investment & Securities Pvt. Ltd.,88,708.0,62304.0,2025-08-04 12:24:08.518264
2025-08-04,77906,2025080401045178,EBL,Imperial Securities Company Pvt. Ltd.,Dakshinkali Investment & Securities Pvt. Ltd.,100,708.0,70800.0,2025-08-04 12:24:08.518526
2025-08-04,77905,2025080401045179,EBL,Imperial Securities Company Pvt. Ltd.,Dakshinkali Investment & Securities Pvt. Ltd.,100,708.0,70800.0,2025-08-04 12:24:08.518740
2025-08-04,77904,2025080401045180,EBL,INDEX SECURITIES LIMITED,Dakshinkali Investment & Securities Pvt. Ltd.,10,708.0,7080.0,2025-08-04 12:24:08.518999
2025-08-04,77903,2025080401045181,EBL,Sundhara Securities Limited,Dakshinkali Investment & Securities Pvt. Ltd.,100,708.0,70800.0,2025-08-04 12:24:08.519235
2025-08-04,77902,2025080401045182,EBL,Investment Management Nepal Pvt. Ltd.,Dakshinkali Investment & Securities Pvt. Ltd.,297,707.0,209979.0,2025-08-04 12:24:08.519422
2025-08-04,77693,2025080401045263,EBL,Investment Management Nepal Pvt. Ltd.,Dakshinkali Investment & Securities Pvt. Ltd.,203,707.0,143521.0,2025-08-04 12:24:30.753362
2025-08-04,77692,2025080401045264,EBL,Premier Securities Company Ltd.,Dakshinkali Investment & Securities Pvt. Ltd.,600,707.0,424200.0,2025-08-04 12:24:30.753552
2025-08-04,77691,2025080401045265,EBL,Naasa Securities Co. Ltd.,Dakshinkali Investment & Securities Pvt. Ltd.,10,707.0,7070.0,2025-08-04 12:24:30.753622
2025-08-04,77690,2025080401045266,EBL,Imperial Securities Company Pvt. Ltd.,Dakshinkali Investment & Securities Pvt. Ltd.,100,707.0,70700.0,2025-08-04 12:24:30.753688
2025-08-04,77280,2025080401045424,EBL,Pragyan Securities (PVT) Ltd.,Dakshinkali Investment & Securities Pvt. Ltd.,87,707.0,61509.0,2025-08-04 12:25:16.078613
2025-08-04,77041,2025080401045522,EBL,Midas Stock Broking Company Private Limited,Premier Securities Company Ltd.,92,706.1,64961.2,2025-08-04 12:25:43.069160
2025-08-04,76291,2025080401045835,EBL,Midas Stock Broking Company Private Limited,Dakshinkali Investment & Securities Pvt. Ltd.,58,706.1,40953.8,2025-08-04 12:27:11.250156
2025-08-04,76290,2025080401045836,EBL,Premier Securities Company Ltd.,Dakshinkali Investment & Securities Pvt. Ltd.,700,706.0,494200.0,2025-08-04 12:27:11.250429
2025-08-04,76289,2025080401045837,EBL,Dipshikha Dhitopatra Karobar Co. Pvt Ltd.,Dakshinkali Investment & Securities Pvt. Ltd.,200,706.0,141200.0,2025-08-04 12:27:11.250553
2025-08-04,76288,2025080401045838,EBL,Sundhara Securities Limited,Dakshinkali Investment & Securities Pvt. Ltd.,100,706.0,70600.0,2025-08-04 12:27:11.250617
2025-08-04,76287,2025080401045839,EBL,Nepal Investment And Securities Trading Private Limited,Dakshinkali Investment & Securities Pvt. Ltd.,110,705.1,77561.0,2025-08-04 12:27:11.250680
2025-08-04,76286,2025080401045840,EBL,Opal Securities Investment (PVT) Ltd.,Dakshinkali Investment & Securities Pvt. Ltd.,500,705.1,352550.0,2025-08-04 12:27:11.250748
2025-08-04,76285,2025080401045841,EBL,Naasa Securities Co. Ltd.,Dakshinkali Investment & Securities Pvt. Ltd.,150,705.0,105750.0,2025-08-04 12:27:11.250810
2025-08-04,76284,2025080401045842,EBL,Aryatara Investment & Securities,Dakshinkali Investment & Securities Pvt. Ltd.,100,705.0,70500.0,2025-08-04 12:27:11.250874
2025-08-04,76283,2025080401045843,EBL,Premier Securities Company Ltd.,Dakshinkali Investment & Securities Pvt. Ltd.,225,705.0,158625.0,2025-08-04 12:27:11.250935
2025-08-04,75821,2025080401046032,EBL,Dynamic Money Managers Securities Pvt. Ltd.,Bhrikuti Stock Broking Co. Pvt. Ltd.,300,705.1,211530.0,2025-08-04 12:27:52.702665
2025-08-04,75820,2025080401046033,EBL,Premier Securities Company Ltd.,Bhrikuti Stock Broking Co. Pvt. Ltd.,26,705.0,18330.0,2025-08-04 12:27:52.702816
2025-08-04,75427,2025080401046200,EBL,Premier Securities Company Ltd.,Trishakti Securities Public Limited,142,705.0,100110.0,2025-08-04 12:28:31.017431
2025-08-04,75069,2025080401046346,EBL,Trisul Securities & Invt. Ltd.,Vision Securities Pvt. Ltd,60,705.7,42342.0,2025-08-04 12:29:03.866871
2025-08-04,75068,2025080401046347,EBL,Sweta Securities Private Limited,Vision Securities Pvt. Ltd,40,705.1,28204.0,2025-08-04 12:29:03.867044
2025-08-04,73037,2025080401047305,EBL,Vision Securities Pvt. Ltd,Sani Securities Company Ltd.,50,707.0,35350.0,2025-08-04 12:32:06.546546
2025-08-04,72741,2025080401047427,EBL,Dynamic Money Managers Securities Pvt. Ltd.,Dipshikha Dhitopatra Karobar Co. Pvt Ltd.,70,706.0,49420.0,2025-08-04 12:32:47.550464
2025-08-04,72740,2025080401047428,EBL,Sewa Securities Pvt. Ltd.,Dipshikha Dhitopatra Karobar Co. Pvt Ltd.,20,706.0,14120.0,2025-08-04 12:32:47.550594
2025-08-04,72723,2025080401047445,EBL,Trishakti Securities Public Limited,Dipshikha Dhitopatra Karobar Co. Pvt Ltd.,20,705.5,14110.0,2025-08-04 12:32:47.572655
2025-08-04,72640,2025080401047503,EBL,Asian Securities Private Ltd.,Dipshikha Dhitopatra Karobar Co. Pvt Ltd.,100,705.5,70550.0,2025-08-04 12:32:50.806882
2025-08-04,72634,2025080401047505,EBL,Imperial Securities Company Pvt. Ltd.,Dipshikha Dhitopatra Karobar Co. Pvt Ltd.,133,705.5,93831.5,2025-08-04 12:32:52.100272
2025-08-04,72078,2025080401047752,EBL,Vision Securities Pvt. Ltd,Bhrikuti Stock Broking Co. Pvt. Ltd.,30,705.2,21156.0,2025-08-04 12:33:49.226220
2025-08-04,72077,2025080401047753,EBL,Sweta Securities Private Limited,Bhrikuti Stock Broking Co. Pvt. Ltd.,470,705.1,331397.0,2025-08-04 12:33:49.226542
2025-08-04,71904,2025080401047817,EBL,Imperial Securities Company Pvt. Ltd.,Dipshikha Dhitopatra Karobar Co. Pvt Ltd.,200,705.5,141100.0,2025-08-04 12:34:06.958532
2025-08-04,71764,2025080401047869,EBL,Nepal Investment And Securities Trading Private Limited,Dipshikha Dhitopatra Karobar Co. Pvt Ltd.,50,705.5,35275.0,2025-08-04 12:34:20.053728
2025-08-04,71736,2025080401047888,EBL,Vision Securities Pvt. Ltd,Dipshikha Dhitopatra Karobar Co. Pvt Ltd.,50,705.5,35275.0,2025-08-04 12:34:23.381924
2025-08-04,71348,2025080401048087,EBL,Sweta Securities Private Limited,Dipshikha Dhitopatra Karobar Co. Pvt Ltd.,107,705.1,75445.7,2025-08-04 12:34:57.862966
2025-08-04,71153,2025080401048159,EBL,Kumari Securities Private Limited,Sani Securities Company Ltd.,500,707.0,353500.0,2025-08-04 12:35:17.476329
2025-08-04,70978,2025080401048235,EBL,Neev Securities Pvt. Ltd.,Sani Securities Company Ltd.,100,707.0,70700.0,2025-08-04 12:35:37.138814
2025-08-04,70791,2025080401048305,EBL,INDEX SECURITIES LIMITED,Sani Securities Company Ltd.,20,707.0,14140.0,2025-08-04 12:35:52.447172
2025-08-04,70498,2025080401048427,EBL,Dakshinkali Investment & Securities Pvt. Ltd.,Sani Securities Company Ltd.,500,707.0,353500.0,2025-08-04 12:36:22.747687
2025-08-04,70329,2025080401048512,EBL,Imperial Securities Company Pvt. Ltd.,Sani Securities Company Ltd.,830,707.0,586810.0,2025-08-04 12:36:41.852065
2025-08-04,69353,2025080401048972,EBL,Vision Securities Pvt. Ltd,Creative Securities Pvt Ltd,10,709.9,7099.0,2025-08-04 12:38:29.706649
2025-08-04,67007,2025080401050010,EBL,Naasa Securities Co. Ltd.,Kalika Securities Pvt. Ltd.,23,709.0,16307.0,2025-08-04 12:43:41.166789
2025-08-04,66246,2025080401050219,EBL,Thrive Brokerage House Pvt. Ltd,Creative Securities Pvt Ltd,10,708.0,7080.0,2025-08-04 12:45:49.414299
2025-08-04,66245,2025080401050220,EBL,ABC Securities Private Limited,Creative Securities Pvt Ltd,20,708.0,14160.0,2025-08-04 12:45:49.414451
2025-08-04,66244,2025080401050221,EBL,Cristal Kanchanjanga Securites Pvt. Ltd.,Creative Securities Pvt Ltd,23,708.0,16284.0,2025-08-04 12:45:49.414539
2025-08-04,66167,2025080401050255,EBL,Sumeru Securities Pvt. Ltd.,Sumeru Securities Pvt. Ltd.,1,700.0,700.0,2025-08-04 12:45:57.985990
2025-08-04,66082,2025080401050314,EBL,Sumeru Securities Pvt. Ltd.,Premier Securities Company Ltd.,1,705.2,705.2,2025-08-04 12:46:06.638779
2025-08-04,65854,2025080401050488,EBL,Sani Securities Company Ltd.,Creative Securities Pvt Ltd,100,707.5,70750.0,2025-08-04 12:46:24.114853
2025-08-04,64904,2025080401050831,EBL,Sumeru Securities Pvt. Ltd.,Agrawal Securities (PVT) Ltd.,1,700.0,700.0,2025-08-04 12:49:01.952443
2025-08-04,62288,2025080401051907,EBL,Oxford Securities Pvt. Ltd.,Agrawal Securities (PVT) Ltd.,290,707.1,205059.0,2025-08-04 12:56:08.143432
2025-08-04,61707,2025080401052101,EBL,Sumeru Securities Pvt. Ltd.,Sani Securities Company Ltd.,1,706.2,706.2,2025-08-04 12:57:26.579531
2025-08-04,60859,2025080401052418,EBL,Oxford Securities Pvt. Ltd.,Kalika Securities Pvt. Ltd.,21,707.1,14849.1,2025-08-04 12:59:03.839657
2025-08-04,60514,2025080401052514,EBL,Oxford Securities Pvt. Ltd.,Opal Securities Investment (PVT) Ltd.,100,707.1,70710.0,2025-08-04 12:59:46.341286
2025-08-04,60437,2025080401052537,EBL,Oxford Securities Pvt. Ltd.,Cristal Kanchanjanga Securites Pvt. Ltd.,89,707.1,62931.9,2025-08-04 12:59:52.436262
2025-08-04,60436,2025080401052538,EBL,J.F. Securites (PVT) Ltd.,Cristal Kanchanjanga Securites Pvt. Ltd.,10,707.1,7071.0,2025-08-04 12:59:52.436467
2025-08-04,60435,2025080401052539,EBL,J.F. Securites (PVT) Ltd.,Cristal Kanchanjanga Securites Pvt. Ltd.,50,707.1,35355.0,2025-08-04 12:59:52.436552
2025-08-04,60434,2025080401052540,EBL,Market Securities & Exchange (PVT) Ltd.,Cristal Kanchanjanga Securites Pvt. Ltd.,20,707.0,14140.0,2025-08-04 12:59:52.436636
2025-08-04,60433,2025080401052541,EBL,Oxford Securities Pvt. Ltd.,Cristal Kanchanjanga Securites Pvt. Ltd.,331,706.2,233752.2,2025-08-04 12:59:52.436718
2025-08-04,59886,2025080401052741,EBL,Oxford Securities Pvt. Ltd.,Agrawal Securities (PVT) Ltd.,169,706.2,119347.8,2025-08-04 13:00:53.873837
2025-08-04,59885,2025080401052742,EBL,Agrawal Securities (PVT) Ltd.,Agrawal Securities (PVT) Ltd.,100,706.1,70610.0,2025-08-04 13:00:53.874263
2025-08-04,59884,2025080401052743,EBL,Malla & Malla Stock Broking Company Pvt. Limited,Agrawal Securities (PVT) Ltd.,25,706.0,17650.0,2025-08-04 13:00:53.874537
2025-08-04,59883,2025080401052744,EBL,Siprabi Securities Pvt. Ltd.,Agrawal Securities (PVT) Ltd.,708,706.0,499848.0,2025-08-04 13:00:53.874805
2025-08-04,59882,2025080401052745,EBL,Sweta Securities Private Limited,Agrawal Securities (PVT) Ltd.,383,705.1,270053.3,2025-08-04 13:00:53.875067
2025-08-04,59881,2025080401052746,EBL,Market Securities & Exchange (PVT) Ltd.,Agrawal Securities (PVT) Ltd.,100,705.1,70510.0,2025-08-04 13:00:53.875335
2025-08-04,59880,2025080401052747,EBL,Premier Securities Company Ltd.,Agrawal Securities (PVT) Ltd.,307,705.0,216435.0,2025-08-04 13:00:53.875568
2025-08-04,59879,2025080401052748,EBL,Dipshikha Dhitopatra Karobar Co. Pvt Ltd.,Agrawal Securities (PVT) Ltd.,308,705.0,217140.0,2025-08-04 13:00:53.875819
2025-08-04,59418,2025080401052879,EBL,Dipshikha Dhitopatra Karobar Co. Pvt Ltd.,Trishakti Securities Public Limited,24,705.0,16920.0,2025-08-04 13:01:56.199931
2025-08-04,59409,2025080401052888,EBL,Dipshikha Dhitopatra Karobar Co. Pvt Ltd.,Sani Securities Company Ltd.,268,705.0,188940.0,2025-08-04 13:01:56.237943
2025-08-04,59408,2025080401052889,EBL,Capital Hub P. Ltd,Sani Securities Company Ltd.,32,705.0,22560.0,2025-08-04 13:01:56.238259
2025-08-04,58844,2025080401053075,EBL,Imperial Securities Company Pvt. Ltd.,Sri Hari Securities Pvt. Ltd.,63,706.0,44478.0,2025-08-04 13:03:12.142120
2025-08-04,57668,2025080401053389,EBL,Imperial Securities Company Pvt. Ltd.,Naasa Securities Co. Ltd.,25,706.0,17650.0,2025-08-04 13:06:08.986459
2025-08-04,57418,2025080401053555,EBL,Imperial Securities Company Pvt. Ltd.,Vision Securities Pvt. Ltd,162,706.0,114372.0,2025-08-04 13:06:20.278640
2025-08-04,57417,2025080401053556,EBL,Capital Hub P. Ltd,Vision Securities Pvt. Ltd,468,705.0,329940.0,2025-08-04 13:06:20.278799
2025-08-04,57416,2025080401053557,EBL,Neev Securities Pvt. Ltd.,Vision Securities Pvt. Ltd,50,705.0,35250.0,2025-08-04 13:06:20.278878
2025-08-04,57415,2025080401053558,EBL,Malla & Malla Stock Broking Company Pvt. Limited,Vision Securities Pvt. Ltd,25,705.0,17625.0,2025-08-04 13:06:20.278961
2025-08-04,57414,2025080401053559,EBL,Sri Hari Securities Pvt. Ltd.,Vision Securities Pvt. Ltd,16,705.0,11280.0,2025-08-04 13:06:20.279045
2025-08-04,57413,2025080401053560,EBL,Cristal Kanchanjanga Securites Pvt. Ltd.,Vision Securities Pvt. Ltd,20,705.0,14100.0,2025-08-04 13:06:20.279119
2025-08-04,57412,2025080401053561,EBL,Sewa Securities Pvt. Ltd.,Vision Securities Pvt. Ltd,25,705.0,17625.0,2025-08-04 13:06:20.279193
2025-08-04,57411,2025080401053562,EBL,Aryatara Investment & Securities,Vision Securities Pvt. Ltd,2000,705.0,1410000.0,2025-08-04 13:06:20.279269
2025-08-04,57410,2025080401053563,EBL,Market Securities & Exchange (PVT) Ltd.,Vision Securities Pvt. Ltd,30,705.0,21150.0,2025-08-04 13:06:20.279343
2025-08-04,57409,2025080401053564,EBL,Infinity Securities Limited,Vision Securities Pvt. Ltd,100,705.0,70500.0,2025-08-04 13:06:20.279415
2025-08-04,57408,2025080401053565,EBL,K.B.L. Securities Limited ,Vision Securities Pvt. Ltd,100,705.0,70500.0,2025-08-04 13:06:20.279486
2025-08-04,57377,2025080401053596,EBL,Malla & Malla Stock Broking Company Pvt. Limited,Neev Securities Pvt. Ltd.,25,704.0,17600.0,2025-08-04 13:06:20.303985
2025-08-04,57376,2025080401053597,EBL,Sri Hari Securities Pvt. Ltd.,Neev Securities Pvt. Ltd.,100,704.0,70400.0,2025-08-04 13:06:20.304028
2025-08-04,57375,2025080401053598,EBL,Linch Stock Market Ltd.,Neev Securities Pvt. Ltd.,20,704.0,14080.0,2025-08-04 13:06:20.304052
2025-08-04,57086,2025080401053705,EBL,Linch Stock Market Ltd.,Nepal Stock House (PVT) Ltd.,79,704.0,55616.0,2025-08-04 13:06:48.177115
2025-08-04,56644,2025080401053847,EBL,Linch Stock Market Ltd.,Vision Securities Pvt. Ltd,41,704.0,28864.0,2025-08-04 13:07:28.940712
2025-08-04,56643,2025080401053848,EBL,Ashutosh Brokerage & Securities (PVT) Ltd.,Vision Securities Pvt. Ltd,35,704.0,24640.0,2025-08-04 13:07:28.940899
2025-08-04,56642,2025080401053849,EBL,Aryatara Investment & Securities,Vision Securities Pvt. Ltd,20,704.0,14080.0,2025-08-04 13:07:28.940982
2025-08-04,56641,2025080401053850,EBL,Sri Hari Securities Pvt. Ltd.,Vision Securities Pvt. Ltd,100,703.7,70370.0,2025-08-04 13:07:28.941071
2025-08-04,56640,2025080401053851,EBL,Malla & Malla Stock Broking Company Pvt. Limited,Vision Securities Pvt. Ltd,25,703.0,17575.0,2025-08-04 13:07:28.941198
2025-08-04,56639,2025080401053852,EBL,Premier Securities Company Ltd.,Vision Securities Pvt. Ltd,30,703.0,21090.0,2025-08-04 13:07:28.941307
2025-08-04,56638,2025080401053853,EBL,Kohinoor Investment & Securities Pvt. Ltd.,Vision Securities Pvt. Ltd,251,701.0,175951.0,2025-08-04 13:07:28.941388
2025-08-04,56637,2025080401053854,EBL,Agrawal Securities (PVT) Ltd.,Vision Securities Pvt. Ltd,300,701.0,210300.0,2025-08-04 13:07:28.941523
2025-08-04,56636,2025080401053855,EBL,Creative Securities Pvt Ltd,Vision Securities Pvt. Ltd,50,701.0,35050.0,2025-08-04 13:07:28.941617
2025-08-04,56635,2025080401053856,EBL,Nepal Investment And Securities Trading Private Limited,Vision Securities Pvt. Ltd,200,701.0,140200.0,2025-08-04 13:07:28.941693
2025-08-04,56634,2025080401053857,EBL,Sri Hari Securities Pvt. Ltd.,Vision Securities Pvt. Ltd,200,700.8,140160.0,2025-08-04 13:07:28.941771
2025-08-04,56633,2025080401053858,EBL,Dynamic Money Managers Securities Pvt. Ltd.,Vision Securities Pvt. Ltd,500,700.3,350150.0,2025-08-04 13:07:28.941861
2025-08-04,56632,2025080401053859,EBL,Linch Stock Market Ltd.,Vision Securities Pvt. Ltd,248,700.1,173624.8,2025-08-04 13:07:28.941975
2025-08-04,56424,2025080401053922,EBL,Linch Stock Market Ltd.,Vision Securities Pvt. Ltd,252,700.1,176425.2,2025-08-04 13:07:54.444832
2025-08-04,56423,2025080401053923,EBL,MILKY WAY SHARE BROKER COMPANY LTD ,Vision Securities Pvt. Ltd,1748,700.1,1223774.8,2025-08-04 13:07:54.445239
2025-08-04,56290,2025080401053974,EBL,MILKY WAY SHARE BROKER COMPANY LTD ,Kohinoor Investment & Securities Pvt. Ltd.,250,700.1,175025.0,2025-08-04 13:08:13.748485
2025-08-04,56241,2025080401054000,EBL,Siprabi Securities Pvt. Ltd.,Vision Securities Pvt. Ltd,340,700.0,238000.0,2025-08-04 13:08:18.826373
2025-08-04,56240,2025080401054001,EBL,Cristal Kanchanjanga Securites Pvt. Ltd.,Vision Securities Pvt. Ltd,600,700.0,420000.0,2025-08-04 13:08:18.826538
2025-08-04,56239,2025080401054002,EBL,Malla & Malla Stock Broking Company Pvt. Limited,Vision Securities Pvt. Ltd,30,700.0,21000.0,2025-08-04 13:08:18.826611
2025-08-04,56238,2025080401054003,EBL,Asian Securities Private Ltd.,Vision Securities Pvt. Ltd,200,700.0,140000.0,2025-08-04 13:08:18.826679
2025-08-04,56237,2025080401054004,EBL,ABC Securities Private Limited,Vision Securities Pvt. Ltd,50,700.0,35000.0,2025-08-04 13:08:18.826761
2025-08-04,56236,2025080401054005,EBL,Sani Securities Company Ltd.,Vision Securities Pvt. Ltd,60,700.0,42000.0,2025-08-04 13:08:18.826825
2025-08-04,56235,2025080401054006,EBL,Dynamic Money Managers Securities Pvt. Ltd.,Vision Securities Pvt. Ltd,50,700.0,35000.0,2025-08-04 13:08:18.826897
2025-08-04,56234,2025080401054007,EBL,Sweta Securities Private Limited,Vision Securities Pvt. Ltd,500,700.0,350000.0,2025-08-04 13:08:18.826963
2025-08-04,56233,2025080401054008,EBL,SHUBHAKAMANA SECURITIES PVT. LTD,Vision Securities Pvt. Ltd,100,700.0,70000.0,2025-08-04 13:08:18.827035
2025-08-04,56232,2025080401054009,EBL,ABC Securities Private Limited,Vision Securities Pvt. Ltd,200,700.0,140000.0,2025-08-04 13:08:18.827100
2025-08-04,56231,2025080401054010,EBL,Sundhara Securities Limited,Vision Securities Pvt. Ltd,50,700.0,35000.0,2025-08-04 13:08:18.827164
2025-08-04,56230,2025080401054011,EBL,Vision Securities Pvt. Ltd,Vision Securities Pvt. Ltd,500,700.0,350000.0,2025-08-04 13:08:18.827225
2025-08-04,56229,2025080401054012,EBL,Imperial Securities Company Pvt. Ltd.,Vision Securities Pvt. Ltd,100,700.0,70000.0,2025-08-04 13:08:18.827290
2025-08-04,56228,2025080401054013,EBL,Dynamic Money Managers Securities Pvt. Ltd.,Vision Securities Pvt. Ltd,1220,700.0,854000.0,2025-08-04 13:08:18.827364
2025-08-04,56087,2025080401054057,EBL,Dynamic Money Managers Securities Pvt. Ltd.,Imperial Securities Company Pvt. Ltd.,100,700.0,70000.0,2025-08-04 13:08:30.420704
2025-08-04,55958,2025080401054121,EBL,Dynamic Money Managers Securities Pvt. Ltd.,Aryatara Investment & Securities,44,700.0,30800.0,2025-08-04 13:08:42.404386
2025-08-04,55471,2025080401054213,EBL,Market Securities & Exchange (PVT) Ltd.,Naasa Securities Co. Ltd.,80,700.0,56000.0,2025-08-04 13:09:49.794986
2025-08-04,54233,2025080401054639,EBL,J.F. Securites (PVT) Ltd.,Linch Stock Market Ltd.,35,700.1,24503.5,2025-08-04 13:12:01.224955
2025-08-04,53901,2025080401054782,EBL,Opal Securities Investment (PVT) Ltd.,Online Securities Pvt. Ltd.,35,704.0,24640.0,2025-08-04 13:12:34.471446
2025-08-04,53900,2025080401054783,EBL,Opal Securities Investment (PVT) Ltd.,Vision Securities Pvt. Ltd,265,705.0,186825.0,2025-08-04 13:12:34.471502
2025-08-04,51626,2025080401055530,EBL,INDEX SECURITIES LIMITED,Vision Securities Pvt. Ltd,20,705.0,14100.0,2025-08-04 13:17:28.934673
2025-08-04,49150,2025080401056565,EBL,Opal Securities Investment (PVT) Ltd.,Vision Securities Pvt. Ltd,500,705.0,352500.0,2025-08-04 13:23:06.920168
2025-08-04,49087,2025080401056592,EBL,Opal Securities Investment (PVT) Ltd.,Vision Securities Pvt. Ltd,219,705.0,154395.0,2025-08-04 13:23:14.978645
2025-08-04,49086,2025080401056593,EBL,Opal Securities Investment (PVT) Ltd.,Sani Securities Company Ltd.,242,705.0,170610.0,2025-08-04 13:23:14.978748
2025-08-04,49085,2025080401056594,EBL,Opal Securities Investment (PVT) Ltd.,Asian Securities Private Ltd.,39,705.0,27495.0,2025-08-04 13:23:14.978845
2025-08-04,48704,2025080401056754,EBL,Cristal Kanchanjanga Securites Pvt. Ltd.,ABC Securities Private Limited,30,702.1,21063.0,2025-08-04 13:23:54.141039
2025-08-04,47779,2025080401057136,EBL,Sewa Securities Pvt. Ltd.,Kumari Securities Private Limited,28,702.0,19656.0,2025-08-04 13:25:51.215919
2025-08-04,47078,2025080401057403,EBL,Linch Stock Market Ltd.,Naasa Securities Co. Ltd.,10,702.1,7021.0,2025-08-04 13:27:55.529926
2025-08-04,46242,2025080401057760,EBL,Vision Securities Pvt. Ltd,Naasa Securities Co. Ltd.,500,703.0,351500.0,2025-08-04 13:30:09.472366
2025-08-04,46241,2025080401057761,EBL,Vision Securities Pvt. Ltd,Naasa Securities Co. Ltd.,150,702.2,105330.0,2025-08-04 13:30:09.472810
2025-08-04,46240,2025080401057762,EBL,Linch Stock Market Ltd.,Naasa Securities Co. Ltd.,40,702.1,28084.0,2025-08-04 13:30:09.473097
2025-08-04,46239,2025080401057763,EBL,Vision Securities Pvt. Ltd,Naasa Securities Co. Ltd.,500,702.1,351050.0,2025-08-04 13:30:09.473345
2025-08-04,46238,2025080401057764,EBL,Sewa Securities Pvt. Ltd.,Naasa Securities Co. Ltd.,52,702.0,36504.0,2025-08-04 13:30:09.473589
2025-08-04,46237,2025080401057765,EBL,Sri Hari Securities Pvt. Ltd.,Naasa Securities Co. Ltd.,22,702.0,15444.0,2025-08-04 13:30:09.473855
2025-08-04,45958,2025080401057849,EBL,Sri Hari Securities Pvt. Ltd.,Kumari Securities Private Limited,28,702.0,19656.0,2025-08-04 13:30:38.448060
2025-08-04,45957,2025080401057850,EBL,Kumari Securities Private Limited,Kumari Securities Private Limited,100,702.0,70200.0,2025-08-04 13:30:38.448268
2025-08-04,45956,2025080401057851,EBL,Neev Securities Pvt. Ltd.,Kumari Securities Private Limited,22,702.0,15444.0,2025-08-04 13:30:38.448350
2025-08-04,45284,2025080401058035,EBL,Oxford Securities Pvt. Ltd.,Kalika Securities Pvt. Ltd.,10,702.1,7021.0,2025-08-04 13:32:14.128259
2025-08-04,44445,2025080401058395,EBL,Secured Securities Ltd.,Sani Securities Company Ltd.,10,704.0,7040.0,2025-08-04 13:34:32.689158
2025-08-04,43951,2025080401058563,EBL,Agrawal Securities (PVT) Ltd.,Dynamic Money Managers Securities Pvt. Ltd.,150,702.2,105330.0,2025-08-04 13:36:05.338275
2025-08-04,43950,2025080401058564,EBL,Oxford Securities Pvt. Ltd.,Dynamic Money Managers Securities Pvt. Ltd.,40,702.1,28084.0,2025-08-04 13:36:05.338528
2025-08-04,43949,2025080401058565,EBL,Neev Securities Pvt. Ltd.,Dynamic Money Managers Securities Pvt. Ltd.,28,702.0,19656.0,2025-08-04 13:36:05.338621
2025-08-04,43948,2025080401058566,EBL,Cristal Kanchanjanga Securites Pvt. Ltd.,Dynamic Money Managers Securities Pvt. Ltd.,20,701.2,14024.0,2025-08-04 13:36:05.338711
2025-08-04,43947,2025080401058567,EBL,Dynamic Money Managers Securities Pvt. Ltd.,Dynamic Money Managers Securities Pvt. Ltd.,100,701.1,70110.0,2025-08-04 13:36:05.338789
2025-08-04,43946,2025080401058568,EBL,Cristal Kanchanjanga Securites Pvt. Ltd.,Dynamic Money Managers Securities Pvt. Ltd.,967,701.0,677867.0,2025-08-04 13:36:05.338866
2025-08-04,43945,2025080401058569,EBL,Dipshikha Dhitopatra Karobar Co. Pvt Ltd.,Dynamic Money Managers Securities Pvt. Ltd.,250,701.0,175250.0,2025-08-04 13:36:05.338944
2025-08-04,43944,2025080401058570,EBL,Aryatara Investment & Securities,Dynamic Money Managers Securities Pvt. Ltd.,400,700.5,280200.0,2025-08-04 13:36:05.339056
2025-08-04,43943,2025080401058571,EBL,Aryatara Investment & Securities,Dynamic Money Managers Securities Pvt. Ltd.,500,700.5,350250.0,2025-08-04 13:36:05.339139
2025-08-04,43942,2025080401058572,EBL,Aryatara Investment & Securities,Dynamic Money Managers Securities Pvt. Ltd.,500,700.5,350250.0,2025-08-04 13:36:05.339222
2025-08-04,43941,2025080401058573,EBL,Market Securities & Exchange (PVT) Ltd.,Dynamic Money Managers Securities Pvt. Ltd.,100,700.2,70020.0,2025-08-04 13:36:05.339301
2025-08-04,43940,2025080401058574,EBL,J.F. Securites (PVT) Ltd.,Dynamic Money Managers Securities Pvt. Ltd.,15,700.1,10501.5,2025-08-04 13:36:05.339376
2025-08-04,43939,2025080401058575,EBL,Market Securities & Exchange (PVT) Ltd.,Dynamic Money Managers Securities Pvt. Ltd.,20,700.0,14000.0,2025-08-04 13:36:05.339458
2025-08-04,43938,2025080401058576,EBL,Siprabi Securities Pvt. Ltd.,Dynamic Money Managers Securities Pvt. Ltd.,400,700.0,280000.0,2025-08-04 13:36:05.339538
2025-08-04,43937,2025080401058577,EBL,Dipshikha Dhitopatra Karobar Co. Pvt Ltd.,Dynamic Money Managers Securities Pvt. Ltd.,100,700.0,70000.0,2025-08-04 13:36:05.339613
2025-08-04,43936,2025080401058578,EBL,Creative Securities Pvt Ltd,Dynamic Money Managers Securities Pvt. Ltd.,50,700.0,35000.0,2025-08-04 13:36:05.339699
2025-08-04,43935,2025080401058579,EBL,Dipshikha Dhitopatra Karobar Co. Pvt Ltd.,Dynamic Money Managers Securities Pvt. Ltd.,1000,700.0,700000.0,2025-08-04 13:36:05.339790
2025-08-04,43934,2025080401058580,EBL,Sumeru Securities Pvt. Ltd.,Dynamic Money Managers Securities Pvt. Ltd.,10,700.0,7000.0,2025-08-04 13:36:05.339861
2025-08-04,43933,2025080401058581,EBL,Sundhara Securities Limited,Dynamic Money Managers Securities Pvt. Ltd.,100,700.0,70000.0,2025-08-04 13:36:05.339937
2025-08-04,43932,2025080401058582,EBL,Market Securities & Exchange (PVT) Ltd.,Dynamic Money Managers Securities Pvt. Ltd.,250,700.0,175000.0,2025-08-04 13:36:05.340006
2025-08-04,43405,2025080401058787,EBL,Market Securities & Exchange (PVT) Ltd.,Dynamic Money Managers Securities Pvt. Ltd.,250,700.0,175000.0,2025-08-04 13:37:33.983009
2025-08-04,43404,2025080401058788,EBL,Dakshinkali Investment & Securities Pvt. Ltd.,Dynamic Money Managers Securities Pvt. Ltd.,300,700.0,210000.0,2025-08-04 13:37:33.983234
2025-08-04,43403,2025080401058789,EBL,Premier Securities Company Ltd.,Dynamic Money Managers Securities Pvt. Ltd.,30,700.0,21000.0,2025-08-04 13:37:33.983311
2025-08-04,43402,2025080401058790,EBL,Neev Securities Pvt. Ltd.,Dynamic Money Managers Securities Pvt. Ltd.,100,700.0,70000.0,2025-08-04 13:37:33.983387
2025-08-04,43401,2025080401058791,EBL,Cristal Kanchanjanga Securites Pvt. Ltd.,Dynamic Money Managers Securities Pvt. Ltd.,50,700.0,35000.0,2025-08-04 13:37:33.983458
2025-08-04,43400,2025080401058792,EBL,Premier Securities Company Ltd.,Dynamic Money Managers Securities Pvt. Ltd.,200,700.0,140000.0,2025-08-04 13:37:33.983535
2025-08-04,43399,2025080401058793,EBL,Linch Stock Market Ltd.,Dynamic Money Managers Securities Pvt. Ltd.,20,700.0,14000.0,2025-08-04 13:37:33.983624
2025-08-04,43398,2025080401058794,EBL,Thrive Brokerage House Pvt. Ltd,Dynamic Money Managers Securities Pvt. Ltd.,10,700.0,7000.0,2025-08-04 13:37:33.983728
2025-08-04,43397,2025080401058795,EBL,South Asian Bulls Pvt. Ltd.,Dynamic Money Managers Securities Pvt. Ltd.,500,700.0,350000.0,2025-08-04 13:37:33.983815
2025-08-04,43396,2025080401058796,EBL,Premier Securities Company Ltd.,Dynamic Money Managers Securities Pvt. Ltd.,100,700.0,70000.0,2025-08-04 13:37:33.983893
2025-08-04,43395,2025080401058797,EBL,Secured Securities Ltd.,Dynamic Money Managers Securities Pvt. Ltd.,40,700.0,28000.0,2025-08-04 13:37:34.100246
2025-08-04,43178,2025080401058884,EBL,Vision Securities Pvt. Ltd,Dynamic Money Managers Securities Pvt. Ltd.,400,700.0,280000.0,2025-08-04 13:38:06.888672
2025-08-04,43177,2025080401058885,EBL,Vision Securities Pvt. Ltd,Imperial Securities Company Pvt. Ltd.,157,700.0,109900.0,2025-08-04 13:38:06.888890
2025-08-04,43176,2025080401058886,EBL,Vision Securities Pvt. Ltd,J.F. Securites (PVT) Ltd.,60,700.0,42000.0,2025-08-04 13:38:06.888965
2025-08-04,43175,2025080401058887,EBL,Vision Securities Pvt. Ltd,Investment Management Nepal Pvt. Ltd.,34,700.0,23800.0,2025-08-04 13:38:06.889042
2025-08-04,42778,2025080401059009,EBL,Secured Securities Ltd.,Creative Securities Pvt Ltd,137,702.0,96174.0,2025-08-04 13:39:30.308405
2025-08-04,42764,2025080401059016,EBL,Secured Securities Ltd.,Dipshikha Dhitopatra Karobar Co. Pvt Ltd.,63,702.0,44226.0,2025-08-04 13:39:33.494667
2025-08-04,42559,2025080401059073,EBL,Nepal Stock House (PVT) Ltd.,Dipshikha Dhitopatra Karobar Co. Pvt Ltd.,50,702.0,35100.0,2025-08-04 13:40:13.508104
2025-08-04,42226,2025080401059196,EBL,INDEX SECURITIES LIMITED,Kohinoor Investment & Securities Pvt. Ltd.,20,702.0,14040.0,2025-08-04 13:41:16.210093
2025-08-04,41967,2025080401059299,EBL,Dakshinkali Investment & Securities Pvt. Ltd.,Machhapuchchhre Securities Limited,20,700.2,14004.0,2025-08-04 13:41:56.595243
2025-08-04,41811,2025080401059401,EBL,Dakshinkali Investment & Securities Pvt. Ltd.,Agrawal Securities (PVT) Ltd.,11,700.2,7702.2,2025-08-04 13:42:25.995958
2025-08-04,41598,2025080401059513,EBL,Dakshinkali Investment & Securities Pvt. Ltd.,Machhapuchchhre Securities Limited,20,700.2,14004.0,2025-08-04 13:43:03.807935
2025-08-04,41016,2025080401059920,EBL,Dakshinkali Investment & Securities Pvt. Ltd.,Dipshikha Dhitopatra Karobar Co. Pvt Ltd.,44,700.2,30808.8,2025-08-04 13:43:47.437976
2025-08-04,41015,2025080401059921,EBL,ABC Securities Private Limited,Dipshikha Dhitopatra Karobar Co. Pvt Ltd.,50,700.2,35010.0,2025-08-04 13:43:47.438393
2025-08-04,41014,2025080401059922,EBL,Capital Max Securities Ltd,Dipshikha Dhitopatra Karobar Co. Pvt Ltd.,406,700.1,284240.6,2025-08-04 13:43:47.438659
2025-08-04,41003,2025080401059932,EBL,Pragyan Securities (PVT) Ltd.,Sani Securities Company Ltd.,10,701.0,7010.0,2025-08-04 13:43:48.585250
2025-08-04,40741,2025080401060038,EBL,Neev Securities Pvt. Ltd.,J.F. Securites (PVT) Ltd.,50,700.3,35015.0,2025-08-04 13:44:33.068017
2025-08-04,40740,2025080401060039,EBL,Thrive Brokerage House Pvt. Ltd,J.F. Securites (PVT) Ltd.,20,700.2,14004.0,2025-08-04 13:44:33.068148
2025-08-04,40420,2025080401060204,EBL,Kohinoor Investment & Securities Pvt. Ltd.,Kohinoor Investment & Securities Pvt. Ltd.,25,702.0,17550.0,2025-08-04 13:45:07.422570
2025-08-04,40221,2025080401060278,EBL,Pragyan Securities (PVT) Ltd.,Kohinoor Investment & Securities Pvt. Ltd.,17,702.0,11934.0,2025-08-04 13:45:40.279193
2025-08-04,40220,2025080401060279,EBL,Pragyan Securities (PVT) Ltd.,J.F. Securites (PVT) Ltd.,70,702.0,49140.0,2025-08-04 13:45:40.279368
2025-08-04,39573,2025080401060650,EBL,Pragyan Securities (PVT) Ltd.,Machhapuchchhre Securities Limited,10,702.0,7020.0,2025-08-04 13:47:11.482912
2025-08-04,39051,2025080401060879,EBL,Dynamic Money Managers Securities Pvt. Ltd.,Trishakti Securities Public Limited,55,703.0,38665.0,2025-08-04 13:48:23.137980
2025-08-04,39050,2025080401060880,EBL,Dynamic Money Managers Securities Pvt. Ltd.,Nepal Stock House (PVT) Ltd.,60,703.0,42180.0,2025-08-04 13:48:23.138231
2025-08-04,39049,2025080401060881,EBL,Dynamic Money Managers Securities Pvt. Ltd.,Kohinoor Investment & Securities Pvt. Ltd.,25,703.0,17575.0,2025-08-04 13:48:23.138315
2025-08-04,38234,2025080401061115,EBL,Sani Securities Company Ltd.,Machhapuchchhre Securities Limited,15,702.0,10530.0,2025-08-04 13:51:32.383313
2025-08-04,38145,2025080401061204,EBL,Sani Securities Company Ltd.,Machhapuchchhre Securities Limited,20,702.0,14040.0,2025-08-04 13:51:32.508149
2025-08-04,37929,2025080401061293,EBL,Sani Securities Company Ltd.,Machhapuchchhre Securities Limited,15,702.0,10530.0,2025-08-04 13:52:06.457687
2025-08-04,37726,2025080401061359,EBL,Neev Securities Pvt. Ltd.,Machhapuchchhre Securities Limited,15,701.0,10515.0,2025-08-04 13:52:47.575193
2025-08-04,35732,2025080401062095,EBL,Neev Securities Pvt. Ltd.,Dipshikha Dhitopatra Karobar Co. Pvt Ltd.,50,702.1,35105.0,2025-08-04 13:59:59.155675
2025-08-04,35731,2025080401062096,EBL,INDEX SECURITIES LIMITED,Dipshikha Dhitopatra Karobar Co. Pvt Ltd.,20,702.0,14040.0,2025-08-04 13:59:59.155918
2025-08-04,35730,2025080401062097,EBL,Trademow Securities Private Limited,Dipshikha Dhitopatra Karobar Co. Pvt Ltd.,430,702.0,301860.0,2025-08-04 13:59:59.156047
2025-08-04,35525,2025080401062180,EBL,Trademow Securities Private Limited,Dynamic Money Managers Securities Pvt. Ltd.,4570,702.0,3208140.0,2025-08-04 14:00:32.453967
2025-08-04,35478,2025080401062195,EBL,Nepal Stock House (PVT) Ltd.,Secured Securities Ltd.,200,702.1,140420.0,2025-08-04 14:00:41.076758
2025-08-04,35054,2025080401062347,EBL,Imperial Securities Company Pvt. Ltd.,Online Securities Pvt. Ltd.,18,702.0,12636.0,2025-08-04 14:01:52.294193
2025-08-04,34578,2025080401062511,EBL,Imperial Securities Company Pvt. Ltd.,Imperial Securities Company Pvt. Ltd.,260,702.0,182520.0,2025-08-04 14:03:03.743798
2025-08-04,33264,2025080401062945,EBL,Deevyaa Securities & Stock House Pvt. Ltd,Sani Securities Company Ltd.,65,704.0,45760.0,2025-08-04 14:06:28.754815
2025-08-04,33101,2025080401062986,EBL,Opal Securities Investment (PVT) Ltd.,Sani Securities Company Ltd.,35,704.0,24640.0,2025-08-04 14:06:48.987552
2025-08-04,33100,2025080401062987,EBL,Opal Securities Investment (PVT) Ltd.,Investment Management Nepal Pvt. Ltd.,65,704.0,45760.0,2025-08-04 14:06:48.987791
2025-08-04,32931,2025080401063050,EBL,Midas Stock Broking Company Private Limited,Investment Management Nepal Pvt. Ltd.,300,704.0,211200.0,2025-08-04 14:07:07.199348
2025-08-04,32512,2025080401063169,EBL,Premier Securities Company Ltd.,Investment Management Nepal Pvt. Ltd.,35,704.0,24640.0,2025-08-04 14:07:46.441206
2025-08-04,31928,2025080401063333,EBL,SHUBHAKAMANA SECURITIES PVT. LTD,Ashutosh Brokerage & Securities (PVT) Ltd.,10,704.9,7049.0,2025-08-04 14:08:49.901229
2025-08-04,31861,2025080401063361,EBL,Imperial Securities Company Pvt. Ltd.,Sanima Securities Limited,200,703.1,140620.0,2025-08-04 14:08:59.400111
2025-08-04,31860,2025080401063362,EBL,Oxford Securities Pvt. Ltd.,Sanima Securities Limited,100,703.1,70310.0,2025-08-04 14:08:59.400598
2025-08-04,31859,2025080401063363,EBL,Midas Stock Broking Company Private Limited,Sanima Securities Limited,700,703.1,492170.0,2025-08-04 14:08:59.400897
2025-08-04,31191,2025080401063594,EBL,Cristal Kanchanjanga Securites Pvt. Ltd.,Ashutosh Brokerage & Securities (PVT) Ltd.,30,704.9,21147.0,2025-08-04 14:10:12.546385
2025-08-04,31190,2025080401063595,EBL,Cristal Kanchanjanga Securites Pvt. Ltd.,Asian Securities Private Ltd.,111,705.0,78255.0,2025-08-04 14:10:12.546642
2025-08-04,31189,2025080401063596,EBL,Cristal Kanchanjanga Securites Pvt. Ltd.,Naasa Securities Co. Ltd.,32,705.0,22560.0,2025-08-04 14:10:12.546736
2025-08-04,31188,2025080401063597,EBL,Cristal Kanchanjanga Securites Pvt. Ltd.,Market Securities & Exchange (PVT) Ltd.,42,705.0,29610.0,2025-08-04 14:10:12.546822
2025-08-04,31187,2025080401063598,EBL,Cristal Kanchanjanga Securites Pvt. Ltd.,Dynamic Money Managers Securities Pvt. Ltd.,150,705.0,105750.0,2025-08-04 14:10:12.546913
2025-08-04,31186,2025080401063599,EBL,Cristal Kanchanjanga Securites Pvt. Ltd.,Imperial Securities Company Pvt. Ltd.,35,705.0,24675.0,2025-08-04 14:10:12.547002
2025-08-04,30845,2025080401063712,EBL,SUN SECURITIES PVT LTD,Imperial Securities Company Pvt. Ltd.,20,705.0,14100.0,2025-08-04 14:11:03.080876
2025-08-04,30707,2025080401063757,EBL,Siprabi Securities Pvt. Ltd.,Imperial Securities Company Pvt. Ltd.,200,705.0,141000.0,2025-08-04 14:11:19.212760
2025-08-04,30208,2025080401063957,EBL,ABC Securities Private Limited,Imperial Securities Company Pvt. Ltd.,45,705.0,31725.0,2025-08-04 14:12:09.632201
2025-08-04,30207,2025080401063958,EBL,ABC Securities Private Limited,Oxford Securities Pvt. Ltd.,150,705.0,105750.0,2025-08-04 14:12:09.632451
2025-08-04,29741,2025080401064116,EBL,Garima Securities Limited,Sani Securities Company Ltd.,50,706.0,35300.0,2025-08-04 14:13:10.849844
2025-08-04,29392,2025080401064224,EBL,Pragyan Securities (PVT) Ltd.,Sani Securities Company Ltd.,3,702.0,2106.0,2025-08-04 14:13:46.396009
2025-08-04,28335,2025080401064580,EBL,Sweta Securities Private Limited,Sani Securities Company Ltd.,50,706.0,35300.0,2025-08-04 14:15:46.398033
2025-08-04,27753,2025080401064780,EBL,Imperial Securities Company Pvt. Ltd.,Sani Securities Company Ltd.,20,706.0,14120.0,2025-08-04 14:16:51.366054
2025-08-04,27258,2025080401064841,EBL,Nepal Stock House (PVT) Ltd.,Sani Securities Company Ltd.,43,706.0,30358.0,2025-08-04 14:18:04.839601
2025-08-04,27257,2025080401064842,EBL,Nepal Stock House (PVT) Ltd.,Agrawal Securities (PVT) Ltd.,30,706.0,21180.0,2025-08-04 14:18:04.839800
2025-08-04,27256,2025080401064843,EBL,Nepal Stock House (PVT) Ltd.,Sani Securities Company Ltd.,20,706.0,14120.0,2025-08-04 14:18:04.839886
2025-08-04,27255,2025080401064844,EBL,Nepal Stock House (PVT) Ltd.,Dynamic Money Managers Securities Pvt. Ltd.,100,706.9,70690.0,2025-08-04 14:18:04.839978
2025-08-04,27254,2025080401064845,EBL,Nepal Stock House (PVT) Ltd.,Sani Securities Company Ltd.,50,707.0,35350.0,2025-08-04 14:18:04.840080
2025-08-04,27253,2025080401064846,EBL,Nepal Stock House (PVT) Ltd.,Agrawal Securities (PVT) Ltd.,225,707.0,159075.0,2025-08-04 14:18:04.840163
2025-08-04,26217,2025080401065347,EBL,Nepal Investment And Securities Trading Private Limited,NIMB Stock Markets Limited,10,708.0,7080.0,2025-08-04 14:19:31.248946
2025-08-04,26216,2025080401065348,EBL,Nepal Investment And Securities Trading Private Limited,Aryatara Investment & Securities,136,708.5,96356.0,2025-08-04 14:19:31.249186
2025-08-04,26215,2025080401065349,EBL,Nepal Investment And Securities Trading Private Limited,Imperial Securities Company Pvt. Ltd.,259,709.0,183631.0,2025-08-04 14:19:31.249278
2025-08-04,26214,2025080401065350,EBL,Nepal Investment And Securities Trading Private Limited,Imperial Securities Company Pvt. Ltd.,95,709.9,67440.5,2025-08-04 14:19:31.249365
2025-08-04,24931,2025080401065749,EBL,Cristal Kanchanjanga Securites Pvt. Ltd.,Dipshikha Dhitopatra Karobar Co. Pvt Ltd.,200,710.0,142000.0,2025-08-04 14:22:18.929493
2025-08-04,24930,2025080401065750,EBL,Cristal Kanchanjanga Securites Pvt. Ltd.,Kalika Securities Pvt. Ltd.,300,710.0,213000.0,2025-08-04 14:22:18.929678
2025-08-04,24811,2025080401065844,EBL,ABC Securities Private Limited,Kalika Securities Pvt. Ltd.,200,710.0,142000.0,2025-08-04 14:22:21.616615
2025-08-04,24797,2025080401065858,EBL,Vision Securities Pvt. Ltd,Dynamic Money Managers Securities Pvt. Ltd.,10,709.9,7099.0,2025-08-04 14:22:21.628731
2025-08-04,24796,2025080401065859,EBL,Online Securities Pvt. Ltd.,Dynamic Money Managers Securities Pvt. Ltd.,20,709.0,14180.0,2025-08-04 14:22:21.628898
2025-08-04,24794,2025080401065861,EBL,Nagarik Stock Dealer ,Dynamic Money Managers Securities Pvt. Ltd.,500,709.0,354500.0,2025-08-04 14:22:21.629683
2025-08-04,24554,2025080401065989,EBL,Vision Securities Pvt. Ltd,Dynamic Money Managers Securities Pvt. Ltd.,10,709.0,7090.0,2025-08-04 14:22:45.043488
2025-08-04,24387,2025080401066088,EBL,Primo Securities (PVT) Ltd.,Dynamic Money Managers Securities Pvt. Ltd.,600,709.0,425400.0,2025-08-04 14:22:53.823427
2025-08-04,24080,2025080401066239,EBL,Ashutosh Brokerage & Securities (PVT) Ltd.,Dynamic Money Managers Securities Pvt. Ltd.,100,709.0,70900.0,2025-08-04 14:23:20.356552
2025-08-04,22959,2025080401066672,EBL,Sri Hari Securities Pvt. Ltd.,Dynamic Money Managers Securities Pvt. Ltd.,1000,709.0,709000.0,2025-08-04 14:25:09.313632
2025-08-04,22891,2025080401066703,EBL,Sri Hari Securities Pvt. Ltd.,Dynamic Money Managers Securities Pvt. Ltd.,500,709.0,354500.0,2025-08-04 14:25:16.417280
2025-08-04,22711,2025080401066776,EBL,ABC Securities Private Limited,Dynamic Money Managers Securities Pvt. Ltd.,40,709.0,28360.0,2025-08-04 14:25:36.507552
2025-08-04,22449,2025080401066885,EBL,Imperial Securities Company Pvt. Ltd.,Dynamic Money Managers Securities Pvt. Ltd.,50,709.0,35450.0,2025-08-04 14:26:08.562358
2025-08-04,22448,2025080401066886,EBL,Trisul Securities & Invt. Ltd.,Agrawal Securities (PVT) Ltd.,500,708.0,354000.0,2025-08-04 14:26:08.563439
2025-08-04,22447,2025080401066887,EBL,Trishakti Securities Public Limited,Agrawal Securities (PVT) Ltd.,70,708.0,49560.0,2025-08-04 14:26:08.563586
2025-08-04,22260,2025080401066959,EBL,Imperial Securities Company Pvt. Ltd.,Dynamic Money Managers Securities Pvt. Ltd.,100,709.0,70900.0,2025-08-04 14:26:29.303694
2025-08-04,21776,2025080401067195,EBL,Dipshikha Dhitopatra Karobar Co. Pvt Ltd.,Citizens Share Broker Limited,100,708.0,70800.0,2025-08-04 14:27:17.680298
2025-08-04,21255,2025080401067380,EBL,Midas Stock Broking Company Private Limited,Dakshinkali Investment & Securities Pvt. Ltd.,10,708.9,7089.0,2025-08-04 14:28:05.755559
2025-08-04,21254,2025080401067381,EBL,Midas Stock Broking Company Private Limited,Dynamic Money Managers Securities Pvt. Ltd.,190,709.0,134710.0,2025-08-04 14:28:05.755737
2025-08-04,21117,2025080401067428,EBL,Sri Hari Securities Pvt. Ltd.,Dynamic Money Managers Securities Pvt. Ltd.,500,709.0,354500.0,2025-08-04 14:28:18.926905
2025-08-04,21116,2025080401067429,EBL,Vision Securities Pvt. Ltd,Dynamic Money Managers Securities Pvt. Ltd.,1000,709.0,709000.0,2025-08-04 14:28:18.934636
2025-08-04,21051,2025080401067481,EBL,Aryatara Investment & Securities,Agrawal Securities (PVT) Ltd.,50,708.9,35445.0,2025-08-04 14:28:20.878064
2025-08-04,21050,2025080401067482,EBL,Kumari Securities Private Limited,Agrawal Securities (PVT) Ltd.,50,708.9,35445.0,2025-08-04 14:28:20.878307
2025-08-04,21049,2025080401067483,EBL,Aryatara Investment & Securities,Agrawal Securities (PVT) Ltd.,20,707.7,14154.0,2025-08-04 14:28:20.878399
2025-08-04,21048,2025080401067484,EBL,Vision Securities Pvt. Ltd,Agrawal Securities (PVT) Ltd.,30,707.7,21231.0,2025-08-04 14:28:20.878485
2025-08-04,21047,2025080401067485,EBL,Agrawal Securities (PVT) Ltd.,Agrawal Securities (PVT) Ltd.,20,707.6,14152.0,2025-08-04 14:28:20.878570
2025-08-04,21046,2025080401067486,EBL,Vision Securities Pvt. Ltd,Agrawal Securities (PVT) Ltd.,30,707.1,21213.0,2025-08-04 14:28:20.878653
2025-08-04,21045,2025080401067487,EBL,Nepal Stock House (PVT) Ltd.,Agrawal Securities (PVT) Ltd.,70,707.0,49490.0,2025-08-04 14:28:20.878735
2025-08-04,21044,2025080401067488,EBL,Opal Securities Investment (PVT) Ltd.,Agrawal Securities (PVT) Ltd.,200,707.0,141400.0,2025-08-04 14:28:20.878819
2025-08-04,21043,2025080401067489,EBL,Malla & Malla Stock Broking Company Pvt. Limited,Agrawal Securities (PVT) Ltd.,22,706.0,15532.0,2025-08-04 14:28:20.878904
2025-08-04,21042,2025080401067490,EBL,Arun Securities (PVT) Ltd.,Agrawal Securities (PVT) Ltd.,100,706.0,70600.0,2025-08-04 14:28:20.879005
2025-08-04,21041,2025080401067491,EBL,Naasa Securities Co. Ltd.,Agrawal Securities (PVT) Ltd.,30,706.0,21180.0,2025-08-04 14:28:20.879107
2025-08-04,21037,2025080401067494,EBL,Sri Hari Securities Pvt. Ltd.,Dynamic Money Managers Securities Pvt. Ltd.,380,709.0,269420.0,2025-08-04 14:28:21.623544
2025-08-04,21036,2025080401067495,EBL,Sri Hari Securities Pvt. Ltd.,Oxford Securities Pvt. Ltd.,110,709.0,77990.0,2025-08-04 14:28:21.623765
2025-08-04,20890,2025080401067520,EBL,Vision Securities Pvt. Ltd,Agrawal Securities (PVT) Ltd.,100,709.9,70990.0,2025-08-04 14:28:40.205772
2025-08-04,20706,2025080401067603,EBL,Sri Hari Securities Pvt. Ltd.,Kalika Securities Pvt. Ltd.,301,710.0,213710.0,2025-08-04 14:28:57.659362
2025-08-04,20705,2025080401067604,EBL,Sri Hari Securities Pvt. Ltd.,Naasa Securities Co. Ltd.,20,710.0,14200.0,2025-08-04 14:28:57.659619
2025-08-04,20704,2025080401067605,EBL,Sri Hari Securities Pvt. Ltd.,Nepal Investment And Securities Trading Private Limited,110,710.0,78100.0,2025-08-04 14:28:57.659721
2025-08-04,20703,2025080401067606,EBL,Sri Hari Securities Pvt. Ltd.,Sani Securities Company Ltd.,69,711.0,49059.0,2025-08-04 14:28:57.659814
2025-08-04,20427,2025080401067684,EBL,Sri Hari Securities Pvt. Ltd.,Sani Securities Company Ltd.,500,711.0,355500.0,2025-08-04 14:29:22.324574
2025-08-04,20335,2025080401067702,EBL,Dipshikha Dhitopatra Karobar Co. Pvt Ltd.,Sani Securities Company Ltd.,500,711.0,355500.0,2025-08-04 14:29:28.279249
2025-08-04,20274,2025080401067734,EBL,Sri Hari Securities Pvt. Ltd.,Agrawal Securities (PVT) Ltd.,10,710.9,7109.0,2025-08-04 14:29:32.873411
2025-08-04,20254,2025080401067738,EBL,Thrive Brokerage House Pvt. Ltd,Agrawal Securities (PVT) Ltd.,100,710.9,71090.0,2025-08-04 14:29:35.008430
2025-08-04,20200,2025080401067750,EBL,Naasa Securities Co. Ltd.,Agrawal Securities (PVT) Ltd.,100,710.9,71090.0,2025-08-04 14:29:38.820478
2025-08-04,20161,2025080401067771,EBL,Thrive Brokerage House Pvt. Ltd,Agrawal Securities (PVT) Ltd.,40,710.9,28436.0,2025-08-04 14:29:41.039901
2025-08-04,20160,2025080401067772,EBL,Thrive Brokerage House Pvt. Ltd,Sani Securities Company Ltd.,360,711.0,255960.0,2025-08-04 14:29:41.040331
2025-08-04,20124,2025080401067786,EBL,Stoxkarts Securities Limited,Sani Securities Company Ltd.,571,711.0,405981.0,2025-08-04 14:29:44.501075
2025-08-04,20072,2025080401067799,EBL,Neev Securities Pvt. Ltd.,Sundhara Securities Limited,150,712.0,106800.0,2025-08-04 14:29:50.275837
2025-08-04,20008,2025080401067814,EBL,Trisul Securities & Invt. Ltd.,Sundhara Securities Limited,100,712.0,71200.0,2025-08-04 14:29:55.439649
2025-08-04,19995,2025080401067820,EBL,Trisul Securities & Invt. Ltd.,Sundhara Securities Limited,200,712.0,142400.0,2025-08-04 14:29:56.452239
2025-08-04,19985,2025080401067825,EBL,Premier Securities Company Ltd.,Sundhara Securities Limited,50,712.0,35600.0,2025-08-04 14:29:58.476097
2025-08-04,19983,2025080401067826,EBL,Premier Securities Company Ltd.,Imperial Securities Company Pvt. Ltd.,50,712.0,35600.0,2025-08-04 14:29:58.476573
2025-08-04,19678,2025080401067873,EBL,Vision Securities Pvt. Ltd,Agrawal Securities (PVT) Ltd.,418,713.0,298034.0,2025-08-04 14:30:31.433638
2025-08-04,19677,2025080401067874,EBL,Vision Securities Pvt. Ltd,Kumari Securities Private Limited,82,713.0,58466.0,2025-08-04 14:30:31.433813
2025-08-04,19674,2025080401067877,EBL,Trisul Securities & Invt. Ltd.,Kumari Securities Private Limited,300,713.0,213900.0,2025-08-04 14:30:31.441012
2025-08-04,19645,2025080401067906,EBL,Trisul Securities & Invt. Ltd.,Kumari Securities Private Limited,118,713.0,84134.0,2025-08-04 14:30:31.463046
2025-08-04,19612,2025080401067939,EBL,Infinity Securities Limited,Naasa Securities Co. Ltd.,100,714.0,71400.0,2025-08-04 14:30:31.487119
2025-08-04,19611,2025080401067940,EBL,Infinity Securities Limited,Neev Securities Pvt. Ltd.,100,714.0,71400.0,2025-08-04 14:30:31.487273
2025-08-04,19610,2025080401067941,EBL,Infinity Securities Limited,Agrawal Securities (PVT) Ltd.,350,714.0,249900.0,2025-08-04 14:30:31.487355
2025-08-04,19609,2025080401067942,EBL,Infinity Securities Limited,Malla & Malla Stock Broking Company Pvt. Limited,200,715.0,143000.0,2025-08-04 14:30:31.487442
2025-08-04,19608,2025080401067943,EBL,Infinity Securities Limited,KALASH STOCK MARKET PVT. LTD.,10,715.0,7150.0,2025-08-04 14:30:31.487531
2025-08-04,19607,2025080401067944,EBL,Infinity Securities Limited,Sewa Securities Pvt. Ltd.,152,716.0,108832.0,2025-08-04 14:30:31.487635
2025-08-04,19606,2025080401067945,EBL,Infinity Securities Limited,Agrawal Securities (PVT) Ltd.,20,716.0,14320.0,2025-08-04 14:30:31.487719
2025-08-04,19605,2025080401067946,EBL,Infinity Securities Limited,Siprabi Securities Pvt. Ltd.,12,716.0,8592.0,2025-08-04 14:30:31.487805
2025-08-04,19604,2025080401067947,EBL,Infinity Securities Limited,Midas Stock Broking Company Private Limited,50,717.0,35850.0,2025-08-04 14:30:31.487888
2025-08-04,19603,2025080401067948,EBL,Infinity Securities Limited,Agrawal Securities (PVT) Ltd.,350,717.0,250950.0,2025-08-04 14:30:31.487966
2025-08-04,19415,2025080401068034,EBL,Vision Securities Pvt. Ltd,Sweta Securities Private Limited,200,717.9,143580.0,2025-08-04 14:30:50.761692
2025-08-04,19384,2025080401068051,EBL,Trisul Securities & Invt. Ltd.,Sani Securities Company Ltd.,200,718.0,143600.0,2025-08-04 14:30:53.001519
2025-08-04,19383,2025080401068052,EBL,Trisul Securities & Invt. Ltd.,Sani Securities Company Ltd.,105,718.0,75390.0,2025-08-04 14:30:53.001936
2025-08-04,19382,2025080401068053,EBL,Trisul Securities & Invt. Ltd.,Shree Krishna Securities Ltd.,95,718.0,68210.0,2025-08-04 14:30:53.002220
2025-08-04,19354,2025080401068070,EBL,Kohinoor Investment & Securities Pvt. Ltd.,Shree Krishna Securities Ltd.,35,718.0,25130.0,2025-08-04 14:30:55.583275
2025-08-04,19353,2025080401068071,EBL,Kohinoor Investment & Securities Pvt. Ltd.,Pragyan Securities (PVT) Ltd.,165,718.0,118470.0,2025-08-04 14:30:55.583711
2025-08-04,19309,2025080401068080,EBL,Infinity Securities Limited,Pragyan Securities (PVT) Ltd.,135,718.0,96930.0,2025-08-04 14:31:01.008622
2025-08-04,19265,2025080401068109,EBL,Infinity Securities Limited,Agrawal Securities (PVT) Ltd.,8000,718.0,5744000.0,2025-08-04 14:31:04.833364
2025-08-04,19233,2025080401068125,EBL,Infinity Securities Limited,Dynamic Money Managers Securities Pvt. Ltd.,1865,718.0,1339070.0,2025-08-04 14:31:07.639699
2025-08-04,19232,2025080401068126,EBL,Trisul Securities & Invt. Ltd.,Dynamic Money Managers Securities Pvt. Ltd.,782,718.0,561476.0,2025-08-04 14:31:07.640153
2025-08-04,19231,2025080401068127,EBL,Asian Securities Private Ltd.,Dynamic Money Managers Securities Pvt. Ltd.,250,718.0,179500.0,2025-08-04 14:31:07.640386
2025-08-04,19230,2025080401068128,EBL,Infinity Securities Limited,Dynamic Money Managers Securities Pvt. Ltd.,5759,717.0,4129203.0,2025-08-04 14:31:07.640637
2025-08-04,19070,2025080401068194,EBL,ABC Securities Private Limited,Cristal Kanchanjanga Securites Pvt. Ltd.,33,719.0,23727.0,2025-08-04 14:31:23.428002
2025-08-04,19069,2025080401068195,EBL,ABC Securities Private Limited,Sani Securities Company Ltd.,100,719.0,71900.0,2025-08-04 14:31:23.428142
2025-08-04,19068,2025080401068196,EBL,ABC Securities Private Limited,Cristal Kanchanjanga Securites Pvt. Ltd.,367,719.0,263873.0,2025-08-04 14:31:23.428243
2025-08-04,19051,2025080401068202,EBL,J.F. Securites (PVT) Ltd.,Agrawal Securities (PVT) Ltd.,200,717.9,143580.0,2025-08-04 14:31:26.195659
2025-08-04,19050,2025080401068203,EBL,Infinity Securities Limited,Agrawal Securities (PVT) Ltd.,2800,717.0,2007600.0,2025-08-04 14:31:26.195878
2025-08-04,18859,2025080401068255,EBL,Indira securities pvt. ltd,Cristal Kanchanjanga Securites Pvt. Ltd.,133,719.0,95627.0,2025-08-04 14:31:54.205849
2025-08-04,18858,2025080401068256,EBL,Indira securities pvt. ltd,Naasa Securities Co. Ltd.,167,719.0,120073.0,2025-08-04 14:31:54.206013
2025-08-04,18767,2025080401068329,EBL,Market Securities & Exchange (PVT) Ltd.,Naasa Securities Co. Ltd.,207,719.0,148833.0,2025-08-04 14:31:57.813974
2025-08-04,18766,2025080401068330,EBL,Market Securities & Exchange (PVT) Ltd.,Linch Stock Market Ltd.,100,719.0,71900.0,2025-08-04 14:31:57.814112
2025-08-04,18765,2025080401068331,EBL,Market Securities & Exchange (PVT) Ltd.,Agrawal Securities (PVT) Ltd.,350,719.0,251650.0,2025-08-04 14:31:57.814179
2025-08-04,18764,2025080401068332,EBL,Market Securities & Exchange (PVT) Ltd.,Oxford Securities Pvt. Ltd.,343,719.0,246617.0,2025-08-04 14:31:57.814242
2025-08-04,18519,2025080401068436,EBL,Kohinoor Investment & Securities Pvt. Ltd.,Oxford Securities Pvt. Ltd.,257,719.0,184783.0,2025-08-04 14:32:23.694534
2025-08-04,18449,2025080401068467,EBL,Kohinoor Investment & Securities Pvt. Ltd.,Naasa Securities Co. Ltd.,50,719.1,35955.0,2025-08-04 14:32:31.781773
2025-08-04,18350,2025080401068513,EBL,Kohinoor Investment & Securities Pvt. Ltd.,Agrawal Securities (PVT) Ltd.,243,719.0,174717.0,2025-08-04 14:32:42.470726
2025-08-04,18064,2025080401068635,EBL,Deevyaa Securities & Stock House Pvt. Ltd,J.F. Securites (PVT) Ltd.,10,719.0,7190.0,2025-08-04 14:33:20.730086
2025-08-04,18009,2025080401068661,EBL,Online Securities Pvt. Ltd.,Naasa Securities Co. Ltd.,10,719.1,7191.0,2025-08-04 14:33:23.904099
2025-08-04,18008,2025080401068662,EBL,Online Securities Pvt. Ltd.,Online Securities Pvt. Ltd.,10,719.1,7191.0,2025-08-04 14:33:23.904519
2025-08-04,18007,2025080401068663,EBL,Online Securities Pvt. Ltd.,Linch Stock Market Ltd.,20,719.2,14384.0,2025-08-04 14:33:23.904782
2025-08-04,18006,2025080401068664,EBL,Online Securities Pvt. Ltd.,Agrawal Securities (PVT) Ltd.,350,719.2,251720.0,2025-08-04 14:33:23.905059
2025-08-04,17992,2025080401068670,EBL,Online Securities Pvt. Ltd.,Agrawal Securities (PVT) Ltd.,10,719.2,7192.0,2025-08-04 14:33:25.301477
2025-08-04,17991,2025080401068671,EBL,Deevyaa Securities & Stock House Pvt. Ltd,Agrawal Securities (PVT) Ltd.,340,719.0,244460.0,2025-08-04 14:33:25.301675
2025-08-04,17888,2025080401068701,EBL,Deevyaa Securities & Stock House Pvt. Ltd,Agrawal Securities (PVT) Ltd.,150,719.0,107850.0,2025-08-04 14:33:39.529360
2025-08-04,17404,2025080401068811,EBL,MILKY WAY SHARE BROKER COMPANY LTD ,Linch Stock Market Ltd.,10,717.2,7172.0,2025-08-04 14:34:46.482522
2025-08-04,17305,2025080401068892,EBL,Nepal Stock House (PVT) Ltd.,Citizens Share Broker Limited,70,719.8,50386.0,2025-08-04 14:34:51.977208
2025-08-04,17124,2025080401068964,EBL,Oxford Securities Pvt. Ltd.,Citizens Share Broker Limited,30,719.8,21594.0,2025-08-04 14:35:08.850537
2025-08-04,17089,2025080401068983,EBL,Imperial Securities Company Pvt. Ltd.,Kalika Securities Pvt. Ltd.,15,718.0,10770.0,2025-08-04 14:35:11.650936
2025-08-04,16507,2025080401069225,EBL,Trademow Securities Private Limited,Naasa Securities Co. Ltd.,25,719.9,17997.5,2025-08-04 14:35:55.295589
2025-08-04,16482,2025080401069229,EBL,Imperial Securities Company Pvt. Ltd.,Citizens Share Broker Limited,50,719.0,35950.0,2025-08-04 14:35:56.942307
2025-08-04,16154,2025080401069358,EBL,MILKY WAY SHARE BROKER COMPANY LTD ,Agrawal Securities (PVT) Ltd.,10,718.1,7181.0,2025-08-04 14:36:19.846323
2025-08-04,16153,2025080401069359,EBL,Online Securities Pvt. Ltd.,Agrawal Securities (PVT) Ltd.,100,718.0,71800.0,2025-08-04 14:36:19.846543
2025-08-04,16152,2025080401069360,EBL,Imperial Securities Company Pvt. Ltd.,Agrawal Securities (PVT) Ltd.,190,718.0,136420.0,2025-08-04 14:36:19.846627
2025-08-04,15375,2025080401069597,EBL,Sani Securities Company Ltd.,Trishakti Securities Public Limited,25,718.0,17950.0,2025-08-04 14:37:08.456896
2025-08-04,15374,2025080401069598,EBL,Shree Krishna Securities Ltd.,Trishakti Securities Public Limited,85,718.0,61030.0,2025-08-04 14:37:08.457155
2025-08-04,15183,2025080401069659,EBL,Shree Krishna Securities Ltd.,Opal Securities Investment (PVT) Ltd.,115,718.0,82570.0,2025-08-04 14:37:17.904763
2025-08-04,13535,2025080401069860,EBL,Sani Securities Company Ltd.,Trisul Securities & Invt. Ltd.,100,717.9,71790.0,2025-08-04 14:39:51.701281
2025-08-04,13519,2025080401069876,EBL,Aryatara Investment & Securities,Citizens Share Broker Limited,50,717.1,35855.0,2025-08-04 14:39:51.715575
2025-08-04,13428,2025080401069935,EBL,Naasa Securities Co. Ltd.,ABC Securities Private Limited,1,712.1,712.1,2025-08-04 14:39:57.397459
2025-08-04,13381,2025080401069982,EBL,Imperial Securities Company Pvt. Ltd.,Opal Securities Investment (PVT) Ltd.,30,718.0,21540.0,2025-08-04 14:39:57.449821
2025-08-04,13347,2025080401070016,EBL,Dynamic Money Managers Securities Pvt. Ltd.,Premier Securities Company Ltd.,80,717.5,57400.0,2025-08-04 14:39:57.483422
2025-08-04,13320,2025080401070043,EBL,Dynamic Money Managers Securities Pvt. Ltd.,Imperial Securities Company Pvt. Ltd.,100,717.5,71750.0,2025-08-04 14:39:57.497830
2025-08-04,13308,2025080401070055,EBL,Dynamic Money Managers Securities Pvt. Ltd.,Opal Securities Investment (PVT) Ltd.,300,718.0,215400.0,2025-08-04 14:39:57.506984
2025-08-04,13194,2025080401070119,EBL,Dynamic Money Managers Securities Pvt. Ltd.,Agrawal Securities (PVT) Ltd.,100,717.5,71750.0,2025-08-04 14:40:03.301260
2025-08-04,13183,2025080401070130,EBL,Dynamic Money Managers Securities Pvt. Ltd.,Creative Securities Pvt Ltd,100,717.5,71750.0,2025-08-04 14:40:03.317103
2025-08-04,13181,2025080401070132,EBL,Dynamic Money Managers Securities Pvt. Ltd.,Creative Securities Pvt Ltd,100,717.5,71750.0,2025-08-04 14:40:03.319147
2025-08-04,13102,2025080401070211,EBL,Dynamic Money Managers Securities Pvt. Ltd.,Agrawal Securities (PVT) Ltd.,100,717.5,71750.0,2025-08-04 14:40:03.402052
2025-08-04,12998,2025080401070269,EBL,Dynamic Money Managers Securities Pvt. Ltd.,Citizens Share Broker Limited,20,717.5,14350.0,2025-08-04 14:40:10.075922
2025-08-04,12934,2025080401070304,EBL,Infinity Securities Limited,Neev Securities Pvt. Ltd.,97,717.0,69549.0,2025-08-04 14:40:17.562744
2025-08-04,12933,2025080401070305,EBL,Vision Securities Pvt. Ltd,Neev Securities Pvt. Ltd.,10,717.0,7170.0,2025-08-04 14:40:17.562927
2025-08-04,12490,2025080401070481,EBL,Aryatara Investment & Securities,Trishakti Securities Public Limited,300,716.0,214800.0,2025-08-04 14:40:59.687449
2025-08-04,12383,2025080401070533,EBL,Linch Stock Market Ltd.,Imperial Securities Company Pvt. Ltd.,50,715.0,35750.0,2025-08-04 14:41:10.336473
2025-08-04,11892,2025080401070713,EBL,Linch Stock Market Ltd.,Imperial Securities Company Pvt. Ltd.,30,715.0,21450.0,2025-08-04 14:42:00.409996
2025-08-04,11891,2025080401070714,EBL,Bhrikuti Stock Broking Co. Pvt. Ltd.,Imperial Securities Company Pvt. Ltd.,24,715.0,17160.0,2025-08-04 14:42:00.410270
2025-08-04,11890,2025080401070715,EBL,Siprabi Securities Pvt. Ltd.,Imperial Securities Company Pvt. Ltd.,46,715.0,32890.0,2025-08-04 14:42:00.410357
2025-08-04,10911,2025080401071023,EBL,Sani Securities Company Ltd.,Neev Securities Pvt. Ltd.,93,717.0,66681.0,2025-08-04 14:43:39.243740
2025-08-04,10910,2025080401071024,EBL,Sani Securities Company Ltd.,Bhrikuti Stock Broking Co. Pvt. Ltd.,10,717.1,7171.0,2025-08-04 14:43:39.243955
2025-08-04,10909,2025080401071025,EBL,Sani Securities Company Ltd.,Citizens Share Broker Limited,180,717.9,129222.0,2025-08-04 14:43:39.244050
2025-08-04,10908,2025080401071026,EBL,Sani Securities Company Ltd.,Creative Securities Pvt Ltd,116,717.9,83276.4,2025-08-04 14:43:39.244135
2025-08-04,10837,2025080401071064,EBL,Market Securities & Exchange (PVT) Ltd.,Agrawal Securities (PVT) Ltd.,15,715.1,10726.5,2025-08-04 14:43:44.218160
2025-08-04,10625,2025080401071125,EBL,Market Securities & Exchange (PVT) Ltd.,Sewa Securities Pvt. Ltd.,85,715.1,60783.5,2025-08-04 14:44:07.129844
2025-08-04,10612,2025080401071131,EBL,Sani Securities Company Ltd.,Sewa Securities Pvt. Ltd.,15,715.1,10726.5,2025-08-04 14:44:09.005043
2025-08-04,10611,2025080401071132,EBL,Sani Securities Company Ltd.,Dynamic Money Managers Securities Pvt. Ltd.,200,715.9,143180.0,2025-08-04 14:44:09.005245
2025-08-04,10610,2025080401071133,EBL,Sani Securities Company Ltd.,Neev Securities Pvt. Ltd.,185,716.0,132460.0,2025-08-04 14:44:09.005337
2025-08-04,10461,2025080401071193,EBL,Dipshikha Dhitopatra Karobar Co. Pvt Ltd.,Vision Securities Pvt. Ltd,100,715.0,71500.0,2025-08-04 14:44:28.069943
2025-08-04,9943,2025080401071371,EBL,Naasa Securities Co. Ltd.,Dynamic Money Managers Securities Pvt. Ltd.,10,716.9,7169.0,2025-08-04 14:45:04.030254
2025-08-04,9396,2025080401071533,EBL,Kohinoor Investment & Securities Pvt. Ltd.,Dynamic Money Managers Securities Pvt. Ltd.,50,716.9,35845.0,2025-08-04 14:45:55.158699
2025-08-04,8794,2025080401071734,EBL,Oxford Securities Pvt. Ltd.,Hatemalo Financial Services Private Limited,11,716.8,7884.8,2025-08-04 14:46:52.079199
2025-08-04,8793,2025080401071735,EBL,Oxford Securities Pvt. Ltd.,Dynamic Money Managers Securities Pvt. Ltd.,140,716.9,100366.0,2025-08-04 14:46:52.079464
2025-08-04,8792,2025080401071736,EBL,Oxford Securities Pvt. Ltd.,Trishakti Securities Public Limited,849,717.0,608733.0,2025-08-04 14:46:52.079556
2025-08-04,7863,2025080401072051,EBL,Midas Stock Broking Company Private Limited,Linch Stock Market Ltd.,10,716.8,7168.0,2025-08-04 14:48:47.617323
2025-08-04,7666,2025080401072121,EBL,Dipshikha Dhitopatra Karobar Co. Pvt Ltd.,Linch Stock Market Ltd.,39,716.8,27955.2,2025-08-04 14:49:11.469332
2025-08-04,7665,2025080401072122,EBL,Dipshikha Dhitopatra Karobar Co. Pvt Ltd.,Trishakti Securities Public Limited,151,717.0,108267.0,2025-08-04 14:49:11.469578
2025-08-04,7664,2025080401072123,EBL,Dipshikha Dhitopatra Karobar Co. Pvt Ltd.,Sipla Securities Private Limited,10,717.0,7170.0,2025-08-04 14:49:11.469681
2025-08-04,7401,2025080401072251,EBL,Oxford Securities Pvt. Ltd.,Kumari Securities Private Limited,500,716.0,358000.0,2025-08-04 14:49:41.242060
2025-08-04,6573,2025080401072588,EBL,Dynamic Money Managers Securities Pvt. Ltd.,Vision Securities Pvt. Ltd,100,717.0,71700.0,2025-08-04 14:51:04.793800
2025-08-04,6486,2025080401072627,EBL,Oxford Securities Pvt. Ltd.,Vision Securities Pvt. Ltd,12,717.0,8604.0,2025-08-04 14:51:12.450446
2025-08-04,6283,2025080401072711,EBL,Oxford Securities Pvt. Ltd.,Dynamic Money Managers Securities Pvt. Ltd.,88,717.0,63096.0,2025-08-04 14:51:34.535810
2025-08-04,6133,2025080401072770,EBL,Trishakti Securities Public Limited,Dynamic Money Managers Securities Pvt. Ltd.,400,717.0,286800.0,2025-08-04 14:51:53.419086
2025-08-04,6113,2025080401072776,EBL,Thrive Brokerage House Pvt. Ltd,Dynamic Money Managers Securities Pvt. Ltd.,480,717.0,344160.0,2025-08-04 14:51:56.075193
2025-08-04,5580,2025080401072875,EBL,Dakshinkali Investment & Securities Pvt. Ltd.,Dynamic Money Managers Securities Pvt. Ltd.,2000,717.0,1434000.0,2025-08-04 14:53:12.262599
2025-08-04,5521,2025080401072934,EBL,Sani Securities Company Ltd.,Trisul Securities & Invt. Ltd.,88,716.0,63008.0,2025-08-04 14:53:12.314012
2025-08-04,5491,2025080401072964,EBL,Aakashbhairab Securities Ltd.,Dynamic Money Managers Securities Pvt. Ltd.,32,717.0,22944.0,2025-08-04 14:53:12.344827
2025-08-04,5490,2025080401072965,EBL,Aakashbhairab Securities Ltd.,Dynamic Money Managers Securities Pvt. Ltd.,88,717.0,63096.0,2025-08-04 14:53:12.344989
2025-08-04,5405,2025080401073050,EBL,Aakashbhairab Securities Ltd.,Dakshinkali Investment & Securities Pvt. Ltd.,50,717.0,35850.0,2025-08-04 14:53:12.420395
2025-08-04,5381,2025080401073074,EBL,Aakashbhairab Securities Ltd.,Opal Securities Investment (PVT) Ltd.,330,717.0,236610.0,2025-08-04 14:53:12.440796
2025-08-04,5223,2025080401073148,EBL,Vision Securities Pvt. Ltd,Opal Securities Investment (PVT) Ltd.,10,717.0,7170.0,2025-08-04 14:53:29.191188
2025-08-04,5181,2025080401073167,EBL,Aakashbhairab Securities Ltd.,Opal Securities Investment (PVT) Ltd.,160,717.0,114720.0,2025-08-04 14:53:31.756401
2025-08-04,5180,2025080401073168,EBL,Aakashbhairab Securities Ltd.,Opal Securities Investment (PVT) Ltd.,340,717.0,243780.0,2025-08-04 14:53:31.756644
2025-08-04,5019,2025080401073204,EBL,Dynamic Money Managers Securities Pvt. Ltd.,Opal Securities Investment (PVT) Ltd.,160,717.0,114720.0,2025-08-04 14:53:41.423925
2025-08-04,1773,2025080401073360,EBL,Dynamic Money Managers Securities Pvt. Ltd.,Opal Securities Investment (PVT) Ltd.,500,717.0,358500.0,2025-08-04 14:58:57.286689
2025-08-04,1733,2025080401073398,EBL,Dynamic Money Managers Securities Pvt. Ltd.,Vision Securities Pvt. Ltd,66,717.0,47322.0,2025-08-04 14:58:57.321694
2025-08-04,136,2025080401073587,EBL,Dynamic Money Managers Securities Pvt. Ltd.,Opal Securities Investment (PVT) Ltd.,55,717.0,39435.0,2025-08-04 14:59:56.671772
