Date,S.N.,Contract ID,Symbol,Buyer Broker,Seller Broker,quantity,rate,amount,transaction_time
2025-08-04,142446,2025080403000347,GFCL,Dakshinkali Investment & Securities Pvt. Ltd.,Midas Stock Broking Company Private Limited,123,716.0,88068.0,2025-08-04 11:06:27.324533
2025-08-04,142236,2025080403000362,GFCL,Dakshinkali Investment & Securities Pvt. Ltd.,Naasa Securities Co. Ltd.,20,716.1,14322.0,2025-08-04 11:06:36.459252
2025-08-04,141876,2025080403000392,GFCL,Dakshinkali Investment & Securities Pvt. Ltd.,Premier Securities Company Ltd.,70,716.5,50155.0,2025-08-04 11:06:54.973567
2025-08-04,141875,2025080403000393,GFCL,Dakshinkali Investment & Securities Pvt. Ltd.,Midas Stock Broking Company Private Limited,330,716.5,236445.0,2025-08-04 11:06:54.973708
2025-08-04,140139,2025080403000489,GFCL,Agrawal Securities (PVT) Ltd.,Asian Securities Private Ltd.,80,716.0,57280.0,2025-08-04 11:08:16.598174
2025-08-04,138268,2025080403000659,GFCL,Sani Securities Company Ltd.,Vision Securities Pvt. Ltd,10,706.0,7060.0,2025-08-04 11:09:58.177088
2025-08-04,132499,2025080403001126,GFCL,Nepal Investment And Securities Trading Private Limited,Sani Securities Company Ltd.,30,706.1,21183.0,2025-08-04 11:14:24.074343
2025-08-04,132222,2025080403001152,GFCL,Dipshikha Dhitopatra Karobar Co. Pvt Ltd.,Sani Securities Company Ltd.,19,706.1,13415.9,2025-08-04 11:14:34.423142
2025-08-04,130435,2025080403001266,GFCL,Shree Krishna Securities Ltd.,Cristal Kanchanjanga Securites Pvt. Ltd.,10,706.2,7062.0,2025-08-04 11:16:01.077466
2025-08-04,120565,2025080403001991,GFCL,Sani Securities Company Ltd.,Naasa Securities Co. Ltd.,10,707.0,7070.0,2025-08-04 11:25:05.489845
2025-08-04,118093,2025080403002136,GFCL,ABC Securities Private Limited,ABC Securities Private Limited,10,713.0,7130.0,2025-08-04 11:27:28.213604
2025-08-04,115679,2025080403002318,GFCL,Online Securities Pvt. Ltd.,Vision Securities Pvt. Ltd,10,707.1,7071.0,2025-08-04 11:29:57.265851
2025-08-04,115328,2025080403002348,GFCL,Online Securities Pvt. Ltd.,Secured Securities Ltd.,90,707.1,63639.0,2025-08-04 11:30:22.421956
2025-08-04,114430,2025080403002423,GFCL,Sani Securities Company Ltd.,Secured Securities Ltd.,60,707.0,42420.0,2025-08-04 11:31:14.027229
2025-08-04,114135,2025080403002449,GFCL,ABC Securities Private Limited,Vision Securities Pvt. Ltd,10,714.0,7140.0,2025-08-04 11:31:37.917927
2025-08-04,113596,2025080403002482,GFCL,ABC Securities Private Limited,Vision Securities Pvt. Ltd,100,712.0,71200.0,2025-08-04 11:32:08.545165
2025-08-04,109042,2025080403002768,GFCL,Agrawal Securities (PVT) Ltd.,Market Securities & Exchange (PVT) Ltd.,20,710.0,14200.0,2025-08-04 11:36:13.841071
2025-08-04,108893,2025080403002780,GFCL,Sani Securities Company Ltd.,Vision Securities Pvt. Ltd,10,707.0,7070.0,2025-08-04 11:36:23.569719
2025-08-04,98904,2025080403003769,GFCL,Shree Krishna Securities Ltd.,Market Securities & Exchange (PVT) Ltd.,370,707.6,261812.0,2025-08-04 11:48:46.024117
2025-08-04,98903,2025080403003770,GFCL,Online Securities Pvt. Ltd.,Market Securities & Exchange (PVT) Ltd.,50,707.5,35375.0,2025-08-04 11:48:46.024365
2025-08-04,98902,2025080403003771,GFCL,Naasa Securities Co. Ltd.,Market Securities & Exchange (PVT) Ltd.,50,707.1,35355.0,2025-08-04 11:48:46.024516
2025-08-04,98901,2025080403003772,GFCL,Sani Securities Company Ltd.,Market Securities & Exchange (PVT) Ltd.,60,707.0,42420.0,2025-08-04 11:48:46.024689
2025-08-04,98900,2025080403003773,GFCL,Sani Securities Company Ltd.,Market Securities & Exchange (PVT) Ltd.,90,707.0,63630.0,2025-08-04 11:48:46.024831
2025-08-04,97659,2025080403004000,GFCL,Sundhara Securities Limited,Linch Stock Market Ltd.,20,706.3,14126.0,2025-08-04 11:50:53.209238
2025-08-04,97345,2025080403004061,GFCL,Nepal Stock House (PVT) Ltd.,Linch Stock Market Ltd.,30,706.2,21186.0,2025-08-04 11:51:23.418807
2025-08-04,96132,2025080403004267,GFCL,Bhrikuti Stock Broking Co. Pvt. Ltd.,Market Securities & Exchange (PVT) Ltd.,110,707.0,77770.0,2025-08-04 11:53:38.649087
2025-08-04,94585,2025080403004524,GFCL,ABC Securities Private Limited,Aryatara Investment & Securities,25,706.3,17657.5,2025-08-04 11:56:52.714533
2025-08-04,93862,2025080403004645,GFCL,MILKY WAY SHARE BROKER COMPANY LTD ,Sumeru Securities Pvt. Ltd.,20,706.5,14130.0,2025-08-04 11:58:25.697937
2025-08-04,93861,2025080403004646,GFCL,ABC Securities Private Limited,Sumeru Securities Pvt. Ltd.,10,706.3,7063.0,2025-08-04 11:58:25.698096
2025-08-04,93603,2025080403004697,GFCL,ABC Securities Private Limited,Kohinoor Investment & Securities Pvt. Ltd.,20,706.3,14126.0,2025-08-04 11:59:02.251016
2025-08-04,93104,2025080403004780,GFCL,ABC Securities Private Limited,Shree Krishna Securities Ltd.,50,706.3,35315.0,2025-08-04 11:59:55.416920
2025-08-04,92988,2025080403004790,GFCL,ABC Securities Private Limited,Sri Hari Securities Pvt. Ltd.,100,706.3,70630.0,2025-08-04 12:00:05.734518
2025-08-04,91349,2025080403005010,GFCL,Dynamic Money Managers Securities Pvt. Ltd.,Imperial Securities Company Pvt. Ltd.,50,706.5,35325.0,2025-08-04 12:03:00.324287
2025-08-04,90653,2025080403005151,GFCL,ABC Securities Private Limited,Imperial Securities Company Pvt. Ltd.,45,706.3,31783.5,2025-08-04 12:04:25.664067
2025-08-04,90652,2025080403005152,GFCL,Nepal Stock House (PVT) Ltd.,Imperial Securities Company Pvt. Ltd.,20,706.3,14126.0,2025-08-04 12:04:25.664189
2025-08-04,90651,2025080403005153,GFCL,Dipshikha Dhitopatra Karobar Co. Pvt Ltd.,Imperial Securities Company Pvt. Ltd.,21,706.1,14828.1,2025-08-04 12:04:25.664242
2025-08-04,90650,2025080403005154,GFCL,Sani Securities Company Ltd.,Imperial Securities Company Pvt. Ltd.,50,706.0,35300.0,2025-08-04 12:04:25.664294
2025-08-04,90649,2025080403005155,GFCL,Neev Securities Pvt. Ltd.,Imperial Securities Company Pvt. Ltd.,300,706.0,211800.0,2025-08-04 12:04:25.664345
2025-08-04,90264,2025080403005233,GFCL,Thrive Brokerage House Pvt. Ltd,Kumari Securities Private Limited,50,705.0,35250.0,2025-08-04 12:05:06.135196
2025-08-04,90110,2025080403005246,GFCL,Sundhara Securities Limited,Dynamic Money Managers Securities Pvt. Ltd.,100,704.1,70410.0,2025-08-04 12:05:24.325573
2025-08-04,90109,2025080403005247,GFCL,Swarna Laxmi Securities Pvt. Ltd.,Dynamic Money Managers Securities Pvt. Ltd.,100,704.0,70400.0,2025-08-04 12:05:24.325832
2025-08-04,90108,2025080403005248,GFCL,Kohinoor Investment & Securities Pvt. Ltd.,Dynamic Money Managers Securities Pvt. Ltd.,10,704.0,7040.0,2025-08-04 12:05:24.325984
2025-08-04,89868,2025080403005282,GFCL,Kohinoor Investment & Securities Pvt. Ltd.,Kumari Securities Private Limited,240,704.0,168960.0,2025-08-04 12:05:42.526976
2025-08-04,89114,2025080403005414,GFCL,Bhrikuti Stock Broking Co. Pvt. Ltd.,Kumari Securities Private Limited,15,704.0,10560.0,2025-08-04 12:06:49.425733
2025-08-04,88552,2025080403005501,GFCL,Bhrikuti Stock Broking Co. Pvt. Ltd.,Kohinoor Investment & Securities Pvt. Ltd.,378,704.0,266112.0,2025-08-04 12:07:34.376955
2025-08-04,88390,2025080403005530,GFCL,Bhrikuti Stock Broking Co. Pvt. Ltd.,Imperial Securities Company Pvt. Ltd.,107,704.0,75328.0,2025-08-04 12:07:48.982270
2025-08-04,88047,2025080403005604,GFCL,Sri Hari Securities Pvt. Ltd.,Imperial Securities Company Pvt. Ltd.,20,703.0,14060.0,2025-08-04 12:08:20.732798
2025-08-04,88046,2025080403005605,GFCL,Dakshinkali Investment & Securities Pvt. Ltd.,Imperial Securities Company Pvt. Ltd.,200,703.0,140600.0,2025-08-04 12:08:20.732922
2025-08-04,88045,2025080403005606,GFCL,Online Securities Pvt. Ltd.,Imperial Securities Company Pvt. Ltd.,40,703.0,28120.0,2025-08-04 12:08:20.732996
2025-08-04,87586,2025080403005722,GFCL,MILKY WAY SHARE BROKER COMPANY LTD ,Linch Stock Market Ltd.,20,702.0,14040.0,2025-08-04 12:08:54.653802
2025-08-04,86869,2025080403005863,GFCL,Shree Krishna Securities Ltd.,Cristal Kanchanjanga Securites Pvt. Ltd.,20,702.0,14040.0,2025-08-04 12:09:57.220903
2025-08-04,86868,2025080403005864,GFCL,Shree Krishna Securities Ltd.,Cristal Kanchanjanga Securites Pvt. Ltd.,30,700.2,21006.0,2025-08-04 12:09:57.221157
2025-08-04,86867,2025080403005865,GFCL,Dipshikha Dhitopatra Karobar Co. Pvt Ltd.,Cristal Kanchanjanga Securites Pvt. Ltd.,10,700.1,7001.0,2025-08-04 12:09:57.221305
2025-08-04,86866,2025080403005866,GFCL,Primo Securities (PVT) Ltd.,Cristal Kanchanjanga Securites Pvt. Ltd.,100,700.0,70000.0,2025-08-04 12:09:57.221447
2025-08-04,86865,2025080403005867,GFCL,Imperial Securities Company Pvt. Ltd.,Cristal Kanchanjanga Securites Pvt. Ltd.,130,700.0,91000.0,2025-08-04 12:09:57.221604
2025-08-04,86669,2025080403005924,GFCL,Imperial Securities Company Pvt. Ltd.,Imperial Securities Company Pvt. Ltd.,50,700.0,35000.0,2025-08-04 12:10:17.349357
2025-08-04,85291,2025080403006164,GFCL,Vision Securities Pvt. Ltd,Linch Stock Market Ltd.,100,702.0,70200.0,2025-08-04 12:12:24.540753
2025-08-04,84607,2025080403006281,GFCL,Sundhara Securities Limited,Naasa Securities Co. Ltd.,20,700.1,14002.0,2025-08-04 12:13:24.942143
2025-08-04,84606,2025080403006282,GFCL,Imperial Securities Company Pvt. Ltd.,Naasa Securities Co. Ltd.,480,700.0,336000.0,2025-08-04 12:13:24.942314
2025-08-04,83754,2025080403006406,GFCL,Vision Securities Pvt. Ltd,Linch Stock Market Ltd.,100,702.0,70200.0,2025-08-04 12:14:39.214810
2025-08-04,83753,2025080403006407,GFCL,Vision Securities Pvt. Ltd,Linch Stock Market Ltd.,100,702.9,70290.0,2025-08-04 12:14:39.214936
2025-08-04,83604,2025080403006428,GFCL,Imperial Securities Company Pvt. Ltd.,Vision Securities Pvt. Ltd,840,700.0,588000.0,2025-08-04 12:14:52.413986
2025-08-04,83603,2025080403006429,GFCL,Online Securities Pvt. Ltd.,Vision Securities Pvt. Ltd,100,700.0,70000.0,2025-08-04 12:14:52.414107
2025-08-04,83602,2025080403006430,GFCL,Sani Securities Company Ltd.,Vision Securities Pvt. Ltd,21,700.0,14700.0,2025-08-04 12:14:52.414160
2025-08-04,83601,2025080403006431,GFCL,Naasa Securities Co. Ltd.,Vision Securities Pvt. Ltd,20,700.0,14000.0,2025-08-04 12:14:52.414227
2025-08-04,83600,2025080403006432,GFCL,Agrawal Securities (PVT) Ltd.,Vision Securities Pvt. Ltd,10,700.0,7000.0,2025-08-04 12:14:52.414277
2025-08-04,83599,2025080403006433,GFCL,Kohinoor Investment & Securities Pvt. Ltd.,Vision Securities Pvt. Ltd,30,700.0,21000.0,2025-08-04 12:14:52.414322
2025-08-04,83598,2025080403006434,GFCL,Siprabi Securities Pvt. Ltd.,Vision Securities Pvt. Ltd,76,700.0,53200.0,2025-08-04 12:14:52.414367
2025-08-04,82603,2025080403006551,GFCL,Premier Securities Company Ltd.,Imperial Securities Company Pvt. Ltd.,500,703.0,351500.0,2025-08-04 12:16:24.151980
2025-08-04,82602,2025080403006552,GFCL,Siprabi Securities Pvt. Ltd.,Imperial Securities Company Pvt. Ltd.,424,700.0,296800.0,2025-08-04 12:16:24.152031
2025-08-04,82601,2025080403006553,GFCL,Asian Securities Private Ltd.,Imperial Securities Company Pvt. Ltd.,200,700.0,140000.0,2025-08-04 12:16:24.152062
2025-08-04,82600,2025080403006554,GFCL,Dynamic Money Managers Securities Pvt. Ltd.,Imperial Securities Company Pvt. Ltd.,45,700.0,31500.0,2025-08-04 12:16:24.152087
2025-08-04,82599,2025080403006555,GFCL,Premier Securities Company Ltd.,Imperial Securities Company Pvt. Ltd.,20,700.0,14000.0,2025-08-04 12:16:24.152114
2025-08-04,82598,2025080403006556,GFCL,Naasa Securities Co. Ltd.,Imperial Securities Company Pvt. Ltd.,20,700.0,14000.0,2025-08-04 12:16:24.152153
2025-08-04,82597,2025080403006557,GFCL,Trisul Securities & Invt. Ltd.,Imperial Securities Company Pvt. Ltd.,20,695.0,13900.0,2025-08-04 12:16:24.152176
2025-08-04,82596,2025080403006558,GFCL,Asian Securities Private Ltd.,Imperial Securities Company Pvt. Ltd.,224,695.0,155680.0,2025-08-04 12:16:24.152202
2025-08-04,82372,2025080403006613,GFCL,Asian Securities Private Ltd.,SHUBHAKAMANA SECURITIES PVT. LTD,76,695.0,52820.0,2025-08-04 12:16:40.604793
2025-08-04,82371,2025080403006614,GFCL,Dynamic Money Managers Securities Pvt. Ltd.,SHUBHAKAMANA SECURITIES PVT. LTD,50,695.0,34750.0,2025-08-04 12:16:40.604893
2025-08-04,82370,2025080403006615,GFCL,Nepal Investment And Securities Trading Private Limited,SHUBHAKAMANA SECURITIES PVT. LTD,100,693.0,69300.0,2025-08-04 12:16:40.604970
2025-08-04,82369,2025080403006616,GFCL,Miyo Securities Pvt Ltd,SHUBHAKAMANA SECURITIES PVT. LTD,200,693.0,138600.0,2025-08-04 12:16:40.605065
2025-08-04,82368,2025080403006617,GFCL,Sani Securities Company Ltd.,SHUBHAKAMANA SECURITIES PVT. LTD,84,693.0,58212.0,2025-08-04 12:16:40.605136
2025-08-04,82194,2025080403006652,GFCL,Sani Securities Company Ltd.,Online Securities Pvt. Ltd.,50,693.0,34650.0,2025-08-04 12:16:55.010721
2025-08-04,81216,2025080403006859,GFCL,Vision Securities Pvt. Ltd,SHUBHAKAMANA SECURITIES PVT. LTD,100,695.0,69500.0,2025-08-04 12:18:36.951881
2025-08-04,81215,2025080403006860,GFCL,Premier Securities Company Ltd.,SHUBHAKAMANA SECURITIES PVT. LTD,10,695.0,6950.0,2025-08-04 12:18:36.951985
2025-08-04,81214,2025080403006861,GFCL,Vision Securities Pvt. Ltd,SHUBHAKAMANA SECURITIES PVT. LTD,167,694.1,115914.7,2025-08-04 12:18:36.952081
2025-08-04,81213,2025080403006862,GFCL,South Asian Bulls Pvt. Ltd.,SHUBHAKAMANA SECURITIES PVT. LTD,70,694.0,48580.0,2025-08-04 12:18:36.952155
2025-08-04,81212,2025080403006863,GFCL,Vision Securities Pvt. Ltd,SHUBHAKAMANA SECURITIES PVT. LTD,100,694.0,69400.0,2025-08-04 12:18:36.952226
2025-08-04,81211,2025080403006864,GFCL,Sundhara Securities Limited,SHUBHAKAMANA SECURITIES PVT. LTD,30,693.1,20793.0,2025-08-04 12:18:36.952298
2025-08-04,81210,2025080403006865,GFCL,Sani Securities Company Ltd.,SHUBHAKAMANA SECURITIES PVT. LTD,23,693.0,15939.0,2025-08-04 12:18:36.952371
2025-08-04,80041,2025080403007051,GFCL,Vision Securities Pvt. Ltd,ABC Securities Private Limited,100,694.0,69400.0,2025-08-04 12:20:06.038885
2025-08-04,80040,2025080403007052,GFCL,Kumari Securities Private Limited,ABC Securities Private Limited,140,693.1,97034.0,2025-08-04 12:20:06.038931
2025-08-04,80039,2025080403007053,GFCL,Sani Securities Company Ltd.,ABC Securities Private Limited,443,693.0,306999.0,2025-08-04 12:20:06.038960
2025-08-04,80038,2025080403007054,GFCL,Imperial Securities Company Pvt. Ltd.,ABC Securities Private Limited,10,692.1,6921.0,2025-08-04 12:20:06.038991
2025-08-04,80037,2025080403007055,GFCL,Sani Securities Company Ltd.,ABC Securities Private Limited,100,692.1,69210.0,2025-08-04 12:20:06.039035
2025-08-04,80036,2025080403007056,GFCL,BHOLE GANESH SECURITIES LTD,ABC Securities Private Limited,100,692.0,69200.0,2025-08-04 12:20:06.039063
2025-08-04,80035,2025080403007057,GFCL,Cristal Kanchanjanga Securites Pvt. Ltd.,ABC Securities Private Limited,500,692.0,346000.0,2025-08-04 12:20:06.039096
2025-08-04,80034,2025080403007058,GFCL,Online Securities Pvt. Ltd.,ABC Securities Private Limited,107,691.9,74033.3,2025-08-04 12:20:06.039133
2025-08-04,79014,2025080403007252,GFCL,Sri Hari Securities Pvt. Ltd.,Sani Securities Company Ltd.,500,698.0,349000.0,2025-08-04 12:22:07.614133
2025-08-04,79013,2025080403007253,GFCL,Sri Hari Securities Pvt. Ltd.,Citizens Share Broker Limited,277,700.0,193900.0,2025-08-04 12:22:07.614276
2025-08-04,77841,2025080403007473,GFCL,Kohinoor Investment & Securities Pvt. Ltd.,Sundhara Securities Limited,200,693.0,138600.0,2025-08-04 12:24:16.781044
2025-08-04,77840,2025080403007474,GFCL,Vision Securities Pvt. Ltd,Sundhara Securities Limited,20,693.0,13860.0,2025-08-04 12:24:16.781358
2025-08-04,77005,2025080403007592,GFCL,Shree Krishna Securities Ltd.,Sri Hari Securities Pvt. Ltd.,20,693.0,13860.0,2025-08-04 12:25:48.450756
2025-08-04,77004,2025080403007593,GFCL,Sani Securities Company Ltd.,Sri Hari Securities Pvt. Ltd.,30,693.0,20790.0,2025-08-04 12:25:48.450937
2025-08-04,75544,2025080403007839,GFCL,J.F. Securites (PVT) Ltd.,Arun Securities (PVT) Ltd.,10,694.0,6940.0,2025-08-04 12:28:21.737300
2025-08-04,74708,2025080403007970,GFCL,Bhrikuti Stock Broking Co. Pvt. Ltd.,Arun Securities (PVT) Ltd.,100,694.0,69400.0,2025-08-04 12:29:41.998636
2025-08-04,73263,2025080403008139,GFCL,Oxford Securities Pvt. Ltd.,Midas Stock Broking Company Private Limited,100,693.5,69350.0,2025-08-04 12:31:40.503998
2025-08-04,73129,2025080403008166,GFCL,Dynamic Money Managers Securities Pvt. Ltd.,Neev Securities Pvt. Ltd.,4,692.0,2768.0,2025-08-04 12:31:56.977370
2025-08-04,72688,2025080403008238,GFCL,Dipshikha Dhitopatra Karobar Co. Pvt Ltd.,Midas Stock Broking Company Private Limited,100,693.5,69350.0,2025-08-04 12:32:48.042778
2025-08-04,72515,2025080403008261,GFCL,Naasa Securities Co. Ltd.,Naasa Securities Co. Ltd.,10,693.1,6931.0,2025-08-04 12:33:05.924644
2025-08-04,72514,2025080403008262,GFCL,Sani Securities Company Ltd.,Naasa Securities Co. Ltd.,20,693.0,13860.0,2025-08-04 12:33:05.924773
2025-08-04,71988,2025080403008364,GFCL,ABC Securities Private Limited,Arun Securities (PVT) Ltd.,20,694.0,13880.0,2025-08-04 12:33:55.922162
2025-08-04,71921,2025080403008374,GFCL,Online Securities Pvt. Ltd.,Arun Securities (PVT) Ltd.,50,694.0,34700.0,2025-08-04 12:34:02.584955
2025-08-04,71453,2025080403008427,GFCL,Naasa Securities Co. Ltd.,Arun Securities (PVT) Ltd.,50,694.0,34700.0,2025-08-04 12:34:48.769012
2025-08-04,70544,2025080403008591,GFCL,Dipshikha Dhitopatra Karobar Co. Pvt Ltd.,Citizens Share Broker Limited,100,693.0,69300.0,2025-08-04 12:36:17.964946
2025-08-04,70543,2025080403008592,GFCL,Sumeru Securities Pvt. Ltd.,Citizens Share Broker Limited,20,693.0,13860.0,2025-08-04 12:36:17.965244
2025-08-04,70542,2025080403008593,GFCL,Imperial Securities Company Pvt. Ltd.,Citizens Share Broker Limited,10,693.0,6930.0,2025-08-04 12:36:17.965491
2025-08-04,70541,2025080403008594,GFCL,Kohinoor Investment & Securities Pvt. Ltd.,Citizens Share Broker Limited,250,693.0,173250.0,2025-08-04 12:36:17.965767
2025-08-04,70540,2025080403008595,GFCL,Himalayan Brokerage Company Limited,Citizens Share Broker Limited,50,693.0,34650.0,2025-08-04 12:36:17.966017
2025-08-04,70539,2025080403008596,GFCL,Dipshikha Dhitopatra Karobar Co. Pvt Ltd.,Citizens Share Broker Limited,20,693.0,13860.0,2025-08-04 12:36:17.966202
2025-08-04,70538,2025080403008597,GFCL,Capital Max Securities Ltd,Citizens Share Broker Limited,373,692.3,258227.9,2025-08-04 12:36:17.966402
2025-08-04,70497,2025080403008606,GFCL,Himalayan Brokerage Company Limited,Arun Securities (PVT) Ltd.,50,694.0,34700.0,2025-08-04 12:36:22.776298
2025-08-04,69161,2025080403008824,GFCL,Agrawal Securities (PVT) Ltd.,ABC Securities Private Limited,200,693.0,138600.0,2025-08-04 12:38:59.252553
2025-08-04,69160,2025080403008825,GFCL,KALASH STOCK MARKET PVT. LTD.,ABC Securities Private Limited,500,692.5,346250.0,2025-08-04 12:38:59.252621
2025-08-04,69159,2025080403008826,GFCL,Capital Max Securities Ltd,ABC Securities Private Limited,200,692.3,138460.0,2025-08-04 12:38:59.252646
2025-08-04,68866,2025080403008878,GFCL,Investment Management Nepal Pvt. Ltd.,Arun Securities (PVT) Ltd.,50,694.0,34700.0,2025-08-04 12:39:50.577323
2025-08-04,68075,2025080403008975,GFCL,J.F. Securites (PVT) Ltd.,Sumeru Securities Pvt. Ltd.,10,692.5,6925.0,2025-08-04 12:41:14.373290
2025-08-04,68074,2025080403008976,GFCL,J.F. Securites (PVT) Ltd.,Sumeru Securities Pvt. Ltd.,10,692.4,6924.0,2025-08-04 12:41:14.373449
2025-08-04,67777,2025080403009013,GFCL,Agrawal Securities (PVT) Ltd.,Arun Securities (PVT) Ltd.,80,694.0,55520.0,2025-08-04 12:41:56.079710
2025-08-04,66590,2025080403009250,GFCL,Primo Securities (PVT) Ltd.,Dipshikha Dhitopatra Karobar Co. Pvt Ltd.,100,695.0,69500.0,2025-08-04 12:44:45.599102
2025-08-04,64638,2025080403009579,GFCL,Sani Securities Company Ltd.,Imperial Securities Company Pvt. Ltd.,71,694.0,49274.0,2025-08-04 12:49:46.777244
2025-08-04,64598,2025080403009585,GFCL,Sri Hari Securities Pvt. Ltd.,Imperial Securities Company Pvt. Ltd.,20,694.0,13880.0,2025-08-04 12:49:52.023314
2025-08-04,64404,2025080403009608,GFCL,Dipshikha Dhitopatra Karobar Co. Pvt Ltd.,Thrive Brokerage House Pvt. Ltd,50,693.0,34650.0,2025-08-04 12:50:32.565162
2025-08-04,64117,2025080403009636,GFCL,Prabhu Stock Market Limited,Thrive Brokerage House Pvt. Ltd,50,693.0,34650.0,2025-08-04 12:51:24.612222
2025-08-04,64064,2025080403009646,GFCL,Dipshikha Dhitopatra Karobar Co. Pvt Ltd.,Thrive Brokerage House Pvt. Ltd,50,693.0,34650.0,2025-08-04 12:51:30.998014
2025-08-04,64042,2025080403009648,GFCL,Aryatara Investment & Securities,Thrive Brokerage House Pvt. Ltd,120,693.0,83160.0,2025-08-04 12:51:35.974970
2025-08-04,61602,2025080403010066,GFCL,Aryatara Investment & Securities,Asian Securities Private Ltd.,50,693.0,34650.0,2025-08-04 12:57:40.384230
2025-08-04,61588,2025080403010067,GFCL,Aryatara Investment & Securities,ABC Securities Private Limited,30,693.0,20790.0,2025-08-04 12:57:42.879003
2025-08-04,61587,2025080403010068,GFCL,Linch Stock Market Ltd.,ABC Securities Private Limited,20,693.0,13860.0,2025-08-04 12:57:42.879046
2025-08-04,61586,2025080403010069,GFCL,J.F. Securites (PVT) Ltd.,ABC Securities Private Limited,10,693.0,6930.0,2025-08-04 12:57:42.879066
2025-08-04,61585,2025080403010070,GFCL,J.F. Securites (PVT) Ltd.,ABC Securities Private Limited,10,692.5,6925.0,2025-08-04 12:57:42.879090
2025-08-04,61584,2025080403010071,GFCL,Naasa Securities Co. Ltd.,ABC Securities Private Limited,50,692.5,34625.0,2025-08-04 12:57:42.879122
2025-08-04,61583,2025080403010072,GFCL,J.F. Securites (PVT) Ltd.,ABC Securities Private Limited,10,692.4,6924.0,2025-08-04 12:57:42.879152
2025-08-04,61582,2025080403010073,GFCL,Capital Max Securities Ltd,ABC Securities Private Limited,27,692.3,18692.1,2025-08-04 12:57:42.879174
2025-08-04,61581,2025080403010074,GFCL,Himalayan Brokerage Company Limited,ABC Securities Private Limited,11,692.3,7615.3,2025-08-04 12:57:42.879197
2025-08-04,61580,2025080403010075,GFCL,Premier Securities Company Ltd.,ABC Securities Private Limited,32,692.2,22150.4,2025-08-04 12:57:42.879218
2025-08-04,61490,2025080403010098,GFCL,Sumeru Securities Pvt. Ltd.,ABC Securities Private Limited,40,692.2,27688.0,2025-08-04 12:57:50.979274
2025-08-04,61489,2025080403010099,GFCL,Imperial Securities Company Pvt. Ltd.,ABC Securities Private Limited,10,692.0,6920.0,2025-08-04 12:57:50.979324
2025-08-04,61488,2025080403010100,GFCL,Agrawal Securities (PVT) Ltd.,ABC Securities Private Limited,1000,692.0,692000.0,2025-08-04 12:57:50.979353
2025-08-04,61487,2025080403010101,GFCL,Online Securities Pvt. Ltd.,ABC Securities Private Limited,393,692.0,271956.0,2025-08-04 12:57:50.979379
2025-08-04,61486,2025080403010102,GFCL,Trisul Securities & Invt. Ltd.,ABC Securities Private Limited,10,692.0,6920.0,2025-08-04 12:57:50.979417
2025-08-04,61485,2025080403010103,GFCL,Sweta Securities Private Limited,ABC Securities Private Limited,47,691.3,32491.1,2025-08-04 12:57:50.979450
2025-08-04,61170,2025080403010150,GFCL,Dynamic Money Managers Securities Pvt. Ltd.,Vision Securities Pvt. Ltd,10,693.1,6931.0,2025-08-04 12:58:23.059115
2025-08-04,60979,2025080403010184,GFCL,Dynamic Money Managers Securities Pvt. Ltd.,Vision Securities Pvt. Ltd,10,693.1,6931.0,2025-08-04 12:58:46.322831
2025-08-04,59490,2025080403010360,GFCL,Bhrikuti Stock Broking Co. Pvt. Ltd.,Trishakti Securities Public Limited,75,696.8,52260.0,2025-08-04 13:01:46.360454
2025-08-04,59489,2025080403010361,GFCL,Bhrikuti Stock Broking Co. Pvt. Ltd.,Aryatara Investment & Securities,105,696.9,73174.5,2025-08-04 13:01:46.360644
2025-08-04,59488,2025080403010362,GFCL,Bhrikuti Stock Broking Co. Pvt. Ltd.,Online Securities Pvt. Ltd.,20,697.0,13940.0,2025-08-04 13:01:46.360709
2025-08-04,59375,2025080403010370,GFCL,J.F. Securites (PVT) Ltd.,Imperial Securities Company Pvt. Ltd.,9,694.0,6246.0,2025-08-04 13:02:00.820710
2025-08-04,58935,2025080403010460,GFCL,Agrawal Securities (PVT) Ltd.,Vision Securities Pvt. Ltd,50,694.1,34705.0,2025-08-04 13:02:57.593336
2025-08-04,58893,2025080403010461,GFCL,Agrawal Securities (PVT) Ltd.,Market Securities & Exchange (PVT) Ltd.,150,694.1,104115.0,2025-08-04 13:03:01.559744
2025-08-04,58892,2025080403010462,GFCL,Agrawal Securities (PVT) Ltd.,Market Securities & Exchange (PVT) Ltd.,300,694.0,208200.0,2025-08-04 13:03:01.560073
2025-08-04,58059,2025080403010625,GFCL,Agrawal Securities (PVT) Ltd.,ABC Securities Private Limited,500,692.1,346050.0,2025-08-04 13:05:10.001686
2025-08-04,58058,2025080403010626,GFCL,Shree Krishna Securities Ltd.,ABC Securities Private Limited,30,692.0,20760.0,2025-08-04 13:05:10.001723
2025-08-04,58057,2025080403010627,GFCL,J.F. Securites (PVT) Ltd.,ABC Securities Private Limited,10,692.0,6920.0,2025-08-04 13:05:10.001747
2025-08-04,58056,2025080403010628,GFCL,Online Securities Pvt. Ltd.,ABC Securities Private Limited,100,691.2,69120.0,2025-08-04 13:05:10.001767
2025-08-04,58055,2025080403010629,GFCL,Sumeru Securities Pvt. Ltd.,ABC Securities Private Limited,20,691.2,13824.0,2025-08-04 13:05:10.001804
2025-08-04,58054,2025080403010630,GFCL,Imperial Securities Company Pvt. Ltd.,ABC Securities Private Limited,30,691.0,20730.0,2025-08-04 13:05:10.001829
2025-08-04,58053,2025080403010631,GFCL,Imperial Securities Company Pvt. Ltd.,ABC Securities Private Limited,10,691.0,6910.0,2025-08-04 13:05:10.001850
2025-08-04,58052,2025080403010632,GFCL,Premier Securities Company Ltd.,ABC Securities Private Limited,700,691.0,483700.0,2025-08-04 13:05:10.001872
2025-08-04,58051,2025080403010633,GFCL,Dipshikha Dhitopatra Karobar Co. Pvt Ltd.,ABC Securities Private Limited,50,691.0,34550.0,2025-08-04 13:05:10.001900
2025-08-04,58050,2025080403010634,GFCL,Himalayan Brokerage Company Limited,ABC Securities Private Limited,100,691.0,69100.0,2025-08-04 13:05:10.001930
2025-08-04,58049,2025080403010635,GFCL,Opal Securities Investment (PVT) Ltd.,ABC Securities Private Limited,672,690.1,463747.2,2025-08-04 13:05:10.001959
2025-08-04,57990,2025080403010648,GFCL,Dynamic Money Managers Securities Pvt. Ltd.,Sani Securities Company Ltd.,4,680.0,2720.0,2025-08-04 13:05:21.574507
2025-08-04,57806,2025080403010679,GFCL,Opal Securities Investment (PVT) Ltd.,Dipshikha Dhitopatra Karobar Co. Pvt Ltd.,328,690.1,226352.8,2025-08-04 13:05:53.920194
2025-08-04,57805,2025080403010680,GFCL,Arun Securities (PVT) Ltd.,Dipshikha Dhitopatra Karobar Co. Pvt Ltd.,195,690.1,134569.5,2025-08-04 13:05:53.920468
2025-08-04,57781,2025080403010693,GFCL,Pragyan Securities (PVT) Ltd.,Midas Stock Broking Company Private Limited,300,690.0,207000.0,2025-08-04 13:05:59.197818
2025-08-04,57780,2025080403010694,GFCL,Trisul Securities & Invt. Ltd.,Midas Stock Broking Company Private Limited,10,690.0,6900.0,2025-08-04 13:05:59.197871
2025-08-04,57779,2025080403010695,GFCL,Dipshikha Dhitopatra Karobar Co. Pvt Ltd.,Midas Stock Broking Company Private Limited,290,690.0,200100.0,2025-08-04 13:05:59.197893
2025-08-04,57513,2025080403010724,GFCL,Dipshikha Dhitopatra Karobar Co. Pvt Ltd.,Cristal Kanchanjanga Securites Pvt. Ltd.,110,690.0,75900.0,2025-08-04 13:06:18.533802
2025-08-04,57512,2025080403010725,GFCL,Imperial Securities Company Pvt. Ltd.,Cristal Kanchanjanga Securites Pvt. Ltd.,100,690.0,69000.0,2025-08-04 13:06:18.534073
2025-08-04,57511,2025080403010726,GFCL,Linch Stock Market Ltd.,Cristal Kanchanjanga Securites Pvt. Ltd.,100,690.0,69000.0,2025-08-04 13:06:18.534238
2025-08-04,57510,2025080403010727,GFCL,Agrawal Securities (PVT) Ltd.,Cristal Kanchanjanga Securites Pvt. Ltd.,10,690.0,6900.0,2025-08-04 13:06:18.534390
2025-08-04,57509,2025080403010728,GFCL,Sumeru Securities Pvt. Ltd.,Cristal Kanchanjanga Securites Pvt. Ltd.,20,690.0,13800.0,2025-08-04 13:06:18.534559
2025-08-04,57508,2025080403010729,GFCL,Kohinoor Investment & Securities Pvt. Ltd.,Cristal Kanchanjanga Securites Pvt. Ltd.,73,690.0,50370.0,2025-08-04 13:06:18.534713
2025-08-04,57507,2025080403010730,GFCL,Online Securities Pvt. Ltd.,Cristal Kanchanjanga Securites Pvt. Ltd.,100,690.0,69000.0,2025-08-04 13:06:18.534859
2025-08-04,57506,2025080403010731,GFCL,Malla & Malla Stock Broking Company Pvt. Limited,Cristal Kanchanjanga Securites Pvt. Ltd.,10,690.0,6900.0,2025-08-04 13:06:18.535010
2025-08-04,57505,2025080403010732,GFCL,Cristal Kanchanjanga Securites Pvt. Ltd.,Cristal Kanchanjanga Securites Pvt. Ltd.,100,690.0,69000.0,2025-08-04 13:06:18.535185
2025-08-04,57504,2025080403010733,GFCL,Sumeru Securities Pvt. Ltd.,Cristal Kanchanjanga Securites Pvt. Ltd.,50,690.0,34500.0,2025-08-04 13:06:18.535333
2025-08-04,57503,2025080403010734,GFCL,Naasa Securities Co. Ltd.,Cristal Kanchanjanga Securites Pvt. Ltd.,20,690.0,13800.0,2025-08-04 13:06:18.535475
2025-08-04,57502,2025080403010735,GFCL,Sumeru Securities Pvt. Ltd.,Cristal Kanchanjanga Securites Pvt. Ltd.,20,690.0,13800.0,2025-08-04 13:06:18.535619
2025-08-04,56327,2025080403010924,GFCL,Naasa Securities Co. Ltd.,ABC Securities Private Limited,10,689.3,6893.0,2025-08-04 13:08:09.246285
2025-08-04,56326,2025080403010925,GFCL,Primo Securities (PVT) Ltd.,ABC Securities Private Limited,500,689.0,344500.0,2025-08-04 13:08:09.246328
2025-08-04,56325,2025080403010926,GFCL,Dakshinkali Investment & Securities Pvt. Ltd.,ABC Securities Private Limited,990,689.0,682110.0,2025-08-04 13:08:09.246353
2025-08-04,56083,2025080403010961,GFCL,Dakshinkali Investment & Securities Pvt. Ltd.,Naasa Securities Co. Ltd.,10,689.0,6890.0,2025-08-04 13:08:31.258840
2025-08-04,55861,2025080403011008,GFCL,Vision Securities Pvt. Ltd,Naasa Securities Co. Ltd.,100,689.0,68900.0,2025-08-04 13:08:56.535762
2025-08-04,55590,2025080403011045,GFCL,South Asian Bulls Pvt. Ltd.,Cristal Kanchanjanga Securites Pvt. Ltd.,287,689.0,197743.0,2025-08-04 13:09:39.317659
2025-08-04,55264,2025080403011070,GFCL,Imperial Securities Company Pvt. Ltd.,Cristal Kanchanjanga Securites Pvt. Ltd.,20,688.5,13770.0,2025-08-04 13:10:00.818888
2025-08-04,55263,2025080403011071,GFCL,Secured Securities Ltd.,Cristal Kanchanjanga Securites Pvt. Ltd.,100,687.0,68700.0,2025-08-04 13:10:00.819072
2025-08-04,55262,2025080403011072,GFCL,J.F. Securites (PVT) Ltd.,Cristal Kanchanjanga Securites Pvt. Ltd.,102,687.0,70074.0,2025-08-04 13:10:00.819138
2025-08-04,54947,2025080403011131,GFCL,Secured Securities Ltd.,Cristal Kanchanjanga Securites Pvt. Ltd.,50,687.0,34350.0,2025-08-04 13:10:39.564966
2025-08-04,54803,2025080403011155,GFCL,Oxford Securities Pvt. Ltd.,Cristal Kanchanjanga Securites Pvt. Ltd.,100,687.0,68700.0,2025-08-04 13:10:55.515110
2025-08-04,54769,2025080403011158,GFCL,Agrawal Securities (PVT) Ltd.,Cristal Kanchanjanga Securites Pvt. Ltd.,50,687.0,34350.0,2025-08-04 13:11:01.362334
2025-08-04,54605,2025080403011198,GFCL,Vision Securities Pvt. Ltd,Cristal Kanchanjanga Securites Pvt. Ltd.,78,687.0,53586.0,2025-08-04 13:11:26.628034
2025-08-04,54326,2025080403011242,GFCL,Vision Securities Pvt. Ltd,SHUBHAKAMANA SECURITIES PVT. LTD,22,687.0,15114.0,2025-08-04 13:11:54.894922
2025-08-04,54325,2025080403011243,GFCL,Himalayan Brokerage Company Limited,SHUBHAKAMANA SECURITIES PVT. LTD,10,687.0,6870.0,2025-08-04 13:11:54.895003
2025-08-04,54324,2025080403011244,GFCL,J.F. Securites (PVT) Ltd.,SHUBHAKAMANA SECURITIES PVT. LTD,10,686.1,6861.0,2025-08-04 13:11:54.895045
2025-08-04,54323,2025080403011245,GFCL,South Asian Bulls Pvt. Ltd.,SHUBHAKAMANA SECURITIES PVT. LTD,458,686.0,314188.0,2025-08-04 13:11:54.895071
2025-08-04,53910,2025080403011317,GFCL,South Asian Bulls Pvt. Ltd.,Online Securities Pvt. Ltd.,42,686.0,28812.0,2025-08-04 13:12:33.631697
2025-08-04,53909,2025080403011318,GFCL,Online Securities Pvt. Ltd.,Online Securities Pvt. Ltd.,100,686.0,68600.0,2025-08-04 13:12:33.631941
2025-08-04,53766,2025080403011349,GFCL,Vision Securities Pvt. Ltd,Naasa Securities Co. Ltd.,100,686.0,68600.0,2025-08-04 13:12:52.484098
2025-08-04,53765,2025080403011350,GFCL,J.F. Securites (PVT) Ltd.,Naasa Securities Co. Ltd.,10,686.0,6860.0,2025-08-04 13:12:52.484365
2025-08-04,53764,2025080403011351,GFCL,Himalayan Brokerage Company Limited,Naasa Securities Co. Ltd.,10,686.0,6860.0,2025-08-04 13:12:52.484516
2025-08-04,53700,2025080403011366,GFCL,Imperial Securities Company Pvt. Ltd.,Naasa Securities Co. Ltd.,100,686.0,68600.0,2025-08-04 13:13:02.063074
2025-08-04,53587,2025080403011388,GFCL,Vision Securities Pvt. Ltd,Naasa Securities Co. Ltd.,100,686.0,68600.0,2025-08-04 13:13:17.212948
2025-08-04,53576,2025080403011392,GFCL,Imperial Securities Company Pvt. Ltd.,Naasa Securities Co. Ltd.,20,686.0,13720.0,2025-08-04 13:13:19.394307
2025-08-04,53439,2025080403011404,GFCL,Nepal Investment And Securities Trading Private Limited,Naasa Securities Co. Ltd.,10,686.0,6860.0,2025-08-04 13:13:41.449857
2025-08-04,53351,2025080403011431,GFCL,Imperial Securities Company Pvt. Ltd.,Naasa Securities Co. Ltd.,100,686.0,68600.0,2025-08-04 13:13:52.923920
2025-08-04,53340,2025080403011432,GFCL,Vision Securities Pvt. Ltd,Naasa Securities Co. Ltd.,20,686.0,13720.0,2025-08-04 13:13:58.051753
2025-08-04,53334,2025080403011433,GFCL,Malla & Malla Stock Broking Company Pvt. Limited,Online Securities Pvt. Ltd.,30,685.5,20565.0,2025-08-04 13:13:58.788826
2025-08-04,53249,2025080403011458,GFCL,Nepal Investment And Securities Trading Private Limited,Naasa Securities Co. Ltd.,10,685.1,6851.0,2025-08-04 13:14:13.559520
2025-08-04,53068,2025080403011512,GFCL,Secured Securities Ltd.,Online Securities Pvt. Ltd.,20,685.5,13710.0,2025-08-04 13:14:25.418556
2025-08-04,52913,2025080403011545,GFCL,Nepal Investment And Securities Trading Private Limited,Online Securities Pvt. Ltd.,41,685.1,28089.1,2025-08-04 13:14:45.685352
2025-08-04,52865,2025080403011550,GFCL,Investment Management Nepal Pvt. Ltd.,Online Securities Pvt. Ltd.,30,685.5,20565.0,2025-08-04 13:14:53.633755
2025-08-04,52404,2025080403011648,GFCL,ABC Securities Private Limited,Naasa Securities Co. Ltd.,20,686.0,13720.0,2025-08-04 13:15:54.941194
2025-08-04,52300,2025080403011662,GFCL,Online Securities Pvt. Ltd.,Naasa Securities Co. Ltd.,10,686.0,6860.0,2025-08-04 13:16:06.928619
2025-08-04,51837,2025080403011762,GFCL,Opal Securities Investment (PVT) Ltd.,ABC Securities Private Limited,40,685.3,27412.0,2025-08-04 13:17:05.793215
2025-08-04,51836,2025080403011763,GFCL,Online Securities Pvt. Ltd.,ABC Securities Private Limited,15,685.3,10279.5,2025-08-04 13:17:05.793260
2025-08-04,51835,2025080403011764,GFCL,Midas Stock Broking Company Private Limited,ABC Securities Private Limited,100,685.2,68520.0,2025-08-04 13:17:05.793285
2025-08-04,51834,2025080403011765,GFCL,Shree Krishna Securities Ltd.,ABC Securities Private Limited,145,685.2,99354.0,2025-08-04 13:17:05.793309
2025-08-04,51833,2025080403011766,GFCL,Aakashbhairab Securities Ltd.,ABC Securities Private Limited,20,685.2,13704.0,2025-08-04 13:17:05.793347
2025-08-04,51832,2025080403011767,GFCL,Nepal Investment And Securities Trading Private Limited,ABC Securities Private Limited,49,685.1,33569.9,2025-08-04 13:17:05.793376
2025-08-04,51831,2025080403011768,GFCL,Imperial Securities Company Pvt. Ltd.,ABC Securities Private Limited,500,685.1,342550.0,2025-08-04 13:17:05.793400
2025-08-04,51830,2025080403011769,GFCL,Sweta Securities Private Limited,ABC Securities Private Limited,53,685.1,36310.3,2025-08-04 13:17:05.793423
2025-08-04,51829,2025080403011770,GFCL,Vision Securities Pvt. Ltd,ABC Securities Private Limited,100,685.0,68500.0,2025-08-04 13:17:05.793445
2025-08-04,51828,2025080403011771,GFCL,Malla & Malla Stock Broking Company Pvt. Limited,ABC Securities Private Limited,20,685.0,13700.0,2025-08-04 13:17:05.793472
2025-08-04,51827,2025080403011772,GFCL,Naasa Securities Co. Ltd.,ABC Securities Private Limited,164,685.0,112340.0,2025-08-04 13:17:05.793495
2025-08-04,51826,2025080403011773,GFCL,Shree Krishna Securities Ltd.,ABC Securities Private Limited,2000,685.0,1370000.0,2025-08-04 13:17:05.793519
2025-08-04,51825,2025080403011774,GFCL,Malla & Malla Stock Broking Company Pvt. Limited,ABC Securities Private Limited,10,685.0,6850.0,2025-08-04 13:17:05.793541
2025-08-04,51824,2025080403011775,GFCL,Dynamic Money Managers Securities Pvt. Ltd.,ABC Securities Private Limited,25,685.0,17125.0,2025-08-04 13:17:05.793560
2025-08-04,51823,2025080403011776,GFCL,Nepal Investment And Securities Trading Private Limited,ABC Securities Private Limited,92,685.0,63020.0,2025-08-04 13:17:05.793585
2025-08-04,51748,2025080403011791,GFCL,Nepal Investment And Securities Trading Private Limited,ABC Securities Private Limited,158,685.0,108230.0,2025-08-04 13:17:14.903275
2025-08-04,51747,2025080403011792,GFCL,J.F. Securites (PVT) Ltd.,ABC Securities Private Limited,100,685.0,68500.0,2025-08-04 13:17:14.903313
2025-08-04,51746,2025080403011793,GFCL,Himalayan Brokerage Company Limited,ABC Securities Private Limited,100,685.0,68500.0,2025-08-04 13:17:14.903333
2025-08-04,51745,2025080403011794,GFCL,Aryatara Investment & Securities,ABC Securities Private Limited,197,685.0,134945.0,2025-08-04 13:17:14.903355
2025-08-04,51733,2025080403011797,GFCL,Premier Securities Company Ltd.,Deevyaa Securities & Stock House Pvt. Ltd,8,692.2,5537.6,2025-08-04 13:17:17.663772
2025-08-04,50836,2025080403011948,GFCL,Sagarmatha Securities Private Limited,Deevyaa Securities & Stock House Pvt. Ltd,150,689.9,103485.0,2025-08-04 13:19:23.572361
2025-08-04,50814,2025080403011953,GFCL,Shree Krishna Securities Ltd.,Sani Securities Company Ltd.,30,685.0,20550.0,2025-08-04 13:19:26.608911
2025-08-04,49619,2025080403012091,GFCL,Naasa Securities Co. Ltd.,Agrawal Securities (PVT) Ltd.,10,690.0,6900.0,2025-08-04 13:21:52.607342
2025-08-04,49618,2025080403012092,GFCL,Swarna Laxmi Securities Pvt. Ltd.,Agrawal Securities (PVT) Ltd.,102,685.3,69900.6,2025-08-04 13:21:52.607481
2025-08-04,48137,2025080403012296,GFCL,Online Securities Pvt. Ltd.,Naasa Securities Co. Ltd.,50,691.9,34595.0,2025-08-04 13:24:58.372705
2025-08-04,48063,2025080403012320,GFCL,Kumari Securities Private Limited,Vision Securities Pvt. Ltd,250,692.0,173000.0,2025-08-04 13:25:08.818772
2025-08-04,47951,2025080403012343,GFCL,Market Securities & Exchange (PVT) Ltd.,Vision Securities Pvt. Ltd,150,692.0,103800.0,2025-08-04 13:25:28.005779
2025-08-04,47823,2025080403012362,GFCL,Dipshikha Dhitopatra Karobar Co. Pvt Ltd.,Market Securities & Exchange (PVT) Ltd.,50,694.0,34700.0,2025-08-04 13:25:45.509862
2025-08-04,47822,2025080403012363,GFCL,Dipshikha Dhitopatra Karobar Co. Pvt Ltd.,Shree Krishna Securities Ltd.,200,694.0,138800.0,2025-08-04 13:25:45.509964
2025-08-04,47680,2025080403012389,GFCL,Oxford Securities Pvt. Ltd.,Shree Krishna Securities Ltd.,150,694.0,104100.0,2025-08-04 13:26:15.739512
2025-08-04,47579,2025080403012407,GFCL,Bhrikuti Stock Broking Co. Pvt. Ltd.,Aryatara Investment & Securities,75,695.0,52125.0,2025-08-04 13:26:44.518424
2025-08-04,47392,2025080403012432,GFCL,Bhrikuti Stock Broking Co. Pvt. Ltd.,ABC Securities Private Limited,75,695.5,52162.5,2025-08-04 13:27:06.703219
2025-08-04,47152,2025080403012455,GFCL,Secured Securities Ltd.,ABC Securities Private Limited,13,695.5,9041.5,2025-08-04 13:27:37.851524
2025-08-04,46890,2025080403012490,GFCL,Swarna Laxmi Securities Pvt. Ltd.,Kohinoor Investment & Securities Pvt. Ltd.,10,689.5,6895.0,2025-08-04 13:28:38.647664
2025-08-04,46632,2025080403012508,GFCL,Dynamic Money Managers Securities Pvt. Ltd.,Dipshikha Dhitopatra Karobar Co. Pvt Ltd.,8,690.0,5520.0,2025-08-04 13:29:17.210245
2025-08-04,46426,2025080403012552,GFCL,Swarna Laxmi Securities Pvt. Ltd.,Investment Management Nepal Pvt. Ltd.,288,689.5,198576.0,2025-08-04 13:29:49.966473
2025-08-04,46425,2025080403012553,GFCL,Imperial Securities Company Pvt. Ltd.,Investment Management Nepal Pvt. Ltd.,500,689.0,344500.0,2025-08-04 13:29:49.966644
2025-08-04,46424,2025080403012554,GFCL,Linch Stock Market Ltd.,Investment Management Nepal Pvt. Ltd.,200,688.0,137600.0,2025-08-04 13:29:49.966700
2025-08-04,46423,2025080403012555,GFCL,J.F. Securites (PVT) Ltd.,Investment Management Nepal Pvt. Ltd.,12,687.4,8248.8,2025-08-04 13:29:49.966751
2025-08-04,46422,2025080403012556,GFCL,Dynamic Money Managers Securities Pvt. Ltd.,Investment Management Nepal Pvt. Ltd.,100,686.1,68610.0,2025-08-04 13:29:49.966816
2025-08-04,46421,2025080403012557,GFCL,Dipshikha Dhitopatra Karobar Co. Pvt Ltd.,Investment Management Nepal Pvt. Ltd.,20,686.1,13722.0,2025-08-04 13:29:49.966873
2025-08-04,46420,2025080403012558,GFCL,Kohinoor Investment & Securities Pvt. Ltd.,Investment Management Nepal Pvt. Ltd.,1545,686.0,1059870.0,2025-08-04 13:29:49.966926
2025-08-04,45025,2025080403012779,GFCL,Aryatara Investment & Securities,Deevyaa Securities & Stock House Pvt. Ltd,300,686.2,205860.0,2025-08-04 13:33:02.037998
2025-08-04,45024,2025080403012780,GFCL,Sani Securities Company Ltd.,Deevyaa Securities & Stock House Pvt. Ltd,290,686.1,198969.0,2025-08-04 13:33:02.038211
2025-08-04,45023,2025080403012781,GFCL,Kohinoor Investment & Securities Pvt. Ltd.,Deevyaa Securities & Stock House Pvt. Ltd,455,686.0,312130.0,2025-08-04 13:33:02.038295
2025-08-04,45022,2025080403012782,GFCL,Online Securities Pvt. Ltd.,Deevyaa Securities & Stock House Pvt. Ltd,100,686.0,68600.0,2025-08-04 13:33:02.038373
2025-08-04,45021,2025080403012783,GFCL,Primo Securities (PVT) Ltd.,Deevyaa Securities & Stock House Pvt. Ltd,100,686.0,68600.0,2025-08-04 13:33:02.038457
2025-08-04,45020,2025080403012784,GFCL,Sani Securities Company Ltd.,Deevyaa Securities & Stock House Pvt. Ltd,20,686.0,13720.0,2025-08-04 13:33:02.038537
2025-08-04,45019,2025080403012785,GFCL,Creative Securities Pvt Ltd,Deevyaa Securities & Stock House Pvt. Ltd,20,685.3,13706.0,2025-08-04 13:33:02.038618
2025-08-04,45018,2025080403012786,GFCL,Primo Securities (PVT) Ltd.,Deevyaa Securities & Stock House Pvt. Ltd,150,685.2,102780.0,2025-08-04 13:33:02.038695
2025-08-04,45017,2025080403012787,GFCL,Shree Krishna Securities Ltd.,Deevyaa Securities & Stock House Pvt. Ltd,70,685.0,47950.0,2025-08-04 13:33:02.038774
2025-08-04,45016,2025080403012788,GFCL,Dynamic Money Managers Securities Pvt. Ltd.,Deevyaa Securities & Stock House Pvt. Ltd,30,685.0,20550.0,2025-08-04 13:33:02.038856
2025-08-04,45015,2025080403012789,GFCL,Dakshinkali Investment & Securities Pvt. Ltd.,Deevyaa Securities & Stock House Pvt. Ltd,100,685.0,68500.0,2025-08-04 13:33:02.038934
2025-08-04,45014,2025080403012790,GFCL,Naasa Securities Co. Ltd.,Deevyaa Securities & Stock House Pvt. Ltd,20,685.0,13700.0,2025-08-04 13:33:02.039017
2025-08-04,45013,2025080403012791,GFCL,Midas Stock Broking Company Private Limited,Deevyaa Securities & Stock House Pvt. Ltd,30,685.0,20550.0,2025-08-04 13:33:02.039098
2025-08-04,45012,2025080403012792,GFCL,Kohinoor Investment & Securities Pvt. Ltd.,Deevyaa Securities & Stock House Pvt. Ltd,50,685.0,34250.0,2025-08-04 13:33:02.039174
2025-08-04,45011,2025080403012793,GFCL,Aryatara Investment & Securities,Deevyaa Securities & Stock House Pvt. Ltd,145,685.0,99325.0,2025-08-04 13:33:02.039253
2025-08-04,44671,2025080403012843,GFCL,Midas Stock Broking Company Private Limited,Sri Hari Securities Pvt. Ltd.,10,684.1,6841.0,2025-08-04 13:33:58.932647
2025-08-04,44670,2025080403012844,GFCL,Dipshikha Dhitopatra Karobar Co. Pvt Ltd.,Sri Hari Securities Pvt. Ltd.,290,684.0,198360.0,2025-08-04 13:33:58.932771
2025-08-04,44602,2025080403012857,GFCL,Bhrikuti Stock Broking Co. Pvt. Ltd.,Deevyaa Securities & Stock House Pvt. Ltd,90,685.0,61650.0,2025-08-04 13:34:11.612150
2025-08-04,44546,2025080403012874,GFCL,Nepal Investment And Securities Trading Private Limited,Deevyaa Securities & Stock House Pvt. Ltd,30,685.0,20550.0,2025-08-04 13:34:25.154132
2025-08-04,44545,2025080403012875,GFCL,Nepal Investment And Securities Trading Private Limited,Aryatara Investment & Securities,15,685.0,10275.0,2025-08-04 13:34:25.154291
2025-08-04,43994,2025080403012957,GFCL,Sundhara Securities Limited,Dipshikha Dhitopatra Karobar Co. Pvt Ltd.,20,685.1,13702.0,2025-08-04 13:36:00.930240
2025-08-04,43321,2025080403013039,GFCL,Primo Securities (PVT) Ltd.,SHUBHAKAMANA SECURITIES PVT. LTD,100,686.0,68600.0,2025-08-04 13:37:44.208960
2025-08-04,43320,2025080403013040,GFCL,Sundhara Securities Limited,SHUBHAKAMANA SECURITIES PVT. LTD,10,685.1,6851.0,2025-08-04 13:37:44.208996
2025-08-04,43319,2025080403013041,GFCL,Naasa Securities Co. Ltd.,SHUBHAKAMANA SECURITIES PVT. LTD,50,685.1,34255.0,2025-08-04 13:37:44.209020
2025-08-04,43318,2025080403013042,GFCL,Vision Securities Pvt. Ltd,SHUBHAKAMANA SECURITIES PVT. LTD,50,685.0,34250.0,2025-08-04 13:37:44.209050
2025-08-04,43317,2025080403013043,GFCL,Sani Securities Company Ltd.,SHUBHAKAMANA SECURITIES PVT. LTD,75,685.0,51375.0,2025-08-04 13:37:44.209076
2025-08-04,43316,2025080403013044,GFCL,Sumeru Securities Pvt. Ltd.,SHUBHAKAMANA SECURITIES PVT. LTD,100,685.0,68500.0,2025-08-04 13:37:44.209113
2025-08-04,43315,2025080403013045,GFCL,ABC Securities Private Limited,SHUBHAKAMANA SECURITIES PVT. LTD,115,684.1,78671.5,2025-08-04 13:37:44.209161
2025-08-04,42295,2025080403013212,GFCL,Dynamic Money Managers Securities Pvt. Ltd.,Vision Securities Pvt. Ltd,10,685.0,6850.0,2025-08-04 13:41:02.544841
2025-08-04,41560,2025080403013338,GFCL,ABC Securities Private Limited,Imperial Securities Company Pvt. Ltd.,10,685.1,6851.0,2025-08-04 13:43:10.924244
2025-08-04,39848,2025080403013526,GFCL,Premier Securities Company Ltd.,Opal Securities Investment (PVT) Ltd.,20,685.3,13706.0,2025-08-04 13:46:26.831003
2025-08-04,39847,2025080403013527,GFCL,Midas Stock Broking Company Private Limited,Opal Securities Investment (PVT) Ltd.,300,685.3,205590.0,2025-08-04 13:46:26.831201
2025-08-04,39846,2025080403013528,GFCL,Online Securities Pvt. Ltd.,Opal Securities Investment (PVT) Ltd.,180,685.3,123354.0,2025-08-04 13:46:26.831264
2025-08-04,38543,2025080403013713,GFCL,Sani Securities Company Ltd.,Imperial Securities Company Pvt. Ltd.,25,686.0,17150.0,2025-08-04 13:49:57.003863
2025-08-04,38458,2025080403013735,GFCL,Dakshinkali Investment & Securities Pvt. Ltd.,Imperial Securities Company Pvt. Ltd.,50,686.0,34300.0,2025-08-04 13:50:25.499427
2025-08-04,37773,2025080403013890,GFCL,Kumari Securities Private Limited,Imperial Securities Company Pvt. Ltd.,26,686.0,17836.0,2025-08-04 13:52:38.404085
2025-08-04,37632,2025080403013933,GFCL,Aryatara Investment & Securities,Midas Stock Broking Company Private Limited,20,689.8,13796.0,2025-08-04 13:53:06.308132
2025-08-04,37592,2025080403013942,GFCL,Nagarik Stock Dealer ,Midas Stock Broking Company Private Limited,480,689.8,331104.0,2025-08-04 13:53:17.037153
2025-08-04,37378,2025080403013979,GFCL,Dipshikha Dhitopatra Karobar Co. Pvt Ltd.,Linch Stock Market Ltd.,21,690.0,14490.0,2025-08-04 13:54:02.100588
2025-08-04,37377,2025080403013980,GFCL,Dipshikha Dhitopatra Karobar Co. Pvt Ltd.,Opal Securities Investment (PVT) Ltd.,99,690.0,68310.0,2025-08-04 13:54:02.100893
2025-08-04,37332,2025080403013998,GFCL,Nagarik Stock Dealer ,Investment Management Nepal Pvt. Ltd.,20,689.8,13796.0,2025-08-04 13:54:11.056229
2025-08-04,37331,2025080403013999,GFCL,Trishakti Securities Public Limited,Investment Management Nepal Pvt. Ltd.,250,689.8,172450.0,2025-08-04 13:54:11.056522
2025-08-04,37282,2025080403014009,GFCL,Deevyaa Securities & Stock House Pvt. Ltd,Dynamic Money Managers Securities Pvt. Ltd.,70,690.5,48335.0,2025-08-04 13:54:24.074230
2025-08-04,37072,2025080403014047,GFCL,Deevyaa Securities & Stock House Pvt. Ltd,ABC Securities Private Limited,270,689.8,186246.0,2025-08-04 13:55:11.326511
2025-08-04,36954,2025080403014077,GFCL,Deevyaa Securities & Stock House Pvt. Ltd,Online Securities Pvt. Ltd.,25,689.8,17245.0,2025-08-04 13:55:38.296534
2025-08-04,36705,2025080403014115,GFCL,Dipshikha Dhitopatra Karobar Co. Pvt Ltd.,Naasa Securities Co. Ltd.,100,690.0,69000.0,2025-08-04 13:56:34.953765
2025-08-04,36467,2025080403014153,GFCL,Sani Securities Company Ltd.,Dynamic Money Managers Securities Pvt. Ltd.,10,690.5,6905.0,2025-08-04 13:57:32.591518
2025-08-04,36153,2025080403014207,GFCL,Dipshikha Dhitopatra Karobar Co. Pvt Ltd.,ABC Securities Private Limited,150,690.0,103500.0,2025-08-04 13:58:49.793773
2025-08-04,36152,2025080403014208,GFCL,Premier Securities Company Ltd.,ABC Securities Private Limited,80,690.0,55200.0,2025-08-04 13:58:49.793932
2025-08-04,36117,2025080403014211,GFCL,Premier Securities Company Ltd.,SHUBHAKAMANA SECURITIES PVT. LTD,270,690.0,186300.0,2025-08-04 13:58:57.915244
2025-08-04,35050,2025080403014351,GFCL,Midas Stock Broking Company Private Limited,SHUBHAKAMANA SECURITIES PVT. LTD,230,690.0,158700.0,2025-08-04 14:01:52.721306
2025-08-04,34351,2025080403014472,GFCL,Trishakti Securities Public Limited,Asian Securities Private Ltd.,50,690.0,34500.0,2025-08-04 14:03:50.696394
2025-08-04,33809,2025080403014606,GFCL,Trishakti Securities Public Limited,Dynamic Money Managers Securities Pvt. Ltd.,70,690.5,48335.0,2025-08-04 14:05:26.322748
2025-08-04,33808,2025080403014607,GFCL,Trishakti Securities Public Limited,Dipshikha Dhitopatra Karobar Co. Pvt Ltd.,10,690.5,6905.0,2025-08-04 14:05:26.322949
2025-08-04,28826,2025080403015690,GFCL,Miyo Securities Pvt Ltd,Capital Max Securities Ltd,365,695.0,253675.0,2025-08-04 14:14:40.033800
2025-08-04,28825,2025080403015691,GFCL,Miyo Securities Pvt Ltd,Imperial Securities Company Pvt. Ltd.,30,695.0,20850.0,2025-08-04 14:14:40.033851
2025-08-04,28824,2025080403015692,GFCL,Miyo Securities Pvt Ltd,ABC Securities Private Limited,467,695.5,324798.5,2025-08-04 14:14:40.033888
2025-08-04,28823,2025080403015693,GFCL,Miyo Securities Pvt Ltd,Midas Stock Broking Company Private Limited,100,697.0,69700.0,2025-08-04 14:14:40.033944
2025-08-04,28822,2025080403015694,GFCL,Miyo Securities Pvt Ltd,ABC Securities Private Limited,38,697.5,26505.0,2025-08-04 14:14:40.033986
2025-08-04,28642,2025080403015724,GFCL,Naasa Securities Co. Ltd.,ABC Securities Private Limited,159,697.5,110902.5,2025-08-04 14:15:04.843344
2025-08-04,28423,2025080403015765,GFCL,J.F. Securites (PVT) Ltd.,ABC Securities Private Limited,358,697.5,249705.0,2025-08-04 14:15:35.971669
2025-08-04,28422,2025080403015766,GFCL,J.F. Securites (PVT) Ltd.,Naasa Securities Co. Ltd.,100,698.0,69800.0,2025-08-04 14:15:35.972080
2025-08-04,28421,2025080403015767,GFCL,J.F. Securites (PVT) Ltd.,Naasa Securities Co. Ltd.,38,698.0,26524.0,2025-08-04 14:15:35.972347
2025-08-04,24731,2025080403016383,GFCL,Premier Securities Company Ltd.,Vision Securities Pvt. Ltd,10,692.0,6920.0,2025-08-04 14:22:24.615920
2025-08-04,23679,2025080403016586,GFCL,Nepal Investment And Securities Trading Private Limited,Sumeru Securities Pvt. Ltd.,20,698.2,13964.0,2025-08-04 14:24:02.793131
2025-08-04,23464,2025080403016638,GFCL,Elite Stock House Limited,Vision Securities Pvt. Ltd,10,693.0,6930.0,2025-08-04 14:24:23.012183
2025-08-04,19714,2025080403017264,GFCL,J.F. Securites (PVT) Ltd.,Dynamic Money Managers Securities Pvt. Ltd.,204,698.0,142392.0,2025-08-04 14:30:27.371722
2025-08-04,19312,2025080403017334,GFCL,Agrawal Securities (PVT) Ltd.,Dynamic Money Managers Securities Pvt. Ltd.,90,698.0,62820.0,2025-08-04 14:31:00.779801
2025-08-04,18946,2025080403017390,GFCL,Online Securities Pvt. Ltd.,Naasa Securities Co. Ltd.,40,699.0,27960.0,2025-08-04 14:31:42.418674
2025-08-04,18945,2025080403017391,GFCL,Agrawal Securities (PVT) Ltd.,Vision Securities Pvt. Ltd,10,698.0,6980.0,2025-08-04 14:31:42.630618
2025-08-04,15951,2025080403017981,GFCL,ABC Securities Private Limited,Investment Management Nepal Pvt. Ltd.,175,695.3,121677.5,2025-08-04 14:36:31.991866
2025-08-04,15950,2025080403017982,GFCL,Imperial Securities Company Pvt. Ltd.,Investment Management Nepal Pvt. Ltd.,200,695.2,139040.0,2025-08-04 14:36:31.992049
2025-08-04,15949,2025080403017983,GFCL,MILKY WAY SHARE BROKER COMPANY LTD ,Investment Management Nepal Pvt. Ltd.,40,695.0,27800.0,2025-08-04 14:36:31.992119
2025-08-04,15948,2025080403017984,GFCL,Sumeru Securities Pvt. Ltd.,Investment Management Nepal Pvt. Ltd.,85,695.0,59075.0,2025-08-04 14:36:31.992183
2025-08-04,14699,2025080403018251,GFCL,Sumeru Securities Pvt. Ltd.,Asian Securities Private Ltd.,15,695.0,10425.0,2025-08-04 14:37:55.111360
2025-08-04,14698,2025080403018252,GFCL,Dynamic Money Managers Securities Pvt. Ltd.,Asian Securities Private Ltd.,10,694.0,6940.0,2025-08-04 14:37:55.111418
2025-08-04,14697,2025080403018253,GFCL,Capital Max Securities Ltd,Asian Securities Private Ltd.,400,693.2,277280.0,2025-08-04 14:37:55.111449
2025-08-04,14696,2025080403018254,GFCL,Elite Stock House Limited,Asian Securities Private Ltd.,190,693.0,131670.0,2025-08-04 14:37:55.111480
2025-08-04,14695,2025080403018255,GFCL,Sewa Securities Pvt. Ltd.,Asian Securities Private Ltd.,50,693.0,34650.0,2025-08-04 14:37:55.111509
2025-08-04,14694,2025080403018256,GFCL,Vision Securities Pvt. Ltd,Asian Securities Private Ltd.,50,693.0,34650.0,2025-08-04 14:37:55.111538
2025-08-04,14693,2025080403018257,GFCL,Dipshikha Dhitopatra Karobar Co. Pvt Ltd.,Asian Securities Private Ltd.,35,693.0,24255.0,2025-08-04 14:37:55.111574
2025-08-04,14692,2025080403018258,GFCL,Aryatara Investment & Securities,Asian Securities Private Ltd.,30,693.0,20790.0,2025-08-04 14:37:55.111613
2025-08-04,14691,2025080403018259,GFCL,Aryatara Investment & Securities,Asian Securities Private Ltd.,100,692.1,69210.0,2025-08-04 14:37:55.111637
2025-08-04,14690,2025080403018260,GFCL,Dipshikha Dhitopatra Karobar Co. Pvt Ltd.,Asian Securities Private Ltd.,140,692.1,96894.0,2025-08-04 14:37:55.111661
2025-08-04,14521,2025080403018327,GFCL,Aryatara Investment & Securities,Naasa Securities Co. Ltd.,100,699.0,69900.0,2025-08-04 14:38:07.789592
2025-08-04,14391,2025080403018388,GFCL,Dipshikha Dhitopatra Karobar Co. Pvt Ltd.,Vision Securities Pvt. Ltd,360,692.1,249156.0,2025-08-04 14:38:21.219047
2025-08-04,14390,2025080403018389,GFCL,Premier Securities Company Ltd.,Vision Securities Pvt. Ltd,490,692.0,339080.0,2025-08-04 14:38:21.219207
2025-08-04,14389,2025080403018390,GFCL,Dynamic Money Managers Securities Pvt. Ltd.,Vision Securities Pvt. Ltd,100,692.0,69200.0,2025-08-04 14:38:21.219273
2025-08-04,14388,2025080403018391,GFCL,Nepal Investment And Securities Trading Private Limited,Vision Securities Pvt. Ltd,50,691.1,34555.0,2025-08-04 14:38:21.219353
2025-08-04,10039,2025080403019198,GFCL,Nepal Investment And Securities Trading Private Limited,Malla & Malla Stock Broking Company Pvt. Limited,10,693.0,6930.0,2025-08-04 14:44:58.364524
2025-08-04,8408,2025080403019518,GFCL,Nepal Investment And Securities Trading Private Limited,Dipshikha Dhitopatra Karobar Co. Pvt Ltd.,75,695.0,52125.0,2025-08-04 14:47:47.789058
2025-08-04,8208,2025080403019560,GFCL,Dynamic Money Managers Securities Pvt. Ltd.,Malla & Malla Stock Broking Company Pvt. Limited,5,693.1,3465.5,2025-08-04 14:48:23.590859
2025-08-04,7989,2025080403019584,GFCL,Dynamic Money Managers Securities Pvt. Ltd.,Imperial Securities Company Pvt. Ltd.,30,694.8,20844.0,2025-08-04 14:48:33.658405
2025-08-04,6616,2025080403019870,GFCL,Imperial Securities Company Pvt. Ltd.,Bhrikuti Stock Broking Co. Pvt. Ltd.,15,696.0,10440.0,2025-08-04 14:51:00.381900
2025-08-04,4880,2025080403020167,GFCL,J.F. Securites (PVT) Ltd.,Deevyaa Securities & Stock House Pvt. Ltd,1,693.1,693.1,2025-08-04 14:54:00.167111
2025-08-04,4848,2025080403020173,GFCL,Kohinoor Investment & Securities Pvt. Ltd.,Online Securities Pvt. Ltd.,25,698.0,17450.0,2025-08-04 14:54:03.817922
2025-08-04,4530,2025080403020267,GFCL,Thrive Brokerage House Pvt. Ltd,Investment Management Nepal Pvt. Ltd.,20,697.0,13940.0,2025-08-04 14:54:53.177722
2025-08-04,4492,2025080403020270,GFCL,Thrive Brokerage House Pvt. Ltd,Sewa Securities Pvt. Ltd.,10,697.0,6970.0,2025-08-04 14:54:57.279292
2025-08-04,4356,2025080403020315,GFCL,Imperial Securities Company Pvt. Ltd.,Online Securities Pvt. Ltd.,55,698.0,38390.0,2025-08-04 14:55:09.419737
2025-08-04,3903,2025080403020436,GFCL,Imperial Securities Company Pvt. Ltd.,Online Securities Pvt. Ltd.,20,698.0,13960.0,2025-08-04 14:55:56.289354
2025-08-04,3902,2025080403020437,GFCL,Imperial Securities Company Pvt. Ltd.,Dipshikha Dhitopatra Karobar Co. Pvt Ltd.,25,698.0,17450.0,2025-08-04 14:55:56.289552
2025-08-04,3901,2025080403020438,GFCL,Imperial Securities Company Pvt. Ltd.,Vision Securities Pvt. Ltd,20,698.0,13960.0,2025-08-04 14:55:56.289625
2025-08-04,3900,2025080403020439,GFCL,Imperial Securities Company Pvt. Ltd.,Dakshinkali Investment & Securities Pvt. Ltd.,35,698.8,24458.0,2025-08-04 14:55:56.289694
2025-08-04,3835,2025080403020459,GFCL,Thrive Brokerage House Pvt. Ltd,Kumari Securities Private Limited,20,697.0,13940.0,2025-08-04 14:56:01.536578
2025-08-04,2794,2025080403020773,GFCL,Vision Securities Pvt. Ltd,Dakshinkali Investment & Securities Pvt. Ltd.,130,695.0,90350.0,2025-08-04 14:57:44.123923
2025-08-04,2109,2025080403020962,GFCL,Dynamic Money Managers Securities Pvt. Ltd.,Dakshinkali Investment & Securities Pvt. Ltd.,25,694.8,17370.0,2025-08-04 14:58:39.898809
2025-08-04,1566,2025080403021121,GFCL,Dynamic Money Managers Securities Pvt. Ltd.,Trishakti Securities Public Limited,45,694.8,31266.0,2025-08-04 14:59:05.409415
2025-08-04,1565,2025080403021122,GFCL,Nagarik Stock Dealer ,Trishakti Securities Public Limited,15,694.0,10410.0,2025-08-04 14:59:05.409725
2025-08-04,1536,2025080403021131,GFCL,Nagarik Stock Dealer ,Sweta Securities Private Limited,185,694.0,128390.0,2025-08-04 14:59:07.651243
2025-08-04,1487,2025080403021159,GFCL,Thrive Brokerage House Pvt. Ltd,Vision Securities Pvt. Ltd,30,694.0,20820.0,2025-08-04 14:59:10.305138
2025-08-04,1486,2025080403021160,GFCL,Trishakti Securities Public Limited,Vision Securities Pvt. Ltd,10,694.0,6940.0,2025-08-04 14:59:10.305192
2025-08-04,1386,2025080403021187,GFCL,Miyo Securities Pvt Ltd,Opal Securities Investment (PVT) Ltd.,90,695.0,62550.0,2025-08-04 14:59:15.105649
2025-08-04,120,2025080403021540,GFCL,Sharepro Securities Private Limited,Deevyaa Securities & Stock House Pvt. Ltd,100,694.0,69400.0,2025-08-04 14:59:56.958283
2025-08-04,119,2025080403021541,GFCL,Sharepro Securities Private Limited,Deevyaa Securities & Stock House Pvt. Ltd,100,693.2,69320.0,2025-08-04 14:59:56.958446
2025-08-04,118,2025080403021542,GFCL,Online Securities Pvt. Ltd.,Deevyaa Securities & Stock House Pvt. Ltd,200,693.1,138620.0,2025-08-04 14:59:56.958517
2025-08-04,117,2025080403021543,GFCL,Vision Securities Pvt. Ltd,Deevyaa Securities & Stock House Pvt. Ltd,50,693.0,34650.0,2025-08-04 14:59:56.958585
