Date,S.N.,Contract ID,Symbol,Buyer Broker,Seller Broker,volume,rate,amount,transaction_time
2025-08-04,142717,2025080404001071,MEN,Aryatara Investment & Securities,Sweta Securities Private Limited,20,633.0,12660.0,2025-08-04 11:06:12.327976
2025-08-04,140788,2025080404001293,MEN,Kumari Securities Private Limited,Sweta Securities Private Limited,10,633.0,6330.0,2025-08-04 11:07:41.182293
2025-08-04,137611,2025080404001728,MEN,Kumari Securities Private Limited,Primo Securities (PVT) Ltd.,15,635.9,9538.5,2025-08-04 11:10:33.349300
2025-08-04,137564,2025080404001730,MEN,J.F. Securites (PVT) Ltd.,Primo Securities (PVT) Ltd.,185,635.9,117641.5,2025-08-04 11:10:34.928777
2025-08-04,137334,2025080404001788,MEN,J.F. Securites (PVT) Ltd.,Property Wiard Limited,15,635.9,9538.5,2025-08-04 11:10:48.424016
2025-08-04,137333,2025080404001789,MEN,Asian Securities Private Ltd.,Property Wiard Limited,200,635.0,127000.0,2025-08-04 11:10:48.424124
2025-08-04,137205,2025080404001818,MEN,Vision Securities Pvt. Ltd,Kumari Securities Private Limited,150,634.0,95100.0,2025-08-04 11:10:56.979181
2025-08-04,137166,2025080404001825,MEN,Sharepro Securities Private Limited,Property Wiard Limited,785,635.0,498475.0,2025-08-04 11:10:58.953062
2025-08-04,137165,2025080404001826,MEN,Sharepro Securities Private Limited,Property Wiard Limited,1000,636.0,636000.0,2025-08-04 11:10:58.953119
2025-08-04,137164,2025080404001827,MEN,Sharepro Securities Private Limited,Property Wiard Limited,215,636.0,136740.0,2025-08-04 11:10:58.953150
2025-08-04,137140,2025080404001829,MEN,Vision Securities Pvt. Ltd,Trishakti Securities Public Limited,150,634.0,95100.0,2025-08-04 11:11:00.409537
2025-08-04,136224,2025080404001927,MEN,Sewa Securities Pvt. Ltd.,Agrawal Securities (PVT) Ltd.,100,633.0,63300.0,2025-08-04 11:11:45.195297
2025-08-04,136000,2025080404001947,MEN,J.F. Securites (PVT) Ltd.,Trishakti Securities Public Limited,100,634.0,63400.0,2025-08-04 11:11:54.801357
2025-08-04,135847,2025080404001974,MEN,Online Securities Pvt. Ltd.,Dynamic Money Managers Securities Pvt. Ltd.,170,633.0,107610.0,2025-08-04 11:12:03.711296
2025-08-04,135182,2025080404002065,MEN,Dipshikha Dhitopatra Karobar Co. Pvt Ltd.,Citizens Share Broker Limited,100,633.0,63300.0,2025-08-04 11:12:34.726619
2025-08-04,134448,2025080404002165,MEN,J.F. Securites (PVT) Ltd.,Trisul Securities & Invt. Ltd.,11,631.5,6946.5,2025-08-04 11:13:02.319233
2025-08-04,133596,2025080404002325,MEN,J.F. Securites (PVT) Ltd.,Sani Securities Company Ltd.,12,631.5,7578.0,2025-08-04 11:13:41.116554
2025-08-04,133248,2025080404002390,MEN,J.F. Securites (PVT) Ltd.,Property Wiard Limited,177,631.5,111775.5,2025-08-04 11:13:56.263113
2025-08-04,133247,2025080404002391,MEN,Market Securities & Exchange (PVT) Ltd.,Property Wiard Limited,100,631.0,63100.0,2025-08-04 11:13:56.263334
2025-08-04,133246,2025080404002392,MEN,SUN SECURITIES PVT LTD,Property Wiard Limited,50,630.3,31515.0,2025-08-04 11:13:56.263396
2025-08-04,133245,2025080404002393,MEN,Market Securities & Exchange (PVT) Ltd.,Property Wiard Limited,50,630.1,31505.0,2025-08-04 11:13:56.263447
2025-08-04,133244,2025080404002394,MEN,SUN SECURITIES PVT LTD,Property Wiard Limited,3623,630.1,2282852.3,2025-08-04 11:13:56.263492
2025-08-04,132871,2025080404002421,MEN,SUN SECURITIES PVT LTD,Property Wiard Limited,785,630.1,494628.5,2025-08-04 11:14:09.312272
2025-08-04,132542,2025080404002458,MEN,SUN SECURITIES PVT LTD,Property Wiard Limited,592,630.1,373019.2,2025-08-04 11:14:21.365453
2025-08-04,132541,2025080404002459,MEN,Miyo Securities Pvt Ltd,Property Wiard Limited,1000,630.0,630000.0,2025-08-04 11:14:21.365587
2025-08-04,132540,2025080404002460,MEN,Online Securities Pvt. Ltd.,Property Wiard Limited,170,630.0,107100.0,2025-08-04 11:14:21.365651
2025-08-04,132539,2025080404002461,MEN,Investment Management Nepal Pvt. Ltd.,Property Wiard Limited,189,630.0,119070.0,2025-08-04 11:14:21.365696
2025-08-04,132159,2025080404002486,MEN,Investment Management Nepal Pvt. Ltd.,Imperial Securities Company Pvt. Ltd.,311,630.0,195930.0,2025-08-04 11:14:37.436553
2025-08-04,132158,2025080404002487,MEN,Investment Management Nepal Pvt. Ltd.,Imperial Securities Company Pvt. Ltd.,500,630.0,315000.0,2025-08-04 11:14:37.436684
2025-08-04,132157,2025080404002488,MEN,Investment Management Nepal Pvt. Ltd.,Imperial Securities Company Pvt. Ltd.,1000,630.0,630000.0,2025-08-04 11:14:37.436747
2025-08-04,132156,2025080404002489,MEN,Premier Securities Company Ltd.,Imperial Securities Company Pvt. Ltd.,100,627.0,62700.0,2025-08-04 11:14:37.436796
2025-08-04,132155,2025080404002490,MEN,Nepal Investment And Securities Trading Private Limited,Imperial Securities Company Pvt. Ltd.,10,625.0,6250.0,2025-08-04 11:14:37.436842
2025-08-04,132154,2025080404002491,MEN,ABC Securities Private Limited,Imperial Securities Company Pvt. Ltd.,10,625.0,6250.0,2025-08-04 11:14:37.436886
2025-08-04,132153,2025080404002492,MEN,Kalika Securities Pvt. Ltd.,Imperial Securities Company Pvt. Ltd.,10,625.0,6250.0,2025-08-04 11:14:37.436928
2025-08-04,132152,2025080404002493,MEN,Dipshikha Dhitopatra Karobar Co. Pvt Ltd.,Imperial Securities Company Pvt. Ltd.,3000,625.0,1875000.0,2025-08-04 11:14:37.436967
2025-08-04,132151,2025080404002494,MEN,Agrawal Securities (PVT) Ltd.,Imperial Securities Company Pvt. Ltd.,59,625.0,36875.0,2025-08-04 11:14:37.437008
2025-08-04,131896,2025080404002524,MEN,Agrawal Securities (PVT) Ltd.,Trishakti Securities Public Limited,250,625.0,156250.0,2025-08-04 11:14:48.898482
2025-08-04,126722,2025080404003011,MEN,Imperial Securities Company Pvt. Ltd.,Nepal Investment And Securities Trading Private Limited,10,633.0,6330.0,2025-08-04 11:19:09.433489
2025-08-04,126129,2025080404003089,MEN,Imperial Securities Company Pvt. Ltd.,Nepal Stock House (PVT) Ltd.,80,633.0,50640.0,2025-08-04 11:19:41.544718
2025-08-04,125896,2025080404003118,MEN,Ashutosh Brokerage & Securities (PVT) Ltd.,Imperial Securities Company Pvt. Ltd.,100,633.3,63330.0,2025-08-04 11:19:57.889200
2025-08-04,125268,2025080404003188,MEN,South Asian Bulls Pvt. Ltd.,Creative Securities Pvt Ltd,300,633.1,189930.0,2025-08-04 11:20:36.357888
2025-08-04,123892,2025080404003300,MEN,Neev Securities Pvt. Ltd.,Trisul Securities & Invt. Ltd.,150,633.8,95070.0,2025-08-04 11:21:56.765034
2025-08-04,123891,2025080404003301,MEN,Neev Securities Pvt. Ltd.,Vision Securities Pvt. Ltd,50,634.0,31700.0,2025-08-04 11:21:56.765171
2025-08-04,122262,2025080404003437,MEN,Imperial Securities Company Pvt. Ltd.,Secured Securities Ltd.,100,634.0,63400.0,2025-08-04 11:23:24.878185
2025-08-04,122138,2025080404003441,MEN,Imperial Securities Company Pvt. Ltd.,Midas Stock Broking Company Private Limited,65,634.0,41210.0,2025-08-04 11:23:30.981890
2025-08-04,122007,2025080404003449,MEN,Neev Securities Pvt. Ltd.,Sri Hari Securities Pvt. Ltd.,250,634.1,158525.0,2025-08-04 11:23:39.520744
2025-08-04,121731,2025080404003480,MEN,Imperial Securities Company Pvt. Ltd.,Trishakti Securities Public Limited,230,634.8,146004.0,2025-08-04 11:23:55.371277
2025-08-04,121306,2025080404003517,MEN,Imperial Securities Company Pvt. Ltd.,Primo Securities (PVT) Ltd.,300,634.8,190440.0,2025-08-04 11:24:22.843413
2025-08-04,121140,2025080404003533,MEN,South Asian Bulls Pvt. Ltd.,Asian Securities Private Ltd.,700,635.0,444500.0,2025-08-04 11:24:33.391360
2025-08-04,121101,2025080404003538,MEN,Dipshikha Dhitopatra Karobar Co. Pvt Ltd.,Asian Securities Private Ltd.,289,635.0,183515.0,2025-08-04 11:24:35.600554
2025-08-04,121100,2025080404003539,MEN,Dipshikha Dhitopatra Karobar Co. Pvt Ltd.,Naasa Securities Co. Ltd.,1000,635.0,635000.0,2025-08-04 11:24:35.600610
2025-08-04,121099,2025080404003540,MEN,Dipshikha Dhitopatra Karobar Co. Pvt Ltd.,Sweta Securities Private Limited,100,635.0,63500.0,2025-08-04 11:24:35.600639
2025-08-04,121098,2025080404003541,MEN,Dipshikha Dhitopatra Karobar Co. Pvt Ltd.,Trisul Securities & Invt. Ltd.,13,635.0,8255.0,2025-08-04 11:24:35.600673
2025-08-04,121097,2025080404003542,MEN,Dipshikha Dhitopatra Karobar Co. Pvt Ltd.,Online Securities Pvt. Ltd.,13,635.0,8255.0,2025-08-04 11:24:35.600734
2025-08-04,121096,2025080404003543,MEN,Dipshikha Dhitopatra Karobar Co. Pvt Ltd.,Kohinoor Investment & Securities Pvt. Ltd.,50,635.0,31750.0,2025-08-04 11:24:35.600767
2025-08-04,121095,2025080404003544,MEN,Dipshikha Dhitopatra Karobar Co. Pvt Ltd.,Vision Securities Pvt. Ltd,500,637.0,318500.0,2025-08-04 11:24:35.600803
2025-08-04,121094,2025080404003545,MEN,Dipshikha Dhitopatra Karobar Co. Pvt Ltd.,ABC Securities Private Limited,50,637.0,31850.0,2025-08-04 11:24:35.600829
2025-08-04,121093,2025080404003546,MEN,Dipshikha Dhitopatra Karobar Co. Pvt Ltd.,Nepal Stock House (PVT) Ltd.,50,638.0,31900.0,2025-08-04 11:24:35.600852
2025-08-04,121092,2025080404003547,MEN,Dipshikha Dhitopatra Karobar Co. Pvt Ltd.,Sri Hari Securities Pvt. Ltd.,100,638.9,63890.0,2025-08-04 11:24:35.600879
2025-08-04,116922,2025080404003980,MEN,Imperial Securities Company Pvt. Ltd.,Trishakti Securities Public Limited,215,634.8,136482.0,2025-08-04 11:28:36.952468
2025-08-04,116590,2025080404004024,MEN,Neev Securities Pvt. Ltd.,Naasa Securities Co. Ltd.,50,634.1,31705.0,2025-08-04 11:28:59.547020
2025-08-04,115722,2025080404004124,MEN,Imperial Securities Company Pvt. Ltd.,Trishakti Securities Public Limited,200,634.0,126800.0,2025-08-04 11:29:53.580266
2025-08-04,115694,2025080404004127,MEN,South Asian Bulls Pvt. Ltd.,Imperial Securities Company Pvt. Ltd.,1000,630.1,630100.0,2025-08-04 11:29:55.635825
2025-08-04,115693,2025080404004128,MEN,Indira securities pvt. ltd,Imperial Securities Company Pvt. Ltd.,280,630.0,176400.0,2025-08-04 11:29:55.635983
2025-08-04,115692,2025080404004129,MEN,Investment Management Nepal Pvt. Ltd.,Imperial Securities Company Pvt. Ltd.,500,630.0,315000.0,2025-08-04 11:29:55.636048
2025-08-04,115691,2025080404004130,MEN,Investment Management Nepal Pvt. Ltd.,Imperial Securities Company Pvt. Ltd.,900,630.0,567000.0,2025-08-04 11:29:55.636112
2025-08-04,115690,2025080404004131,MEN,Ashutosh Brokerage & Securities (PVT) Ltd.,Imperial Securities Company Pvt. Ltd.,240,630.0,151200.0,2025-08-04 11:29:55.636172
2025-08-04,115689,2025080404004132,MEN,Vision Securities Pvt. Ltd,Imperial Securities Company Pvt. Ltd.,500,630.0,315000.0,2025-08-04 11:29:55.636233
2025-08-04,115473,2025080404004173,MEN,ABC Securities Private Limited,Imperial Securities Company Pvt. Ltd.,80,630.0,50400.0,2025-08-04 11:30:14.630528
2025-08-04,115015,2025080404004213,MEN,ABC Securities Private Limited,Machhapuchchhre Securities Limited,100,630.0,63000.0,2025-08-04 11:30:46.076639
2025-08-04,111812,2025080404004513,MEN,Kohinoor Investment & Securities Pvt. Ltd.,Premier Securities Company Ltd.,80,632.0,50560.0,2025-08-04 11:33:48.610697
2025-08-04,110134,2025080404004661,MEN,ABC Securities Private Limited,Trishakti Securities Public Limited,85,631.0,53635.0,2025-08-04 11:35:20.062668
2025-08-04,109792,2025080404004687,MEN,ABC Securities Private Limited,Aryatara Investment & Securities,250,631.0,157750.0,2025-08-04 11:35:35.366189
2025-08-04,109779,2025080404004690,MEN,South Asian Bulls Pvt. Ltd.,Sani Securities Company Ltd.,100,634.0,63400.0,2025-08-04 11:35:36.454679
2025-08-04,109230,2025080404004738,MEN,Deevyaa Securities & Stock House Pvt. Ltd,Sani Securities Company Ltd.,100,634.0,63400.0,2025-08-04 11:36:02.664503
2025-08-04,108612,2025080404004799,MEN,Deevyaa Securities & Stock House Pvt. Ltd,SUN SECURITIES PVT LTD,41,634.0,25994.0,2025-08-04 11:36:39.174900
2025-08-04,108611,2025080404004800,MEN,Sweta Securities Private Limited,SUN SECURITIES PVT LTD,90,631.1,56799.0,2025-08-04 11:36:39.175107
2025-08-04,108610,2025080404004801,MEN,ABC Securities Private Limited,SUN SECURITIES PVT LTD,165,631.0,104115.0,2025-08-04 11:36:39.175186
2025-08-04,108609,2025080404004802,MEN,Sri Hari Securities Pvt. Ltd.,SUN SECURITIES PVT LTD,300,630.1,189030.0,2025-08-04 11:36:39.175250
2025-08-04,108608,2025080404004803,MEN,ABC Securities Private Limited,SUN SECURITIES PVT LTD,20,630.0,12600.0,2025-08-04 11:36:39.175324
2025-08-04,108607,2025080404004804,MEN,Online Securities Pvt. Ltd.,SUN SECURITIES PVT LTD,384,630.0,241920.0,2025-08-04 11:36:39.175386
2025-08-04,107773,2025080404004843,MEN,Trishakti Securities Public Limited,Linch Stock Market Ltd.,50,635.0,31750.0,2025-08-04 11:37:19.989244
2025-08-04,107772,2025080404004844,MEN,Trishakti Securities Public Limited,Market Securities & Exchange (PVT) Ltd.,500,635.0,317500.0,2025-08-04 11:37:19.989323
2025-08-04,107771,2025080404004845,MEN,Trishakti Securities Public Limited,Naasa Securities Co. Ltd.,50,635.0,31750.0,2025-08-04 11:37:19.989345
2025-08-04,107399,2025080404004882,MEN,Online Securities Pvt. Ltd.,Imperial Securities Company Pvt. Ltd.,1000,630.0,630000.0,2025-08-04 11:37:50.883240
2025-08-04,107173,2025080404004907,MEN,Online Securities Pvt. Ltd.,Imperial Securities Company Pvt. Ltd.,616,630.0,388080.0,2025-08-04 11:38:02.236901
2025-08-04,107172,2025080404004908,MEN,Primo Securities (PVT) Ltd.,Imperial Securities Company Pvt. Ltd.,184,630.0,115920.0,2025-08-04 11:38:02.237201
2025-08-04,103502,2025080404005237,MEN,Malla & Malla Stock Broking Company Pvt. Limited,Imperial Securities Company Pvt. Ltd.,13,631.1,8204.3,2025-08-04 11:41:45.702971
2025-08-04,101931,2025080404005468,MEN,J.F. Securites (PVT) Ltd.,Trishakti Securities Public Limited,546,634.0,346164.0,2025-08-04 11:44:20.262401
2025-08-04,101930,2025080404005469,MEN,J.F. Securites (PVT) Ltd.,Sweta Securities Private Limited,10,634.0,6340.0,2025-08-04 11:44:20.262756
2025-08-04,101929,2025080404005470,MEN,J.F. Securites (PVT) Ltd.,Sweta Securities Private Limited,10,634.0,6340.0,2025-08-04 11:44:20.262975
2025-08-04,101128,2025080404005593,MEN,South Asian Bulls Pvt. Ltd.,SHUBHAKAMANA SECURITIES PVT. LTD,50,631.6,31580.0,2025-08-04 11:45:30.427797
2025-08-04,100944,2025080404005624,MEN,INDEX SECURITIES LIMITED,Sumeru Securities Pvt. Ltd.,3,621.0,1863.0,2025-08-04 11:45:50.024428
2025-08-04,100282,2025080404005696,MEN,INDEX SECURITIES LIMITED,Siprabi Securities Pvt. Ltd.,9,630.0,5670.0,2025-08-04 11:46:35.167715
2025-08-04,100039,2025080404005732,MEN,Sipla Securities Private Limited,Imperial Securities Company Pvt. Ltd.,500,632.2,316100.0,2025-08-04 11:46:59.517334
2025-08-04,100038,2025080404005733,MEN,Linch Stock Market Ltd.,Imperial Securities Company Pvt. Ltd.,100,632.1,63210.0,2025-08-04 11:46:59.517537
2025-08-04,100037,2025080404005734,MEN,South Asian Bulls Pvt. Ltd.,Imperial Securities Company Pvt. Ltd.,500,632.1,316050.0,2025-08-04 11:46:59.517608
2025-08-04,100036,2025080404005735,MEN,Miyo Securities Pvt Ltd,Imperial Securities Company Pvt. Ltd.,4900,631.7,3095330.0,2025-08-04 11:46:59.517681
2025-08-04,99855,2025080404005758,MEN,Miyo Securities Pvt Ltd,Imperial Securities Company Pvt. Ltd.,100,631.7,63170.0,2025-08-04 11:47:13.834914
2025-08-04,99854,2025080404005759,MEN,Vision Securities Pvt. Ltd,Imperial Securities Company Pvt. Ltd.,60,631.3,37878.0,2025-08-04 11:47:13.835253
2025-08-04,99853,2025080404005760,MEN,Malla & Malla Stock Broking Company Pvt. Limited,Imperial Securities Company Pvt. Ltd.,287,631.1,181125.7,2025-08-04 11:47:13.835503
2025-08-04,99852,2025080404005761,MEN,Malla & Malla Stock Broking Company Pvt. Limited,Imperial Securities Company Pvt. Ltd.,250,631.0,157750.0,2025-08-04 11:47:13.835721
2025-08-04,99851,2025080404005762,MEN,Primo Securities (PVT) Ltd.,Imperial Securities Company Pvt. Ltd.,1303,631.0,822193.0,2025-08-04 11:47:13.835931
2025-08-04,99721,2025080404005801,MEN,Linch Stock Market Ltd.,Imperial Securities Company Pvt. Ltd.,100,631.1,63110.0,2025-08-04 11:47:25.112760
2025-08-04,99720,2025080404005802,MEN,Primo Securities (PVT) Ltd.,Imperial Securities Company Pvt. Ltd.,697,631.0,439807.0,2025-08-04 11:47:25.112943
2025-08-04,99719,2025080404005803,MEN,Asian Securities Private Ltd.,Imperial Securities Company Pvt. Ltd.,300,630.5,189150.0,2025-08-04 11:47:25.113015
2025-08-04,99718,2025080404005804,MEN,South Asian Bulls Pvt. Ltd.,Imperial Securities Company Pvt. Ltd.,403,630.4,254051.2,2025-08-04 11:47:25.113086
2025-08-04,97301,2025080404006223,MEN,Premier Securities Company Ltd.,Thrive Brokerage House Pvt. Ltd,13,632.0,8216.0,2025-08-04 11:51:29.634071
2025-08-04,96657,2025080404006344,MEN,Premier Securities Company Ltd.,SHUBHAKAMANA SECURITIES PVT. LTD,50,632.0,31600.0,2025-08-04 11:52:38.785706
2025-08-04,95074,2025080404006564,MEN,NIMB Stock Markets Limited,Imperial Securities Company Pvt. Ltd.,140,633.0,88620.0,2025-08-04 11:55:48.360642
2025-08-04,95073,2025080404006565,MEN,Premier Securities Company Ltd.,Imperial Securities Company Pvt. Ltd.,937,632.0,592184.0,2025-08-04 11:55:48.360865
2025-08-04,95072,2025080404006566,MEN,Neev Securities Pvt. Ltd.,Imperial Securities Company Pvt. Ltd.,10,632.0,6320.0,2025-08-04 11:55:48.360944
2025-08-04,95071,2025080404006567,MEN,Premier Securities Company Ltd.,Imperial Securities Company Pvt. Ltd.,1000,631.0,631000.0,2025-08-04 11:55:48.361021
2025-08-04,95070,2025080404006568,MEN,Swarna Laxmi Securities Pvt. Ltd.,Imperial Securities Company Pvt. Ltd.,178,631.0,112318.0,2025-08-04 11:55:48.361093
2025-08-04,95069,2025080404006569,MEN,Linch Stock Market Ltd.,Imperial Securities Company Pvt. Ltd.,100,630.1,63010.0,2025-08-04 11:55:48.361167
2025-08-04,95068,2025080404006570,MEN,Linch Stock Market Ltd.,Imperial Securities Company Pvt. Ltd.,100,630.0,63000.0,2025-08-04 11:55:48.361239
2025-08-04,95067,2025080404006571,MEN,Kohinoor Investment & Securities Pvt. Ltd.,Imperial Securities Company Pvt. Ltd.,100,630.0,63000.0,2025-08-04 11:55:48.361325
2025-08-04,95066,2025080404006572,MEN,Primo Securities (PVT) Ltd.,Imperial Securities Company Pvt. Ltd.,216,630.0,136080.0,2025-08-04 11:55:48.361399
2025-08-04,95065,2025080404006573,MEN,Secured Securities Ltd.,Imperial Securities Company Pvt. Ltd.,100,630.0,63000.0,2025-08-04 11:55:48.361475
2025-08-04,95064,2025080404006574,MEN,Primo Securities (PVT) Ltd.,Imperial Securities Company Pvt. Ltd.,119,630.0,74970.0,2025-08-04 11:55:48.361548
2025-08-04,94990,2025080404006606,MEN,Primo Securities (PVT) Ltd.,Imperial Securities Company Pvt. Ltd.,1500,630.0,945000.0,2025-08-04 11:55:59.528378
2025-08-04,94944,2025080404006613,MEN,Primo Securities (PVT) Ltd.,Imperial Securities Company Pvt. Ltd.,13,630.0,8190.0,2025-08-04 11:56:04.661451
2025-08-04,94223,2025080404006736,MEN,Deevyaa Securities & Stock House Pvt. Ltd,Naasa Securities Co. Ltd.,13,630.2,8192.6,2025-08-04 11:57:39.406838
2025-08-04,92558,2025080404007009,MEN,Deevyaa Securities & Stock House Pvt. Ltd,Imperial Securities Company Pvt. Ltd.,187,630.2,117847.4,2025-08-04 12:00:53.896488
2025-08-04,92557,2025080404007010,MEN,Investment Management Nepal Pvt. Ltd.,Imperial Securities Company Pvt. Ltd.,300,630.1,189030.0,2025-08-04 12:00:53.896755
2025-08-04,92556,2025080404007011,MEN,Primo Securities (PVT) Ltd.,Imperial Securities Company Pvt. Ltd.,368,630.0,231840.0,2025-08-04 12:00:53.896837
2025-08-04,92555,2025080404007012,MEN,Premier Securities Company Ltd.,Imperial Securities Company Pvt. Ltd.,100,630.0,63000.0,2025-08-04 12:00:53.896912
2025-08-04,92554,2025080404007013,MEN,Premier Securities Company Ltd.,Imperial Securities Company Pvt. Ltd.,45,630.0,28350.0,2025-08-04 12:00:53.896989
2025-08-04,92407,2025080404007036,MEN,Premier Securities Company Ltd.,Imperial Securities Company Pvt. Ltd.,455,630.0,286650.0,2025-08-04 12:01:12.349947
2025-08-04,92406,2025080404007037,MEN,Premier Securities Company Ltd.,Imperial Securities Company Pvt. Ltd.,445,630.0,280350.0,2025-08-04 12:01:12.350135
2025-08-04,92356,2025080404007049,MEN,Premier Securities Company Ltd.,Sri Hari Securities Pvt. Ltd.,55,630.0,34650.0,2025-08-04 12:01:17.681427
2025-08-04,91723,2025080404007182,MEN,Nepal Investment And Securities Trading Private Limited,Vision Securities Pvt. Ltd,100,631.0,63100.0,2025-08-04 12:02:16.498705
2025-08-04,90969,2025080404007354,MEN,Linch Stock Market Ltd.,Aryatara Investment & Securities,1,619.0,619.0,2025-08-04 12:03:43.740588
2025-08-04,90258,2025080404007520,MEN,Online Securities Pvt. Ltd.,Dynamic Money Managers Securities Pvt. Ltd.,11,629.5,6924.5,2025-08-04 12:05:07.526949
2025-08-04,89128,2025080404007759,MEN,Linch Stock Market Ltd.,Agrawal Securities (PVT) Ltd.,100,630.0,63000.0,2025-08-04 12:06:49.158131
2025-08-04,88351,2025080404007955,MEN,Linch Stock Market Ltd.,Imperial Securities Company Pvt. Ltd.,50,630.0,31500.0,2025-08-04 12:07:52.025927
2025-08-04,88350,2025080404007956,MEN,Online Securities Pvt. Ltd.,Imperial Securities Company Pvt. Ltd.,59,629.5,37140.5,2025-08-04 12:07:52.026130
2025-08-04,88349,2025080404007957,MEN,Linch Stock Market Ltd.,Imperial Securities Company Pvt. Ltd.,100,629.1,62910.0,2025-08-04 12:07:52.026214
2025-08-04,88348,2025080404007958,MEN,Nepal Investment And Securities Trading Private Limited,Imperial Securities Company Pvt. Ltd.,10,629.0,6290.0,2025-08-04 12:07:52.026292
2025-08-04,88347,2025080404007959,MEN,Primo Securities (PVT) Ltd.,Imperial Securities Company Pvt. Ltd.,200,629.0,125800.0,2025-08-04 12:07:52.026382
2025-08-04,88346,2025080404007960,MEN,Nepal Stock House (PVT) Ltd.,Imperial Securities Company Pvt. Ltd.,581,629.0,365449.0,2025-08-04 12:07:52.026460
2025-08-04,86629,2025080404008294,MEN,Imperial Securities Company Pvt. Ltd.,Online Securities Pvt. Ltd.,200,630.0,126000.0,2025-08-04 12:10:21.908652
2025-08-04,85918,2025080404008413,MEN,Dynamic Money Managers Securities Pvt. Ltd.,Online Securities Pvt. Ltd.,160,630.0,100800.0,2025-08-04 12:11:29.399448
2025-08-04,84855,2025080404008635,MEN,Nepal Stock House (PVT) Ltd.,Premier Securities Company Ltd.,100,629.0,62900.0,2025-08-04 12:13:00.565743
2025-08-04,84108,2025080404008847,MEN,Nepal Stock House (PVT) Ltd.,Vision Securities Pvt. Ltd,19,629.0,11951.0,2025-08-04 12:14:06.626389
2025-08-04,84107,2025080404008848,MEN,Dynamic Money Managers Securities Pvt. Ltd.,Vision Securities Pvt. Ltd,200,628.2,125640.0,2025-08-04 12:14:06.626641
2025-08-04,84106,2025080404008849,MEN,Arun Securities (PVT) Ltd.,Vision Securities Pvt. Ltd,781,628.1,490546.1,2025-08-04 12:14:06.626728
2025-08-04,83370,2025080404009041,MEN,Arun Securities (PVT) Ltd.,Imperial Securities Company Pvt. Ltd.,44,628.1,27636.4,2025-08-04 12:15:08.979528
2025-08-04,83369,2025080404009042,MEN,Midas Stock Broking Company Private Limited,Imperial Securities Company Pvt. Ltd.,20,628.0,12560.0,2025-08-04 12:15:08.979650
2025-08-04,83368,2025080404009043,MEN,Dipshikha Dhitopatra Karobar Co. Pvt Ltd.,Imperial Securities Company Pvt. Ltd.,36,628.0,22608.0,2025-08-04 12:15:08.979755
2025-08-04,83287,2025080404009060,MEN,Linch Stock Market Ltd.,Aryatara Investment & Securities,9,621.0,5589.0,2025-08-04 12:15:20.268929
2025-08-04,80977,2025080404009645,MEN,Dynamic Money Managers Securities Pvt. Ltd.,Naasa Securities Co. Ltd.,22,628.5,13827.0,2025-08-04 12:19:06.744615
2025-08-04,80707,2025080404009701,MEN,Nepal Stock House (PVT) Ltd.,Naasa Securities Co. Ltd.,25,629.0,15725.0,2025-08-04 12:19:40.763784
2025-08-04,79610,2025080404009823,MEN,Dynamic Money Managers Securities Pvt. Ltd.,Premier Securities Company Ltd.,100,628.5,62850.0,2025-08-04 12:20:55.663426
2025-08-04,79516,2025080404009857,MEN,Dynamic Money Managers Securities Pvt. Ltd.,Sweta Securities Private Limited,38,628.5,23883.0,2025-08-04 12:21:05.837532
2025-08-04,79515,2025080404009858,MEN,South Asian Bulls Pvt. Ltd.,Sweta Securities Private Limited,462,628.5,290367.0,2025-08-04 12:21:05.837764
2025-08-04,79114,2025080404009926,MEN,Online Securities Pvt. Ltd.,Naasa Securities Co. Ltd.,140,629.0,88060.0,2025-08-04 12:21:54.810993
2025-08-04,79000,2025080404009955,MEN,South Asian Bulls Pvt. Ltd.,Premier Securities Company Ltd.,100,628.5,62850.0,2025-08-04 12:22:09.364859
2025-08-04,78266,2025080404010079,MEN,S.P.S.A. Securities Limited,Sani Securities Company Ltd.,13,628.0,8164.0,2025-08-04 12:23:35.615926
2025-08-04,78261,2025080404010080,MEN,South Asian Bulls Pvt. Ltd.,Imperial Securities Company Pvt. Ltd.,35,628.0,21980.0,2025-08-04 12:23:37.100674
2025-08-04,78260,2025080404010081,MEN,Sani Securities Company Ltd.,Imperial Securities Company Pvt. Ltd.,15,627.0,9405.0,2025-08-04 12:23:37.100888
2025-08-04,78259,2025080404010082,MEN,Shree Krishna Securities Ltd.,Imperial Securities Company Pvt. Ltd.,100,627.0,62700.0,2025-08-04 12:23:37.100975
2025-08-04,78258,2025080404010083,MEN,Nabil Stock Dealer Ltd.,Imperial Securities Company Pvt. Ltd.,1000,626.5,626500.0,2025-08-04 12:23:37.101066
2025-08-04,78257,2025080404010084,MEN,Naasa Securities Co. Ltd.,Imperial Securities Company Pvt. Ltd.,200,626.5,125300.0,2025-08-04 12:23:37.101150
2025-08-04,78256,2025080404010085,MEN,Aakashbhairab Securities Ltd.,Imperial Securities Company Pvt. Ltd.,50,626.2,31310.0,2025-08-04 12:23:37.101237
2025-08-04,78255,2025080404010086,MEN,Naasa Securities Co. Ltd.,Imperial Securities Company Pvt. Ltd.,500,626.2,313100.0,2025-08-04 12:23:37.101327
2025-08-04,78254,2025080404010087,MEN,Investment Management Nepal Pvt. Ltd.,Imperial Securities Company Pvt. Ltd.,100,626.1,62610.0,2025-08-04 12:23:37.101409
2025-08-04,78065,2025080404010118,MEN,Investment Management Nepal Pvt. Ltd.,Imperial Securities Company Pvt. Ltd.,400,626.1,250440.0,2025-08-04 12:23:54.413886
2025-08-04,78064,2025080404010119,MEN,Aakashbhairab Securities Ltd.,Imperial Securities Company Pvt. Ltd.,50,626.0,31300.0,2025-08-04 12:23:54.414128
2025-08-04,78063,2025080404010120,MEN,Naasa Securities Co. Ltd.,Imperial Securities Company Pvt. Ltd.,80,626.0,50080.0,2025-08-04 12:23:54.414220
2025-08-04,78062,2025080404010121,MEN,Sewa Securities Pvt. Ltd.,Imperial Securities Company Pvt. Ltd.,50,626.0,31300.0,2025-08-04 12:23:54.414307
2025-08-04,78061,2025080404010122,MEN,Naasa Securities Co. Ltd.,Imperial Securities Company Pvt. Ltd.,50,626.0,31300.0,2025-08-04 12:23:54.414401
2025-08-04,78060,2025080404010123,MEN,Dipshikha Dhitopatra Karobar Co. Pvt Ltd.,Imperial Securities Company Pvt. Ltd.,44,626.0,27544.0,2025-08-04 12:23:54.414512
2025-08-04,78059,2025080404010124,MEN,Nepal Investment And Securities Trading Private Limited,Imperial Securities Company Pvt. Ltd.,10,625.5,6255.0,2025-08-04 12:23:54.414619
2025-08-04,78058,2025080404010125,MEN,Dynamic Money Managers Securities Pvt. Ltd.,Imperial Securities Company Pvt. Ltd.,300,625.3,187590.0,2025-08-04 12:23:54.414699
2025-08-04,78057,2025080404010126,MEN,Sri Hari Securities Pvt. Ltd.,Imperial Securities Company Pvt. Ltd.,300,625.1,187530.0,2025-08-04 12:23:54.414776
2025-08-04,78056,2025080404010127,MEN,Investment Management Nepal Pvt. Ltd.,Imperial Securities Company Pvt. Ltd.,500,625.1,312550.0,2025-08-04 12:23:54.414853
2025-08-04,78055,2025080404010128,MEN,Investment Management Nepal Pvt. Ltd.,Imperial Securities Company Pvt. Ltd.,1000,625.1,625100.0,2025-08-04 12:23:54.414941
2025-08-04,78054,2025080404010129,MEN,Market Securities & Exchange (PVT) Ltd.,Imperial Securities Company Pvt. Ltd.,50,625.1,31255.0,2025-08-04 12:23:54.415022
2025-08-04,78053,2025080404010130,MEN,Ashutosh Brokerage & Securities (PVT) Ltd.,Imperial Securities Company Pvt. Ltd.,80,625.1,50008.0,2025-08-04 12:23:54.415093
2025-08-04,78052,2025080404010131,MEN,Dipshikha Dhitopatra Karobar Co. Pvt Ltd.,Imperial Securities Company Pvt. Ltd.,86,625.1,53758.6,2025-08-04 12:23:54.415168
2025-08-04,77954,2025080404010147,MEN,Dipshikha Dhitopatra Karobar Co. Pvt Ltd.,Imperial Securities Company Pvt. Ltd.,14,625.1,8751.4,2025-08-04 12:24:05.576822
2025-08-04,77953,2025080404010148,MEN,Agrawal Securities (PVT) Ltd.,Imperial Securities Company Pvt. Ltd.,300,625.1,187530.0,2025-08-04 12:24:05.577023
2025-08-04,77952,2025080404010149,MEN,Online Securities Pvt. Ltd.,Imperial Securities Company Pvt. Ltd.,170,625.0,106250.0,2025-08-04 12:24:05.577111
2025-08-04,77951,2025080404010150,MEN,SUN SECURITIES PVT LTD,Imperial Securities Company Pvt. Ltd.,30,625.0,18750.0,2025-08-04 12:24:05.577187
2025-08-04,77950,2025080404010151,MEN,Investment Management Nepal Pvt. Ltd.,Imperial Securities Company Pvt. Ltd.,700,625.0,437500.0,2025-08-04 12:24:05.577262
2025-08-04,77949,2025080404010152,MEN,Sani Securities Company Ltd.,Imperial Securities Company Pvt. Ltd.,10,625.0,6250.0,2025-08-04 12:24:05.577345
2025-08-04,77948,2025080404010153,MEN,Sewa Securities Pvt. Ltd.,Imperial Securities Company Pvt. Ltd.,2000,625.0,1250000.0,2025-08-04 12:24:05.577417
2025-08-04,77947,2025080404010154,MEN,Cristal Kanchanjanga Securites Pvt. Ltd.,Imperial Securities Company Pvt. Ltd.,24,625.0,15000.0,2025-08-04 12:24:05.577490
2025-08-04,77946,2025080404010155,MEN,Trisul Securities & Invt. Ltd.,Imperial Securities Company Pvt. Ltd.,100,625.0,62500.0,2025-08-04 12:24:05.577569
2025-08-04,77945,2025080404010156,MEN,South Asian Bulls Pvt. Ltd.,Imperial Securities Company Pvt. Ltd.,100,625.0,62500.0,2025-08-04 12:24:05.577641
2025-08-04,77944,2025080404010157,MEN,Naasa Securities Co. Ltd.,Imperial Securities Company Pvt. Ltd.,10,625.0,6250.0,2025-08-04 12:24:05.577711
2025-08-04,77943,2025080404010158,MEN,Online Securities Pvt. Ltd.,Imperial Securities Company Pvt. Ltd.,100,625.0,62500.0,2025-08-04 12:24:05.577784
2025-08-04,77942,2025080404010159,MEN,Ashutosh Brokerage & Securities (PVT) Ltd.,Imperial Securities Company Pvt. Ltd.,500,625.0,312500.0,2025-08-04 12:24:05.577853
2025-08-04,77941,2025080404010160,MEN,ABC Securities Private Limited,Imperial Securities Company Pvt. Ltd.,442,625.0,276250.0,2025-08-04 12:24:05.577926
2025-08-04,77770,2025080404010208,MEN,South Asian Bulls Pvt. Ltd.,Swarna Laxmi Securities Pvt. Ltd.,500,625.1,312550.0,2025-08-04 12:24:22.211986
2025-08-04,77606,2025080404010242,MEN,ABC Securities Private Limited,Sani Securities Company Ltd.,58,625.0,36250.0,2025-08-04 12:24:41.361876
2025-08-04,77605,2025080404010243,MEN,Opal Securities Investment (PVT) Ltd.,Sani Securities Company Ltd.,50,625.0,31250.0,2025-08-04 12:24:41.362082
2025-08-04,76992,2025080404010380,MEN,Midas Stock Broking Company Private Limited,Sani Securities Company Ltd.,41,625.0,25625.0,2025-08-04 12:25:50.170234
2025-08-04,76991,2025080404010381,MEN,Midas Stock Broking Company Private Limited,Dipshikha Dhitopatra Karobar Co. Pvt Ltd.,600,625.9,375540.0,2025-08-04 12:25:50.170456
2025-08-04,76990,2025080404010382,MEN,Midas Stock Broking Company Private Limited,Investment Management Nepal Pvt. Ltd.,100,628.0,62800.0,2025-08-04 12:25:50.170533
2025-08-04,76989,2025080404010383,MEN,Midas Stock Broking Company Private Limited,ABC Securities Private Limited,100,628.9,62890.0,2025-08-04 12:25:50.170607
2025-08-04,76988,2025080404010384,MEN,Midas Stock Broking Company Private Limited,Naasa Securities Co. Ltd.,159,629.0,100011.0,2025-08-04 12:25:50.170680
2025-08-04,75710,2025080404010671,MEN,Malla & Malla Stock Broking Company Pvt. Limited,Online Securities Pvt. Ltd.,400,625.0,250000.0,2025-08-04 12:28:05.661561
2025-08-04,75709,2025080404010672,MEN,Siprabi Securities Pvt. Ltd.,Online Securities Pvt. Ltd.,100,624.1,62410.0,2025-08-04 12:28:05.661854
2025-08-04,75708,2025080404010673,MEN,South Asian Bulls Pvt. Ltd.,Online Securities Pvt. Ltd.,500,624.1,312050.0,2025-08-04 12:28:05.661959
2025-08-04,75707,2025080404010674,MEN,Sani Securities Company Ltd.,Online Securities Pvt. Ltd.,11,624.0,6864.0,2025-08-04 12:28:05.662044
2025-08-04,75557,2025080404010695,MEN,Agrawal Securities (PVT) Ltd.,Online Securities Pvt. Ltd.,100,623.0,62300.0,2025-08-04 12:28:20.912135
2025-08-04,75556,2025080404010696,MEN,Agrawal Securities (PVT) Ltd.,Online Securities Pvt. Ltd.,500,622.2,311100.0,2025-08-04 12:28:20.912532
2025-08-04,75555,2025080404010697,MEN,Shree Krishna Securities Ltd.,Online Securities Pvt. Ltd.,50,622.1,31105.0,2025-08-04 12:28:20.912753
2025-08-04,75554,2025080404010698,MEN,Ashutosh Brokerage & Securities (PVT) Ltd.,Online Securities Pvt. Ltd.,500,622.1,311050.0,2025-08-04 12:28:20.912966
2025-08-04,75553,2025080404010699,MEN,Imperial Securities Company Pvt. Ltd.,Online Securities Pvt. Ltd.,200,622.0,124400.0,2025-08-04 12:28:20.913174
2025-08-04,75552,2025080404010700,MEN,Imperial Securities Company Pvt. Ltd.,Online Securities Pvt. Ltd.,20,622.0,12440.0,2025-08-04 12:28:20.913391
2025-08-04,75551,2025080404010701,MEN,Aryatara Investment & Securities,Online Securities Pvt. Ltd.,119,622.0,74018.0,2025-08-04 12:28:20.913609
2025-08-04,75058,2025080404010807,MEN,Aryatara Investment & Securities,Online Securities Pvt. Ltd.,181,622.0,112582.0,2025-08-04 12:29:04.884723
2025-08-04,74752,2025080404010873,MEN,Secured Securities Ltd.,Kohinoor Investment & Securities Pvt. Ltd.,25,628.5,15712.5,2025-08-04 12:29:37.274727
2025-08-04,74326,2025080404010959,MEN,Dynamic Money Managers Securities Pvt. Ltd.,Online Securities Pvt. Ltd.,140,625.0,87500.0,2025-08-04 12:30:05.109958
2025-08-04,74164,2025080404010990,MEN,Dynamic Money Managers Securities Pvt. Ltd.,Vision Securities Pvt. Ltd,20,625.0,12500.0,2025-08-04 12:30:21.034014
2025-08-04,74163,2025080404010991,MEN,Nepal Stock House (PVT) Ltd.,Vision Securities Pvt. Ltd,300,622.0,186600.0,2025-08-04 12:30:21.034217
2025-08-04,74162,2025080404010992,MEN,SUN SECURITIES PVT LTD,Vision Securities Pvt. Ltd,100,621.3,62130.0,2025-08-04 12:30:21.034291
2025-08-04,74161,2025080404010993,MEN,Ashutosh Brokerage & Securities (PVT) Ltd.,Vision Securities Pvt. Ltd,200,621.2,124240.0,2025-08-04 12:30:21.034373
2025-08-04,74160,2025080404010994,MEN,Market Securities & Exchange (PVT) Ltd.,Vision Securities Pvt. Ltd,100,621.1,62110.0,2025-08-04 12:30:21.034446
2025-08-04,74159,2025080404010995,MEN,Sri Hari Securities Pvt. Ltd.,Vision Securities Pvt. Ltd,500,621.1,310550.0,2025-08-04 12:30:21.034516
2025-08-04,74158,2025080404010996,MEN,South Asian Bulls Pvt. Ltd.,Vision Securities Pvt. Ltd,780,621.1,484458.0,2025-08-04 12:30:21.034588
2025-08-04,73454,2025080404011121,MEN,K.B.L. Securities Limited ,Online Securities Pvt. Ltd.,20,621.3,12426.0,2025-08-04 12:31:26.574904
2025-08-04,73453,2025080404011122,MEN,Linch Stock Market Ltd.,Online Securities Pvt. Ltd.,100,621.2,62120.0,2025-08-04 12:31:26.575098
2025-08-04,73452,2025080404011123,MEN,Dynamic Money Managers Securities Pvt. Ltd.,Online Securities Pvt. Ltd.,180,621.2,111816.0,2025-08-04 12:31:26.575176
2025-08-04,73246,2025080404011162,MEN,Dynamic Money Managers Securities Pvt. Ltd.,Online Securities Pvt. Ltd.,19,621.2,11802.8,2025-08-04 12:31:43.114999
2025-08-04,70639,2025080404011648,MEN,Naasa Securities Co. Ltd.,Opal Securities Investment (PVT) Ltd.,50,625.0,31250.0,2025-08-04 12:36:10.035094
2025-08-04,69411,2025080404011880,MEN,Sumeru Securities Pvt. Ltd.,Imperial Securities Company Pvt. Ltd.,60,626.0,37560.0,2025-08-04 12:38:21.420622
2025-08-04,68428,2025080404012074,MEN,Oxford Securities Pvt. Ltd.,Kumari Securities Private Limited,125,626.2,78275.0,2025-08-04 12:40:36.113651
2025-08-04,67778,2025080404012201,MEN,Dipshikha Dhitopatra Karobar Co. Pvt Ltd.,Premier Securities Company Ltd.,100,626.3,62630.0,2025-08-04 12:41:55.862650
2025-08-04,67491,2025080404012303,MEN,Dipshikha Dhitopatra Karobar Co. Pvt Ltd.,Bhrikuti Stock Broking Co. Pvt. Ltd.,375,626.3,234862.5,2025-08-04 12:42:30.720064
2025-08-04,66954,2025080404012397,MEN,Dipshikha Dhitopatra Karobar Co. Pvt Ltd.,Vision Securities Pvt. Ltd,13,626.3,8141.9,2025-08-04 12:43:46.590027
2025-08-04,66781,2025080404012429,MEN,Dipshikha Dhitopatra Karobar Co. Pvt Ltd.,Imperial Securities Company Pvt. Ltd.,1000,626.3,626300.0,2025-08-04 12:44:15.904691
2025-08-04,66711,2025080404012447,MEN,Dipshikha Dhitopatra Karobar Co. Pvt Ltd.,Imperial Securities Company Pvt. Ltd.,500,626.3,313150.0,2025-08-04 12:44:30.099270
2025-08-04,65596,2025080404012705,MEN,Sani Securities Company Ltd.,Sri Hari Securities Pvt. Ltd.,100,627.0,62700.0,2025-08-04 12:47:11.548757
2025-08-04,65595,2025080404012706,MEN,Dipshikha Dhitopatra Karobar Co. Pvt Ltd.,Sri Hari Securities Pvt. Ltd.,12,626.3,7515.6,2025-08-04 12:47:11.549234
2025-08-04,65594,2025080404012707,MEN,Naasa Securities Co. Ltd.,Sri Hari Securities Pvt. Ltd.,10,626.0,6260.0,2025-08-04 12:47:11.549557
2025-08-04,65593,2025080404012708,MEN,ABC Securities Private Limited,Sri Hari Securities Pvt. Ltd.,83,625.0,51875.0,2025-08-04 12:47:11.549804
2025-08-04,65368,2025080404012762,MEN,ABC Securities Private Limited,South Asian Bulls Pvt. Ltd.,117,625.0,73125.0,2025-08-04 12:47:44.125384
2025-08-04,65367,2025080404012763,MEN,Imperial Securities Company Pvt. Ltd.,South Asian Bulls Pvt. Ltd.,15,625.0,9375.0,2025-08-04 12:47:44.125645
2025-08-04,65312,2025080404012787,MEN,Imperial Securities Company Pvt. Ltd.,Online Securities Pvt. Ltd.,61,625.0,38125.0,2025-08-04 12:47:53.372803
2025-08-04,65104,2025080404012833,MEN,Cristal Kanchanjanga Securites Pvt. Ltd.,Sweta Securities Private Limited,15,627.0,9405.0,2025-08-04 12:48:32.654565
2025-08-04,64032,2025080404013099,MEN,Linch Stock Market Ltd.,Dipshikha Dhitopatra Karobar Co. Pvt Ltd.,250,626.0,156500.0,2025-08-04 12:51:40.157535
2025-08-04,63845,2025080404013127,MEN,South Asian Bulls Pvt. Ltd.,Imperial Securities Company Pvt. Ltd.,500,625.2,312600.0,2025-08-04 12:52:22.576343
2025-08-04,63769,2025080404013135,MEN,South Asian Bulls Pvt. Ltd.,Imperial Securities Company Pvt. Ltd.,500,625.2,312600.0,2025-08-04 12:52:35.820756
2025-08-04,63754,2025080404013137,MEN,Linch Stock Market Ltd.,Kohinoor Investment & Securities Pvt. Ltd.,25,626.5,15662.5,2025-08-04 12:52:40.800527
2025-08-04,63705,2025080404013150,MEN,Midas Stock Broking Company Private Limited,Vision Securities Pvt. Ltd,13,625.3,8128.9,2025-08-04 12:52:47.931972
2025-08-04,63696,2025080404013152,MEN,Midas Stock Broking Company Private Limited,SUN SECURITIES PVT LTD,487,625.3,304521.1,2025-08-04 12:52:49.702614
2025-08-04,63695,2025080404013153,MEN,Sani Securities Company Ltd.,SUN SECURITIES PVT LTD,13,625.2,8127.6,2025-08-04 12:52:49.702652
2025-08-04,63520,2025080404013198,MEN,Sani Securities Company Ltd.,SUN SECURITIES PVT LTD,50,625.3,31265.0,2025-08-04 12:53:19.795467
2025-08-04,63519,2025080404013199,MEN,Sani Securities Company Ltd.,SUN SECURITIES PVT LTD,37,625.2,23132.4,2025-08-04 12:53:19.795546
2025-08-04,63518,2025080404013200,MEN,South Asian Bulls Pvt. Ltd.,SUN SECURITIES PVT LTD,913,625.2,570807.6,2025-08-04 12:53:19.795574
2025-08-04,63019,2025080404013300,MEN,Linch Stock Market Ltd.,Imperial Securities Company Pvt. Ltd.,50,625.1,31255.0,2025-08-04 12:54:28.291556
2025-08-04,63018,2025080404013301,MEN,South Asian Bulls Pvt. Ltd.,Imperial Securities Company Pvt. Ltd.,525,625.1,328177.5,2025-08-04 12:54:28.291855
2025-08-04,62813,2025080404013335,MEN,Linch Stock Market Ltd.,Market Securities & Exchange (PVT) Ltd.,72,625.2,45014.4,2025-08-04 12:55:04.131078
2025-08-04,62088,2025080404013497,MEN,Dynamic Money Managers Securities Pvt. Ltd.,Dynamic Money Managers Securities Pvt. Ltd.,150,626.9,94035.0,2025-08-04 12:56:32.793752
2025-08-04,61775,2025080404013552,MEN,S.P.S.A. Securities Limited,Online Securities Pvt. Ltd.,10,626.0,6260.0,2025-08-04 12:57:17.758217
2025-08-04,61719,2025080404013556,MEN,Dynamic Money Managers Securities Pvt. Ltd.,Dynamic Money Managers Securities Pvt. Ltd.,50,626.9,31345.0,2025-08-04 12:57:25.417297
2025-08-04,61718,2025080404013557,MEN,Dynamic Money Managers Securities Pvt. Ltd.,Magnet Securities and Investment Company Private Limited,450,626.9,282105.0,2025-08-04 12:57:25.417520
2025-08-04,61499,2025080404013593,MEN,South Asian Bulls Pvt. Ltd.,Imperial Securities Company Pvt. Ltd.,500,625.3,312650.0,2025-08-04 12:57:50.159673
2025-08-04,61357,2025080404013637,MEN,South Asian Bulls Pvt. Ltd.,Imperial Securities Company Pvt. Ltd.,500,625.3,312650.0,2025-08-04 12:58:04.368594
2025-08-04,61115,2025080404013678,MEN,ABC Securities Private Limited,Imperial Securities Company Pvt. Ltd.,100,625.2,62520.0,2025-08-04 12:58:31.791860
2025-08-04,61114,2025080404013679,MEN,South Asian Bulls Pvt. Ltd.,Imperial Securities Company Pvt. Ltd.,562,625.1,351306.2,2025-08-04 12:58:31.792285
2025-08-04,61113,2025080404013680,MEN,Imperial Securities Company Pvt. Ltd.,Imperial Securities Company Pvt. Ltd.,124,625.0,77500.0,2025-08-04 12:58:31.792567
2025-08-04,61112,2025080404013681,MEN,J.F. Securites (PVT) Ltd.,Imperial Securities Company Pvt. Ltd.,150,625.0,93750.0,2025-08-04 12:58:31.792815
2025-08-04,61111,2025080404013682,MEN,Primo Securities (PVT) Ltd.,Imperial Securities Company Pvt. Ltd.,50,625.0,31250.0,2025-08-04 12:58:31.793077
2025-08-04,61110,2025080404013683,MEN,Nepal Stock House (PVT) Ltd.,Imperial Securities Company Pvt. Ltd.,14,625.0,8750.0,2025-08-04 12:58:31.793339
2025-08-04,60778,2025080404013743,MEN,Trademow Securities Private Limited,Bhrikuti Stock Broking Co. Pvt. Ltd.,50,626.0,31300.0,2025-08-04 12:59:12.337001
2025-08-04,60750,2025080404013748,MEN,Neev Securities Pvt. Ltd.,Bhrikuti Stock Broking Co. Pvt. Ltd.,150,626.0,93900.0,2025-08-04 12:59:14.762094
2025-08-04,60641,2025080404013769,MEN,Nepal Stock House (PVT) Ltd.,Naasa Securities Co. Ltd.,176,625.0,110000.0,2025-08-04 12:59:28.527812
2025-08-04,60438,2025080404013814,MEN,Nepal Stock House (PVT) Ltd.,Dakshinkali Investment & Securities Pvt. Ltd.,10,625.0,6250.0,2025-08-04 12:59:52.376064
2025-08-04,60269,2025080404013847,MEN,South Asian Bulls Pvt. Ltd.,Machhapuchchhre Securities Limited,30,624.1,18723.0,2025-08-04 13:00:12.347553
2025-08-04,60133,2025080404013899,MEN,Dynamic Money Managers Securities Pvt. Ltd.,Dakshinkali Investment & Securities Pvt. Ltd.,100,625.0,62500.0,2025-08-04 13:00:30.115219
2025-08-04,59927,2025080404013941,MEN,Sumeru Securities Pvt. Ltd.,Dakshinkali Investment & Securities Pvt. Ltd.,100,625.0,62500.0,2025-08-04 13:00:50.958603
2025-08-04,59515,2025080404014034,MEN,Premier Securities Company Ltd.,Dakshinkali Investment & Securities Pvt. Ltd.,90,625.0,56250.0,2025-08-04 13:01:41.136073
2025-08-04,59295,2025080404014083,MEN,Premier Securities Company Ltd.,Machhapuchchhre Securities Limited,10,625.0,6250.0,2025-08-04 13:02:14.725727
2025-08-04,59294,2025080404014084,MEN,South Asian Bulls Pvt. Ltd.,Machhapuchchhre Securities Limited,90,624.1,56169.0,2025-08-04 13:02:14.725876
2025-08-04,58965,2025080404014136,MEN,South Asian Bulls Pvt. Ltd.,Machhapuchchhre Securities Limited,50,624.1,31205.0,2025-08-04 13:02:53.847572
2025-08-04,58596,2025080404014194,MEN,South Asian Bulls Pvt. Ltd.,Magnet Securities and Investment Company Private Limited,50,624.1,31205.0,2025-08-04 13:03:42.933404
2025-08-04,58467,2025080404014222,MEN,South Asian Bulls Pvt. Ltd.,Machhapuchchhre Securities Limited,50,624.1,31205.0,2025-08-04 13:04:03.076637
2025-08-04,57262,2025080404014488,MEN,Neev Securities Pvt. Ltd.,Dipshikha Dhitopatra Karobar Co. Pvt Ltd.,50,625.0,31250.0,2025-08-04 13:06:30.177978
2025-08-04,56984,2025080404014546,MEN,Shree Krishna Securities Ltd.,Dipshikha Dhitopatra Karobar Co. Pvt Ltd.,500,625.0,312500.0,2025-08-04 13:06:58.882496
2025-08-04,56931,2025080404014563,MEN,South Asian Bulls Pvt. Ltd.,Cristal Kanchanjanga Securites Pvt. Ltd.,730,624.1,455593.0,2025-08-04 13:07:06.811544
2025-08-04,56930,2025080404014564,MEN,Naasa Securities Co. Ltd.,Cristal Kanchanjanga Securites Pvt. Ltd.,62,624.1,38694.2,2025-08-04 13:07:06.811768
2025-08-04,56929,2025080404014565,MEN,Kohinoor Investment & Securities Pvt. Ltd.,Cristal Kanchanjanga Securites Pvt. Ltd.,108,624.0,67392.0,2025-08-04 13:07:06.811857
2025-08-04,56607,2025080404014672,MEN,Kohinoor Investment & Securities Pvt. Ltd.,Vision Securities Pvt. Ltd,13,624.0,8112.0,2025-08-04 13:07:31.975605
2025-08-04,55880,2025080404014861,MEN,Kohinoor Investment & Securities Pvt. Ltd.,Machhapuchchhre Securities Limited,150,624.0,93600.0,2025-08-04 13:08:53.938143
2025-08-04,55772,2025080404014905,MEN,Kohinoor Investment & Securities Pvt. Ltd.,Opal Securities Investment (PVT) Ltd.,200,624.0,124800.0,2025-08-04 13:09:10.666182
2025-08-04,55693,2025080404014933,MEN,Kohinoor Investment & Securities Pvt. Ltd.,Machhapuchchhre Securities Limited,29,624.0,18096.0,2025-08-04 13:09:24.038173
2025-08-04,55692,2025080404014934,MEN,Bhrikuti Stock Broking Co. Pvt. Ltd.,Machhapuchchhre Securities Limited,21,623.4,13091.4,2025-08-04 13:09:24.038278
2025-08-04,55536,2025080404014998,MEN,Bhrikuti Stock Broking Co. Pvt. Ltd.,Nagarik Stock Dealer ,79,623.4,49248.6,2025-08-04 13:09:44.583089
2025-08-04,55535,2025080404014999,MEN,Siprabi Securities Pvt. Ltd.,Nagarik Stock Dealer ,100,623.3,62330.0,2025-08-04 13:09:44.583577
2025-08-04,55534,2025080404015000,MEN,INDEX SECURITIES LIMITED,Nagarik Stock Dealer ,50,623.0,31150.0,2025-08-04 13:09:44.583859
2025-08-04,55533,2025080404015001,MEN,Nepal Stock House (PVT) Ltd.,Nagarik Stock Dealer ,200,623.0,124600.0,2025-08-04 13:09:44.584134
2025-08-04,55532,2025080404015002,MEN,Ashutosh Brokerage & Securities (PVT) Ltd.,Nagarik Stock Dealer ,271,622.2,168616.2,2025-08-04 13:09:44.584397
2025-08-04,55240,2025080404015035,MEN,Ashutosh Brokerage & Securities (PVT) Ltd.,Machhapuchchhre Securities Limited,200,622.2,124440.0,2025-08-04 13:10:05.163723
2025-08-04,55045,2025080404015084,MEN,Ashutosh Brokerage & Securities (PVT) Ltd.,Machhapuchchhre Securities Limited,29,622.2,18043.8,2025-08-04 13:10:28.236184
2025-08-04,55044,2025080404015085,MEN,Agrawal Securities (PVT) Ltd.,Machhapuchchhre Securities Limited,71,622.1,44169.1,2025-08-04 13:10:28.236262
2025-08-04,54649,2025080404015147,MEN,Agrawal Securities (PVT) Ltd.,Nabil Stock Dealer Ltd.,10,622.1,6221.0,2025-08-04 13:11:18.954425
2025-08-04,54635,2025080404015155,MEN,Agrawal Securities (PVT) Ltd.,Dipshikha Dhitopatra Karobar Co. Pvt Ltd.,15,622.1,9331.5,2025-08-04 13:11:20.643730
2025-08-04,53987,2025080404015292,MEN,Sumeru Securities Pvt. Ltd.,Machhapuchchhre Securities Limited,100,622.2,62220.0,2025-08-04 13:12:26.592729
2025-08-04,53986,2025080404015293,MEN,Agrawal Securities (PVT) Ltd.,Machhapuchchhre Securities Limited,100,622.1,62210.0,2025-08-04 13:12:26.592785
2025-08-04,53725,2025080404015356,MEN,Agrawal Securities (PVT) Ltd.,Machhapuchchhre Securities Limited,50,622.1,31105.0,2025-08-04 13:12:59.683727
2025-08-04,53531,2025080404015409,MEN,Linch Stock Market Ltd.,Siprabi Securities Pvt. Ltd.,13,623.0,8099.0,2025-08-04 13:13:26.229953
2025-08-04,53475,2025080404015418,MEN,Agrawal Securities (PVT) Ltd.,Machhapuchchhre Securities Limited,50,622.1,31105.0,2025-08-04 13:13:35.793825
2025-08-04,53266,2025080404015463,MEN,Investment Management Nepal Pvt. Ltd.,Machhapuchchhre Securities Limited,100,622.2,62220.0,2025-08-04 13:14:09.904364
2025-08-04,53137,2025080404015467,MEN,Investment Management Nepal Pvt. Ltd.,Siprabi Securities Pvt. Ltd.,13,622.2,8088.6,2025-08-04 13:14:17.935369
2025-08-04,53092,2025080404015478,MEN,Siprabi Securities Pvt. Ltd.,Kalika Securities Pvt. Ltd.,25,622.3,15557.5,2025-08-04 13:14:22.440199
2025-08-04,53091,2025080404015479,MEN,Investment Management Nepal Pvt. Ltd.,Kalika Securities Pvt. Ltd.,45,622.2,27999.0,2025-08-04 13:14:22.440464
2025-08-04,52667,2025080404015566,MEN,Arun Securities (PVT) Ltd.,Vision Securities Pvt. Ltd,500,624.0,312000.0,2025-08-04 13:15:23.119073
2025-08-04,52516,2025080404015613,MEN,Investment Management Nepal Pvt. Ltd.,Machhapuchchhre Securities Limited,40,622.2,24888.0,2025-08-04 13:15:41.186502
2025-08-04,52248,2025080404015669,MEN,Trisul Securities & Invt. Ltd.,Sumeru Securities Pvt. Ltd.,100,622.4,62240.0,2025-08-04 13:16:15.237986
2025-08-04,52247,2025080404015670,MEN,Kumari Securities Private Limited,Machhapuchchhre Securities Limited,100,622.2,62220.0,2025-08-04 13:16:15.305154
2025-08-04,52193,2025080404015687,MEN,Sweta Securities Private Limited,Sumeru Securities Pvt. Ltd.,90,622.4,56016.0,2025-08-04 13:16:21.797726
2025-08-04,52154,2025080404015695,MEN,Dynamic Money Managers Securities Pvt. Ltd.,Kumari Securities Private Limited,1,621.2,621.2,2025-08-04 13:16:28.132533
2025-08-04,52082,2025080404015705,MEN,Vision Securities Pvt. Ltd,Sumeru Securities Pvt. Ltd.,300,622.4,186720.0,2025-08-04 13:16:35.853411
2025-08-04,52055,2025080404015714,MEN,Kumari Securities Private Limited,Machhapuchchhre Securities Limited,50,622.2,31110.0,2025-08-04 13:16:38.372477
2025-08-04,51761,2025080404015769,MEN,Kumari Securities Private Limited,Machhapuchchhre Securities Limited,100,622.2,62220.0,2025-08-04 13:17:13.476272
2025-08-04,51554,2025080404015792,MEN,Agrawal Securities (PVT) Ltd.,Arun Securities (PVT) Ltd.,192,622.6,119539.2,2025-08-04 13:17:41.778252
2025-08-04,51441,2025080404015830,MEN,Sani Securities Company Ltd.,Dipshikha Dhitopatra Karobar Co. Pvt Ltd.,13,622.5,8092.5,2025-08-04 13:17:53.008259
2025-08-04,51427,2025080404015833,MEN,Nepal Stock House (PVT) Ltd.,Nepal Investment And Securities Trading Private Limited,120,624.0,74880.0,2025-08-04 13:17:55.880529
2025-08-04,51308,2025080404015860,MEN,Nepal Stock House (PVT) Ltd.,Machhapuchchhre Securities Limited,150,624.0,93600.0,2025-08-04 13:18:14.650331
2025-08-04,51258,2025080404015864,MEN,Malla & Malla Stock Broking Company Pvt. Limited,Dipshikha Dhitopatra Karobar Co. Pvt Ltd.,100,625.0,62500.0,2025-08-04 13:18:19.991023
2025-08-04,50889,2025080404015922,MEN,Nagarik Stock Dealer ,Dipshikha Dhitopatra Karobar Co. Pvt Ltd.,50,625.0,31250.0,2025-08-04 13:19:11.891571
2025-08-04,50888,2025080404015923,MEN,Nagarik Stock Dealer ,KALASH STOCK MARKET PVT. LTD.,100,625.0,62500.0,2025-08-04 13:19:11.891820
2025-08-04,50658,2025080404015982,MEN,Nagarik Stock Dealer ,Machhapuchchhre Securities Limited,100,625.0,62500.0,2025-08-04 13:19:40.896361
2025-08-04,50657,2025080404015983,MEN,Nepal Stock House (PVT) Ltd.,Machhapuchchhre Securities Limited,130,624.0,81120.0,2025-08-04 13:19:40.896409
2025-08-04,50656,2025080404015984,MEN,Hatemalo Financial Services Private Limited,Machhapuchchhre Securities Limited,70,622.6,43582.0,2025-08-04 13:19:40.896442
2025-08-04,50355,2025080404016066,MEN,Kumari Securities Private Limited,Machhapuchchhre Securities Limited,150,623.0,93450.0,2025-08-04 13:20:20.017793
2025-08-04,50210,2025080404016098,MEN,Sani Securities Company Ltd.,Bhrikuti Stock Broking Co. Pvt. Ltd.,300,626.0,187800.0,2025-08-04 13:20:42.823622
2025-08-04,50209,2025080404016099,MEN,Sani Securities Company Ltd.,Trishakti Securities Public Limited,187,626.0,117062.0,2025-08-04 13:20:42.823894
2025-08-04,50206,2025080404016101,MEN,Primo Securities (PVT) Ltd.,Vision Securities Pvt. Ltd,10,624.0,6240.0,2025-08-04 13:20:42.964439
2025-08-04,49967,2025080404016136,MEN,Primo Securities (PVT) Ltd.,Machhapuchchhre Securities Limited,100,624.0,62400.0,2025-08-04 13:20:57.151290
2025-08-04,49752,2025080404016187,MEN,Vision Securities Pvt. Ltd,Machhapuchchhre Securities Limited,30,624.1,18723.0,2025-08-04 13:21:30.248650
2025-08-04,49672,2025080404016222,MEN,Vision Securities Pvt. Ltd,J.F. Securites (PVT) Ltd.,170,624.1,106097.0,2025-08-04 13:21:41.411571
2025-08-04,49611,2025080404016240,MEN,Primo Securities (PVT) Ltd.,J.F. Securites (PVT) Ltd.,30,624.0,18720.0,2025-08-04 13:21:53.491420
2025-08-04,49459,2025080404016274,MEN,Oxford Securities Pvt. Ltd.,Machhapuchchhre Securities Limited,20,624.5,12490.0,2025-08-04 13:22:10.364558
2025-08-04,49458,2025080404016275,MEN,Primo Securities (PVT) Ltd.,Machhapuchchhre Securities Limited,60,624.0,37440.0,2025-08-04 13:22:10.364615
2025-08-04,49457,2025080404016276,MEN,Linch Stock Market Ltd.,Machhapuchchhre Securities Limited,70,623.3,43631.0,2025-08-04 13:22:10.364644
2025-08-04,49348,2025080404016291,MEN,Linch Stock Market Ltd.,Machhapuchchhre Securities Limited,30,623.3,18699.0,2025-08-04 13:22:35.439370
2025-08-04,49347,2025080404016292,MEN,Hatemalo Financial Services Private Limited,Machhapuchchhre Securities Limited,70,623.2,43624.0,2025-08-04 13:22:35.439431
2025-08-04,49096,2025080404016349,MEN,Sipla Securities Private Limited,Kohinoor Investment & Securities Pvt. Ltd.,13,624.0,8112.0,2025-08-04 13:23:13.440959
2025-08-04,48269,2025080404016506,MEN,Shree Krishna Securities Ltd.,Deevyaa Securities & Stock House Pvt. Ltd,50,625.0,31250.0,2025-08-04 13:24:42.301980
2025-08-04,48185,2025080404016516,MEN,Online Securities Pvt. Ltd.,Deevyaa Securities & Stock House Pvt. Ltd,20,625.0,12500.0,2025-08-04 13:24:52.246377
2025-08-04,48162,2025080404016522,MEN,Hatemalo Financial Services Private Limited,Deevyaa Securities & Stock House Pvt. Ltd,430,625.0,268750.0,2025-08-04 13:24:55.681109
2025-08-04,47897,2025080404016573,MEN,Sipla Securities Private Limited,J.F. Securites (PVT) Ltd.,300,625.1,187530.0,2025-08-04 13:25:34.139415
2025-08-04,47693,2025080404016621,MEN,Aryatara Investment & Securities,Trishakti Securities Public Limited,20,626.0,12520.0,2025-08-04 13:26:14.094746
2025-08-04,47127,2025080404016760,MEN,Hatemalo Financial Services Private Limited,Imperial Securities Company Pvt. Ltd.,2430,624.0,1516320.0,2025-08-04 13:27:42.840764
2025-08-04,45947,2025080404017021,MEN,Linch Stock Market Ltd.,South Asian Bulls Pvt. Ltd.,100,623.3,62330.0,2025-08-04 13:30:40.822190
2025-08-04,45946,2025080404017022,MEN,Nepal Investment And Securities Trading Private Limited,South Asian Bulls Pvt. Ltd.,100,623.0,62300.0,2025-08-04 13:30:40.822445
2025-08-04,44957,2025080404017273,MEN,INDEX SECURITIES LIMITED,Trishakti Securities Public Limited,10,622.7,6227.0,2025-08-04 13:33:16.821483
2025-08-04,44956,2025080404017274,MEN,INDEX SECURITIES LIMITED,Trishakti Securities Public Limited,10,622.6,6226.0,2025-08-04 13:33:16.821744
2025-08-04,44955,2025080404017275,MEN,Siprabi Securities Pvt. Ltd.,Trishakti Securities Public Limited,200,622.3,124460.0,2025-08-04 13:33:16.821840
2025-08-04,44954,2025080404017276,MEN,Agrawal Securities (PVT) Ltd.,Trishakti Securities Public Limited,73,622.1,45413.3,2025-08-04 13:33:16.821934
2025-08-04,44630,2025080404017358,MEN,Agrawal Securities (PVT) Ltd.,Naasa Securities Co. Ltd.,131,622.1,81495.1,2025-08-04 13:34:05.108142
2025-08-04,44629,2025080404017359,MEN,Linch Stock Market Ltd.,Naasa Securities Co. Ltd.,75,622.1,46657.5,2025-08-04 13:34:05.108425
2025-08-04,44628,2025080404017360,MEN,Sani Securities Company Ltd.,Naasa Securities Co. Ltd.,200,622.0,124400.0,2025-08-04 13:34:05.108539
2025-08-04,44627,2025080404017361,MEN,Siprabi Securities Pvt. Ltd.,Naasa Securities Co. Ltd.,70,622.0,43540.0,2025-08-04 13:34:05.108632
2025-08-04,44626,2025080404017362,MEN,Aryatara Investment & Securities,Naasa Securities Co. Ltd.,10,622.0,6220.0,2025-08-04 13:34:05.108725
2025-08-04,44625,2025080404017363,MEN,Sewa Securities Pvt. Ltd.,Naasa Securities Co. Ltd.,14,622.0,8708.0,2025-08-04 13:34:05.108817
2025-08-04,44225,2025080404017450,MEN,INDEX SECURITIES LIMITED,Neev Securities Pvt. Ltd.,3,614.0,1842.0,2025-08-04 13:35:18.583235
2025-08-04,44058,2025080404017508,MEN,Cristal Kanchanjanga Securites Pvt. Ltd.,South Asian Bulls Pvt. Ltd.,20,623.0,12460.0,2025-08-04 13:35:44.407136
2025-08-04,43867,2025080404017574,MEN,Vision Securities Pvt. Ltd,South Asian Bulls Pvt. Ltd.,100,623.0,62300.0,2025-08-04 13:36:18.286072
2025-08-04,43846,2025080404017578,MEN,Nepal Investment And Securities Trading Private Limited,South Asian Bulls Pvt. Ltd.,50,623.0,31150.0,2025-08-04 13:36:23.942229
2025-08-04,43637,2025080404017624,MEN,Nepal Investment And Securities Trading Private Limited,ABC Securities Private Limited,13,622.0,8086.0,2025-08-04 13:36:59.009841
2025-08-04,43496,2025080404017669,MEN,Nepal Investment And Securities Trading Private Limited,Machhapuchchhre Securities Limited,15,622.0,9330.0,2025-08-04 13:37:21.944003
2025-08-04,42880,2025080404017820,MEN,Nepal Investment And Securities Trading Private Limited,Machhapuchchhre Securities Limited,22,622.0,13684.0,2025-08-04 13:39:09.259492
2025-08-04,42879,2025080404017821,MEN,Naasa Securities Co. Ltd.,Machhapuchchhre Securities Limited,40,622.0,24880.0,2025-08-04 13:39:09.259541
2025-08-04,42520,2025080404017924,MEN,ABC Securities Private Limited,Machhapuchchhre Securities Limited,20,622.0,12440.0,2025-08-04 13:40:24.493790
2025-08-04,41121,2025080404018132,MEN,Nepal Investment And Securities Trading Private Limited,Machhapuchchhre Securities Limited,30,622.2,18666.0,2025-08-04 13:43:36.918598
2025-08-04,41120,2025080404018133,MEN,Linch Stock Market Ltd.,Machhapuchchhre Securities Limited,40,622.1,24884.0,2025-08-04 13:43:36.918669
2025-08-04,40974,2025080404018146,MEN,Linch Stock Market Ltd.,Naasa Securities Co. Ltd.,10,622.1,6221.0,2025-08-04 13:43:50.403873
2025-08-04,40973,2025080404018147,MEN,Midas Stock Broking Company Private Limited,South Asian Bulls Pvt. Ltd.,100,623.0,62300.0,2025-08-04 13:43:50.581074
2025-08-04,40943,2025080404018156,MEN,Linch Stock Market Ltd.,South Asian Bulls Pvt. Ltd.,30,623.0,18690.0,2025-08-04 13:44:00.052392
2025-08-04,40942,2025080404018157,MEN,Linch Stock Market Ltd.,South Asian Bulls Pvt. Ltd.,370,623.0,230510.0,2025-08-04 13:44:00.052684
2025-08-04,40564,2025080404018216,MEN,Imperial Securities Company Pvt. Ltd.,South Asian Bulls Pvt. Ltd.,100,623.0,62300.0,2025-08-04 13:44:50.661946
2025-08-04,40348,2025080404018241,MEN,Dynamic Money Managers Securities Pvt. Ltd.,Machhapuchchhre Securities Limited,60,622.2,37332.0,2025-08-04 13:45:19.259442
2025-08-04,40347,2025080404018242,MEN,Linch Stock Market Ltd.,Machhapuchchhre Securities Limited,10,622.1,6221.0,2025-08-04 13:45:19.259487
2025-08-04,40023,2025080404018286,MEN,Linch Stock Market Ltd.,Imperial Securities Company Pvt. Ltd.,40,622.1,24884.0,2025-08-04 13:45:59.797841
2025-08-04,40022,2025080404018287,MEN,Sani Securities Company Ltd.,Imperial Securities Company Pvt. Ltd.,150,622.1,93315.0,2025-08-04 13:45:59.798289
2025-08-04,40021,2025080404018288,MEN,Online Securities Pvt. Ltd.,Imperial Securities Company Pvt. Ltd.,500,622.1,311050.0,2025-08-04 13:45:59.798661
2025-08-04,40020,2025080404018289,MEN,Kumari Securities Private Limited,Imperial Securities Company Pvt. Ltd.,3100,622.0,1928200.0,2025-08-04 13:45:59.798945
2025-08-04,40019,2025080404018290,MEN,Kohinoor Investment & Securities Pvt. Ltd.,Imperial Securities Company Pvt. Ltd.,310,622.0,192820.0,2025-08-04 13:45:59.799228
2025-08-04,40017,2025080404018291,MEN,Linch Stock Market Ltd.,South Asian Bulls Pvt. Ltd.,23,623.0,14329.0,2025-08-04 13:46:00.208874
2025-08-04,39959,2025080404018297,MEN,Asian Securities Private Ltd.,Machhapuchchhre Securities Limited,10,622.2,6222.0,2025-08-04 13:46:11.447709
2025-08-04,39547,2025080404018373,MEN,Midas Stock Broking Company Private Limited,Machhapuchchhre Securities Limited,30,623.3,18699.0,2025-08-04 13:47:17.503564
2025-08-04,38524,2025080404018576,MEN,Indira securities pvt. ltd,Machhapuchchhre Securities Limited,30,623.3,18699.0,2025-08-04 13:50:03.034403
2025-08-04,38291,2025080404018641,MEN,Indira securities pvt. ltd,Machhapuchchhre Securities Limited,20,623.3,12466.0,2025-08-04 13:51:15.288795
2025-08-04,37947,2025080404018694,MEN,Indira securities pvt. ltd,Kalika Securities Pvt. Ltd.,20,623.3,12466.0,2025-08-04 13:52:00.592396
2025-08-04,37803,2025080404018720,MEN,Kalika Securities Pvt. Ltd.,Dynamic Money Managers Securities Pvt. Ltd.,20,624.5,12490.0,2025-08-04 13:52:34.291483
2025-08-04,37421,2025080404018815,MEN,Malla & Malla Stock Broking Company Pvt. Limited,Machhapuchchhre Securities Limited,10,623.5,6235.0,2025-08-04 13:53:48.763940
2025-08-04,37420,2025080404018816,MEN,Indira securities pvt. ltd,Machhapuchchhre Securities Limited,10,623.3,6233.0,2025-08-04 13:53:48.763983
2025-08-04,37297,2025080404018834,MEN,Trademow Securities Private Limited,Trisul Securities & Invt. Ltd.,100,624.4,62440.0,2025-08-04 13:54:21.267266
2025-08-04,36600,2025080404018973,MEN,Sundhara Securities Limited,Dynamic Money Managers Securities Pvt. Ltd.,54,624.5,33723.0,2025-08-04 13:57:02.613660
2025-08-04,36041,2025080404019126,MEN,Linch Stock Market Ltd.,Ashutosh Brokerage & Securities (PVT) Ltd.,1,618.0,618.0,2025-08-04 13:59:18.595279
2025-08-04,36023,2025080404019131,MEN,Sumeru Securities Pvt. Ltd.,Dynamic Money Managers Securities Pvt. Ltd.,41,624.5,25604.5,2025-08-04 13:59:26.177650
2025-08-04,36022,2025080404019132,MEN,Sumeru Securities Pvt. Ltd.,Dipshikha Dhitopatra Karobar Co. Pvt Ltd.,13,625.0,8125.0,2025-08-04 13:59:26.178133
2025-08-04,36021,2025080404019133,MEN,Sumeru Securities Pvt. Ltd.,Imperial Securities Company Pvt. Ltd.,46,625.0,28750.0,2025-08-04 13:59:26.178444
2025-08-04,35811,2025080404019194,MEN,Sumeru Securities Pvt. Ltd.,Online Securities Pvt. Ltd.,10,625.0,6250.0,2025-08-04 13:59:56.355093
2025-08-04,35810,2025080404019195,MEN,Sumeru Securities Pvt. Ltd.,Online Securities Pvt. Ltd.,20,625.0,12500.0,2025-08-04 13:59:56.355432
2025-08-04,35809,2025080404019196,MEN,Sumeru Securities Pvt. Ltd.,Dynamic Money Managers Securities Pvt. Ltd.,100,625.9,62590.0,2025-08-04 13:59:56.355531
2025-08-04,35182,2025080404019317,MEN,Sani Securities Company Ltd.,SUN SECURITIES PVT LTD,350,626.0,219100.0,2025-08-04 14:01:28.545508
2025-08-04,35163,2025080404019323,MEN,Sumeru Securities Pvt. Ltd.,SUN SECURITIES PVT LTD,20,626.0,12520.0,2025-08-04 14:01:30.862195
2025-08-04,35017,2025080404019355,MEN,Indira securities pvt. ltd,SUN SECURITIES PVT LTD,600,626.0,375600.0,2025-08-04 14:01:59.130892
2025-08-04,34895,2025080404019368,MEN,Sani Securities Company Ltd.,SUN SECURITIES PVT LTD,30,626.0,18780.0,2025-08-04 14:02:17.434199
2025-08-04,34827,2025080404019386,MEN,Sani Securities Company Ltd.,Imperial Securities Company Pvt. Ltd.,470,626.0,294220.0,2025-08-04 14:02:29.020095
2025-08-04,34363,2025080404019514,MEN,Sumeru Securities Pvt. Ltd.,Imperial Securities Company Pvt. Ltd.,30,626.0,18780.0,2025-08-04 14:03:47.662829
2025-08-04,34177,2025080404019563,MEN,Sumeru Securities Pvt. Ltd.,Opal Securities Investment (PVT) Ltd.,20,626.8,12536.0,2025-08-04 14:04:27.912657
2025-08-04,33274,2025080404019761,MEN,Indira securities pvt. ltd,Opal Securities Investment (PVT) Ltd.,180,626.8,112824.0,2025-08-04 14:06:27.089176
2025-08-04,33108,2025080404019794,MEN,Imperial Securities Company Pvt. Ltd.,Aryatara Investment & Securities,13,626.9,8149.7,2025-08-04 14:06:47.911420
2025-08-04,33107,2025080404019795,MEN,Imperial Securities Company Pvt. Ltd.,Sweta Securities Private Limited,187,627.0,117249.0,2025-08-04 14:06:47.911490
2025-08-04,32828,2025080404019868,MEN,Indira securities pvt. ltd,Dynamic Money Managers Securities Pvt. Ltd.,22,626.8,13789.6,2025-08-04 14:07:15.591210
2025-08-04,32621,2025080404019919,MEN,Asian Securities Private Ltd.,Sweta Securities Private Limited,298,627.0,186846.0,2025-08-04 14:07:37.293413
2025-08-04,32316,2025080404019998,MEN,Indira securities pvt. ltd,Imperial Securities Company Pvt. Ltd.,198,626.8,124106.4,2025-08-04 14:08:06.187070
2025-08-04,32315,2025080404019999,MEN,Primo Securities (PVT) Ltd.,Imperial Securities Company Pvt. Ltd.,302,625.0,188750.0,2025-08-04 14:08:06.187666
2025-08-04,32297,2025080404020007,MEN,Linch Stock Market Ltd.,Naasa Securities Co. Ltd.,1,615.0,615.0,2025-08-04 14:08:08.668480
2025-08-04,32210,2025080404020020,MEN,Primo Securities (PVT) Ltd.,Imperial Securities Company Pvt. Ltd.,198,625.0,123750.0,2025-08-04 14:08:15.335620
2025-08-04,32209,2025080404020021,MEN,Asian Securities Private Ltd.,Imperial Securities Company Pvt. Ltd.,200,624.1,124820.0,2025-08-04 14:08:15.336099
2025-08-04,32208,2025080404020022,MEN,Indira securities pvt. ltd,Imperial Securities Company Pvt. Ltd.,102,624.0,63648.0,2025-08-04 14:08:15.336432
2025-08-04,31993,2025080404020052,MEN,Indira securities pvt. ltd,Imperial Securities Company Pvt. Ltd.,500,625.1,312550.0,2025-08-04 14:08:39.819400
2025-08-04,31854,2025080404020091,MEN,Creative Securities Pvt Ltd,Imperial Securities Company Pvt. Ltd.,300,625.2,187560.0,2025-08-04 14:09:00.253532
2025-08-04,31853,2025080404020092,MEN,Indira securities pvt. ltd,Imperial Securities Company Pvt. Ltd.,100,625.1,62510.0,2025-08-04 14:09:00.253839
2025-08-04,31521,2025080404020153,MEN,Imperial Securities Company Pvt. Ltd.,J.F. Securites (PVT) Ltd.,10,625.1,6251.0,2025-08-04 14:09:39.358099
2025-08-04,30444,2025080404020361,MEN,Kalika Securities Pvt. Ltd.,Dynamic Money Managers Securities Pvt. Ltd.,60,627.8,37668.0,2025-08-04 14:11:45.587525
2025-08-04,30263,2025080404020393,MEN,Cristal Kanchanjanga Securites Pvt. Ltd.,Dynamic Money Managers Securities Pvt. Ltd.,140,627.8,87892.0,2025-08-04 14:12:03.238376
2025-08-04,29982,2025080404020456,MEN,Nepal Investment And Securities Trading Private Limited,Miyo Securities Pvt Ltd,50,629.0,31450.0,2025-08-04 14:12:40.485293
2025-08-04,29981,2025080404020457,MEN,Nepal Investment And Securities Trading Private Limited,Trisul Securities & Invt. Ltd.,100,629.9,62990.0,2025-08-04 14:12:40.485583
2025-08-04,29980,2025080404020458,MEN,Nepal Investment And Securities Trading Private Limited,Siprabi Securities Pvt. Ltd.,10,630.0,6300.0,2025-08-04 14:12:40.485690
2025-08-04,29979,2025080404020459,MEN,Nepal Investment And Securities Trading Private Limited,Linch Stock Market Ltd.,35,630.0,22050.0,2025-08-04 14:12:40.485790
2025-08-04,29978,2025080404020460,MEN,Nepal Investment And Securities Trading Private Limited,Sri Hari Securities Pvt. Ltd.,5,630.0,3150.0,2025-08-04 14:12:40.485873
2025-08-04,29779,2025080404020498,MEN,K.B.L. Securities Limited ,Sweta Securities Private Limited,30,630.0,18900.0,2025-08-04 14:13:07.165131
2025-08-04,29677,2025080404020521,MEN,Agrawal Securities (PVT) Ltd.,Sweta Securities Private Limited,470,630.0,296100.0,2025-08-04 14:13:18.276421
2025-08-04,29365,2025080404020581,MEN,Nepal Investment And Securities Trading Private Limited,Online Securities Pvt. Ltd.,13,630.2,8192.6,2025-08-04 14:13:50.145270
2025-08-04,29364,2025080404020582,MEN,Nepal Investment And Securities Trading Private Limited,Sani Securities Company Ltd.,13,630.9,8201.7,2025-08-04 14:13:50.145620
2025-08-04,29363,2025080404020583,MEN,Nepal Investment And Securities Trading Private Limited,Vision Securities Pvt. Ltd,150,631.0,94650.0,2025-08-04 14:13:50.145752
2025-08-04,29362,2025080404020584,MEN,Nepal Investment And Securities Trading Private Limited,Neev Securities Pvt. Ltd.,124,631.0,78244.0,2025-08-04 14:13:50.145854
2025-08-04,29160,2025080404020629,MEN,Miyo Securities Pvt Ltd,Neev Securities Pvt. Ltd.,377,631.0,237887.0,2025-08-04 14:14:07.880125
2025-08-04,29159,2025080404020630,MEN,Miyo Securities Pvt Ltd,Imperial Securities Company Pvt. Ltd.,250,632.0,158000.0,2025-08-04 14:14:07.880246
2025-08-04,29158,2025080404020631,MEN,Miyo Securities Pvt Ltd,Aakashbhairab Securities Ltd.,500,632.0,316000.0,2025-08-04 14:14:07.880338
2025-08-04,29157,2025080404020632,MEN,Miyo Securities Pvt Ltd,Naasa Securities Co. Ltd.,580,633.0,367140.0,2025-08-04 14:14:07.880397
2025-08-04,29156,2025080404020633,MEN,Miyo Securities Pvt Ltd,Malla & Malla Stock Broking Company Pvt. Limited,43,633.0,27219.0,2025-08-04 14:14:07.880467
2025-08-04,29155,2025080404020634,MEN,Miyo Securities Pvt Ltd,Kohinoor Investment & Securities Pvt. Ltd.,50,633.0,31650.0,2025-08-04 14:14:07.880531
2025-08-04,29154,2025080404020635,MEN,Miyo Securities Pvt Ltd,Deevyaa Securities & Stock House Pvt. Ltd,200,633.0,126600.0,2025-08-04 14:14:07.880614
2025-08-04,28901,2025080404020685,MEN,Sri Hari Securities Pvt. Ltd.,Primo Securities (PVT) Ltd.,100,632.9,63290.0,2025-08-04 14:14:31.595458
2025-08-04,28808,2025080404020724,MEN,Kumari Securities Private Limited,Arun Securities (PVT) Ltd.,8,622.2,4977.6,2025-08-04 14:14:42.264253
2025-08-04,28672,2025080404020758,MEN,Dipshikha Dhitopatra Karobar Co. Pvt Ltd.,Imperial Securities Company Pvt. Ltd.,3000,630.1,1890300.0,2025-08-04 14:15:00.735696
2025-08-04,27408,2025080404021067,MEN,Kumari Securities Private Limited,South Asian Bulls Pvt. Ltd.,7,623.0,4361.0,2025-08-04 14:17:46.476714
2025-08-04,27280,2025080404021092,MEN,Kalika Securities Pvt. Ltd.,Primo Securities (PVT) Ltd.,100,632.9,63290.0,2025-08-04 14:18:04.388066
2025-08-04,27279,2025080404021093,MEN,Kalika Securities Pvt. Ltd.,Dynamic Money Managers Securities Pvt. Ltd.,300,632.9,189870.0,2025-08-04 14:18:04.388348
2025-08-04,27278,2025080404021094,MEN,Kalika Securities Pvt. Ltd.,Deevyaa Securities & Stock House Pvt. Ltd,600,633.0,379800.0,2025-08-04 14:18:04.388453
2025-08-04,26592,2025080404021236,MEN,ABC Securities Private Limited,Primo Securities (PVT) Ltd.,100,633.0,63300.0,2025-08-04 14:19:01.860112
2025-08-04,26156,2025080404021347,MEN,Agrawal Securities (PVT) Ltd.,Primo Securities (PVT) Ltd.,30,633.0,18990.0,2025-08-04 14:19:38.438984
2025-08-04,25958,2025080404021392,MEN,Swarna Laxmi Securities Pvt. Ltd.,Trishakti Securities Public Limited,200,632.9,126580.0,2025-08-04 14:19:55.732489
2025-08-04,25342,2025080404021529,MEN,INDEX SECURITIES LIMITED,Imperial Securities Company Pvt. Ltd.,4,625.0,2500.0,2025-08-04 14:21:10.449701
2025-08-04,25211,2025080404021578,MEN,Neev Securities Pvt. Ltd.,Trishakti Securities Public Limited,500,632.0,316000.0,2025-08-04 14:21:35.335586
2025-08-04,25058,2025080404021640,MEN,Dipshikha Dhitopatra Karobar Co. Pvt Ltd.,Trishakti Securities Public Limited,100,632.0,63200.0,2025-08-04 14:22:02.477387
2025-08-04,25045,2025080404021649,MEN,Aryatara Investment & Securities,Imperial Securities Company Pvt. Ltd.,100,631.6,63160.0,2025-08-04 14:22:03.870477
2025-08-04,25044,2025080404021650,MEN,Aryatara Investment & Securities,Imperial Securities Company Pvt. Ltd.,200,631.5,126300.0,2025-08-04 14:22:03.870711
2025-08-04,25043,2025080404021651,MEN,Secured Securities Ltd.,Imperial Securities Company Pvt. Ltd.,30,631.1,18933.0,2025-08-04 14:22:03.870813
2025-08-04,25042,2025080404021652,MEN,Dipshikha Dhitopatra Karobar Co. Pvt Ltd.,Imperial Securities Company Pvt. Ltd.,50,630.0,31500.0,2025-08-04 14:22:03.870915
2025-08-04,25041,2025080404021653,MEN,Sani Securities Company Ltd.,Imperial Securities Company Pvt. Ltd.,50,630.0,31500.0,2025-08-04 14:22:03.871026
2025-08-04,25040,2025080404021654,MEN,Vision Securities Pvt. Ltd,Imperial Securities Company Pvt. Ltd.,1070,630.0,674100.0,2025-08-04 14:22:03.871131
2025-08-04,24966,2025080404021684,MEN,Vision Securities Pvt. Ltd,Imperial Securities Company Pvt. Ltd.,54,630.0,34020.0,2025-08-04 14:22:18.198447
2025-08-04,24965,2025080404021685,MEN,Premier Securities Company Ltd.,Imperial Securities Company Pvt. Ltd.,146,630.0,91980.0,2025-08-04 14:22:18.198941
2025-08-04,23733,2025080404021910,MEN,Market Securities & Exchange (PVT) Ltd.,Vision Securities Pvt. Ltd,13,630.1,8191.3,2025-08-04 14:23:55.337958
2025-08-04,23028,2025080404022071,MEN,Vision Securities Pvt. Ltd,Imperial Securities Company Pvt. Ltd.,10,631.0,6310.0,2025-08-04 14:25:05.237664
2025-08-04,23027,2025080404022072,MEN,Vision Securities Pvt. Ltd,Imperial Securities Company Pvt. Ltd.,30,630.5,18915.0,2025-08-04 14:25:05.237948
2025-08-04,23026,2025080404022073,MEN,Market Securities & Exchange (PVT) Ltd.,Imperial Securities Company Pvt. Ltd.,87,630.1,54818.7,2025-08-04 14:25:05.238052
2025-08-04,23025,2025080404022074,MEN,Premier Securities Company Ltd.,Imperial Securities Company Pvt. Ltd.,54,630.0,34020.0,2025-08-04 14:25:05.238152
2025-08-04,23024,2025080404022075,MEN,Capital Max Securities Ltd,Imperial Securities Company Pvt. Ltd.,72,630.0,45360.0,2025-08-04 14:25:05.238248
2025-08-04,23023,2025080404022076,MEN,Primo Securities (PVT) Ltd.,Imperial Securities Company Pvt. Ltd.,400,630.0,252000.0,2025-08-04 14:25:05.238349
2025-08-04,23022,2025080404022077,MEN,Siprabi Securities Pvt. Ltd.,Imperial Securities Company Pvt. Ltd.,15,630.0,9450.0,2025-08-04 14:25:05.238443
2025-08-04,23021,2025080404022078,MEN,Primo Securities (PVT) Ltd.,Imperial Securities Company Pvt. Ltd.,232,630.0,146160.0,2025-08-04 14:25:05.238552
2025-08-04,22232,2025080404022219,MEN,Indira securities pvt. ltd,Trishakti Securities Public Limited,952,632.0,601664.0,2025-08-04 14:26:31.469975
2025-08-04,22231,2025080404022220,MEN,Indira securities pvt. ltd,Midas Stock Broking Company Private Limited,1000,632.0,632000.0,2025-08-04 14:26:31.470257
2025-08-04,22030,2025080404022253,MEN,Linch Stock Market Ltd.,Primo Securities (PVT) Ltd.,470,633.0,297510.0,2025-08-04 14:26:54.768547
2025-08-04,22029,2025080404022254,MEN,Linch Stock Market Ltd.,Asian Securities Private Ltd.,13,633.0,8229.0,2025-08-04 14:26:54.768810
2025-08-04,21507,2025080404022355,MEN,Imperial Securities Company Pvt. Ltd.,Imperial Securities Company Pvt. Ltd.,500,630.3,315150.0,2025-08-04 14:27:41.711367
2025-08-04,21506,2025080404022356,MEN,Indira securities pvt. ltd,Imperial Securities Company Pvt. Ltd.,1500,630.2,945300.0,2025-08-04 14:27:41.711631
2025-08-04,21505,2025080404022357,MEN,Oxford Securities Pvt. Ltd.,Siprabi Securities Pvt. Ltd.,17,633.5,10769.5,2025-08-04 14:27:41.882248
2025-08-04,21399,2025080404022375,MEN,Indira securities pvt. ltd,Imperial Securities Company Pvt. Ltd.,500,630.2,315100.0,2025-08-04 14:27:52.692103
2025-08-04,21301,2025080404022401,MEN,Linch Stock Market Ltd.,Imperial Securities Company Pvt. Ltd.,367,630.2,231283.4,2025-08-04 14:28:03.103215
2025-08-04,21300,2025080404022402,MEN,Dakshinkali Investment & Securities Pvt. Ltd.,Imperial Securities Company Pvt. Ltd.,100,630.1,63010.0,2025-08-04 14:28:03.103523
2025-08-04,21299,2025080404022403,MEN,Primo Securities (PVT) Ltd.,Imperial Securities Company Pvt. Ltd.,33,630.0,20790.0,2025-08-04 14:28:03.103626
2025-08-04,21012,2025080404022472,MEN,Primo Securities (PVT) Ltd.,Imperial Securities Company Pvt. Ltd.,135,630.0,85050.0,2025-08-04 14:28:24.567287
2025-08-04,21011,2025080404022473,MEN,Naasa Securities Co. Ltd.,Imperial Securities Company Pvt. Ltd.,265,630.0,166950.0,2025-08-04 14:28:24.567556
2025-08-04,20647,2025080404022580,MEN,Opal Securities Investment (PVT) Ltd.,Siprabi Securities Pvt. Ltd.,20,633.5,12670.0,2025-08-04 14:29:02.507183
2025-08-04,20447,2025080404022631,MEN,Sweta Securities Private Limited,Dynamic Money Managers Securities Pvt. Ltd.,20,633.8,12676.0,2025-08-04 14:29:20.486407
2025-08-04,20201,2025080404022668,MEN,Sumeru Securities Pvt. Ltd.,Dynamic Money Managers Securities Pvt. Ltd.,100,633.8,63380.0,2025-08-04 14:29:38.485357
2025-08-04,20167,2025080404022677,MEN,Midas Stock Broking Company Private Limited,Imperial Securities Company Pvt. Ltd.,20,632.0,12640.0,2025-08-04 14:29:40.828508
2025-08-04,20166,2025080404022678,MEN,Trishakti Securities Public Limited,Imperial Securities Company Pvt. Ltd.,230,630.3,144969.0,2025-08-04 14:29:40.828750
2025-08-04,20165,2025080404022679,MEN,Indira securities pvt. ltd,Imperial Securities Company Pvt. Ltd.,1950,630.2,1228890.0,2025-08-04 14:29:40.828850
2025-08-04,19770,2025080404022795,MEN,Arun Securities (PVT) Ltd.,SUN SECURITIES PVT LTD,500,630.3,315150.0,2025-08-04 14:30:19.754736
2025-08-04,19226,2025080404022913,MEN,Indira securities pvt. ltd,SUN SECURITIES PVT LTD,50,630.2,31510.0,2025-08-04 14:31:07.944989
2025-08-04,19225,2025080404022914,MEN,Sweta Securities Private Limited,SUN SECURITIES PVT LTD,100,630.2,63020.0,2025-08-04 14:31:07.945056
2025-08-04,19224,2025080404022915,MEN,Primo Securities (PVT) Ltd.,SUN SECURITIES PVT LTD,350,630.2,220570.0,2025-08-04 14:31:07.945082
2025-08-04,18928,2025080404023004,MEN,Deevyaa Securities & Stock House Pvt. Ltd,KALASH STOCK MARKET PVT. LTD.,250,633.5,158375.0,2025-08-04 14:31:46.449959
2025-08-04,18927,2025080404023005,MEN,Deevyaa Securities & Stock House Pvt. Ltd,Sani Securities Company Ltd.,20,633.7,12674.0,2025-08-04 14:31:46.450196
2025-08-04,18926,2025080404023006,MEN,Deevyaa Securities & Stock House Pvt. Ltd,Dynamic Money Managers Securities Pvt. Ltd.,130,633.8,82394.0,2025-08-04 14:31:46.450293
2025-08-04,18279,2025080404023098,MEN,Infinity Securities Limited,Imperial Securities Company Pvt. Ltd.,50,631.1,31555.0,2025-08-04 14:32:57.722259
2025-08-04,18278,2025080404023099,MEN,Aryatara Investment & Securities,Imperial Securities Company Pvt. Ltd.,200,631.1,126220.0,2025-08-04 14:32:57.722778
2025-08-04,18277,2025080404023100,MEN,Indira securities pvt. ltd,Imperial Securities Company Pvt. Ltd.,2000,631.0,1262000.0,2025-08-04 14:32:57.723156
2025-08-04,18276,2025080404023101,MEN,Aryatara Investment & Securities,Imperial Securities Company Pvt. Ltd.,250,631.0,157750.0,2025-08-04 14:32:57.723512
2025-08-04,18231,2025080404023114,MEN,Primo Securities (PVT) Ltd.,Imperial Securities Company Pvt. Ltd.,650,630.2,409630.0,2025-08-04 14:33:07.896573
2025-08-04,18230,2025080404023115,MEN,Naasa Securities Co. Ltd.,Imperial Securities Company Pvt. Ltd.,51,630.0,32130.0,2025-08-04 14:33:07.896833
2025-08-04,18229,2025080404023116,MEN,Trisul Securities & Invt. Ltd.,Imperial Securities Company Pvt. Ltd.,200,630.0,126000.0,2025-08-04 14:33:07.896936
2025-08-04,18228,2025080404023117,MEN,Aryatara Investment & Securities,Imperial Securities Company Pvt. Ltd.,10,630.0,6300.0,2025-08-04 14:33:07.897064
2025-08-04,18227,2025080404023118,MEN,South Asian Bulls Pvt. Ltd.,Imperial Securities Company Pvt. Ltd.,50,630.0,31500.0,2025-08-04 14:33:07.897185
2025-08-04,18226,2025080404023119,MEN,Dakshinkali Investment & Securities Pvt. Ltd.,Imperial Securities Company Pvt. Ltd.,39,630.0,24570.0,2025-08-04 14:33:07.897288
2025-08-04,18061,2025080404023142,MEN,ABC Securities Private Limited,Sani Securities Company Ltd.,30,633.7,19011.0,2025-08-04 14:33:21.330134
2025-08-04,18060,2025080404023143,MEN,ABC Securities Private Limited,Dynamic Money Managers Securities Pvt. Ltd.,50,633.8,31690.0,2025-08-04 14:33:21.330192
2025-08-04,18059,2025080404023144,MEN,ABC Securities Private Limited,Citizens Share Broker Limited,100,633.9,63390.0,2025-08-04 14:33:21.330229
2025-08-04,18058,2025080404023145,MEN,ABC Securities Private Limited,Trishakti Securities Public Limited,100,634.0,63400.0,2025-08-04 14:33:21.330256
2025-08-04,18057,2025080404023146,MEN,ABC Securities Private Limited,Trishakti Securities Public Limited,220,634.0,139480.0,2025-08-04 14:33:21.330287
2025-08-04,17964,2025080404023168,MEN,Nepal Investment And Securities Trading Private Limited,Opal Securities Investment (PVT) Ltd.,200,633.0,126600.0,2025-08-04 14:33:28.222255
2025-08-04,17142,2025080404023359,MEN,Opal Securities Investment (PVT) Ltd.,Sani Securities Company Ltd.,20,633.9,12678.0,2025-08-04 14:35:06.339161
2025-08-04,17141,2025080404023360,MEN,Opal Securities Investment (PVT) Ltd.,Trishakti Securities Public Limited,80,634.0,50720.0,2025-08-04 14:35:06.339431
2025-08-04,17140,2025080404023361,MEN,Opal Securities Investment (PVT) Ltd.,Siprabi Securities Pvt. Ltd.,13,634.4,8247.2,2025-08-04 14:35:06.339528
2025-08-04,17139,2025080404023362,MEN,Opal Securities Investment (PVT) Ltd.,MILKY WAY SHARE BROKER COMPANY LTD ,13,634.4,8247.2,2025-08-04 14:35:06.339620
2025-08-04,17038,2025080404023390,MEN,Opal Securities Investment (PVT) Ltd.,Sweta Securities Private Limited,20,634.4,12688.0,2025-08-04 14:35:15.183391
2025-08-04,16244,2025080404023566,MEN,Imperial Securities Company Pvt. Ltd.,Imperial Securities Company Pvt. Ltd.,40,632.0,25280.0,2025-08-04 14:36:16.127871
2025-08-04,16243,2025080404023567,MEN,Imperial Securities Company Pvt. Ltd.,Imperial Securities Company Pvt. Ltd.,10,632.0,6320.0,2025-08-04 14:36:16.128143
2025-08-04,16242,2025080404023568,MEN,Imperial Securities Company Pvt. Ltd.,Imperial Securities Company Pvt. Ltd.,10,631.0,6310.0,2025-08-04 14:36:16.128243
2025-08-04,16241,2025080404023569,MEN,Dakshinkali Investment & Securities Pvt. Ltd.,Imperial Securities Company Pvt. Ltd.,61,630.0,38430.0,2025-08-04 14:36:16.128347
2025-08-04,16240,2025080404023570,MEN,Aakashbhairab Securities Ltd.,Imperial Securities Company Pvt. Ltd.,50,630.0,31500.0,2025-08-04 14:36:16.128442
2025-08-04,16239,2025080404023571,MEN,Dipshikha Dhitopatra Karobar Co. Pvt Ltd.,Imperial Securities Company Pvt. Ltd.,100,630.0,63000.0,2025-08-04 14:36:16.128536
2025-08-04,16238,2025080404023572,MEN,Premier Securities Company Ltd.,Imperial Securities Company Pvt. Ltd.,100,630.0,63000.0,2025-08-04 14:36:16.128628
2025-08-04,16237,2025080404023573,MEN,Premier Securities Company Ltd.,Imperial Securities Company Pvt. Ltd.,42,630.0,26460.0,2025-08-04 14:36:16.128723
2025-08-04,16236,2025080404023574,MEN,Indira securities pvt. ltd,Imperial Securities Company Pvt. Ltd.,587,630.0,369810.0,2025-08-04 14:36:16.128815
2025-08-04,15883,2025080404023664,MEN,Primo Securities (PVT) Ltd.,Imperial Securities Company Pvt. Ltd.,200,630.2,126040.0,2025-08-04 14:36:36.567367
2025-08-04,15882,2025080404023665,MEN,Indira securities pvt. ltd,Imperial Securities Company Pvt. Ltd.,400,630.0,252000.0,2025-08-04 14:36:36.567638
2025-08-04,15737,2025080404023704,MEN,Indira securities pvt. ltd,Imperial Securities Company Pvt. Ltd.,13,630.0,8190.0,2025-08-04 14:36:46.766957
2025-08-04,15736,2025080404023705,MEN,Midas Stock Broking Company Private Limited,Imperial Securities Company Pvt. Ltd.,100,630.0,63000.0,2025-08-04 14:36:46.767218
2025-08-04,15735,2025080404023706,MEN,Dipshikha Dhitopatra Karobar Co. Pvt Ltd.,Imperial Securities Company Pvt. Ltd.,100,629.0,62900.0,2025-08-04 14:36:46.767331
2025-08-04,15734,2025080404023707,MEN,Neev Securities Pvt. Ltd.,Imperial Securities Company Pvt. Ltd.,100,628.0,62800.0,2025-08-04 14:36:46.767432
2025-08-04,15733,2025080404023708,MEN,Dynamic Money Managers Securities Pvt. Ltd.,Imperial Securities Company Pvt. Ltd.,40,628.0,25120.0,2025-08-04 14:36:46.767530
2025-08-04,15732,2025080404023709,MEN,Secured Securities Ltd.,Imperial Securities Company Pvt. Ltd.,30,628.0,18840.0,2025-08-04 14:36:46.767626
2025-08-04,15731,2025080404023710,MEN,Aryatara Investment & Securities,Imperial Securities Company Pvt. Ltd.,700,627.1,438970.0,2025-08-04 14:36:46.767719
2025-08-04,15730,2025080404023711,MEN,Aakashbhairab Securities Ltd.,Imperial Securities Company Pvt. Ltd.,100,627.0,62700.0,2025-08-04 14:36:46.767819
2025-08-04,15729,2025080404023712,MEN,Indira securities pvt. ltd,Imperial Securities Company Pvt. Ltd.,1000,627.0,627000.0,2025-08-04 14:36:46.767913
2025-08-04,15728,2025080404023713,MEN,Ashutosh Brokerage & Securities (PVT) Ltd.,Imperial Securities Company Pvt. Ltd.,500,626.1,313050.0,2025-08-04 14:36:46.768013
2025-08-04,15727,2025080404023714,MEN,Aryatara Investment & Securities,Imperial Securities Company Pvt. Ltd.,317,626.0,198442.0,2025-08-04 14:36:46.768107
2025-08-04,15525,2025080404023780,MEN,Aryatara Investment & Securities,Imperial Securities Company Pvt. Ltd.,183,626.0,114558.0,2025-08-04 14:36:59.143593
2025-08-04,15524,2025080404023781,MEN,Dakshinkali Investment & Securities Pvt. Ltd.,Imperial Securities Company Pvt. Ltd.,100,626.0,62600.0,2025-08-04 14:36:59.144053
2025-08-04,15523,2025080404023782,MEN,Dipshikha Dhitopatra Karobar Co. Pvt Ltd.,Imperial Securities Company Pvt. Ltd.,300,625.5,187650.0,2025-08-04 14:36:59.144349
2025-08-04,15522,2025080404023783,MEN,Sani Securities Company Ltd.,Imperial Securities Company Pvt. Ltd.,100,625.0,62500.0,2025-08-04 14:36:59.144619
2025-08-04,15521,2025080404023784,MEN,ABC Securities Private Limited,Imperial Securities Company Pvt. Ltd.,300,625.0,187500.0,2025-08-04 14:36:59.144894
2025-08-04,15520,2025080404023785,MEN,Indira securities pvt. ltd,Imperial Securities Company Pvt. Ltd.,14,625.0,8750.0,2025-08-04 14:36:59.145159
2025-08-04,15519,2025080404023786,MEN,KALASH STOCK MARKET PVT. LTD.,Imperial Securities Company Pvt. Ltd.,500,625.0,312500.0,2025-08-04 14:36:59.145427
2025-08-04,15518,2025080404023787,MEN,Sani Securities Company Ltd.,Imperial Securities Company Pvt. Ltd.,100,625.0,62500.0,2025-08-04 14:36:59.145695
2025-08-04,15517,2025080404023788,MEN,Siprabi Securities Pvt. Ltd.,Imperial Securities Company Pvt. Ltd.,50,625.0,31250.0,2025-08-04 14:36:59.145994
2025-08-04,15516,2025080404023789,MEN,Sweta Securities Private Limited,Imperial Securities Company Pvt. Ltd.,153,625.0,95625.0,2025-08-04 14:36:59.146266
2025-08-04,15222,2025080404023857,MEN,Linch Stock Market Ltd.,Trishakti Securities Public Limited,150,630.0,94500.0,2025-08-04 14:37:15.598180
2025-08-04,15057,2025080404023897,MEN,Nepal Stock House (PVT) Ltd.,Trishakti Securities Public Limited,50,630.0,31500.0,2025-08-04 14:37:27.487251
2025-08-04,15039,2025080404023908,MEN,Nepal Stock House (PVT) Ltd.,Naasa Securities Co. Ltd.,40,630.0,25200.0,2025-08-04 14:37:28.760451
2025-08-04,14090,2025080404024240,MEN,Kohinoor Investment & Securities Pvt. Ltd.,Naasa Securities Co. Ltd.,60,629.0,37740.0,2025-08-04 14:38:48.157354
2025-08-04,12949,2025080404024480,MEN,Market Securities & Exchange (PVT) Ltd.,Imperial Securities Company Pvt. Ltd.,60,629.0,37740.0,2025-08-04 14:40:15.939269
2025-08-04,12948,2025080404024481,MEN,Blue Chip Securities Ltd,Imperial Securities Company Pvt. Ltd.,500,626.2,313100.0,2025-08-04 14:40:15.939768
2025-08-04,12947,2025080404024482,MEN,Arun Securities (PVT) Ltd.,Imperial Securities Company Pvt. Ltd.,250,626.1,156525.0,2025-08-04 14:40:15.940068
2025-08-04,12946,2025080404024483,MEN,Indira securities pvt. ltd,Imperial Securities Company Pvt. Ltd.,690,626.0,431940.0,2025-08-04 14:40:15.940379
2025-08-04,12835,2025080404024501,MEN,Indira securities pvt. ltd,Imperial Securities Company Pvt. Ltd.,310,626.0,194060.0,2025-08-04 14:40:29.345831
2025-08-04,12834,2025080404024502,MEN,Sweta Securities Private Limited,Imperial Securities Company Pvt. Ltd.,97,625.0,60625.0,2025-08-04 14:40:29.346282
2025-08-04,12833,2025080404024503,MEN,South Asian Bulls Pvt. Ltd.,Imperial Securities Company Pvt. Ltd.,50,625.0,31250.0,2025-08-04 14:40:29.346560
2025-08-04,12832,2025080404024504,MEN,Secured Securities Ltd.,Imperial Securities Company Pvt. Ltd.,30,625.0,18750.0,2025-08-04 14:40:29.346820
2025-08-04,12831,2025080404024505,MEN,Imperial Securities Company Pvt. Ltd.,Imperial Securities Company Pvt. Ltd.,13,625.0,8125.0,2025-08-04 14:40:29.347082
2025-08-04,12744,2025080404024529,MEN,Imperial Securities Company Pvt. Ltd.,Market Securities & Exchange (PVT) Ltd.,67,625.0,41875.0,2025-08-04 14:40:37.919622
2025-08-04,12743,2025080404024530,MEN,Imperial Securities Company Pvt. Ltd.,Market Securities & Exchange (PVT) Ltd.,500,624.1,312050.0,2025-08-04 14:40:37.919907
2025-08-04,12742,2025080404024531,MEN,Indira securities pvt. ltd,Market Securities & Exchange (PVT) Ltd.,1000,624.1,624100.0,2025-08-04 14:40:37.920006
2025-08-04,12741,2025080404024532,MEN,Sweta Securities Private Limited,Market Securities & Exchange (PVT) Ltd.,100,624.0,62400.0,2025-08-04 14:40:37.920096
2025-08-04,12740,2025080404024533,MEN,Indira securities pvt. ltd,Market Securities & Exchange (PVT) Ltd.,20,623.3,12466.0,2025-08-04 14:40:37.920197
2025-08-04,12739,2025080404024534,MEN,Sharepro Securities Private Limited,Market Securities & Exchange (PVT) Ltd.,100,623.1,62310.0,2025-08-04 14:40:37.920293
2025-08-04,12738,2025080404024535,MEN,Dynamic Money Managers Securities Pvt. Ltd.,Market Securities & Exchange (PVT) Ltd.,320,623.0,199360.0,2025-08-04 14:40:37.920394
2025-08-04,12737,2025080404024536,MEN,Imperial Securities Company Pvt. Ltd.,Market Securities & Exchange (PVT) Ltd.,50,623.0,31150.0,2025-08-04 14:40:37.920485
2025-08-04,12736,2025080404024537,MEN,Oxford Securities Pvt. Ltd.,Market Securities & Exchange (PVT) Ltd.,300,623.0,186900.0,2025-08-04 14:40:37.920571
2025-08-04,12735,2025080404024538,MEN,Secured Securities Ltd.,Market Securities & Exchange (PVT) Ltd.,300,623.0,186900.0,2025-08-04 14:40:37.920660
2025-08-04,12734,2025080404024539,MEN,Imperial Securities Company Pvt. Ltd.,Market Securities & Exchange (PVT) Ltd.,1000,623.0,623000.0,2025-08-04 14:40:37.920759
2025-08-04,12733,2025080404024540,MEN,Dipshikha Dhitopatra Karobar Co. Pvt Ltd.,Market Securities & Exchange (PVT) Ltd.,500,622.0,311000.0,2025-08-04 14:40:37.920850
2025-08-04,12732,2025080404024541,MEN,Imperial Securities Company Pvt. Ltd.,Market Securities & Exchange (PVT) Ltd.,500,621.8,310900.0,2025-08-04 14:40:37.920939
2025-08-04,12731,2025080404024542,MEN,Sani Securities Company Ltd.,Market Securities & Exchange (PVT) Ltd.,100,621.7,62170.0,2025-08-04 14:40:37.921028
2025-08-04,12730,2025080404024543,MEN,Online Securities Pvt. Ltd.,Market Securities & Exchange (PVT) Ltd.,143,621.7,88903.1,2025-08-04 14:40:37.921115
2025-08-04,12558,2025080404024576,MEN,Online Securities Pvt. Ltd.,Market Securities & Exchange (PVT) Ltd.,357,621.7,221946.9,2025-08-04 14:40:55.022923
2025-08-04,12557,2025080404024577,MEN,Siprabi Securities Pvt. Ltd.,Market Securities & Exchange (PVT) Ltd.,100,621.6,62160.0,2025-08-04 14:40:55.023190
2025-08-04,12556,2025080404024578,MEN,Sewa Securities Pvt. Ltd.,Market Securities & Exchange (PVT) Ltd.,52,621.6,32323.2,2025-08-04 14:40:55.023286
2025-08-04,12555,2025080404024579,MEN,Online Securities Pvt. Ltd.,Market Securities & Exchange (PVT) Ltd.,500,621.6,310800.0,2025-08-04 14:40:55.023382
2025-08-04,12554,2025080404024580,MEN,Imperial Securities Company Pvt. Ltd.,Market Securities & Exchange (PVT) Ltd.,250,621.5,155375.0,2025-08-04 14:40:55.023465
2025-08-04,12553,2025080404024581,MEN,South Asian Bulls Pvt. Ltd.,Market Securities & Exchange (PVT) Ltd.,100,621.4,62140.0,2025-08-04 14:40:55.023555
2025-08-04,12552,2025080404024582,MEN,Dynamic Money Managers Securities Pvt. Ltd.,Market Securities & Exchange (PVT) Ltd.,300,621.2,186360.0,2025-08-04 14:40:55.023647
2025-08-04,12551,2025080404024583,MEN,Investment Management Nepal Pvt. Ltd.,Market Securities & Exchange (PVT) Ltd.,1000,621.1,621100.0,2025-08-04 14:40:55.023733
2025-08-04,12550,2025080404024584,MEN,Primo Securities (PVT) Ltd.,Market Securities & Exchange (PVT) Ltd.,200,621.0,124200.0,2025-08-04 14:40:55.023820
2025-08-04,12549,2025080404024585,MEN,J.F. Securites (PVT) Ltd.,Market Securities & Exchange (PVT) Ltd.,150,621.0,93150.0,2025-08-04 14:40:55.023904
2025-08-04,12548,2025080404024586,MEN,Magnet Securities and Investment Company Private Limited,Market Securities & Exchange (PVT) Ltd.,50,621.0,31050.0,2025-08-04 14:40:55.023989
2025-08-04,12547,2025080404024587,MEN,Dipshikha Dhitopatra Karobar Co. Pvt Ltd.,Market Securities & Exchange (PVT) Ltd.,10,620.4,6204.0,2025-08-04 14:40:55.024076
2025-08-04,12546,2025080404024588,MEN,Market Securities & Exchange (PVT) Ltd.,Market Securities & Exchange (PVT) Ltd.,50,620.2,31010.0,2025-08-04 14:40:55.024160
2025-08-04,12545,2025080404024589,MEN,Siprabi Securities Pvt. Ltd.,Market Securities & Exchange (PVT) Ltd.,50,620.0,31000.0,2025-08-04 14:40:55.024244
2025-08-04,12544,2025080404024590,MEN,Agrawal Securities (PVT) Ltd.,Market Securities & Exchange (PVT) Ltd.,100,620.0,62000.0,2025-08-04 14:40:55.024330
2025-08-04,12543,2025080404024591,MEN,Ashutosh Brokerage & Securities (PVT) Ltd.,Market Securities & Exchange (PVT) Ltd.,50,620.0,31000.0,2025-08-04 14:40:55.024411
2025-08-04,12542,2025080404024592,MEN,Investment Management Nepal Pvt. Ltd.,Market Securities & Exchange (PVT) Ltd.,500,620.0,310000.0,2025-08-04 14:40:55.024490
2025-08-04,12541,2025080404024593,MEN,Deevyaa Securities & Stock House Pvt. Ltd,Market Securities & Exchange (PVT) Ltd.,200,620.0,124000.0,2025-08-04 14:40:55.024562
2025-08-04,12540,2025080404024594,MEN,J.F. Securites (PVT) Ltd.,Market Securities & Exchange (PVT) Ltd.,10,620.0,6200.0,2025-08-04 14:40:55.024639
2025-08-04,12539,2025080404024595,MEN,Vision Securities Pvt. Ltd,Market Securities & Exchange (PVT) Ltd.,971,620.0,602020.0,2025-08-04 14:40:55.024715
2025-08-04,11230,2025080404025011,MEN,Midas Stock Broking Company Private Limited,Shree Krishna Securities Ltd.,11,623.0,6853.0,2025-08-04 14:43:02.672538
2025-08-04,11229,2025080404025012,MEN,Hatemalo Financial Services Private Limited,Shree Krishna Securities Ltd.,64,621.4,39769.6,2025-08-04 14:43:02.672965
2025-08-04,11051,2025080404025047,MEN,ABC Securities Private Limited,Malla & Malla Stock Broking Company Pvt. Limited,10,631.9,6319.0,2025-08-04 14:43:24.662134
2025-08-04,10892,2025080404025098,MEN,Kohinoor Investment & Securities Pvt. Ltd.,Dynamic Money Managers Securities Pvt. Ltd.,50,623.3,31165.0,2025-08-04 14:43:40.496555
2025-08-04,10176,2025080404025255,MEN,Market Securities & Exchange (PVT) Ltd.,Vision Securities Pvt. Ltd,160,625.0,100000.0,2025-08-04 14:44:51.976962
2025-08-04,10174,2025080404025256,MEN,Kohinoor Investment & Securities Pvt. Ltd.,Vision Securities Pvt. Ltd,450,623.7,280665.0,2025-08-04 14:44:51.977263
2025-08-04,10173,2025080404025257,MEN,Arun Securities (PVT) Ltd.,Vision Securities Pvt. Ltd,500,623.6,311800.0,2025-08-04 14:44:51.977404
2025-08-04,10172,2025080404025258,MEN,Swarna Laxmi Securities Pvt. Ltd.,Vision Securities Pvt. Ltd,50,623.5,31175.0,2025-08-04 14:44:51.977504
2025-08-04,10000,2025080404025274,MEN,Imperial Securities Company Pvt. Ltd.,Vision Securities Pvt. Ltd,10,623.0,6230.0,2025-08-04 14:45:00.470694
2025-08-04,9813,2025080404025362,MEN,Vision Securities Pvt. Ltd,Vision Securities Pvt. Ltd,830,623.0,517090.0,2025-08-04 14:45:14.107829
2025-08-04,8933,2025080404025615,MEN,Sundhara Securities Limited,Dynamic Money Managers Securities Pvt. Ltd.,78,629.8,49124.4,2025-08-04 14:46:39.496377
2025-08-04,7525,2025080404025958,MEN,Kumari Securities Private Limited,Dynamic Money Managers Securities Pvt. Ltd.,122,629.8,76835.6,2025-08-04 14:49:25.086205
2025-08-04,7524,2025080404025959,MEN,Kumari Securities Private Limited,Malla & Malla Stock Broking Company Pvt. Limited,240,631.9,151656.0,2025-08-04 14:49:25.086700
2025-08-04,7523,2025080404025960,MEN,Kumari Securities Private Limited,Aryatara Investment & Securities,50,632.0,31600.0,2025-08-04 14:49:25.087010
2025-08-04,7522,2025080404025961,MEN,Kumari Securities Private Limited,Naasa Securities Co. Ltd.,88,633.0,55704.0,2025-08-04 14:49:25.087327
2025-08-04,7434,2025080404025989,MEN,Opal Securities Investment (PVT) Ltd.,Vision Securities Pvt. Ltd,23,629.0,14467.0,2025-08-04 14:49:35.017859
2025-08-04,5921,2025080404026345,MEN,Deevyaa Securities & Stock House Pvt. Ltd,S.P.S.A. Securities Limited,100,630.0,63000.0,2025-08-04 14:52:22.895049
2025-08-04,4919,2025080404026602,MEN,Sani Securities Company Ltd.,Imperial Securities Company Pvt. Ltd.,100,627.0,62700.0,2025-08-04 14:53:53.181939
2025-08-04,4829,2025080404026639,MEN,Naasa Securities Co. Ltd.,Imperial Securities Company Pvt. Ltd.,42,626.0,26292.0,2025-08-04 14:54:05.972082
2025-08-04,4828,2025080404026640,MEN,Sani Securities Company Ltd.,Imperial Securities Company Pvt. Ltd.,57,626.0,35682.0,2025-08-04 14:54:05.972386
2025-08-04,4827,2025080404026641,MEN,South Asian Bulls Pvt. Ltd.,Imperial Securities Company Pvt. Ltd.,114,626.0,71364.0,2025-08-04 14:54:05.972517
2025-08-04,4826,2025080404026642,MEN,South Asian Bulls Pvt. Ltd.,Imperial Securities Company Pvt. Ltd.,987,625.8,617664.6,2025-08-04 14:54:05.972629
2025-08-04,4769,2025080404026661,MEN,South Asian Bulls Pvt. Ltd.,Imperial Securities Company Pvt. Ltd.,13,625.8,8135.4,2025-08-04 14:54:15.637170
2025-08-04,4768,2025080404026662,MEN,Dynamic Money Managers Securities Pvt. Ltd.,Imperial Securities Company Pvt. Ltd.,100,625.7,62570.0,2025-08-04 14:54:15.637450
2025-08-04,4767,2025080404026663,MEN,Shree Krishna Securities Ltd.,Imperial Securities Company Pvt. Ltd.,100,625.2,62520.0,2025-08-04 14:54:15.637554
2025-08-04,4766,2025080404026664,MEN,ABC Securities Private Limited,Imperial Securities Company Pvt. Ltd.,30,625.2,18756.0,2025-08-04 14:54:15.637654
2025-08-04,4765,2025080404026665,MEN,Bhrikuti Stock Broking Co. Pvt. Ltd.,Imperial Securities Company Pvt. Ltd.,100,625.0,62500.0,2025-08-04 14:54:15.637753
2025-08-04,4764,2025080404026666,MEN,Vision Securities Pvt. Ltd,Imperial Securities Company Pvt. Ltd.,100,625.0,62500.0,2025-08-04 14:54:15.637850
2025-08-04,4763,2025080404026667,MEN,ABC Securities Private Limited,Imperial Securities Company Pvt. Ltd.,100,625.0,62500.0,2025-08-04 14:54:15.637963
2025-08-04,4762,2025080404026668,MEN,Naasa Securities Co. Ltd.,Imperial Securities Company Pvt. Ltd.,10,625.0,6250.0,2025-08-04 14:54:15.638074
2025-08-04,4761,2025080404026669,MEN,Cristal Kanchanjanga Securites Pvt. Ltd.,Imperial Securities Company Pvt. Ltd.,100,625.0,62500.0,2025-08-04 14:54:15.638203
2025-08-04,4519,2025080404026768,MEN,Sweta Securities Private Limited,Imperial Securities Company Pvt. Ltd.,20,630.0,12600.0,2025-08-04 14:54:54.325731
2025-08-04,4252,2025080404026874,MEN,Bhrikuti Stock Broking Co. Pvt. Ltd.,Imperial Securities Company Pvt. Ltd.,50,625.2,31260.0,2025-08-04 14:55:19.791305
2025-08-04,4251,2025080404026875,MEN,South Asian Bulls Pvt. Ltd.,Imperial Securities Company Pvt. Ltd.,1000,625.1,625100.0,2025-08-04 14:55:19.791595
2025-08-04,4250,2025080404026876,MEN,Indira securities pvt. ltd,Imperial Securities Company Pvt. Ltd.,950,625.0,593750.0,2025-08-04 14:55:19.791757
2025-08-04,4093,2025080404026926,MEN,Market Securities & Exchange (PVT) Ltd.,Trisul Securities & Invt. Ltd.,100,629.5,62950.0,2025-08-04 14:55:39.445503
2025-08-04,2541,2025080404027607,MEN,Imperial Securities Company Pvt. Ltd.,Online Securities Pvt. Ltd.,82,628.4,51528.8,2025-08-04 14:58:04.048575
2025-08-04,2540,2025080404027608,MEN,Imperial Securities Company Pvt. Ltd.,Magnet Securities and Investment Company Private Limited,18,628.9,11320.2,2025-08-04 14:58:04.048877
2025-08-04,2191,2025080404027755,MEN,Sumeru Securities Pvt. Ltd.,Magnet Securities and Investment Company Private Limited,82,626.0,51332.0,2025-08-04 14:58:32.561360
2025-08-04,356,2025080404028395,MEN,Aryatara Investment & Securities,Linch Stock Market Ltd.,100,628.9,62890.0,2025-08-04 14:59:52.674762
2025-08-04,272,2025080404028410,MEN,Sani Securities Company Ltd.,ABC Securities Private Limited,10,626.5,6265.0,2025-08-04 14:59:55.117079
