Date,S.N.,Contract ID,Symbol,Buyer Broker,Seller Broker,volume,rate,amount,transaction_time
2025-08-04,145294,2025080404000797,PMHPL,Elite Stock House Limited,Malla & Malla Stock Broking Company Pvt. Limited,110,395.0,43450.0,2025-08-04 11:04:06.053651
2025-08-04,139199,2025080404001527,PMHPL,Online Securities Pvt. Ltd.,Nepal Stock House (PVT) Ltd.,100,402.0,40200.0,2025-08-04 11:09:09.042676
2025-08-04,139198,2025080404001528,PMHPL,Online Securities Pvt. Ltd.,Dakshinkali Investment & Securities Pvt. Ltd.,100,402.0,40200.0,2025-08-04 11:09:09.042731
2025-08-04,139197,2025080404001529,PMHPL,Online Securities Pvt. Ltd.,South Asian Bulls Pvt. Ltd.,100,402.3,40230.0,2025-08-04 11:09:09.042755
2025-08-04,139196,2025080404001530,PMHPL,Online Securities Pvt. Ltd.,Linch Stock Market Ltd.,700,402.5,281750.0,2025-08-04 11:09:09.042787
2025-08-04,135959,2025080404001956,PMHPL,MILKY WAY SHARE BROKER COMPANY LTD ,Vision Securities Pvt. Ltd,200,402.4,80480.0,2025-08-04 11:11:57.265453
2025-08-04,135958,2025080404001957,PMHPL,MILKY WAY SHARE BROKER COMPANY LTD ,Linch Stock Market Ltd.,300,402.5,120750.0,2025-08-04 11:11:57.265507
2025-08-04,135957,2025080404001958,PMHPL,MILKY WAY SHARE BROKER COMPANY LTD ,South Asian Bulls Pvt. Ltd.,1000,402.6,402600.0,2025-08-04 11:11:57.265538
2025-08-04,133416,2025080404002376,PMHPL,Online Securities Pvt. Ltd.,Sweta Securities Private Limited,350,402.4,140840.0,2025-08-04 11:13:48.723483
2025-08-04,132863,2025080404002422,PMHPL,Online Securities Pvt. Ltd.,Imperial Securities Company Pvt. Ltd.,179,402.4,72029.6,2025-08-04 11:14:09.610033
2025-08-04,127607,2025080404002927,PMHPL,Opal Securities Investment (PVT) Ltd.,Imperial Securities Company Pvt. Ltd.,100,400.0,40000.0,2025-08-04 11:18:19.335616
2025-08-04,127089,2025080404002979,PMHPL,Sani Securities Company Ltd.,Imperial Securities Company Pvt. Ltd.,150,397.0,59550.0,2025-08-04 11:18:45.875268
2025-08-04,126449,2025080404003054,PMHPL,Dakshinkali Investment & Securities Pvt. Ltd.,Malla & Malla Stock Broking Company Pvt. Limited,50,396.0,19800.0,2025-08-04 11:19:26.331370
2025-08-04,124575,2025080404003237,PMHPL,Dakshinkali Investment & Securities Pvt. Ltd.,Malla & Malla Stock Broking Company Pvt. Limited,50,396.0,19800.0,2025-08-04 11:21:16.181637
2025-08-04,123338,2025080404003340,PMHPL,Naasa Securities Co. Ltd.,Imperial Securities Company Pvt. Ltd.,10,397.0,3970.0,2025-08-04 11:22:19.513640
2025-08-04,122201,2025080404003438,PMHPL,Naasa Securities Co. Ltd.,Malla & Malla Stock Broking Company Pvt. Limited,30,396.1,11883.0,2025-08-04 11:23:27.073279
2025-08-04,122200,2025080404003439,PMHPL,Dakshinkali Investment & Securities Pvt. Ltd.,Malla & Malla Stock Broking Company Pvt. Limited,20,396.0,7920.0,2025-08-04 11:23:27.073462
2025-08-04,120861,2025080404003581,PMHPL,MILKY WAY SHARE BROKER COMPANY LTD ,Malla & Malla Stock Broking Company Pvt. Limited,50,396.1,19805.0,2025-08-04 11:24:50.714046
2025-08-04,113939,2025080404004313,PMHPL,MILKY WAY SHARE BROKER COMPANY LTD ,Sweta Securities Private Limited,40,396.1,15844.0,2025-08-04 11:31:47.212349
2025-08-04,113938,2025080404004314,PMHPL,Dakshinkali Investment & Securities Pvt. Ltd.,Sweta Securities Private Limited,350,396.0,138600.0,2025-08-04 11:31:47.212419
2025-08-04,112314,2025080404004474,PMHPL,Imperial Securities Company Pvt. Ltd.,Miyo Securities Pvt Ltd,200,396.1,79220.0,2025-08-04 11:33:26.970262
2025-08-04,112013,2025080404004493,PMHPL,MILKY WAY SHARE BROKER COMPANY LTD ,Miyo Securities Pvt Ltd,800,396.1,316880.0,2025-08-04 11:33:41.798403
2025-08-04,107333,2025080404004888,PMHPL,MILKY WAY SHARE BROKER COMPANY LTD ,Hatemalo Financial Services Private Limited,100,399.0,39900.0,2025-08-04 11:37:53.521207
2025-08-04,106870,2025080404004924,PMHPL,MILKY WAY SHARE BROKER COMPANY LTD ,Capital Max Securities Ltd,100,396.1,39610.0,2025-08-04 11:38:18.544704
2025-08-04,106869,2025080404004925,PMHPL,Dakshinkali Investment & Securities Pvt. Ltd.,Capital Max Securities Ltd,30,396.0,11880.0,2025-08-04 11:38:18.544811
2025-08-04,105060,2025080404005061,PMHPL,Shree Krishna Securities Ltd.,Capital Max Securities Ltd,270,396.0,106920.0,2025-08-04 11:39:36.984022
2025-08-04,103243,2025080404005272,PMHPL,Shree Krishna Securities Ltd.,Capital Hub P. Ltd,50,396.0,19800.0,2025-08-04 11:42:12.515385
2025-08-04,98471,2025080404006023,PMHPL,Shree Krishna Securities Ltd.,Midas Stock Broking Company Private Limited,180,396.0,71280.0,2025-08-04 11:49:33.917251
2025-08-04,98470,2025080404006024,PMHPL,Shree Krishna Securities Ltd.,Midas Stock Broking Company Private Limited,80,396.0,31680.0,2025-08-04 11:49:33.917366
2025-08-04,98469,2025080404006025,PMHPL,Vision Securities Pvt. Ltd,Midas Stock Broking Company Private Limited,500,395.1,197550.0,2025-08-04 11:49:33.917411
2025-08-04,98468,2025080404006026,PMHPL,Dipshikha Dhitopatra Karobar Co. Pvt Ltd.,Midas Stock Broking Company Private Limited,300,395.0,118500.0,2025-08-04 11:49:33.917450
2025-08-04,98467,2025080404006027,PMHPL,Siprabi Securities Pvt. Ltd.,Midas Stock Broking Company Private Limited,40,395.0,15800.0,2025-08-04 11:49:33.917515
2025-08-04,98404,2025080404006036,PMHPL,Capital Max Securities Ltd,Kohinoor Investment & Securities Pvt. Ltd.,10,400.0,4000.0,2025-08-04 11:49:41.877551
2025-08-04,98403,2025080404006037,PMHPL,Capital Max Securities Ltd,Midas Stock Broking Company Private Limited,390,400.0,156000.0,2025-08-04 11:49:41.877707
2025-08-04,98260,2025080404006066,PMHPL,Siprabi Securities Pvt. Ltd.,Sri Hari Securities Pvt. Ltd.,50,395.0,19750.0,2025-08-04 11:50:00.696022
2025-08-04,96625,2025080404006351,PMHPL,Primo Securities (PVT) Ltd.,Sri Hari Securities Pvt. Ltd.,50,395.1,19755.0,2025-08-04 11:52:44.533558
2025-08-04,96423,2025080404006377,PMHPL,Primo Securities (PVT) Ltd.,Aryatara Investment & Securities,113,395.1,44646.3,2025-08-04 11:53:08.404875
2025-08-04,94119,2025080404006746,PMHPL,Shree Krishna Securities Ltd.,Online Securities Pvt. Ltd.,10,395.2,3952.0,2025-08-04 11:57:51.506226
2025-08-04,93999,2025080404006759,PMHPL,Dynamic Money Managers Securities Pvt. Ltd.,Linch Stock Market Ltd.,1000,398.0,398000.0,2025-08-04 11:58:08.151589
2025-08-04,93754,2025080404006795,PMHPL,Shree Krishna Securities Ltd.,Imperial Securities Company Pvt. Ltd.,290,395.2,114608.0,2025-08-04 11:58:43.433236
2025-08-04,93753,2025080404006796,PMHPL,Shree Krishna Securities Ltd.,Imperial Securities Company Pvt. Ltd.,50,395.2,19760.0,2025-08-04 11:58:43.433330
2025-08-04,93752,2025080404006797,PMHPL,Primo Securities (PVT) Ltd.,Imperial Securities Company Pvt. Ltd.,87,395.1,34373.7,2025-08-04 11:58:43.433371
2025-08-04,93751,2025080404006798,PMHPL,Siprabi Securities Pvt. Ltd.,Imperial Securities Company Pvt. Ltd.,60,395.0,23700.0,2025-08-04 11:58:43.433413
2025-08-04,93750,2025080404006799,PMHPL,Vision Securities Pvt. Ltd,Imperial Securities Company Pvt. Ltd.,205,393.6,80688.0,2025-08-04 11:58:43.433450
2025-08-04,92872,2025080404006964,PMHPL,SUN SECURITIES PVT LTD,Sundhara Securities Limited,10,393.7,3937.0,2025-08-04 12:00:18.343734
2025-08-04,92735,2025080404006985,PMHPL,SUN SECURITIES PVT LTD,Midas Stock Broking Company Private Limited,490,393.7,192913.0,2025-08-04 12:00:34.846271
2025-08-04,92734,2025080404006986,PMHPL,Vision Securities Pvt. Ltd,Midas Stock Broking Company Private Limited,295,393.6,116112.0,2025-08-04 12:00:34.846460
2025-08-04,92733,2025080404006987,PMHPL,Linch Stock Market Ltd.,Midas Stock Broking Company Private Limited,300,393.2,117960.0,2025-08-04 12:00:34.846578
2025-08-04,92732,2025080404006988,PMHPL,Capital Max Securities Ltd,Midas Stock Broking Company Private Limited,100,393.1,39310.0,2025-08-04 12:00:34.846674
2025-08-04,92731,2025080404006989,PMHPL,Dakshinkali Investment & Securities Pvt. Ltd.,Midas Stock Broking Company Private Limited,500,393.0,196500.0,2025-08-04 12:00:34.846764
2025-08-04,92730,2025080404006990,PMHPL,Siprabi Securities Pvt. Ltd.,Midas Stock Broking Company Private Limited,115,393.0,45195.0,2025-08-04 12:00:34.846861
2025-08-04,91177,2025080404007277,PMHPL,Siprabi Securities Pvt. Ltd.,Kumari Securities Private Limited,10,393.0,3930.0,2025-08-04 12:03:20.782461
2025-08-04,90099,2025080404007565,PMHPL,Siprabi Securities Pvt. Ltd.,Market Securities & Exchange (PVT) Ltd.,25,393.0,9825.0,2025-08-04 12:05:24.791590
2025-08-04,90098,2025080404007566,PMHPL,Sewa Securities Pvt. Ltd.,Market Securities & Exchange (PVT) Ltd.,185,393.0,72705.0,2025-08-04 12:05:24.791697
2025-08-04,89315,2025080404007734,PMHPL,Sewa Securities Pvt. Ltd.,Market Securities & Exchange (PVT) Ltd.,80,393.0,31440.0,2025-08-04 12:06:34.202758
2025-08-04,88823,2025080404007818,PMHPL,J.F. Securites (PVT) Ltd.,Sani Securities Company Ltd.,10,394.0,3940.0,2025-08-04 12:07:11.425487
2025-08-04,86789,2025080404008269,PMHPL,J.F. Securites (PVT) Ltd.,Thrive Brokerage House Pvt. Ltd,490,394.0,193060.0,2025-08-04 12:10:02.863424
2025-08-04,86788,2025080404008270,PMHPL,Linch Stock Market Ltd.,Thrive Brokerage House Pvt. Ltd,10,394.0,3940.0,2025-08-04 12:10:02.863502
2025-08-04,84394,2025080404008762,PMHPL,Linch Stock Market Ltd.,Midas Stock Broking Company Private Limited,10,394.0,3940.0,2025-08-04 12:13:41.375846
2025-08-04,84393,2025080404008763,PMHPL,Ashutosh Brokerage & Securities (PVT) Ltd.,Midas Stock Broking Company Private Limited,100,393.1,39310.0,2025-08-04 12:13:41.376024
2025-08-04,84392,2025080404008764,PMHPL,Sewa Securities Pvt. Ltd.,Midas Stock Broking Company Private Limited,235,393.0,92355.0,2025-08-04 12:13:41.376138
2025-08-04,84391,2025080404008765,PMHPL,Linch Stock Market Ltd.,Midas Stock Broking Company Private Limited,200,392.3,78460.0,2025-08-04 12:13:41.376241
2025-08-04,84390,2025080404008766,PMHPL,Shree Krishna Securities Ltd.,Midas Stock Broking Company Private Limited,500,392.2,196100.0,2025-08-04 12:13:41.376371
2025-08-04,84389,2025080404008767,PMHPL,Sweta Securities Private Limited,Midas Stock Broking Company Private Limited,500,392.0,196000.0,2025-08-04 12:13:41.376516
2025-08-04,84388,2025080404008768,PMHPL,Linch Stock Market Ltd.,Midas Stock Broking Company Private Limited,300,391.1,117330.0,2025-08-04 12:13:41.376655
2025-08-04,84387,2025080404008769,PMHPL,Shree Krishna Securities Ltd.,Midas Stock Broking Company Private Limited,1000,391.0,391000.0,2025-08-04 12:13:41.376758
2025-08-04,83643,2025080404008958,PMHPL,Investment Management Nepal Pvt. Ltd.,Sani Securities Company Ltd.,10,390.0,3900.0,2025-08-04 12:14:47.907710
2025-08-04,83524,2025080404008989,PMHPL,Investment Management Nepal Pvt. Ltd.,Vision Securities Pvt. Ltd,10,390.0,3900.0,2025-08-04 12:14:57.469998
2025-08-04,82051,2025080404009348,PMHPL,Investment Management Nepal Pvt. Ltd.,Dynamic Money Managers Securities Pvt. Ltd.,10,390.0,3900.0,2025-08-04 12:17:08.525271
2025-08-04,81012,2025080404009626,PMHPL,Ashutosh Brokerage & Securities (PVT) Ltd.,Midas Stock Broking Company Private Limited,100,391.0,39100.0,2025-08-04 12:19:02.917681
2025-08-04,78863,2025080404009981,PMHPL,Linch Stock Market Ltd.,Naasa Securities Co. Ltd.,200,390.1,78020.0,2025-08-04 12:22:26.984929
2025-08-04,78862,2025080404009982,PMHPL,Investment Management Nepal Pvt. Ltd.,Naasa Securities Co. Ltd.,70,390.0,27300.0,2025-08-04 12:22:26.985009
2025-08-04,78861,2025080404009983,PMHPL,SHUBHAKAMANA SECURITIES PVT. LTD,Naasa Securities Co. Ltd.,100,390.0,39000.0,2025-08-04 12:22:26.985048
2025-08-04,78860,2025080404009984,PMHPL,Shree Krishna Securities Ltd.,Naasa Securities Co. Ltd.,200,390.0,78000.0,2025-08-04 12:22:26.985080
2025-08-04,78859,2025080404009985,PMHPL,Imperial Securities Company Pvt. Ltd.,Naasa Securities Co. Ltd.,300,390.0,117000.0,2025-08-04 12:22:26.985113
2025-08-04,78858,2025080404009986,PMHPL,Agrawal Securities (PVT) Ltd.,Naasa Securities Co. Ltd.,20,389.9,7798.0,2025-08-04 12:22:26.985156
2025-08-04,78681,2025080404010019,PMHPL,Agrawal Securities (PVT) Ltd.,Naasa Securities Co. Ltd.,10,389.9,3899.0,2025-08-04 12:22:51.443500
2025-08-04,78636,2025080404010022,PMHPL,Agrawal Securities (PVT) Ltd.,Naasa Securities Co. Ltd.,370,389.9,144263.0,2025-08-04 12:22:54.974444
2025-08-04,78635,2025080404010023,PMHPL,SHUBHAKAMANA SECURITIES PVT. LTD,Naasa Securities Co. Ltd.,259,388.2,100543.8,2025-08-04 12:22:54.974491
2025-08-04,77979,2025080404010137,PMHPL,SHUBHAKAMANA SECURITIES PVT. LTD,Sundhara Securities Limited,241,388.2,93556.2,2025-08-04 12:24:01.685938
2025-08-04,77978,2025080404010138,PMHPL,Market Securities & Exchange (PVT) Ltd.,Sundhara Securities Limited,100,388.0,38800.0,2025-08-04 12:24:01.686092
2025-08-04,77685,2025080404010230,PMHPL,Naasa Securities Co. Ltd.,Sundhara Securities Limited,12,387.0,4644.0,2025-08-04 12:24:31.883753
2025-08-04,77684,2025080404010231,PMHPL,Imperial Securities Company Pvt. Ltd.,Sundhara Securities Limited,147,386.2,56771.4,2025-08-04 12:24:31.883841
2025-08-04,77374,2025080404010309,PMHPL,Imperial Securities Company Pvt. Ltd.,Creative Securities Pvt Ltd,103,386.2,39778.6,2025-08-04 12:25:03.857234
2025-08-04,77373,2025080404010310,PMHPL,Asian Securities Private Ltd.,Creative Securities Pvt Ltd,200,386.2,77240.0,2025-08-04 12:25:03.857437
2025-08-04,77295,2025080404010325,PMHPL,Shree Krishna Securities Ltd.,Creative Securities Pvt Ltd,200,386.0,77200.0,2025-08-04 12:25:14.946408
2025-08-04,77294,2025080404010326,PMHPL,Himalayan Brokerage Company Limited,Creative Securities Pvt Ltd,42,386.0,16212.0,2025-08-04 12:25:14.946565
2025-08-04,75752,2025080404010665,PMHPL,Linch Stock Market Ltd.,Trisul Securities & Invt. Ltd.,500,385.4,192700.0,2025-08-04 12:28:00.497251
2025-08-04,75719,2025080404010670,PMHPL,Linch Stock Market Ltd.,Agrawal Securities (PVT) Ltd.,100,385.4,38540.0,2025-08-04 12:28:03.999116
2025-08-04,74542,2025080404010938,PMHPL,Online Securities Pvt. Ltd.,Trisul Securities & Invt. Ltd.,200,389.0,77800.0,2025-08-04 12:30:03.015624
2025-08-04,73553,2025080404011095,PMHPL,Trademow Securities Private Limited,Kohinoor Investment & Securities Pvt. Ltd.,10,386.0,3860.0,2025-08-04 12:31:14.004706
2025-08-04,72672,2025080404011251,PMHPL,SHUBHAKAMANA SECURITIES PVT. LTD,Naasa Securities Co. Ltd.,70,386.6,27062.0,2025-08-04 12:32:49.059095
2025-08-04,72213,2025080404011307,PMHPL,SHUBHAKAMANA SECURITIES PVT. LTD,Trisul Securities & Invt. Ltd.,300,389.0,116700.0,2025-08-04 12:33:35.710089
2025-08-04,72212,2025080404011308,PMHPL,SHUBHAKAMANA SECURITIES PVT. LTD,Linch Stock Market Ltd.,100,390.0,39000.0,2025-08-04 12:33:35.710254
2025-08-04,72211,2025080404011309,PMHPL,SHUBHAKAMANA SECURITIES PVT. LTD,Sundhara Securities Limited,400,390.0,156000.0,2025-08-04 12:33:35.710393
2025-08-04,72210,2025080404011310,PMHPL,SHUBHAKAMANA SECURITIES PVT. LTD,Vision Securities Pvt. Ltd,100,390.0,39000.0,2025-08-04 12:33:35.710490
2025-08-04,72209,2025080404011311,PMHPL,SHUBHAKAMANA SECURITIES PVT. LTD,Sani Securities Company Ltd.,52,390.0,20280.0,2025-08-04 12:33:35.710585
2025-08-04,71720,2025080404011411,PMHPL,Capital Max Securities Ltd,SHUBHAKAMANA SECURITIES PVT. LTD,20,387.1,7742.0,2025-08-04 12:34:25.866292
2025-08-04,71719,2025080404011412,PMHPL,Blue Chip Securities Ltd,SHUBHAKAMANA SECURITIES PVT. LTD,180,387.0,69660.0,2025-08-04 12:34:25.866420
2025-08-04,71016,2025080404011562,PMHPL,Naasa Securities Co. Ltd.,Imperial Securities Company Pvt. Ltd.,10,387.1,3871.0,2025-08-04 12:35:32.575627
2025-08-04,68446,2025080404012065,PMHPL,Naasa Securities Co. Ltd.,Trishakti Securities Public Limited,10,387.4,3874.0,2025-08-04 12:40:34.278438
2025-08-04,66552,2025080404012499,PMHPL,Sundhara Securities Limited,Online Securities Pvt. Ltd.,10,388.0,3880.0,2025-08-04 12:44:53.050570
2025-08-04,63447,2025080404013204,PMHPL,Naasa Securities Co. Ltd.,Online Securities Pvt. Ltd.,30,388.1,11643.0,2025-08-04 12:53:28.022904
2025-08-04,63446,2025080404013205,PMHPL,Sundhara Securities Limited,Online Securities Pvt. Ltd.,90,388.0,34920.0,2025-08-04 12:53:28.023061
2025-08-04,63445,2025080404013206,PMHPL,Capital Max Securities Ltd,Online Securities Pvt. Ltd.,20,387.4,7748.0,2025-08-04 12:53:28.023106
2025-08-04,63444,2025080404013207,PMHPL,Blue Chip Securities Ltd,Online Securities Pvt. Ltd.,160,387.2,61952.0,2025-08-04 12:53:28.023146
2025-08-04,62817,2025080404013334,PMHPL,S.P.S.A. Securities Limited,Dynamic Money Managers Securities Pvt. Ltd.,10,390.0,3900.0,2025-08-04 12:55:03.168838
2025-08-04,60050,2025080404013908,PMHPL,ABC Securities Private Limited,Kumari Securities Private Limited,10,388.0,3880.0,2025-08-04 13:00:35.858692
2025-08-04,59805,2025080404013968,PMHPL,ABC Securities Private Limited,Oxford Securities Pvt. Ltd.,10,388.0,3880.0,2025-08-04 13:01:04.093713
2025-08-04,56979,2025080404014547,PMHPL,ABC Securities Private Limited,Linch Stock Market Ltd.,180,388.0,69840.0,2025-08-04 13:06:58.964010
2025-08-04,56978,2025080404014548,PMHPL,Kohinoor Investment & Securities Pvt. Ltd.,Linch Stock Market Ltd.,50,388.0,19400.0,2025-08-04 13:06:58.964201
2025-08-04,56977,2025080404014549,PMHPL,Market Securities & Exchange (PVT) Ltd.,Linch Stock Market Ltd.,50,387.3,19365.0,2025-08-04 13:06:58.964342
2025-08-04,56976,2025080404014550,PMHPL,Blue Chip Securities Ltd,Linch Stock Market Ltd.,90,387.2,34848.0,2025-08-04 13:06:58.964538
2025-08-04,56975,2025080404014551,PMHPL,Vision Securities Pvt. Ltd,Linch Stock Market Ltd.,500,387.1,193550.0,2025-08-04 13:06:58.964675
2025-08-04,56974,2025080404014552,PMHPL,Blue Chip Securities Ltd,Linch Stock Market Ltd.,820,387.0,317340.0,2025-08-04 13:06:58.964797
2025-08-04,56973,2025080404014553,PMHPL,Trishakti Securities Public Limited,Linch Stock Market Ltd.,50,387.0,19350.0,2025-08-04 13:06:58.964913
2025-08-04,55882,2025080404014860,PMHPL,Thrive Brokerage House Pvt. Ltd,Linch Stock Market Ltd.,100,387.0,38700.0,2025-08-04 13:08:53.678016
2025-08-04,55863,2025080404014864,PMHPL,Vision Securities Pvt. Ltd,Vision Securities Pvt. Ltd,50,386.7,19335.0,2025-08-04 13:08:55.522841
2025-08-04,55859,2025080404014865,PMHPL,Naasa Securities Co. Ltd.,Linch Stock Market Ltd.,85,387.0,32895.0,2025-08-04 13:08:57.258228
2025-08-04,55276,2025080404015024,PMHPL,Vision Securities Pvt. Ltd,Linch Stock Market Ltd.,450,386.7,174015.0,2025-08-04 13:09:57.290656
2025-08-04,55275,2025080404015025,PMHPL,Linch Stock Market Ltd.,Linch Stock Market Ltd.,10,386.0,3860.0,2025-08-04 13:09:57.290780
2025-08-04,55027,2025080404015091,PMHPL,Capital Max Securities Ltd,Online Securities Pvt. Ltd.,75,385.8,28935.0,2025-08-04 13:10:30.141946
2025-08-04,54743,2025080404015126,PMHPL,Capital Max Securities Ltd,Linch Stock Market Ltd.,25,385.8,9645.0,2025-08-04 13:11:04.973550
2025-08-04,54742,2025080404015127,PMHPL,Capital Max Securities Ltd,Linch Stock Market Ltd.,30,385.5,11565.0,2025-08-04 13:11:04.973691
2025-08-04,54741,2025080404015128,PMHPL,Blue Chip Securities Ltd,Linch Stock Market Ltd.,500,385.5,192750.0,2025-08-04 13:11:04.973734
2025-08-04,54740,2025080404015129,PMHPL,Linch Stock Market Ltd.,Linch Stock Market Ltd.,400,385.4,154160.0,2025-08-04 13:11:04.973772
2025-08-04,54739,2025080404015130,PMHPL,Sewa Securities Pvt. Ltd.,Linch Stock Market Ltd.,45,385.0,17325.0,2025-08-04 13:11:04.973808
2025-08-04,54575,2025080404015174,PMHPL,Sewa Securities Pvt. Ltd.,Linch Stock Market Ltd.,105,385.0,40425.0,2025-08-04 13:11:30.272194
2025-08-04,54574,2025080404015175,PMHPL,Shree Krishna Securities Ltd.,Linch Stock Market Ltd.,895,385.0,344575.0,2025-08-04 13:11:30.272309
2025-08-04,54472,2025080404015193,PMHPL,Nepal Stock House (PVT) Ltd.,Linch Stock Market Ltd.,300,383.1,114930.0,2025-08-04 13:11:40.362550
2025-08-04,54471,2025080404015194,PMHPL,Secured Securities Ltd.,Linch Stock Market Ltd.,100,383.0,38300.0,2025-08-04 13:11:40.362728
2025-08-04,53999,2025080404015281,PMHPL,Imperial Securities Company Pvt. Ltd.,Linch Stock Market Ltd.,388,382.2,148293.6,2025-08-04 13:12:25.695161
2025-08-04,53998,2025080404015282,PMHPL,Linch Stock Market Ltd.,Linch Stock Market Ltd.,500,382.0,191000.0,2025-08-04 13:12:25.695280
2025-08-04,53589,2025080404015396,PMHPL,Ashutosh Brokerage & Securities (PVT) Ltd.,Linch Stock Market Ltd.,200,382.0,76400.0,2025-08-04 13:13:16.416844
2025-08-04,53300,2025080404015459,PMHPL,Blue Chip Securities Ltd,Linch Stock Market Ltd.,552,382.0,210864.0,2025-08-04 13:14:03.839557
2025-08-04,53099,2025080404015476,PMHPL,Blue Chip Securities Ltd,Linch Stock Market Ltd.,138,382.0,52716.0,2025-08-04 13:14:21.888942
2025-08-04,49292,2025080404016301,PMHPL,Trademow Securities Private Limited,Aryatara Investment & Securities,10,388.0,3880.0,2025-08-04 13:22:42.212526
2025-08-04,49291,2025080404016302,PMHPL,Trademow Securities Private Limited,Kalika Securities Pvt. Ltd.,10,388.0,3880.0,2025-08-04 13:22:42.212651
2025-08-04,49290,2025080404016303,PMHPL,Trademow Securities Private Limited,R.B.B. Securities Company Ltd,60,389.6,23376.0,2025-08-04 13:22:42.212722
2025-08-04,44613,2025080404017369,PMHPL,Linch Stock Market Ltd.,Linch Stock Market Ltd.,200,385.4,77080.0,2025-08-04 13:34:09.291756
2025-08-04,44612,2025080404017370,PMHPL,Dipshikha Dhitopatra Karobar Co. Pvt Ltd.,Linch Stock Market Ltd.,200,385.3,77060.0,2025-08-04 13:34:09.291987
2025-08-04,44611,2025080404017371,PMHPL,ABC Securities Private Limited,Linch Stock Market Ltd.,800,385.2,308160.0,2025-08-04 13:34:09.292122
2025-08-04,44610,2025080404017372,PMHPL,Dipshikha Dhitopatra Karobar Co. Pvt Ltd.,Linch Stock Market Ltd.,200,385.1,77020.0,2025-08-04 13:34:09.292253
2025-08-04,44609,2025080404017373,PMHPL,Investment Management Nepal Pvt. Ltd.,Linch Stock Market Ltd.,500,385.0,192500.0,2025-08-04 13:34:09.292399
2025-08-04,44608,2025080404017374,PMHPL,Nepal Investment And Securities Trading Private Limited,Linch Stock Market Ltd.,20,385.0,7700.0,2025-08-04 13:34:09.292519
2025-08-04,44607,2025080404017375,PMHPL,Property Wiard Limited,Linch Stock Market Ltd.,500,385.0,192500.0,2025-08-04 13:34:09.292648
2025-08-04,44606,2025080404017376,PMHPL,Sagarmatha Securities Private Limited,Linch Stock Market Ltd.,50,385.0,19250.0,2025-08-04 13:34:09.292762
2025-08-04,44605,2025080404017377,PMHPL,Sweta Securities Private Limited,Linch Stock Market Ltd.,200,385.0,77000.0,2025-08-04 13:34:09.292884
2025-08-04,44104,2025080404017493,PMHPL,Agrawal Securities (PVT) Ltd.,R.B.B. Securities Company Ltd,21,384.0,8064.0,2025-08-04 13:35:37.665873
2025-08-04,44103,2025080404017494,PMHPL,Sagarmatha Securities Private Limited,R.B.B. Securities Company Ltd,1000,383.9,383900.0,2025-08-04 13:35:37.666087
2025-08-04,44102,2025080404017495,PMHPL,Nepal Stock House (PVT) Ltd.,R.B.B. Securities Company Ltd,200,383.0,76600.0,2025-08-04 13:35:37.666215
2025-08-04,44101,2025080404017496,PMHPL,Premier Securities Company Ltd.,R.B.B. Securities Company Ltd,200,383.0,76600.0,2025-08-04 13:35:37.666346
2025-08-04,44100,2025080404017497,PMHPL,ABC Securities Private Limited,R.B.B. Securities Company Ltd,79,382.5,30217.5,2025-08-04 13:35:37.666464
2025-08-04,43699,2025080404017602,PMHPL,Capital Max Securities Ltd,Dipshikha Dhitopatra Karobar Co. Pvt Ltd.,100,383.0,38300.0,2025-08-04 13:36:47.537363
2025-08-04,43698,2025080404017603,PMHPL,Capital Max Securities Ltd,Dipshikha Dhitopatra Karobar Co. Pvt Ltd.,1000,383.0,383000.0,2025-08-04 13:36:47.537485
2025-08-04,43612,2025080404017628,PMHPL,ABC Securities Private Limited,Dipshikha Dhitopatra Karobar Co. Pvt Ltd.,211,382.5,80707.5,2025-08-04 13:37:03.729719
2025-08-04,43611,2025080404017629,PMHPL,ABC Securities Private Limited,Dipshikha Dhitopatra Karobar Co. Pvt Ltd.,200,382.4,76480.0,2025-08-04 13:37:03.729825
2025-08-04,43610,2025080404017630,PMHPL,Neev Securities Pvt. Ltd.,Dipshikha Dhitopatra Karobar Co. Pvt Ltd.,239,382.3,91369.7,2025-08-04 13:37:03.729871
2025-08-04,43012,2025080404017759,PMHPL,Neev Securities Pvt. Ltd.,Linch Stock Market Ltd.,61,382.3,23320.3,2025-08-04 13:38:44.008796
2025-08-04,43011,2025080404017760,PMHPL,Agrawal Securities (PVT) Ltd.,Linch Stock Market Ltd.,19,382.3,7263.7,2025-08-04 13:38:44.008858
2025-08-04,43010,2025080404017761,PMHPL,Aryatara Investment & Securities,Linch Stock Market Ltd.,500,382.1,191050.0,2025-08-04 13:38:44.008890
2025-08-04,43009,2025080404017762,PMHPL,Linch Stock Market Ltd.,Linch Stock Market Ltd.,500,382.1,191050.0,2025-08-04 13:38:44.008918
2025-08-04,43008,2025080404017763,PMHPL,Thrive Brokerage House Pvt. Ltd,Linch Stock Market Ltd.,500,382.0,191000.0,2025-08-04 13:38:44.008943
2025-08-04,43007,2025080404017764,PMHPL,Imperial Securities Company Pvt. Ltd.,Linch Stock Market Ltd.,100,382.0,38200.0,2025-08-04 13:38:44.008967
2025-08-04,43006,2025080404017765,PMHPL,Kohinoor Investment & Securities Pvt. Ltd.,Linch Stock Market Ltd.,200,382.0,76400.0,2025-08-04 13:38:44.008990
2025-08-04,43005,2025080404017766,PMHPL,Kohinoor Investment & Securities Pvt. Ltd.,Linch Stock Market Ltd.,30,382.0,11460.0,2025-08-04 13:38:44.009012
2025-08-04,43004,2025080404017767,PMHPL,Himalayan Brokerage Company Limited,Linch Stock Market Ltd.,10,382.0,3820.0,2025-08-04 13:38:44.009037
2025-08-04,43003,2025080404017768,PMHPL,Investment Management Nepal Pvt. Ltd.,Linch Stock Market Ltd.,100,382.0,38200.0,2025-08-04 13:38:44.009061
2025-08-04,43002,2025080404017769,PMHPL,Naasa Securities Co. Ltd.,Linch Stock Market Ltd.,130,382.0,49660.0,2025-08-04 13:38:44.009086
2025-08-04,43001,2025080404017770,PMHPL,Secured Securities Ltd.,Linch Stock Market Ltd.,400,382.0,152800.0,2025-08-04 13:38:44.009125
2025-08-04,43000,2025080404017771,PMHPL,South Asian Bulls Pvt. Ltd.,Linch Stock Market Ltd.,250,382.0,95500.0,2025-08-04 13:38:44.009148
2025-08-04,42999,2025080404017772,PMHPL,Dakshinkali Investment & Securities Pvt. Ltd.,Linch Stock Market Ltd.,80,382.0,30560.0,2025-08-04 13:38:44.009170
2025-08-04,42998,2025080404017773,PMHPL,Sani Securities Company Ltd.,Linch Stock Market Ltd.,45,381.0,17145.0,2025-08-04 13:38:44.009193
2025-08-04,42997,2025080404017774,PMHPL,Arun Securities (PVT) Ltd.,Linch Stock Market Ltd.,50,381.0,19050.0,2025-08-04 13:38:44.009216
2025-08-04,42996,2025080404017775,PMHPL,J.F. Securites (PVT) Ltd.,Linch Stock Market Ltd.,250,380.5,95125.0,2025-08-04 13:38:44.009242
2025-08-04,42995,2025080404017776,PMHPL,ABC Securities Private Limited,Linch Stock Market Ltd.,490,380.5,186445.0,2025-08-04 13:38:44.009268
2025-08-04,42994,2025080404017777,PMHPL,KALASH STOCK MARKET PVT. LTD.,Linch Stock Market Ltd.,200,380.4,76080.0,2025-08-04 13:38:44.009295
2025-08-04,42993,2025080404017778,PMHPL,Sharepro Securities Private Limited,Linch Stock Market Ltd.,300,380.3,114090.0,2025-08-04 13:38:44.009332
2025-08-04,42992,2025080404017779,PMHPL,Imperial Securities Company Pvt. Ltd.,Linch Stock Market Ltd.,250,380.3,95075.0,2025-08-04 13:38:44.009358
2025-08-04,42991,2025080404017780,PMHPL,Capital Max Securities Ltd,Linch Stock Market Ltd.,30,380.0,11400.0,2025-08-04 13:38:44.009382
2025-08-04,42990,2025080404017781,PMHPL,Kumari Securities Private Limited,Linch Stock Market Ltd.,200,380.0,76000.0,2025-08-04 13:38:44.009408
2025-08-04,42989,2025080404017782,PMHPL,SHUBHAKAMANA SECURITIES PVT. LTD,Linch Stock Market Ltd.,100,380.0,38000.0,2025-08-04 13:38:44.009436
2025-08-04,42988,2025080404017783,PMHPL,Linch Stock Market Ltd.,Linch Stock Market Ltd.,500,380.0,190000.0,2025-08-04 13:38:44.009461
2025-08-04,42987,2025080404017784,PMHPL,Dipshikha Dhitopatra Karobar Co. Pvt Ltd.,Linch Stock Market Ltd.,200,380.0,76000.0,2025-08-04 13:38:44.009484
2025-08-04,42986,2025080404017785,PMHPL,J.F. Securites (PVT) Ltd.,Linch Stock Market Ltd.,50,380.0,19000.0,2025-08-04 13:38:44.009508
2025-08-04,42985,2025080404017786,PMHPL,SHUBHAKAMANA SECURITIES PVT. LTD,Linch Stock Market Ltd.,419,379.7,159094.3,2025-08-04 13:38:44.009531
2025-08-04,42984,2025080404017787,PMHPL,Blue Chip Securities Ltd,Linch Stock Market Ltd.,300,379.0,113700.0,2025-08-04 13:38:44.009556
2025-08-04,42983,2025080404017788,PMHPL,Agrawal Securities (PVT) Ltd.,Linch Stock Market Ltd.,400,378.4,151360.0,2025-08-04 13:38:44.009614
2025-08-04,42982,2025080404017789,PMHPL,Kohinoor Investment & Securities Pvt. Ltd.,Linch Stock Market Ltd.,200,378.3,75660.0,2025-08-04 13:38:44.009656
2025-08-04,42981,2025080404017790,PMHPL,S.P.S.A. Securities Limited,Linch Stock Market Ltd.,200,378.0,75600.0,2025-08-04 13:38:44.009701
2025-08-04,42980,2025080404017791,PMHPL,Siprabi Securities Pvt. Ltd.,Linch Stock Market Ltd.,266,378.0,100548.0,2025-08-04 13:38:44.009721
2025-08-04,42525,2025080404017922,PMHPL,Sipla Securities Private Limited,Sani Securities Company Ltd.,30,382.3,11469.0,2025-08-04 13:40:23.985140
2025-08-04,42524,2025080404017923,PMHPL,Sani Securities Company Ltd.,Sani Securities Company Ltd.,260,382.2,99372.0,2025-08-04 13:40:23.985406
2025-08-04,42341,2025080404017946,PMHPL,Sani Securities Company Ltd.,Sani Securities Company Ltd.,10,382.2,3822.0,2025-08-04 13:40:51.548963
2025-08-04,41941,2025080404018046,PMHPL,Trisul Securities & Invt. Ltd.,Trisul Securities & Invt. Ltd.,10,382.8,3828.0,2025-08-04 13:41:58.610015
2025-08-04,41940,2025080404018047,PMHPL,Trisul Securities & Invt. Ltd.,Trisul Securities & Invt. Ltd.,10,382.8,3828.0,2025-08-04 13:41:58.610161
2025-08-04,41939,2025080404018048,PMHPL,Trisul Securities & Invt. Ltd.,Trisul Securities & Invt. Ltd.,10,382.8,3828.0,2025-08-04 13:41:58.610234
2025-08-04,38727,2025080404018516,PMHPL,Nepal Stock House (PVT) Ltd.,Kohinoor Investment & Securities Pvt. Ltd.,46,385.0,17710.0,2025-08-04 13:49:26.104469
2025-08-04,38461,2025080404018590,PMHPL,Nepal Stock House (PVT) Ltd.,Sani Securities Company Ltd.,10,385.0,3850.0,2025-08-04 13:50:23.606094
2025-08-04,37856,2025080404018714,PMHPL,Nepal Stock House (PVT) Ltd.,Himalayan Securities Limited,44,385.0,16940.0,2025-08-04 13:52:20.187555
2025-08-04,34777,2025080404019406,PMHPL,Capital Max Securities Ltd,Naasa Securities Co. Ltd.,20,381.4,7628.0,2025-08-04 14:02:33.969223
2025-08-04,34776,2025080404019407,PMHPL,Sani Securities Company Ltd.,Naasa Securities Co. Ltd.,22,381.3,8388.6,2025-08-04 14:02:33.969370
2025-08-04,34413,2025080404019502,PMHPL,Imperial Securities Company Pvt. Ltd.,Himalayan Securities Limited,100,382.0,38200.0,2025-08-04 14:03:34.228042
2025-08-04,34316,2025080404019533,PMHPL,Sani Securities Company Ltd.,Himalayan Securities Limited,256,382.0,97792.0,2025-08-04 14:03:58.334587
2025-08-04,33631,2025080404019681,PMHPL,Thrive Brokerage House Pvt. Ltd,Secured Securities Ltd.,50,382.0,19100.0,2025-08-04 14:05:45.269264
2025-08-04,33384,2025080404019729,PMHPL,Thrive Brokerage House Pvt. Ltd,Secured Securities Ltd.,50,382.0,19100.0,2025-08-04 14:06:14.949207
2025-08-04,31635,2025080404020135,PMHPL,Online Securities Pvt. Ltd.,Oxford Securities Pvt. Ltd.,20,383.0,7660.0,2025-08-04 14:09:24.645708
2025-08-04,31529,2025080404020151,PMHPL,Agrawal Securities (PVT) Ltd.,Aryatara Investment & Securities,10,382.2,3822.0,2025-08-04 14:09:38.312290
2025-08-04,30150,2025080404020413,PMHPL,Blue Chip Securities Ltd,Vision Securities Pvt. Ltd,10,385.0,3850.0,2025-08-04 14:12:17.893417
2025-08-04,30149,2025080404020414,PMHPL,Blue Chip Securities Ltd,Dynamic Money Managers Securities Pvt. Ltd.,10,388.7,3887.0,2025-08-04 14:12:17.893532
2025-08-04,28987,2025080404020679,PMHPL,Nepal Stock House (PVT) Ltd.,Aryatara Investment & Securities,200,388.8,77760.0,2025-08-04 14:14:24.765412
2025-08-04,27933,2025080404020915,PMHPL,Vision Securities Pvt. Ltd,Primo Securities (PVT) Ltd.,50,388.9,19445.0,2025-08-04 14:16:27.730126
2025-08-04,27472,2025080404021046,PMHPL,Capital Max Securities Ltd,Primo Securities (PVT) Ltd.,40,388.9,15556.0,2025-08-04 14:17:38.814637
2025-08-04,27028,2025080404021122,PMHPL,Shree Krishna Securities Ltd.,Primo Securities (PVT) Ltd.,120,388.9,46668.0,2025-08-04 14:18:16.729068
2025-08-04,26210,2025080404021324,PMHPL,Nepal Stock House (PVT) Ltd.,SHUBHAKAMANA SECURITIES PVT. LTD,300,388.8,116640.0,2025-08-04 14:19:32.030780
2025-08-04,26209,2025080404021325,PMHPL,Premier Securities Company Ltd.,SHUBHAKAMANA SECURITIES PVT. LTD,1000,385.1,385100.0,2025-08-04 14:19:32.030907
2025-08-04,26208,2025080404021326,PMHPL,Agrawal Securities (PVT) Ltd.,SHUBHAKAMANA SECURITIES PVT. LTD,100,385.0,38500.0,2025-08-04 14:19:32.030974
2025-08-04,26207,2025080404021327,PMHPL,Shree Krishna Securities Ltd.,SHUBHAKAMANA SECURITIES PVT. LTD,280,385.0,107800.0,2025-08-04 14:19:32.031020
2025-08-04,25335,2025080404021535,PMHPL,Imperial Securities Company Pvt. Ltd.,SHUBHAKAMANA SECURITIES PVT. LTD,300,385.0,115500.0,2025-08-04 14:21:10.772858
2025-08-04,25082,2025080404021634,PMHPL,Kumari Securities Private Limited,SHUBHAKAMANA SECURITIES PVT. LTD,200,385.0,77000.0,2025-08-04 14:21:58.349156
2025-08-04,24844,2025080404021698,PMHPL,Himalayan Securities Limited,SHUBHAKAMANA SECURITIES PVT. LTD,200,385.0,77000.0,2025-08-04 14:22:20.955234
2025-08-04,24323,2025080404021781,PMHPL,Neev Securities Pvt. Ltd.,SHUBHAKAMANA SECURITIES PVT. LTD,1000,385.0,385000.0,2025-08-04 14:22:57.980645
2025-08-04,24065,2025080404021845,PMHPL,Secured Securities Ltd.,SHUBHAKAMANA SECURITIES PVT. LTD,240,385.0,92400.0,2025-08-04 14:23:22.324631
2025-08-04,21731,2025080404022319,PMHPL,Oxford Securities Pvt. Ltd.,R.B.B. Securities Company Ltd,200,389.0,77800.0,2025-08-04 14:27:22.541996
2025-08-04,20573,2025080404022594,PMHPL,Secured Securities Ltd.,Aryatara Investment & Securities,10,390.0,3900.0,2025-08-04 14:29:10.180806
2025-08-04,20572,2025080404022595,PMHPL,Secured Securities Ltd.,Sani Securities Company Ltd.,150,390.0,58500.0,2025-08-04 14:29:10.180966
2025-08-04,20171,2025080404022673,PMHPL,Secured Securities Ltd.,Nepal Stock House (PVT) Ltd.,100,390.0,39000.0,2025-08-04 14:29:40.157862
2025-08-04,18998,2025080404022966,PMHPL,Kohinoor Investment & Securities Pvt. Ltd.,Infinity Securities Limited,200,386.4,77280.0,2025-08-04 14:31:35.114446
2025-08-04,18997,2025080404022967,PMHPL,Naasa Securities Co. Ltd.,Infinity Securities Limited,570,386.3,220191.0,2025-08-04 14:31:35.114518
2025-08-04,18303,2025080404023093,PMHPL,Malla & Malla Stock Broking Company Pvt. Limited,Midas Stock Broking Company Private Limited,55,391.0,21505.0,2025-08-04 14:32:52.266552
2025-08-04,18302,2025080404023094,PMHPL,Malla & Malla Stock Broking Company Pvt. Limited,Oxford Securities Pvt. Ltd.,15,391.0,5865.0,2025-08-04 14:32:52.266862
2025-08-04,17817,2025080404023196,PMHPL,INDEX SECURITIES LIMITED,Online Securities Pvt. Ltd.,20,387.0,7740.0,2025-08-04 14:33:48.405081
2025-08-04,17220,2025080404023342,PMHPL,Sani Securities Company Ltd.,Vision Securities Pvt. Ltd,208,390.0,81120.0,2025-08-04 14:34:57.520750
2025-08-04,16559,2025080404023486,PMHPL,Imperial Securities Company Pvt. Ltd.,Vision Securities Pvt. Ltd,42,390.0,16380.0,2025-08-04 14:35:49.515992
2025-08-04,16558,2025080404023487,PMHPL,Imperial Securities Company Pvt. Ltd.,Neev Securities Pvt. Ltd.,100,390.0,39000.0,2025-08-04 14:35:49.516124
2025-08-04,15671,2025080404023733,PMHPL,Naasa Securities Co. Ltd.,Hatemalo Financial Services Private Limited,430,388.7,167141.0,2025-08-04 14:36:49.338498
2025-08-04,15670,2025080404023734,PMHPL,Imperial Securities Company Pvt. Ltd.,Hatemalo Financial Services Private Limited,358,388.6,139118.8,2025-08-04 14:36:49.338765
2025-08-04,15669,2025080404023735,PMHPL,Thrive Brokerage House Pvt. Ltd,Hatemalo Financial Services Private Limited,300,388.5,116550.0,2025-08-04 14:36:49.338969
2025-08-04,15668,2025080404023736,PMHPL,Arun Securities (PVT) Ltd.,Hatemalo Financial Services Private Limited,500,388.0,194000.0,2025-08-04 14:36:49.339138
2025-08-04,15667,2025080404023737,PMHPL,Sri Hari Securities Pvt. Ltd.,Hatemalo Financial Services Private Limited,1000,388.0,388000.0,2025-08-04 14:36:49.339308
2025-08-04,15666,2025080404023738,PMHPL,INDEX SECURITIES LIMITED,Hatemalo Financial Services Private Limited,2000,387.2,774400.0,2025-08-04 14:36:49.339490
2025-08-04,15665,2025080404023739,PMHPL,Oxford Securities Pvt. Ltd.,Hatemalo Financial Services Private Limited,300,387.0,116100.0,2025-08-04 14:36:49.339655
2025-08-04,15664,2025080404023740,PMHPL,Sani Securities Company Ltd.,Hatemalo Financial Services Private Limited,112,386.5,43288.0,2025-08-04 14:36:49.339820
2025-08-04,13071,2025080404024457,PMHPL,Deevyaa Securities & Stock House Pvt. Ltd,R.B.B. Securities Company Ltd,500,390.0,195000.0,2025-08-04 14:40:03.512411
2025-08-04,13070,2025080404024458,PMHPL,Deevyaa Securities & Stock House Pvt. Ltd,Imperial Securities Company Pvt. Ltd.,100,390.0,39000.0,2025-08-04 14:40:03.512613
2025-08-04,11866,2025080404024786,PMHPL,Sani Securities Company Ltd.,Agrawal Securities (PVT) Ltd.,100,387.5,38750.0,2025-08-04 14:42:02.559551
2025-08-04,11865,2025080404024787,PMHPL,Sani Securities Company Ltd.,Agrawal Securities (PVT) Ltd.,638,386.5,246587.0,2025-08-04 14:42:02.559678
2025-08-04,11864,2025080404024788,PMHPL,Premier Securities Company Ltd.,Agrawal Securities (PVT) Ltd.,1000,386.1,386100.0,2025-08-04 14:42:02.559733
2025-08-04,11863,2025080404024789,PMHPL,Malla & Malla Stock Broking Company Pvt. Limited,Agrawal Securities (PVT) Ltd.,30,385.2,11556.0,2025-08-04 14:42:02.559787
2025-08-04,11862,2025080404024790,PMHPL,Premier Securities Company Ltd.,Agrawal Securities (PVT) Ltd.,232,385.1,89343.2,2025-08-04 14:42:02.559839
2025-08-04,11714,2025080404024870,PMHPL,ABC Securities Private Limited,Sri Hari Securities Pvt. Ltd.,100,387.5,38750.0,2025-08-04 14:42:13.611296
2025-08-04,11713,2025080404024871,PMHPL,Premier Securities Company Ltd.,Sri Hari Securities Pvt. Ltd.,768,385.1,295756.8,2025-08-04 14:42:13.611571
2025-08-04,11712,2025080404024872,PMHPL,Cristal Kanchanjanga Securites Pvt. Ltd.,Sri Hari Securities Pvt. Ltd.,32,385.0,12320.0,2025-08-04 14:42:13.611731
2025-08-04,10578,2025080404025175,PMHPL,Vision Securities Pvt. Ltd,Dipshikha Dhitopatra Karobar Co. Pvt Ltd.,500,385.2,192600.0,2025-08-04 14:44:11.433182
2025-08-04,9858,2025080404025321,PMHPL,Vision Securities Pvt. Ltd,Himalayan Brokerage Company Limited,10,388.0,3880.0,2025-08-04 14:45:11.979294
2025-08-04,8380,2025080404025777,PMHPL,Blue Chip Securities Ltd,Himalayan Brokerage Company Limited,90,388.0,34920.0,2025-08-04 14:47:53.073393
2025-08-04,8379,2025080404025778,PMHPL,Blue Chip Securities Ltd,Linch Stock Market Ltd.,10,388.0,3880.0,2025-08-04 14:47:53.073489
2025-08-04,5909,2025080404026352,PMHPL,Bhrikuti Stock Broking Co. Pvt. Ltd.,Himalayan Brokerage Company Limited,100,389.0,38900.0,2025-08-04 14:52:25.531646
2025-08-04,5813,2025080404026398,PMHPL,Dipshikha Dhitopatra Karobar Co. Pvt Ltd.,Neev Securities Pvt. Ltd.,100,388.0,38800.0,2025-08-04 14:52:45.757038
2025-08-04,5708,2025080404026437,PMHPL,Capital Max Securities Ltd,Trishakti Securities Public Limited,500,388.0,194000.0,2025-08-04 14:53:01.268383
2025-08-04,4640,2025080404026717,PMHPL,Opal Securities Investment (PVT) Ltd.,Linch Stock Market Ltd.,121,388.0,46948.0,2025-08-04 14:54:34.687020
2025-08-04,4639,2025080404026718,PMHPL,Bhrikuti Stock Broking Co. Pvt. Ltd.,Linch Stock Market Ltd.,100,388.0,38800.0,2025-08-04 14:54:34.687173
2025-08-04,4638,2025080404026719,PMHPL,Miyo Securities Pvt Ltd,Linch Stock Market Ltd.,79,388.0,30652.0,2025-08-04 14:54:34.687227
2025-08-04,4395,2025080404026812,PMHPL,Miyo Securities Pvt Ltd,Thrive Brokerage House Pvt. Ltd,10,388.0,3880.0,2025-08-04 14:55:06.678308
2025-08-04,3967,2025080404026978,PMHPL,Asian Securities Private Ltd.,Himalayan Brokerage Company Limited,500,388.9,194450.0,2025-08-04 14:55:49.046252
2025-08-04,3350,2025080404027260,PMHPL,Miyo Securities Pvt Ltd,Linch Stock Market Ltd.,211,388.0,81868.0,2025-08-04 14:56:55.863002
2025-08-04,3257,2025080404027305,PMHPL,Nepal Stock House (PVT) Ltd.,Cristal Kanchanjanga Securites Pvt. Ltd.,250,386.2,96550.0,2025-08-04 14:57:04.635309
2025-08-04,3256,2025080404027306,PMHPL,Imperial Securities Company Pvt. Ltd.,Cristal Kanchanjanga Securites Pvt. Ltd.,100,386.1,38610.0,2025-08-04 14:57:04.635610
2025-08-04,3255,2025080404027307,PMHPL,Bhrikuti Stock Broking Co. Pvt. Ltd.,Cristal Kanchanjanga Securites Pvt. Ltd.,50,386.1,19305.0,2025-08-04 14:57:04.635768
2025-08-04,2361,2025080404027682,PMHPL,Bhrikuti Stock Broking Co. Pvt. Ltd.,Bhrikuti Stock Broking Co. Pvt. Ltd.,100,387.0,38700.0,2025-08-04 14:58:17.734379
2025-08-04,2360,2025080404027683,PMHPL,Linch Stock Market Ltd.,Bhrikuti Stock Broking Co. Pvt. Ltd.,10,387.0,3870.0,2025-08-04 14:58:17.734546
2025-08-04,2359,2025080404027684,PMHPL,Sani Securities Company Ltd.,Bhrikuti Stock Broking Co. Pvt. Ltd.,500,386.2,193100.0,2025-08-04 14:58:17.734613
2025-08-04,2358,2025080404027685,PMHPL,Bhrikuti Stock Broking Co. Pvt. Ltd.,Bhrikuti Stock Broking Co. Pvt. Ltd.,250,386.1,96525.0,2025-08-04 14:58:17.734661
2025-08-04,2357,2025080404027686,PMHPL,Kohinoor Investment & Securities Pvt. Ltd.,Bhrikuti Stock Broking Co. Pvt. Ltd.,100,386.0,38600.0,2025-08-04 14:58:17.734713
2025-08-04,2356,2025080404027687,PMHPL,INDEX SECURITIES LIMITED,Bhrikuti Stock Broking Co. Pvt. Ltd.,40,386.0,15440.0,2025-08-04 14:58:17.734769
2025-08-04,1726,2025080404027881,PMHPL,Investment Management Nepal Pvt. Ltd.,Investment Management Nepal Pvt. Ltd.,6,386.0,2316.0,2025-08-04 14:58:57.478086
2025-08-04,933,2025080404028162,PMHPL,Market Securities & Exchange (PVT) Ltd.,Ashutosh Brokerage & Securities (PVT) Ltd.,600,386.5,231900.0,2025-08-04 14:59:30.566245
2025-08-04,932,2025080404028163,PMHPL,Dipshikha Dhitopatra Karobar Co. Pvt Ltd.,Ashutosh Brokerage & Securities (PVT) Ltd.,100,386.5,38650.0,2025-08-04 14:59:30.566377
2025-08-04,895,2025080404028178,PMHPL,SHUBHAKAMANA SECURITIES PVT. LTD,Himalayan Brokerage Company Limited,100,386.7,38670.0,2025-08-04 14:59:32.648142
2025-08-04,786,2025080404028235,PMHPL,Naasa Securities Co. Ltd.,Ashutosh Brokerage & Securities (PVT) Ltd.,200,386.1,77220.0,2025-08-04 14:59:37.607567
2025-08-04,785,2025080404028236,PMHPL,INDEX SECURITIES LIMITED,Ashutosh Brokerage & Securities (PVT) Ltd.,60,386.0,23160.0,2025-08-04 14:59:37.607735
2025-08-04,784,2025080404028237,PMHPL,Cristal Kanchanjanga Securites Pvt. Ltd.,Ashutosh Brokerage & Securities (PVT) Ltd.,240,386.0,92640.0,2025-08-04 14:59:37.607807
2025-08-04,658,2025080404028273,PMHPL,Investment Management Nepal Pvt. Ltd.,Himalayan Brokerage Company Limited,92,386.7,35576.4,2025-08-04 14:59:41.948534
2025-08-04,613,2025080404028285,PMHPL,Cristal Kanchanjanga Securites Pvt. Ltd.,Ashutosh Brokerage & Securities (PVT) Ltd.,728,386.0,281008.0,2025-08-04 14:59:43.700288
2025-08-04,612,2025080404028286,PMHPL,Dakshinkali Investment & Securities Pvt. Ltd.,Ashutosh Brokerage & Securities (PVT) Ltd.,260,386.0,100360.0,2025-08-04 14:59:43.700428
2025-08-04,428,2025080404028364,PMHPL,Blue Chip Securities Ltd,Cristal Kanchanjanga Securites Pvt. Ltd.,100,385.9,38590.0,2025-08-04 14:59:51.172527
2025-08-04,107,2025080404028452,PMHPL,Blue Chip Securities Ltd,Miyo Securities Pvt Ltd,100,385.8,38580.0,2025-08-04 14:59:57.364188
2025-08-04,106,2025080404028453,PMHPL,Online Securities Pvt. Ltd.,Miyo Securities Pvt Ltd,206,385.6,79433.6,2025-08-04 14:59:57.364368
2025-08-04,105,2025080404028454,PMHPL,Blue Chip Securities Ltd,Miyo Securities Pvt Ltd,100,385.5,38550.0,2025-08-04 14:59:57.364465
2025-08-04,104,2025080404028455,PMHPL,Vision Securities Pvt. Ltd,Miyo Securities Pvt Ltd,594,385.5,228987.0,2025-08-04 14:59:57.364556
