Date,S.N.,contract_id,symbol,buyer_broker,seller_broker,volume,price,amount,transaction_time
2025-08-04,149231,2025080404000012,PPCL,Deevyaa Securities & Stock House Pvt. Ltd,Oxford Securities Pvt. Ltd.,10,351.6,3516.0,2025-08-04 10:46:00.045476
2025-08-04,144649,2025080404000877,PPCL,Bhrikuti Stock Broking Co. Pvt. Ltd.,Kumari Securities Private Limited,25,362.0,9050.0,2025-08-04 11:04:41.100988
2025-08-04,144648,2025080404000878,PPCL,Bhrikuti Stock Broking Co. Pvt. Ltd.,Naasa Securities Co. Ltd.,10,363.0,3630.0,2025-08-04 11:04:41.101023
2025-08-04,144201,2025080404000924,PPCL,Bhrikuti Stock Broking Co. Pvt. Ltd.,Naasa Securities Co. Ltd.,350,363.0,127050.0,2025-08-04 11:05:07.713572
2025-08-04,144200,2025080404000925,PPCL,Bhrikuti Stock Broking Co. Pvt. Ltd.,Sunrise Securities Limited,10,370.0,3700.0,2025-08-04 11:05:07.713662
2025-08-04,143418,2025080404000977,PPCL,Dipshikha Dhitopatra Karobar Co. Pvt Ltd.,Sunrise Securities Limited,50,370.0,18500.0,2025-08-04 11:05:37.310615
2025-08-04,140452,2025080404001337,PPCL,Neev Securities Pvt. Ltd.,Himalayan Brokerage Company Limited,200,363.0,72600.0,2025-08-04 11:08:01.928649
2025-08-04,140451,2025080404001338,PPCL,Property Wiard Limited,Himalayan Brokerage Company Limited,1200,363.0,435600.0,2025-08-04 11:08:01.928710
2025-08-04,140450,2025080404001339,PPCL,Property Wiard Limited,Himalayan Brokerage Company Limited,1200,363.0,435600.0,2025-08-04 11:08:01.928745
2025-08-04,138043,2025080404001657,PPCL,Sumeru Securities Pvt. Ltd.,Sharepro Securities Private Limited,100,363.0,36300.0,2025-08-04 11:10:07.685290
2025-08-04,137761,2025080404001707,PPCL,Bhrikuti Stock Broking Co. Pvt. Ltd.,Agrawal Securities (PVT) Ltd.,30,357.4,10722.0,2025-08-04 11:10:25.611883
2025-08-04,137295,2025080404001807,PPCL,Bhrikuti Stock Broking Co. Pvt. Ltd.,Sundhara Securities Limited,100,357.4,35740.0,2025-08-04 11:10:49.701805
2025-08-04,135090,2025080404002093,PPCL,Bhrikuti Stock Broking Co. Pvt. Ltd.,Himalayan Brokerage Company Limited,10,367.0,3670.0,2025-08-04 11:12:39.504637
2025-08-04,131723,2025080404002540,PPCL,Midas Stock Broking Company Private Limited,Dakshinkali Investment & Securities Pvt. Ltd.,75,360.0,27000.0,2025-08-04 11:14:56.508301
2025-08-04,131722,2025080404002541,PPCL,Dynamic Money Managers Securities Pvt. Ltd.,Dakshinkali Investment & Securities Pvt. Ltd.,700,359.0,251300.0,2025-08-04 11:14:56.508361
2025-08-04,131721,2025080404002542,PPCL,Imperial Securities Company Pvt. Ltd.,Dakshinkali Investment & Securities Pvt. Ltd.,25,358.0,8950.0,2025-08-04 11:14:56.508409
2025-08-04,126010,2025080404003106,PPCL,Nepal Stock House (PVT) Ltd.,Imperial Securities Company Pvt. Ltd.,30,359.1,10773.0,2025-08-04 11:19:49.117615
2025-08-04,125954,2025080404003111,PPCL,Nepal Stock House (PVT) Ltd.,Agrawal Securities (PVT) Ltd.,10,359.1,3591.0,2025-08-04 11:19:54.751457
2025-08-04,123468,2025080404003328,PPCL,Naasa Securities Co. Ltd.,Sharepro Securities Private Limited,60,362.0,21720.0,2025-08-04 11:22:13.436455
2025-08-04,123074,2025080404003358,PPCL,Naasa Securities Co. Ltd.,Linch Stock Market Ltd.,30,363.0,10890.0,2025-08-04 11:22:38.038570
2025-08-04,123073,2025080404003359,PPCL,Naasa Securities Co. Ltd.,J.F. Securites (PVT) Ltd.,10,363.0,3630.0,2025-08-04 11:22:38.038662
2025-08-04,121936,2025080404003455,PPCL,Bhrikuti Stock Broking Co. Pvt. Ltd.,Bhrikuti Stock Broking Co. Pvt. Ltd.,10,360.0,3600.0,2025-08-04 11:23:45.305396
2025-08-04,119453,2025080404003715,PPCL,Bhrikuti Stock Broking Co. Pvt. Ltd.,J.F. Securites (PVT) Ltd.,50,360.1,18005.0,2025-08-04 11:26:12.229100
2025-08-04,118622,2025080404003778,PPCL,Bhrikuti Stock Broking Co. Pvt. Ltd.,Dynamic Money Managers Securities Pvt. Ltd.,40,360.1,14404.0,2025-08-04 11:26:54.964563
2025-08-04,118621,2025080404003779,PPCL,Midas Stock Broking Company Private Limited,Dynamic Money Managers Securities Pvt. Ltd.,25,360.0,9000.0,2025-08-04 11:26:54.964706
2025-08-04,118620,2025080404003780,PPCL,Capital Max Securities Ltd,Dynamic Money Managers Securities Pvt. Ltd.,45,360.0,16200.0,2025-08-04 11:26:54.964773
2025-08-04,118619,2025080404003781,PPCL,Bhrikuti Stock Broking Co. Pvt. Ltd.,Dynamic Money Managers Securities Pvt. Ltd.,890,359.2,319688.0,2025-08-04 11:26:54.964819
2025-08-04,117972,2025080404003856,PPCL,Nepal Stock House (PVT) Ltd.,Dynamic Money Managers Securities Pvt. Ltd.,960,359.1,344736.0,2025-08-04 11:27:37.514178
2025-08-04,117971,2025080404003857,PPCL,Linch Stock Market Ltd.,Dynamic Money Managers Securities Pvt. Ltd.,500,359.0,179500.0,2025-08-04 11:27:37.514475
2025-08-04,117957,2025080404003858,PPCL,Bhrikuti Stock Broking Co. Pvt. Ltd.,Dynamic Money Managers Securities Pvt. Ltd.,10,359.0,3590.0,2025-08-04 11:27:38.766363
2025-08-04,117812,2025080404003875,PPCL,Bhrikuti Stock Broking Co. Pvt. Ltd.,Dynamic Money Managers Securities Pvt. Ltd.,30,359.0,10770.0,2025-08-04 11:27:46.849368
2025-08-04,117811,2025080404003876,PPCL,Bhrikuti Stock Broking Co. Pvt. Ltd.,J.F. Securites (PVT) Ltd.,10,363.0,3630.0,2025-08-04 11:27:46.849424
2025-08-04,114793,2025080404004228,PPCL,Imperial Securities Company Pvt. Ltd.,Dynamic Money Managers Securities Pvt. Ltd.,20,358.0,7160.0,2025-08-04 11:30:56.740438
2025-08-04,113903,2025080404004321,PPCL,Imperial Securities Company Pvt. Ltd.,Nepal Investment And Securities Trading Private Limited,100,358.0,35800.0,2025-08-04 11:31:50.306949
2025-08-04,113840,2025080404004323,PPCL,Imperial Securities Company Pvt. Ltd.,Trishakti Securities Public Limited,245,358.0,87710.0,2025-08-04 11:31:52.894662
2025-08-04,113653,2025080404004356,PPCL,Bhrikuti Stock Broking Co. Pvt. Ltd.,Trishakti Securities Public Limited,55,358.0,19690.0,2025-08-04 11:32:05.790363
2025-08-04,113652,2025080404004357,PPCL,Bhrikuti Stock Broking Co. Pvt. Ltd.,Vision Securities Pvt. Ltd,10,360.0,3600.0,2025-08-04 11:32:05.790408
2025-08-04,113651,2025080404004358,PPCL,Bhrikuti Stock Broking Co. Pvt. Ltd.,Dynamic Money Managers Securities Pvt. Ltd.,10,362.0,3620.0,2025-08-04 11:32:05.790436
2025-08-04,102616,2025080404005353,PPCL,Secured Securities Ltd.,Trishakti Securities Public Limited,100,361.9,36190.0,2025-08-04 11:43:09.293886
2025-08-04,99036,2025080404005910,PPCL,Beni Securities Pvt.Ltd.,Imperial Securities Company Pvt. Ltd.,30,358.2,10746.0,2025-08-04 11:48:32.026989
2025-08-04,98581,2025080404006015,PPCL,Dynamic Money Managers Securities Pvt. Ltd.,Trishakti Securities Public Limited,22,361.9,7961.8,2025-08-04 11:49:24.724050
2025-08-04,98420,2025080404006034,PPCL,Dynamic Money Managers Securities Pvt. Ltd.,Dipshikha Dhitopatra Karobar Co. Pvt Ltd.,200,362.9,72580.0,2025-08-04 11:49:40.306363
2025-08-04,98081,2025080404006090,PPCL,Dynamic Money Managers Securities Pvt. Ltd.,Trishakti Securities Public Limited,778,362.9,282336.2,2025-08-04 11:50:14.649855
2025-08-04,91484,2025080404007234,PPCL,Imperial Securities Company Pvt. Ltd.,Linch Stock Market Ltd.,20,362.5,7250.0,2025-08-04 12:02:47.263435
2025-08-04,90908,2025080404007371,PPCL,Imperial Securities Company Pvt. Ltd.,Linch Stock Market Ltd.,100,362.0,36200.0,2025-08-04 12:03:53.806648
2025-08-04,90592,2025080404007448,PPCL,Naasa Securities Co. Ltd.,Dynamic Money Managers Securities Pvt. Ltd.,46,359.0,16514.0,2025-08-04 12:04:31.124415
2025-08-04,90591,2025080404007449,PPCL,Beni Securities Pvt.Ltd.,Dynamic Money Managers Securities Pvt. Ltd.,20,358.2,7164.0,2025-08-04 12:04:31.124626
2025-08-04,90590,2025080404007450,PPCL,Midas Stock Broking Company Private Limited,Dynamic Money Managers Securities Pvt. Ltd.,494,358.1,176901.4,2025-08-04 12:04:31.124767
2025-08-04,89467,2025080404007678,PPCL,Sani Securities Company Ltd.,Dynamic Money Managers Securities Pvt. Ltd.,200,357.2,71440.0,2025-08-04 12:06:25.327469
2025-08-04,89466,2025080404007679,PPCL,Aryatara Investment & Securities,Dynamic Money Managers Securities Pvt. Ltd.,1000,357.1,357100.0,2025-08-04 12:06:25.327622
2025-08-04,87821,2025080404008071,PPCL,Imperial Securities Company Pvt. Ltd.,Oxford Securities Pvt. Ltd.,10,357.0,3570.0,2025-08-04 12:08:39.784135
2025-08-04,86176,2025080404008377,PPCL,Imperial Securities Company Pvt. Ltd.,Linch Stock Market Ltd.,20,357.0,7140.0,2025-08-04 12:11:04.108163
2025-08-04,85451,2025080404008503,PPCL,Primo Securities (PVT) Ltd.,Linch Stock Market Ltd.,80,356.0,28480.0,2025-08-04 12:12:11.927242
2025-08-04,84155,2025080404008833,PPCL,Primo Securities (PVT) Ltd.,Imperial Securities Company Pvt. Ltd.,30,356.0,10680.0,2025-08-04 12:14:01.983627
2025-08-04,81987,2025080404009373,PPCL,Primo Securities (PVT) Ltd.,Bhrikuti Stock Broking Co. Pvt. Ltd.,90,356.0,32040.0,2025-08-04 12:17:16.039513
2025-08-04,81986,2025080404009374,PPCL,Sani Securities Company Ltd.,Bhrikuti Stock Broking Co. Pvt. Ltd.,115,356.0,40940.0,2025-08-04 12:17:16.039619
2025-08-04,80899,2025080404009661,PPCL,Swarna Laxmi Securities Pvt. Ltd.,Dynamic Money Managers Securities Pvt. Ltd.,500,355.0,177500.0,2025-08-04 12:19:16.581084
2025-08-04,80898,2025080404009662,PPCL,Deevyaa Securities & Stock House Pvt. Ltd,Dynamic Money Managers Securities Pvt. Ltd.,300,355.0,106500.0,2025-08-04 12:19:16.581217
2025-08-04,80897,2025080404009663,PPCL,Capital Max Securities Ltd,Dynamic Money Managers Securities Pvt. Ltd.,45,355.0,15975.0,2025-08-04 12:19:16.581268
2025-08-04,80896,2025080404009664,PPCL,Online Securities Pvt. Ltd.,Dynamic Money Managers Securities Pvt. Ltd.,500,355.0,177500.0,2025-08-04 12:19:16.581320
2025-08-04,80895,2025080404009665,PPCL,Midas Stock Broking Company Private Limited,Dynamic Money Managers Securities Pvt. Ltd.,25,355.0,8875.0,2025-08-04 12:19:16.581366
2025-08-04,80894,2025080404009666,PPCL,Vision Securities Pvt. Ltd,Dynamic Money Managers Securities Pvt. Ltd.,100,355.0,35500.0,2025-08-04 12:19:16.581414
2025-08-04,80893,2025080404009667,PPCL,Capital Max Securities Ltd,Dynamic Money Managers Securities Pvt. Ltd.,45,354.0,15930.0,2025-08-04 12:19:16.581463
2025-08-04,80892,2025080404009668,PPCL,J.F. Securites (PVT) Ltd.,Dynamic Money Managers Securities Pvt. Ltd.,125,353.5,44187.5,2025-08-04 12:19:16.581511
2025-08-04,79670,2025080404009818,PPCL,J.F. Securites (PVT) Ltd.,Capital Max Securities Ltd,375,353.5,132562.5,2025-08-04 12:20:48.491875
2025-08-04,79669,2025080404009819,PPCL,Vision Securities Pvt. Ltd,Capital Max Securities Ltd,100,353.0,35300.0,2025-08-04 12:20:48.492133
2025-08-04,79668,2025080404009820,PPCL,Dynamic Money Managers Securities Pvt. Ltd.,Capital Max Securities Ltd,25,353.0,8825.0,2025-08-04 12:20:48.492290
2025-08-04,79391,2025080404009877,PPCL,Dynamic Money Managers Securities Pvt. Ltd.,Aryatara Investment & Securities,25,353.0,8825.0,2025-08-04 12:21:22.226238
2025-08-04,79390,2025080404009878,PPCL,Midas Stock Broking Company Private Limited,Aryatara Investment & Securities,25,353.0,8825.0,2025-08-04 12:21:22.226403
2025-08-04,79026,2025080404009950,PPCL,Bhrikuti Stock Broking Co. Pvt. Ltd.,Aryatara Investment & Securities,39,353.0,13767.0,2025-08-04 12:22:06.332647
2025-08-04,78890,2025080404009972,PPCL,Bhrikuti Stock Broking Co. Pvt. Ltd.,Bhrikuti Stock Broking Co. Pvt. Ltd.,10,356.0,3560.0,2025-08-04 12:22:23.566137
2025-08-04,76031,2025080404010618,PPCL,Vision Securities Pvt. Ltd,Linch Stock Market Ltd.,100,353.1,35310.0,2025-08-04 12:27:33.587959
2025-08-04,76030,2025080404010619,PPCL,Cristal Kanchanjanga Securites Pvt. Ltd.,Linch Stock Market Ltd.,100,353.0,35300.0,2025-08-04 12:27:33.588115
2025-08-04,73784,2025080404011071,PPCL,Cristal Kanchanjanga Securites Pvt. Ltd.,Vision Securities Pvt. Ltd,400,353.0,141200.0,2025-08-04 12:30:55.734958
2025-08-04,72867,2025080404011223,PPCL,Premier Securities Company Ltd.,Vision Securities Pvt. Ltd,100,353.0,35300.0,2025-08-04 12:32:30.061805
2025-08-04,72866,2025080404011224,PPCL,Premier Securities Company Ltd.,Bhrikuti Stock Broking Co. Pvt. Ltd.,10,356.0,3560.0,2025-08-04 12:32:30.061866
2025-08-04,68183,2025080404012102,PPCL,Imperial Securities Company Pvt. Ltd.,Sagarmatha Securities Private Limited,300,353.0,105900.0,2025-08-04 12:41:01.660266
2025-08-04,68182,2025080404012103,PPCL,Dynamic Money Managers Securities Pvt. Ltd.,Sagarmatha Securities Private Limited,850,352.4,299540.0,2025-08-04 12:41:01.660431
2025-08-04,68181,2025080404012104,PPCL,Imperial Securities Company Pvt. Ltd.,Sagarmatha Securities Private Limited,350,352.3,123305.0,2025-08-04 12:41:01.660484
2025-08-04,66860,2025080404012411,PPCL,Imperial Securities Company Pvt. Ltd.,Sagarmatha Securities Private Limited,150,352.3,52845.0,2025-08-04 12:44:02.380762
2025-08-04,66859,2025080404012412,PPCL,Premier Securities Company Ltd.,Sagarmatha Securities Private Limited,200,352.1,70420.0,2025-08-04 12:44:02.380900
2025-08-04,66858,2025080404012413,PPCL,Nepal Stock House (PVT) Ltd.,Sagarmatha Securities Private Limited,1150,352.0,404800.0,2025-08-04 12:44:02.380957
2025-08-04,64923,2025080404012869,PPCL,Deevyaa Securities & Stock House Pvt. Ltd,Citizens Share Broker Limited,500,353.0,176500.0,2025-08-04 12:48:57.487788
2025-08-04,63185,2025080404013261,PPCL,Deevyaa Securities & Stock House Pvt. Ltd,Himalayan Brokerage Company Limited,500,353.0,176500.0,2025-08-04 12:54:09.025004
2025-08-04,59626,2025080404014012,PPCL,Trisul Securities & Invt. Ltd.,Himalayan Brokerage Company Limited,70,353.0,24710.0,2025-08-04 13:01:25.597650
2025-08-04,59508,2025080404014036,PPCL,Trisul Securities & Invt. Ltd.,Bhrikuti Stock Broking Co. Pvt. Ltd.,10,356.0,3560.0,2025-08-04 13:01:42.705578
2025-08-04,58714,2025080404014167,PPCL,Midas Stock Broking Company Private Limited,Sunrise Securities Limited,90,352.5,31725.0,2025-08-04 13:03:27.659899
2025-08-04,58300,2025080404014263,PPCL,Midas Stock Broking Company Private Limited,Sani Securities Company Ltd.,410,352.5,144525.0,2025-08-04 13:04:38.100346
2025-08-04,58299,2025080404014264,PPCL,Investment Management Nepal Pvt. Ltd.,Sani Securities Company Ltd.,200,352.1,70420.0,2025-08-04 13:04:38.100458
2025-08-04,58298,2025080404014265,PPCL,Nepal Stock House (PVT) Ltd.,Sani Securities Company Ltd.,350,352.0,123200.0,2025-08-04 13:04:38.100535
2025-08-04,58297,2025080404014266,PPCL,Deevyaa Securities & Stock House Pvt. Ltd,Sani Securities Company Ltd.,490,352.0,172480.0,2025-08-04 13:04:38.100609
2025-08-04,58296,2025080404014267,PPCL,Midas Stock Broking Company Private Limited,Sani Securities Company Ltd.,50,352.0,17600.0,2025-08-04 13:04:38.100685
2025-08-04,58048,2025080404014346,PPCL,Midas Stock Broking Company Private Limited,Capital Max Securities Ltd,150,352.0,52800.0,2025-08-04 13:05:10.060131
2025-08-04,58047,2025080404014347,PPCL,Linch Stock Market Ltd.,Capital Max Securities Ltd,50,352.0,17600.0,2025-08-04 13:05:10.060262
2025-08-04,58046,2025080404014348,PPCL,Indira securities pvt. ltd,Capital Max Securities Ltd,1000,352.0,352000.0,2025-08-04 13:05:10.060330
2025-08-04,58045,2025080404014349,PPCL,Dynamic Money Managers Securities Pvt. Ltd.,Capital Max Securities Ltd,1061,352.0,373472.0,2025-08-04 13:05:10.060383
2025-08-04,55259,2025080404015031,PPCL,Bhrikuti Stock Broking Co. Pvt. Ltd.,Kumari Securities Private Limited,10,355.0,3550.0,2025-08-04 13:10:01.126807
2025-08-04,54908,2025080404015101,PPCL,Capital Hub P. Ltd,Kumari Securities Private Limited,20,355.0,7100.0,2025-08-04 13:10:46.050769
2025-08-04,52458,2025080404015622,PPCL,Dynamic Money Managers Securities Pvt. Ltd.,Dipshikha Dhitopatra Karobar Co. Pvt Ltd.,20,352.0,7040.0,2025-08-04 13:15:49.141409
2025-08-04,48801,2025080404016397,PPCL,Naasa Securities Co. Ltd.,Imperial Securities Company Pvt. Ltd.,40,352.3,14092.0,2025-08-04 13:23:43.360895
2025-08-04,48265,2025080404016507,PPCL,Online Securities Pvt. Ltd.,Aryatara Investment & Securities,30,352.5,10575.0,2025-08-04 13:24:42.843001
2025-08-04,47064,2025080404016775,PPCL,Premier Securities Company Ltd.,Imperial Securities Company Pvt. Ltd.,10,354.0,3540.0,2025-08-04 13:28:00.429558
2025-08-04,47063,2025080404016776,PPCL,Premier Securities Company Ltd.,Kumari Securities Private Limited,10,355.0,3550.0,2025-08-04 13:28:00.429616
2025-08-04,46398,2025080404016874,PPCL,Capital Max Securities Ltd,Malla & Malla Stock Broking Company Pvt. Limited,100,352.6,35260.0,2025-08-04 13:29:55.344709
2025-08-04,46397,2025080404016875,PPCL,Online Securities Pvt. Ltd.,Malla & Malla Stock Broking Company Pvt. Limited,470,352.5,165675.0,2025-08-04 13:29:55.344908
2025-08-04,46396,2025080404016876,PPCL,Capital Max Securities Ltd,Malla & Malla Stock Broking Company Pvt. Limited,100,352.3,35230.0,2025-08-04 13:29:55.345008
2025-08-04,46395,2025080404016877,PPCL,Naasa Securities Co. Ltd.,Malla & Malla Stock Broking Company Pvt. Limited,100,352.3,35230.0,2025-08-04 13:29:55.345095
2025-08-04,46394,2025080404016878,PPCL,Agrawal Securities (PVT) Ltd.,Malla & Malla Stock Broking Company Pvt. Limited,300,352.2,105660.0,2025-08-04 13:29:55.345154
2025-08-04,46393,2025080404016879,PPCL,Premier Securities Company Ltd.,Malla & Malla Stock Broking Company Pvt. Limited,50,352.1,17605.0,2025-08-04 13:29:55.345210
2025-08-04,46392,2025080404016880,PPCL,Capital Max Securities Ltd,Malla & Malla Stock Broking Company Pvt. Limited,10,352.1,3521.0,2025-08-04 13:29:55.345258
2025-08-04,46391,2025080404016881,PPCL,Dynamic Money Managers Securities Pvt. Ltd.,Malla & Malla Stock Broking Company Pvt. Limited,130,352.0,45760.0,2025-08-04 13:29:55.345368
2025-08-04,46390,2025080404016882,PPCL,Investment Management Nepal Pvt. Ltd.,Malla & Malla Stock Broking Company Pvt. Limited,240,352.0,84480.0,2025-08-04 13:29:55.345427
2025-08-04,46232,2025080404016934,PPCL,Premier Securities Company Ltd.,Oxford Securities Pvt. Ltd.,10,354.9,3549.0,2025-08-04 13:30:09.674458
2025-08-04,46231,2025080404016935,PPCL,Premier Securities Company Ltd.,Kumari Securities Private Limited,10,355.0,3550.0,2025-08-04 13:30:09.674536
2025-08-04,45346,2025080404017189,PPCL,Investment Management Nepal Pvt. Ltd.,Primo Securities (PVT) Ltd.,60,352.0,21120.0,2025-08-04 13:32:01.893270
2025-08-04,45345,2025080404017190,PPCL,Linch Stock Market Ltd.,Primo Securities (PVT) Ltd.,100,352.0,35200.0,2025-08-04 13:32:01.893441
2025-08-04,45344,2025080404017191,PPCL,Nepal Investment And Securities Trading Private Limited,Primo Securities (PVT) Ltd.,100,352.0,35200.0,2025-08-04 13:32:01.893510
2025-08-04,45288,2025080404017208,PPCL,Investment Management Nepal Pvt. Ltd.,Primo Securities (PVT) Ltd.,250,351.7,87925.0,2025-08-04 13:32:13.973579
2025-08-04,45287,2025080404017209,PPCL,South Asian Bulls Pvt. Ltd.,Primo Securities (PVT) Ltd.,100,351.3,35130.0,2025-08-04 13:32:13.973832
2025-08-04,45286,2025080404017210,PPCL,Online Securities Pvt. Ltd.,Primo Securities (PVT) Ltd.,90,351.1,31599.0,2025-08-04 13:32:13.973979
2025-08-04,45159,2025080404017245,PPCL,Online Securities Pvt. Ltd.,Primo Securities (PVT) Ltd.,49,351.1,17203.9,2025-08-04 13:32:45.134063
2025-08-04,45158,2025080404017246,PPCL,Aryatara Investment & Securities,Primo Securities (PVT) Ltd.,151,351.0,53001.0,2025-08-04 13:32:45.134225
2025-08-04,44350,2025080404017426,PPCL,Premier Securities Company Ltd.,Kumari Securities Private Limited,12,355.0,4260.0,2025-08-04 13:34:50.577928
2025-08-04,43633,2025080404017625,PPCL,Imperial Securities Company Pvt. Ltd.,Thrive Brokerage House Pvt. Ltd,200,352.5,70500.0,2025-08-04 13:36:59.682582
2025-08-04,43632,2025080404017626,PPCL,Dynamic Money Managers Securities Pvt. Ltd.,Thrive Brokerage House Pvt. Ltd,100,352.0,35200.0,2025-08-04 13:36:59.682748
2025-08-04,43631,2025080404017627,PPCL,Agrawal Securities (PVT) Ltd.,Thrive Brokerage House Pvt. Ltd,200,351.3,70260.0,2025-08-04 13:36:59.683062
2025-08-04,42374,2025080404017942,PPCL,Imperial Securities Company Pvt. Ltd.,Naasa Securities Co. Ltd.,130,351.2,45656.0,2025-08-04 13:40:47.734790
2025-08-04,42260,2025080404017962,PPCL,Premier Securities Company Ltd.,Linch Stock Market Ltd.,12,354.4,4252.8,2025-08-04 13:41:06.967402
2025-08-04,37219,2025080404018848,PPCL,Capital Max Securities Ltd,Stoxkarts Securities Limited,85,352.1,29928.5,2025-08-04 13:54:40.533236
2025-08-04,35545,2025080404019232,PPCL,Capital Max Securities Ltd,Online Securities Pvt. Ltd.,100,352.5,35250.0,2025-08-04 14:00:28.804439
2025-08-04,35448,2025080404019250,PPCL,BHOLE GANESH SECURITIES LTD,Online Securities Pvt. Ltd.,500,352.5,176250.0,2025-08-04 14:00:46.193184
2025-08-04,35188,2025080404019315,PPCL,Imperial Securities Company Pvt. Ltd.,Online Securities Pvt. Ltd.,200,352.5,70500.0,2025-08-04 14:01:26.863594
2025-08-04,35187,2025080404019316,PPCL,Imperial Securities Company Pvt. Ltd.,Primo Securities (PVT) Ltd.,170,352.5,59925.0,2025-08-04 14:01:26.863755
2025-08-04,35019,2025080404019354,PPCL,Capital Max Securities Ltd,Primo Securities (PVT) Ltd.,130,352.5,45825.0,2025-08-04 14:01:58.376375
2025-08-04,32977,2025080404019825,PPCL,Premier Securities Company Ltd.,Malla & Malla Stock Broking Company Pvt. Limited,12,354.0,4248.0,2025-08-04 14:06:58.950576
2025-08-04,32720,2025080404019894,PPCL,Linch Stock Market Ltd.,Malla & Malla Stock Broking Company Pvt. Limited,200,354.0,70800.0,2025-08-04 14:07:28.101697
2025-08-04,32641,2025080404019900,PPCL,Trishakti Securities Public Limited,Malla & Malla Stock Broking Company Pvt. Limited,288,354.0,101952.0,2025-08-04 14:07:36.861374
2025-08-04,32640,2025080404019901,PPCL,Trishakti Securities Public Limited,Swarna Laxmi Securities Pvt. Ltd.,500,354.0,177000.0,2025-08-04 14:07:36.861516
2025-08-04,32639,2025080404019902,PPCL,Trishakti Securities Public Limited,J.F. Securites (PVT) Ltd.,480,354.4,170112.0,2025-08-04 14:07:36.861588
2025-08-04,32638,2025080404019903,PPCL,Trishakti Securities Public Limited,Online Securities Pvt. Ltd.,500,354.6,177300.0,2025-08-04 14:07:36.861640
2025-08-04,32637,2025080404019904,PPCL,Trishakti Securities Public Limited,Online Securities Pvt. Ltd.,500,354.8,177400.0,2025-08-04 14:07:36.861694
2025-08-04,32636,2025080404019905,PPCL,Trishakti Securities Public Limited,Kumari Securities Private Limited,578,355.0,205190.0,2025-08-04 14:07:36.861744
2025-08-04,32635,2025080404019906,PPCL,Trishakti Securities Public Limited,Dynamic Money Managers Securities Pvt. Ltd.,1000,355.0,355000.0,2025-08-04 14:07:36.861794
2025-08-04,32634,2025080404019907,PPCL,Trishakti Securities Public Limited,Neev Securities Pvt. Ltd.,100,355.0,35500.0,2025-08-04 14:07:36.861843
2025-08-04,32633,2025080404019908,PPCL,Trishakti Securities Public Limited,NIMB Stock Markets Limited,1000,355.0,355000.0,2025-08-04 14:07:36.861893
2025-08-04,32632,2025080404019909,PPCL,Trishakti Securities Public Limited,Bhrikuti Stock Broking Co. Pvt. Ltd.,120,356.0,42720.0,2025-08-04 14:07:36.861938
2025-08-04,32631,2025080404019910,PPCL,Trishakti Securities Public Limited,Sunrise Securities Limited,1000,356.0,356000.0,2025-08-04 14:07:36.861988
2025-08-04,32630,2025080404019911,PPCL,Trishakti Securities Public Limited,Online Securities Pvt. Ltd.,10,356.0,3560.0,2025-08-04 14:07:36.862035
2025-08-04,32629,2025080404019912,PPCL,Trishakti Securities Public Limited,Online Securities Pvt. Ltd.,60,357.0,21420.0,2025-08-04 14:07:36.862087
2025-08-04,32510,2025080404019932,PPCL,Trishakti Securities Public Limited,Neev Securities Pvt. Ltd.,200,359.0,71800.0,2025-08-04 14:07:46.946592
2025-08-04,32509,2025080404019933,PPCL,Trishakti Securities Public Limited,Dipshikha Dhitopatra Karobar Co. Pvt Ltd.,200,359.0,71800.0,2025-08-04 14:07:46.946720
2025-08-04,32508,2025080404019934,PPCL,Trishakti Securities Public Limited,Sani Securities Company Ltd.,200,359.0,71800.0,2025-08-04 14:07:46.946780
2025-08-04,32507,2025080404019935,PPCL,Trishakti Securities Public Limited,Sewa Securities Pvt. Ltd.,110,359.0,39490.0,2025-08-04 14:07:46.946828
2025-08-04,32506,2025080404019936,PPCL,Trishakti Securities Public Limited,Sani Securities Company Ltd.,100,360.0,36000.0,2025-08-04 14:07:46.946879
2025-08-04,32505,2025080404019937,PPCL,Trishakti Securities Public Limited,Creative Securities Pvt Ltd,400,360.0,144000.0,2025-08-04 14:07:46.946928
2025-08-04,32504,2025080404019938,PPCL,Trishakti Securities Public Limited,Kumari Securities Private Limited,1030,360.0,370800.0,2025-08-04 14:07:46.946975
2025-08-04,32503,2025080404019939,PPCL,Trishakti Securities Public Limited,Kumari Securities Private Limited,1624,360.0,584640.0,2025-08-04 14:07:46.947023
2025-08-04,31520,2025080404020154,PPCL,Premier Securities Company Ltd.,Vision Securities Pvt. Ltd,30,359.0,10770.0,2025-08-04 14:09:39.661006
2025-08-04,31519,2025080404020155,PPCL,Premier Securities Company Ltd.,Kumari Securities Private Limited,10,360.0,3600.0,2025-08-04 14:09:39.661075
2025-08-04,28815,2025080404020722,PPCL,Premier Securities Company Ltd.,Roadshow securities limited,20,358.0,7160.0,2025-08-04 14:14:41.685094
2025-08-04,28814,2025080404020723,PPCL,Premier Securities Company Ltd.,Kumari Securities Private Limited,10,360.0,3600.0,2025-08-04 14:14:41.685240
2025-08-04,28319,2025080404020830,PPCL,Capital Max Securities Ltd,Online Securities Pvt. Ltd.,50,355.1,17755.0,2025-08-04 14:15:47.979450
2025-08-04,27908,2025080404020917,PPCL,Premier Securities Company Ltd.,Kumari Securities Private Limited,12,360.0,4320.0,2025-08-04 14:16:32.738985
2025-08-04,18749,2025080404023029,PPCL,Naasa Securities Co. Ltd.,Kumari Securities Private Limited,74,360.0,26640.0,2025-08-04 14:32:00.425278
2025-08-04,17482,2025080404023313,PPCL,Aryatara Investment & Securities,Sunrise Securities Limited,500,357.0,178500.0,2025-08-04 14:34:42.467384
2025-08-04,17481,2025080404023314,PPCL,Naasa Securities Co. Ltd.,Sunrise Securities Limited,45,356.0,16020.0,2025-08-04 14:34:42.467510
2025-08-04,17480,2025080404023315,PPCL,Sani Securities Company Ltd.,Sunrise Securities Limited,50,355.0,17750.0,2025-08-04 14:34:42.467563
2025-08-04,17479,2025080404023316,PPCL,Sundhara Securities Limited,Sunrise Securities Limited,200,355.0,71000.0,2025-08-04 14:34:42.467608
2025-08-04,17478,2025080404023317,PPCL,Trisul Securities & Invt. Ltd.,Sunrise Securities Limited,30,355.0,10650.0,2025-08-04 14:34:42.467654
2025-08-04,17189,2025080404023348,PPCL,Nepal Investment And Securities Trading Private Limited,Sunrise Securities Limited,175,354.0,61950.0,2025-08-04 14:35:00.530626
2025-08-04,16103,2025080404023607,PPCL,Premier Securities Company Ltd.,ABC Securities Private Limited,12,359.9,4318.8,2025-08-04 14:36:23.027593
2025-08-04,14845,2025080404023978,PPCL,Asian Securities Private Ltd.,Primo Securities (PVT) Ltd.,100,355.0,35500.0,2025-08-04 14:37:42.835383
2025-08-04,14412,2025080404024114,PPCL,Premier Securities Company Ltd.,Dakshinkali Investment & Securities Pvt. Ltd.,12,359.8,4317.6,2025-08-04 14:38:19.447014
2025-08-04,12753,2025080404024527,PPCL,Property Wiard Limited,Dakshinkali Investment & Securities Pvt. Ltd.,88,354.4,31187.2,2025-08-04 14:40:37.036338
2025-08-04,12372,2025080404024625,PPCL,Vision Securities Pvt. Ltd,ABC Securities Private Limited,123,355.0,43665.0,2025-08-04 14:41:12.058748
2025-08-04,12371,2025080404024626,PPCL,Vision Securities Pvt. Ltd,Online Securities Pvt. Ltd.,377,355.0,133835.0,2025-08-04 14:41:12.085024
2025-08-04,12370,2025080404024627,PPCL,Property Wiard Limited,Online Securities Pvt. Ltd.,12,354.4,4252.8,2025-08-04 14:41:12.085080
2025-08-04,12369,2025080404024628,PPCL,Deevyaa Securities & Stock House Pvt. Ltd,Online Securities Pvt. Ltd.,11,354.3,3897.3,2025-08-04 14:41:12.085110
2025-08-04,12358,2025080404024634,PPCL,Premier Securities Company Ltd.,South Asian Bulls Pvt. Ltd.,11,357.0,3927.0,2025-08-04 14:41:14.161583
2025-08-04,11942,2025080404024770,PPCL,Premier Securities Company Ltd.,Nepal Investment And Securities Trading Private Limited,11,359.0,3949.0,2025-08-04 14:41:55.645426
2025-08-04,10250,2025080404025242,PPCL,Premier Securities Company Ltd.,Midas Stock Broking Company Private Limited,11,358.9,3947.9,2025-08-04 14:44:45.361550
2025-08-04,8640,2025080404025708,PPCL,Deevyaa Securities & Stock House Pvt. Ltd,Thrive Brokerage House Pvt. Ltd,39,354.3,13817.7,2025-08-04 14:47:11.267556
2025-08-04,8639,2025080404025709,PPCL,Arun Securities (PVT) Ltd.,Thrive Brokerage House Pvt. Ltd,500,354.3,177150.0,2025-08-04 14:47:11.267676
2025-08-04,8329,2025080404025802,PPCL,Bhrikuti Stock Broking Co. Pvt. Ltd.,Thrive Brokerage House Pvt. Ltd,61,354.3,21612.3,2025-08-04 14:48:04.317737
2025-08-04,8111,2025080404025869,PPCL,Premier Securities Company Ltd.,Midas Stock Broking Company Private Limited,11,358.9,3947.9,2025-08-04 14:48:29.905901
2025-08-04,6675,2025080404026141,PPCL,Garima Securities Limited,Nabil Stock Dealer Ltd.,10,354.2,3542.0,2025-08-04 14:50:55.454497
2025-08-04,5690,2025080404026445,PPCL,Premier Securities Company Ltd.,Trishakti Securities Public Limited,12,356.9,4282.8,2025-08-04 14:53:04.154616
2025-08-04,4800,2025080404026655,PPCL,Premier Securities Company Ltd.,Trishakti Securities Public Limited,238,356.9,84942.2,2025-08-04 14:54:11.175882
2025-08-04,4483,2025080404026777,PPCL,Premier Securities Company Ltd.,Sunrise Securities Limited,12,357.0,4284.0,2025-08-04 14:54:58.705946
2025-08-04,3557,2025080404027172,PPCL,Online Securities Pvt. Ltd.,Sunrise Securities Limited,20,357.0,7140.0,2025-08-04 14:56:32.129255
2025-08-04,2608,2025080404027584,PPCL,South Asian Bulls Pvt. Ltd.,Dynamic Money Managers Securities Pvt. Ltd.,200,355.0,71000.0,2025-08-04 14:57:57.089974
2025-08-04,2607,2025080404027585,PPCL,Capital Max Securities Ltd,Dynamic Money Managers Securities Pvt. Ltd.,100,355.0,35500.0,2025-08-04 14:57:57.090115
2025-08-04,1615,2025080404027935,PPCL,Capital Max Securities Ltd,Midas Stock Broking Company Private Limited,100,354.5,35450.0,2025-08-04 14:59:03.523222
2025-08-04,595,2025080404028296,PPCL,Nabil Stock Dealer Ltd.,Midas Stock Broking Company Private Limited,100,354.3,35430.0,2025-08-04 14:59:44.975225
2025-08-04,431,2025080404028363,PPCL,Garima Securities Limited,Midas Stock Broking Company Private Limited,227,354.2,80403.4,2025-08-04 14:59:51.071166
2025-08-04,351,2025080404028398,PPCL,Garima Securities Limited,Midas Stock Broking Company Private Limited,63,354.2,22314.6,2025-08-04 14:59:53.053525
2025-08-04,350,2025080404028399,PPCL,Online Securities Pvt. Ltd.,Midas Stock Broking Company Private Limited,35,354.2,12397.0,2025-08-04 14:59:53.053734
2025-08-04,266,2025080404028412,PPCL,Nepal Investment And Securities Trading Private Limited,Thrive Brokerage House Pvt. Ltd,25,354.0,8850.0,2025-08-04 14:59:55.486757
2025-08-04,265,2025080404028413,PPCL,Capital Max Securities Ltd,Thrive Brokerage House Pvt. Ltd,75,354.0,26550.0,2025-08-04 14:59:55.486808
2025-08-04,238,2025080404028433,PPCL,Capital Max Securities Ltd,Malla & Malla Stock Broking Company Pvt. Limited,25,354.0,8850.0,2025-08-04 14:59:56.527692
2025-08-04,237,2025080404028434,PPCL,Linch Stock Market Ltd.,Malla & Malla Stock Broking Company Pvt. Limited,475,354.0,168150.0,2025-08-04 14:59:56.527851
