Date,S.N.,Contract ID,Symbol,Buyer Broker,Seller Broker,quantity,rate,amount,transaction_time
2025-07-07,71092,2025070704000043,GLH,Naasa Securities Co. Ltd.,Bhrikuti Stock Broking Co. Pvt. Ltd.,10,265.4,2654.0,2025-07-07 11:00:56.929409
2025-07-07,70813,2025070704000103,GLH,Naasa Securities Co. Ltd.,Dipshikha Dhitopatra Karobar Co. Pvt Ltd.,100,265.0,26500.0,2025-07-07 11:02:35.077623
2025-07-07,70745,2025070704000127,GLH,Imperial Securities Company Pvt. Ltd.,Bhrikuti Stock Broking Co. Pvt. Ltd.,20,265.0,5300.0,2025-07-07 11:02:55.733194
2025-07-07,70078,2025070704000303,GLH,Malla & Malla Stock Broking Company Pvt. Limited,Sri Hari Securities Pvt. Ltd.,10,262.0,2620.0,2025-07-07 11:06:23.608701
2025-07-07,69967,2025070704000334,GLH,Malla & Malla Stock Broking Company Pvt. Limited,Bhrikuti Stock Broking Co. Pvt. Ltd.,370,262.0,96940.0,2025-07-07 11:06:51.340656
2025-07-07,69920,2025070704000338,GLH,Linch Stock Market Ltd.,Kumari Securities Private Limited,10,261.0,2610.0,2025-07-07 11:07:01.737772
2025-07-07,69567,2025070704000420,GLH,Linch Stock Market Ltd.,Bhrikuti Stock Broking Co. Pvt. Ltd.,990,261.0,258390.0,2025-07-07 11:08:27.199987
2025-07-07,69566,2025070704000421,GLH,Kumari Securities Private Limited,Bhrikuti Stock Broking Co. Pvt. Ltd.,20,261.0,5220.0,2025-07-07 11:08:27.200135
2025-07-07,69020,2025070704000531,GLH,Midas Stock Broking Company Private Limited,Primo Securities (PVT) Ltd.,100,261.5,26150.0,2025-07-07 11:10:28.524009
2025-07-07,69019,2025070704000532,GLH,Primo Securities (PVT) Ltd.,Primo Securities (PVT) Ltd.,210,261.1,54831.0,2025-07-07 11:10:28.524094
2025-07-07,69018,2025070704000533,GLH,Sundhara Securities Limited,Primo Securities (PVT) Ltd.,300,260.5,78150.0,2025-07-07 11:10:28.524148
2025-07-07,69017,2025070704000534,GLH,Linch Stock Market Ltd.,Primo Securities (PVT) Ltd.,100,260.1,26010.0,2025-07-07 11:10:28.524183
2025-07-07,69016,2025070704000535,GLH,Bhrikuti Stock Broking Co. Pvt. Ltd.,Primo Securities (PVT) Ltd.,100,260.1,26010.0,2025-07-07 11:10:28.524217
2025-07-07,69015,2025070704000536,GLH,Midas Stock Broking Company Private Limited,Primo Securities (PVT) Ltd.,100,260.1,26010.0,2025-07-07 11:10:28.524261
2025-07-07,69014,2025070704000537,GLH,Nepal Investment And Securities Trading Private Limited,Primo Securities (PVT) Ltd.,30,260.0,7800.0,2025-07-07 11:10:28.524309
2025-07-07,69013,2025070704000538,GLH,Aryatara Investment & Securities,Primo Securities (PVT) Ltd.,60,260.0,15600.0,2025-07-07 11:10:28.524355
2025-07-07,67711,2025070704000916,GLH,Blue Chip Securities Ltd,Sani Securities Company Ltd.,500,264.0,132000.0,2025-07-07 11:15:42.879615
2025-07-07,66651,2025070704001270,GLH,Midas Stock Broking Company Private Limited,Naasa Securities Co. Ltd.,10,262.0,2620.0,2025-07-07 11:19:39.121630
2025-07-07,66546,2025070704001321,GLH,Sajilo Broker Limited,Sundhara Securities Limited,10,261.0,2610.0,2025-07-07 11:19:56.783705
2025-07-07,65286,2025070704001670,GLH,Ashutosh Brokerage & Securities (PVT) Ltd.,Dakshinkali Investment & Securities Pvt. Ltd.,10,262.0,2620.0,2025-07-07 11:24:21.952486
2025-07-07,64242,2025070704001953,GLH,Sundhara Securities Limited,Naasa Securities Co. Ltd.,15,263.0,3945.0,2025-07-07 11:28:01.962013
2025-07-07,64241,2025070704001954,GLH,Sri Hari Securities Pvt. Ltd.,Naasa Securities Co. Ltd.,15,262.5,3937.5,2025-07-07 11:28:01.962279
2025-07-07,63250,2025070704002205,GLH,Naasa Securities Co. Ltd.,Vision Securities Pvt. Ltd,10,263.0,2630.0,2025-07-07 11:31:43.529773
2025-07-07,62879,2025070704002323,GLH,Sri Hari Securities Pvt. Ltd.,Bhrikuti Stock Broking Co. Pvt. Ltd.,60,264.0,15840.0,2025-07-07 11:33:07.558563
2025-07-07,62787,2025070704002343,GLH,Ashutosh Brokerage & Securities (PVT) Ltd.,Malla & Malla Stock Broking Company Pvt. Limited,50,263.5,13175.0,2025-07-07 11:33:27.845213
2025-07-07,62662,2025070704002376,GLH,Neev Securities Pvt. Ltd.,Bhrikuti Stock Broking Co. Pvt. Ltd.,440,264.0,116160.0,2025-07-07 11:33:55.989984
2025-07-07,62661,2025070704002377,GLH,Neev Securities Pvt. Ltd.,Dipshikha Dhitopatra Karobar Co. Pvt Ltd.,10,264.0,2640.0,2025-07-07 11:33:55.990349
2025-07-07,62269,2025070704002487,GLH,Naasa Securities Co. Ltd.,Dipshikha Dhitopatra Karobar Co. Pvt Ltd.,10,263.0,2630.0,2025-07-07 11:35:28.317111
2025-07-07,60422,2025070704002997,GLH,Sajilo Broker Limited,Bhrikuti Stock Broking Co. Pvt. Ltd.,10,263.0,2630.0,2025-07-07 11:42:20.064210
2025-07-07,60421,2025070704002998,GLH,Sajilo Broker Limited,Online Securities Pvt. Ltd.,280,264.3,74004.0,2025-07-07 11:42:20.064378
2025-07-07,60111,2025070704003081,GLH,Linch Stock Market Ltd.,Midas Stock Broking Company Private Limited,200,264.4,52880.0,2025-07-07 11:43:22.198628
2025-07-07,60110,2025070704003082,GLH,Linch Stock Market Ltd.,Sri Hari Securities Pvt. Ltd.,200,264.8,52960.0,2025-07-07 11:43:22.198791
2025-07-07,60109,2025070704003083,GLH,Linch Stock Market Ltd.,Bhrikuti Stock Broking Co. Pvt. Ltd.,500,264.9,132450.0,2025-07-07 11:43:22.198859
2025-07-07,60108,2025070704003084,GLH,Linch Stock Market Ltd.,Bhrikuti Stock Broking Co. Pvt. Ltd.,900,265.0,238500.0,2025-07-07 11:43:22.198952
2025-07-07,59913,2025070704003114,GLH,Linch Stock Market Ltd.,Bhrikuti Stock Broking Co. Pvt. Ltd.,44,265.0,11660.0,2025-07-07 11:44:06.801437
2025-07-07,59905,2025070704003117,GLH,Midas Stock Broking Company Private Limited,Bhrikuti Stock Broking Co. Pvt. Ltd.,36,265.0,9540.0,2025-07-07 11:44:08.157730
2025-07-07,59904,2025070704003118,GLH,Midas Stock Broking Company Private Limited,Kumari Securities Private Limited,64,265.0,16960.0,2025-07-07 11:44:08.157886
2025-07-07,59482,2025070704003225,GLH,Ashutosh Brokerage & Securities (PVT) Ltd.,Premier Securities Company Ltd.,42,264.0,11088.0,2025-07-07 11:45:49.685232
2025-07-07,59481,2025070704003226,GLH,Sharepro Securities Private Limited,Premier Securities Company Ltd.,320,263.6,84352.0,2025-07-07 11:45:49.685427
2025-07-07,59480,2025070704003227,GLH,Aryatara Investment & Securities,Premier Securities Company Ltd.,648,263.0,170424.0,2025-07-07 11:45:49.685513
2025-07-07,59215,2025070704003288,GLH,Aryatara Investment & Securities,Vision Securities Pvt. Ltd,225,263.0,59175.0,2025-07-07 11:46:37.733479
2025-07-07,59076,2025070704003310,GLH,Midas Stock Broking Company Private Limited,N.M.B. SECURITIES LIMITED,200,264.9,52980.0,2025-07-07 11:47:08.704262
2025-07-07,58790,2025070704003405,GLH,Deevyaa Securities & Stock House Pvt. Ltd,Neev Securities Pvt. Ltd.,10,263.5,2635.0,2025-07-07 11:48:04.288660
2025-07-07,58668,2025070704003436,GLH,Miyo Securities Pvt Ltd,Kumari Securities Private Limited,10,265.0,2650.0,2025-07-07 11:48:32.834981
2025-07-07,58663,2025070704003439,GLH,Deevyaa Securities & Stock House Pvt. Ltd,Arun Securities (PVT) Ltd.,1000,263.5,263500.0,2025-07-07 11:48:35.353615
2025-07-07,58440,2025070704003517,GLH,Kumari Securities Private Limited,Arun Securities (PVT) Ltd.,100,263.7,26370.0,2025-07-07 11:49:28.876618
2025-07-07,58356,2025070704003530,GLH,Kohinoor Investment & Securities Pvt. Ltd.,Arun Securities (PVT) Ltd.,100,263.7,26370.0,2025-07-07 11:49:46.298808
2025-07-07,58316,2025070704003540,GLH,Imperial Securities Company Pvt. Ltd.,Arun Securities (PVT) Ltd.,800,263.7,210960.0,2025-07-07 11:49:53.282061
2025-07-07,56860,2025070704003878,GLH,Asian Securities Private Ltd.,Midas Stock Broking Company Private Limited,100,264.0,26400.0,2025-07-07 11:55:03.153388
2025-07-07,56859,2025070704003879,GLH,Midas Stock Broking Company Private Limited,Midas Stock Broking Company Private Limited,100,264.0,26400.0,2025-07-07 11:55:03.153585
2025-07-07,56500,2025070704004022,GLH,Imperial Securities Company Pvt. Ltd.,Naasa Securities Co. Ltd.,200,263.7,52740.0,2025-07-07 11:56:08.773962
2025-07-07,56499,2025070704004023,GLH,Deevyaa Securities & Stock House Pvt. Ltd,Naasa Securities Co. Ltd.,430,263.5,113305.0,2025-07-07 11:56:08.774299
2025-07-07,56279,2025070704004101,GLH,Deevyaa Securities & Stock House Pvt. Ltd,Midas Stock Broking Company Private Limited,10,263.5,2635.0,2025-07-07 11:56:59.505585
2025-07-07,56130,2025070704004144,GLH,Nepal Stock House (PVT) Ltd.,K.B.L. Securities Limited ,190,265.0,50350.0,2025-07-07 11:57:36.257433
2025-07-07,56129,2025070704004145,GLH,Nepal Stock House (PVT) Ltd.,Premier Securities Company Ltd.,10,265.0,2650.0,2025-07-07 11:57:36.257622
2025-07-07,56128,2025070704004146,GLH,Nepal Stock House (PVT) Ltd.,Naasa Securities Co. Ltd.,10,265.0,2650.0,2025-07-07 11:57:36.257709
2025-07-07,56127,2025070704004147,GLH,Nepal Stock House (PVT) Ltd.,Dipshikha Dhitopatra Karobar Co. Pvt Ltd.,40,265.0,10600.0,2025-07-07 11:57:36.257779
2025-07-07,55397,2025070704004303,GLH,Dipshikha Dhitopatra Karobar Co. Pvt Ltd.,Dipshikha Dhitopatra Karobar Co. Pvt Ltd.,10,265.0,2650.0,2025-07-07 12:00:33.208842
2025-07-07,55396,2025070704004304,GLH,Dipshikha Dhitopatra Karobar Co. Pvt Ltd.,Dipshikha Dhitopatra Karobar Co. Pvt Ltd.,300,265.0,79500.0,2025-07-07 12:00:33.209045
2025-07-07,55395,2025070704004305,GLH,Dipshikha Dhitopatra Karobar Co. Pvt Ltd.,Imperial Securities Company Pvt. Ltd.,500,265.3,132650.0,2025-07-07 12:00:33.209118
2025-07-07,55394,2025070704004306,GLH,Dipshikha Dhitopatra Karobar Co. Pvt Ltd.,Bhrikuti Stock Broking Co. Pvt. Ltd.,190,265.4,50426.0,2025-07-07 12:00:33.209193
2025-07-07,55365,2025070704004311,GLH,Primo Securities (PVT) Ltd.,Trisul Securities & Invt. Ltd.,10,265.0,2650.0,2025-07-07 12:00:35.300757
2025-07-07,55204,2025070704004368,GLH,Primo Securities (PVT) Ltd.,Kumari Securities Private Limited,730,265.0,193450.0,2025-07-07 12:01:18.787927
2025-07-07,54976,2025070704004402,GLH,Primo Securities (PVT) Ltd.,Vision Securities Pvt. Ltd,40,265.0,10600.0,2025-07-07 12:02:13.174049
2025-07-07,54900,2025070704004411,GLH,Primo Securities (PVT) Ltd.,Trisul Securities & Invt. Ltd.,20,265.0,5300.0,2025-07-07 12:02:31.465872
2025-07-07,54764,2025070704004467,GLH,Kumari Securities Private Limited,Trisul Securities & Invt. Ltd.,40,265.0,10600.0,2025-07-07 12:03:03.269138
2025-07-07,54763,2025070704004468,GLH,Kumari Securities Private Limited,Dipshikha Dhitopatra Karobar Co. Pvt Ltd.,60,265.0,15900.0,2025-07-07 12:03:03.269350
2025-07-07,53958,2025070704004666,GLH,Imperial Securities Company Pvt. Ltd.,Dipshikha Dhitopatra Karobar Co. Pvt Ltd.,940,265.0,249100.0,2025-07-07 12:06:09.147319
2025-07-07,53607,2025070704004778,GLH,Naasa Securities Co. Ltd.,Bhrikuti Stock Broking Co. Pvt. Ltd.,100,265.4,26540.0,2025-07-07 12:07:29.880566
2025-07-07,53329,2025070704004848,GLH,ABC Securities Private Limited,Thrive Brokerage House Pvt. Ltd,561,265.4,148889.4,2025-07-07 12:08:31.378960
2025-07-07,52847,2025070704004975,GLH,Aryatara Investment & Securities,Imperial Securities Company Pvt. Ltd.,500,265.5,132750.0,2025-07-07 12:09:59.919866
2025-07-07,52846,2025070704004976,GLH,ABC Securities Private Limited,Imperial Securities Company Pvt. Ltd.,100,265.4,26540.0,2025-07-07 12:09:59.920116
2025-07-07,52845,2025070704004977,GLH,SUN SECURITIES PVT LTD,Imperial Securities Company Pvt. Ltd.,377,265.1,99942.7,2025-07-07 12:09:59.920220
2025-07-07,52844,2025070704004978,GLH,Secured Securities Ltd.,Imperial Securities Company Pvt. Ltd.,50,265.1,13255.0,2025-07-07 12:09:59.920298
2025-07-07,52843,2025070704004979,GLH,Imperial Securities Company Pvt. Ltd.,Imperial Securities Company Pvt. Ltd.,60,265.0,15900.0,2025-07-07 12:09:59.920384
2025-07-07,52842,2025070704004980,GLH,Trisul Securities & Invt. Ltd.,Imperial Securities Company Pvt. Ltd.,500,265.0,132500.0,2025-07-07 12:09:59.920459
2025-07-07,52841,2025070704004981,GLH,Premier Securities Company Ltd.,Imperial Securities Company Pvt. Ltd.,2000,265.0,530000.0,2025-07-07 12:09:59.920534
2025-07-07,52840,2025070704004982,GLH,Trisul Securities & Invt. Ltd.,Imperial Securities Company Pvt. Ltd.,500,265.0,132500.0,2025-07-07 12:09:59.920610
2025-07-07,52839,2025070704004983,GLH,Aryatara Investment & Securities,Imperial Securities Company Pvt. Ltd.,500,265.0,132500.0,2025-07-07 12:09:59.920681
2025-07-07,52838,2025070704004984,GLH,Imperial Securities Company Pvt. Ltd.,Imperial Securities Company Pvt. Ltd.,50,265.0,13250.0,2025-07-07 12:09:59.920753
2025-07-07,51857,2025070704005256,GLH,Midas Stock Broking Company Private Limited,Imperial Securities Company Pvt. Ltd.,100,264.5,26450.0,2025-07-07 12:13:27.587633
2025-07-07,51856,2025070704005257,GLH,J.F. Securites (PVT) Ltd.,Imperial Securities Company Pvt. Ltd.,100,264.2,26420.0,2025-07-07 12:13:27.587825
2025-07-07,51855,2025070704005258,GLH,Sani Securities Company Ltd.,Imperial Securities Company Pvt. Ltd.,2000,264.0,528000.0,2025-07-07 12:13:27.587903
2025-07-07,51854,2025070704005259,GLH,Deevyaa Securities & Stock House Pvt. Ltd,Imperial Securities Company Pvt. Ltd.,210,263.5,55335.0,2025-07-07 12:13:27.587979
2025-07-07,51853,2025070704005260,GLH,Dipshikha Dhitopatra Karobar Co. Pvt Ltd.,Imperial Securities Company Pvt. Ltd.,500,263.5,131750.0,2025-07-07 12:13:27.588060
2025-07-07,51852,2025070704005261,GLH,Premier Securities Company Ltd.,Imperial Securities Company Pvt. Ltd.,1000,263.5,263500.0,2025-07-07 12:13:27.588142
2025-07-07,51851,2025070704005262,GLH,Kumari Securities Private Limited,Imperial Securities Company Pvt. Ltd.,1090,263.5,287215.0,2025-07-07 12:13:27.588209
2025-07-07,51671,2025070704005300,GLH,Kumari Securities Private Limited,Aryatara Investment & Securities,910,263.5,239785.0,2025-07-07 12:14:10.206854
2025-07-07,51412,2025070704005372,GLH,Bhrikuti Stock Broking Co. Pvt. Ltd.,Imperial Securities Company Pvt. Ltd.,200,263.1,52620.0,2025-07-07 12:15:06.259123
2025-07-07,51411,2025070704005373,GLH,Aryatara Investment & Securities,Imperial Securities Company Pvt. Ltd.,127,263.0,33401.0,2025-07-07 12:15:06.259400
2025-07-07,51410,2025070704005374,GLH,Midas Stock Broking Company Private Limited,Imperial Securities Company Pvt. Ltd.,100,263.0,26300.0,2025-07-07 12:15:06.259481
2025-07-07,51409,2025070704005375,GLH,R.B.B. Securities Company Ltd,Imperial Securities Company Pvt. Ltd.,4936,263.0,1298168.0,2025-07-07 12:15:06.259552
2025-07-07,50963,2025070704005486,GLH,Sundhara Securities Limited,Citizens Share Broker Limited,350,263.0,92050.0,2025-07-07 12:16:38.987732
2025-07-07,50614,2025070704005580,GLH,Sundhara Securities Limited,Aryatara Investment & Securities,150,263.0,39450.0,2025-07-07 12:18:08.584243
2025-07-07,50613,2025070704005581,GLH,Sundhara Securities Limited,Aryatara Investment & Securities,350,263.0,92050.0,2025-07-07 12:18:08.584624
2025-07-07,50549,2025070704005604,GLH,Sundhara Securities Limited,Nepal Investment And Securities Trading Private Limited,150,263.0,39450.0,2025-07-07 12:18:31.910656
2025-07-07,49720,2025070704005863,GLH,Neev Securities Pvt. Ltd.,Online Securities Pvt. Ltd.,30,262.2,7866.0,2025-07-07 12:21:57.894771
2025-07-07,49398,2025070704005953,GLH,Sewa Securities Pvt. Ltd.,Online Securities Pvt. Ltd.,70,262.1,18347.0,2025-07-07 12:23:13.502365
2025-07-07,49152,2025070704006023,GLH,R.B.B. Securities Company Ltd,Online Securities Pvt. Ltd.,10,264.0,2640.0,2025-07-07 12:24:23.122166
2025-07-07,49151,2025070704006024,GLH,R.B.B. Securities Company Ltd,Pragyan Securities (PVT) Ltd.,350,264.4,92540.0,2025-07-07 12:24:23.122567
2025-07-07,49150,2025070704006025,GLH,R.B.B. Securities Company Ltd,South Asian Bulls Pvt. Ltd.,200,264.5,52900.0,2025-07-07 12:24:23.122804
2025-07-07,49149,2025070704006026,GLH,R.B.B. Securities Company Ltd,N.M.B. SECURITIES LIMITED,500,264.9,132450.0,2025-07-07 12:24:23.123059
2025-07-07,49148,2025070704006027,GLH,R.B.B. Securities Company Ltd,Sumeru Securities Pvt. Ltd.,11,265.0,2915.0,2025-07-07 12:24:23.123286
2025-07-07,49147,2025070704006028,GLH,R.B.B. Securities Company Ltd,Imperial Securities Company Pvt. Ltd.,10,265.0,2650.0,2025-07-07 12:24:23.123524
2025-07-07,49146,2025070704006029,GLH,R.B.B. Securities Company Ltd,Sewa Securities Pvt. Ltd.,10,265.0,2650.0,2025-07-07 12:24:23.123746
2025-07-07,49145,2025070704006030,GLH,R.B.B. Securities Company Ltd,Premier Securities Company Ltd.,200,265.0,53000.0,2025-07-07 12:24:23.123955
2025-07-07,49144,2025070704006031,GLH,R.B.B. Securities Company Ltd,Sweta Securities Private Limited,100,265.0,26500.0,2025-07-07 12:24:23.124173
2025-07-07,49143,2025070704006032,GLH,R.B.B. Securities Company Ltd,Dipshikha Dhitopatra Karobar Co. Pvt Ltd.,200,265.0,53000.0,2025-07-07 12:24:23.124441
2025-07-07,49142,2025070704006033,GLH,R.B.B. Securities Company Ltd,Sri Hari Securities Pvt. Ltd.,100,265.5,26550.0,2025-07-07 12:24:23.124669
2025-07-07,49141,2025070704006034,GLH,R.B.B. Securities Company Ltd,Trishakti Securities Public Limited,500,266.0,133000.0,2025-07-07 12:24:23.124918
2025-07-07,49140,2025070704006035,GLH,R.B.B. Securities Company Ltd,Sewa Securities Pvt. Ltd.,100,266.0,26600.0,2025-07-07 12:24:23.125139
2025-07-07,49139,2025070704006036,GLH,R.B.B. Securities Company Ltd,Imperial Securities Company Pvt. Ltd.,273,266.0,72618.0,2025-07-07 12:24:23.125367
2025-07-07,48286,2025070704006240,GLH,Vision Securities Pvt. Ltd,Midas Stock Broking Company Private Limited,10,264.0,2640.0,2025-07-07 12:28:11.698376
2025-07-07,47354,2025070704006542,GLH,Siprabi Securities Pvt. Ltd.,Imperial Securities Company Pvt. Ltd.,10,265.0,2650.0,2025-07-07 12:32:05.600416
2025-07-07,47353,2025070704006543,GLH,Siprabi Securities Pvt. Ltd.,Nepal Stock House (PVT) Ltd.,55,265.0,14575.0,2025-07-07 12:32:05.600795
2025-07-07,46506,2025070704006780,GLH,Imperial Securities Company Pvt. Ltd.,Midas Stock Broking Company Private Limited,50,262.4,13120.0,2025-07-07 12:35:43.964047
2025-07-07,45631,2025070704007019,GLH,Midas Stock Broking Company Private Limited,Nabil Stock Dealer Ltd.,10,262.6,2626.0,2025-07-07 12:39:59.570407
2025-07-07,45455,2025070704007083,GLH,Midas Stock Broking Company Private Limited,Sri Hari Securities Pvt. Ltd.,72,262.6,18907.2,2025-07-07 12:41:03.001734
2025-07-07,45390,2025070704007095,GLH,Midas Stock Broking Company Private Limited,Linch Stock Market Ltd.,10,262.6,2626.0,2025-07-07 12:41:24.351152
2025-07-07,45301,2025070704007119,GLH,Asian Securities Private Ltd.,Midas Stock Broking Company Private Limited,20,264.0,5280.0,2025-07-07 12:41:52.800328
2025-07-07,44679,2025070704007299,GLH,Midas Stock Broking Company Private Limited,Investment Management Nepal Pvt. Ltd.,10,262.5,2625.0,2025-07-07 12:44:26.082719
2025-07-07,44327,2025070704007398,GLH,Asian Securities Private Ltd.,Vision Securities Pvt. Ltd,35,262.6,9191.0,2025-07-07 12:45:59.376652
2025-07-07,44326,2025070704007399,GLH,Midas Stock Broking Company Private Limited,Vision Securities Pvt. Ltd,90,262.5,23625.0,2025-07-07 12:45:59.376702
2025-07-07,44325,2025070704007400,GLH,Midas Stock Broking Company Private Limited,Vision Securities Pvt. Ltd,30,262.4,7872.0,2025-07-07 12:45:59.376731
2025-07-07,44324,2025070704007401,GLH,Opal Securities Investment (PVT) Ltd.,Vision Securities Pvt. Ltd,50,262.4,13120.0,2025-07-07 12:45:59.376751
2025-07-07,44323,2025070704007402,GLH,Dipshikha Dhitopatra Karobar Co. Pvt Ltd.,Vision Securities Pvt. Ltd,1295,262.3,339678.5,2025-07-07 12:45:59.376779
2025-07-07,42775,2025070704007838,GLH,Citizens Share Broker Limited,South Asian Bulls Pvt. Ltd.,20,262.5,5250.0,2025-07-07 12:51:47.921405
2025-07-07,41525,2025070704008253,GLH,Midas Stock Broking Company Private Limited,Dipshikha Dhitopatra Karobar Co. Pvt Ltd.,100,263.0,26300.0,2025-07-07 12:56:08.999968
2025-07-07,40380,2025070704008576,GLH,Agrawal Securities (PVT) Ltd.,Capital Hub P. Ltd,30,263.0,7890.0,2025-07-07 12:59:25.655789
2025-07-07,40379,2025070704008577,GLH,Online Securities Pvt. Ltd.,Capital Hub P. Ltd,40,262.8,10512.0,2025-07-07 12:59:25.656013
2025-07-07,40378,2025070704008578,GLH,Citizens Share Broker Limited,Capital Hub P. Ltd,530,262.5,139125.0,2025-07-07 12:59:25.656100
2025-07-07,40368,2025070704008581,GLH,Citizens Share Broker Limited,Nepal Stock House (PVT) Ltd.,450,262.5,118125.0,2025-07-07 12:59:29.723162
2025-07-07,40210,2025070704008617,GLH,Midas Stock Broking Company Private Limited,Nepal Stock House (PVT) Ltd.,95,262.5,24937.5,2025-07-07 12:59:59.904637
2025-07-07,39848,2025070704008705,GLH,Dipshikha Dhitopatra Karobar Co. Pvt Ltd.,Imperial Securities Company Pvt. Ltd.,205,262.3,53771.5,2025-07-07 13:01:04.041334
2025-07-07,39847,2025070704008706,GLH,Vision Securities Pvt. Ltd,Imperial Securities Company Pvt. Ltd.,295,262.3,77378.5,2025-07-07 13:01:04.041612
2025-07-07,39150,2025070704008912,GLH,Vision Securities Pvt. Ltd,Premier Securities Company Ltd.,205,262.3,53771.5,2025-07-07 13:03:07.401677
2025-07-07,39149,2025070704008913,GLH,Dipshikha Dhitopatra Karobar Co. Pvt Ltd.,Premier Securities Company Ltd.,95,262.3,24918.5,2025-07-07 13:03:07.401917
2025-07-07,38721,2025070704009081,GLH,Thrive Brokerage House Pvt. Ltd,Linch Stock Market Ltd.,140,263.0,36820.0,2025-07-07 13:04:15.023573
2025-07-07,37967,2025070704009317,GLH,Midas Stock Broking Company Private Limited,Linch Stock Market Ltd.,270,263.0,71010.0,2025-07-07 13:07:01.587294
2025-07-07,37966,2025070704009318,GLH,Midas Stock Broking Company Private Limited,Premier Securities Company Ltd.,530,263.0,139390.0,2025-07-07 13:07:01.587506
2025-07-07,37366,2025070704009507,GLH,Dipshikha Dhitopatra Karobar Co. Pvt Ltd.,Primo Securities (PVT) Ltd.,35,262.3,9180.5,2025-07-07 13:08:58.815849
2025-07-07,37365,2025070704009508,GLH,Oxford Securities Pvt. Ltd.,Primo Securities (PVT) Ltd.,200,262.2,52440.0,2025-07-07 13:08:58.816111
2025-07-07,37364,2025070704009509,GLH,Dipshikha Dhitopatra Karobar Co. Pvt Ltd.,Primo Securities (PVT) Ltd.,265,262.2,69483.0,2025-07-07 13:08:58.816235
2025-07-07,36988,2025070704009613,GLH,Midas Stock Broking Company Private Limited,Premier Securities Company Ltd.,70,263.0,18410.0,2025-07-07 13:10:01.255198
2025-07-07,36954,2025070704009618,GLH,Midas Stock Broking Company Private Limited,Dakshinkali Investment & Securities Pvt. Ltd.,300,263.0,78900.0,2025-07-07 13:10:05.362141
2025-07-07,35973,2025070704010012,GLH,Midas Stock Broking Company Private Limited,Primo Securities (PVT) Ltd.,130,263.0,34190.0,2025-07-07 13:13:21.261330
2025-07-07,35972,2025070704010013,GLH,Midas Stock Broking Company Private Limited,Primo Securities (PVT) Ltd.,500,262.3,131150.0,2025-07-07 13:13:21.261549
2025-07-07,35971,2025070704010014,GLH,Dipshikha Dhitopatra Karobar Co. Pvt Ltd.,Primo Securities (PVT) Ltd.,70,262.2,18354.0,2025-07-07 13:13:21.261652
2025-07-07,34983,2025070704010254,GLH,Dynamic Money Managers Securities Pvt. Ltd.,Midas Stock Broking Company Private Limited,19,262.4,4985.6,2025-07-07 13:17:37.913001
2025-07-07,34824,2025070704010320,GLH,Dynamic Money Managers Securities Pvt. Ltd.,Agrawal Securities (PVT) Ltd.,481,262.4,126214.4,2025-07-07 13:17:59.798655
2025-07-07,34823,2025070704010321,GLH,Midas Stock Broking Company Private Limited,Agrawal Securities (PVT) Ltd.,10,262.4,2624.0,2025-07-07 13:17:59.799155
2025-07-07,34822,2025070704010322,GLH,Midas Stock Broking Company Private Limited,Agrawal Securities (PVT) Ltd.,500,262.3,131150.0,2025-07-07 13:17:59.799574
2025-07-07,34821,2025070704010323,GLH,Dipshikha Dhitopatra Karobar Co. Pvt Ltd.,Agrawal Securities (PVT) Ltd.,665,262.2,174363.0,2025-07-07 13:17:59.799873
2025-07-07,34820,2025070704010324,GLH,Sewa Securities Pvt. Ltd.,Agrawal Securities (PVT) Ltd.,380,262.1,99598.0,2025-07-07 13:17:59.800237
2025-07-07,34819,2025070704010325,GLH,Trademow Securities Private Limited,Agrawal Securities (PVT) Ltd.,300,262.1,78630.0,2025-07-07 13:17:59.800560
2025-07-07,34818,2025070704010326,GLH,Dakshinkali Investment & Securities Pvt. Ltd.,Agrawal Securities (PVT) Ltd.,100,262.0,26200.0,2025-07-07 13:17:59.800945
2025-07-07,34817,2025070704010327,GLH,Naasa Securities Co. Ltd.,Agrawal Securities (PVT) Ltd.,70,262.0,18340.0,2025-07-07 13:17:59.801272
2025-07-07,34816,2025070704010328,GLH,Online Securities Pvt. Ltd.,Agrawal Securities (PVT) Ltd.,100,262.0,26200.0,2025-07-07 13:17:59.801605
2025-07-07,34815,2025070704010329,GLH,South Asian Bulls Pvt. Ltd.,Agrawal Securities (PVT) Ltd.,300,262.0,78600.0,2025-07-07 13:17:59.801908
2025-07-07,34814,2025070704010330,GLH,Online Securities Pvt. Ltd.,Agrawal Securities (PVT) Ltd.,100,262.0,26200.0,2025-07-07 13:17:59.802232
2025-07-07,34813,2025070704010331,GLH,Naasa Securities Co. Ltd.,Agrawal Securities (PVT) Ltd.,100,262.0,26200.0,2025-07-07 13:17:59.802540
2025-07-07,34539,2025070704010419,GLH,Sewa Securities Pvt. Ltd.,Cristal Kanchanjanga Securites Pvt. Ltd.,200,261.6,52320.0,2025-07-07 13:18:57.900729
2025-07-07,34538,2025070704010420,GLH,Sweta Securities Private Limited,Cristal Kanchanjanga Securites Pvt. Ltd.,25,261.5,6537.5,2025-07-07 13:18:57.901115
2025-07-07,34133,2025070704010558,GLH,Sweta Securities Private Limited,NIMB Stock Markets Limited,10,261.5,2615.0,2025-07-07 13:20:33.441773
2025-07-07,34099,2025070704010566,GLH,Sundhara Securities Limited,Agrawal Securities (PVT) Ltd.,300,262.0,78600.0,2025-07-07 13:20:39.683685
2025-07-07,33861,2025070704010642,GLH,Neev Securities Pvt. Ltd.,Agrawal Securities (PVT) Ltd.,100,262.0,26200.0,2025-07-07 13:21:31.487549
2025-07-07,33601,2025070704010705,GLH,Sundhara Securities Limited,Agrawal Securities (PVT) Ltd.,100,261.5,26150.0,2025-07-07 13:22:28.532965
2025-07-07,33600,2025070704010706,GLH,Trisul Securities & Invt. Ltd.,Agrawal Securities (PVT) Ltd.,80,261.1,20888.0,2025-07-07 13:22:28.533428
2025-07-07,33599,2025070704010707,GLH,Nepal Stock House (PVT) Ltd.,Agrawal Securities (PVT) Ltd.,200,261.0,52200.0,2025-07-07 13:22:28.533713
2025-07-07,33598,2025070704010708,GLH,Dynamic Money Managers Securities Pvt. Ltd.,Agrawal Securities (PVT) Ltd.,500,261.0,130500.0,2025-07-07 13:22:28.533962
2025-07-07,33597,2025070704010709,GLH,Dipshikha Dhitopatra Karobar Co. Pvt Ltd.,Agrawal Securities (PVT) Ltd.,100,261.0,26100.0,2025-07-07 13:22:28.534201
2025-07-07,33596,2025070704010710,GLH,MILKY WAY SHARE BROKER COMPANY LTD ,Agrawal Securities (PVT) Ltd.,220,261.0,57420.0,2025-07-07 13:22:28.534536
2025-07-07,33518,2025070704010734,GLH,Trisul Securities & Invt. Ltd.,Neev Securities Pvt. Ltd.,10,260.3,2603.0,2025-07-07 13:22:44.813865
2025-07-07,32909,2025070704010966,GLH,Midas Stock Broking Company Private Limited,Imperial Securities Company Pvt. Ltd.,10,260.5,2605.0,2025-07-07 13:25:10.650099
2025-07-07,32908,2025070704010967,GLH,Midas Stock Broking Company Private Limited,Imperial Securities Company Pvt. Ltd.,10,260.4,2604.0,2025-07-07 13:25:10.650632
2025-07-07,32907,2025070704010968,GLH,Kohinoor Investment & Securities Pvt. Ltd.,Imperial Securities Company Pvt. Ltd.,200,260.4,52080.0,2025-07-07 13:25:10.650888
2025-07-07,32906,2025070704010969,GLH,Aryatara Investment & Securities,Imperial Securities Company Pvt. Ltd.,256,260.4,66662.4,2025-07-07 13:25:10.651161
2025-07-07,32663,2025070704011010,GLH,Oxford Securities Pvt. Ltd.,Agrawal Securities (PVT) Ltd.,3994,261.0,1042434.0,2025-07-07 13:26:07.258402
2025-07-07,32542,2025070704011065,GLH,Oxford Securities Pvt. Ltd.,ABC Securities Private Limited,10,261.0,2610.0,2025-07-07 13:26:33.174713
2025-07-07,32455,2025070704011079,GLH,Oxford Securities Pvt. Ltd.,Dipshikha Dhitopatra Karobar Co. Pvt Ltd.,996,261.0,259956.0,2025-07-07 13:26:49.093362
2025-07-07,32454,2025070704011080,GLH,Sani Securities Company Ltd.,Dipshikha Dhitopatra Karobar Co. Pvt Ltd.,200,260.6,52120.0,2025-07-07 13:26:49.093613
2025-07-07,32453,2025070704011081,GLH,Sumeru Securities Pvt. Ltd.,Dipshikha Dhitopatra Karobar Co. Pvt Ltd.,100,260.5,26050.0,2025-07-07 13:26:49.093707
2025-07-07,32452,2025070704011082,GLH,Dipshikha Dhitopatra Karobar Co. Pvt Ltd.,Dipshikha Dhitopatra Karobar Co. Pvt Ltd.,204,260.5,53142.0,2025-07-07 13:26:49.093792
2025-07-07,32238,2025070704011148,GLH,Imperial Securities Company Pvt. Ltd.,BHOLE GANESH SECURITIES LTD,1000,260.6,260600.0,2025-07-07 13:27:23.882428
2025-07-07,31543,2025070704011368,GLH,Dipshikha Dhitopatra Karobar Co. Pvt Ltd.,Linch Stock Market Ltd.,10,260.5,2605.0,2025-07-07 13:30:43.252570
2025-07-07,31368,2025070704011452,GLH,Deevyaa Securities & Stock House Pvt. Ltd,Imperial Securities Company Pvt. Ltd.,498,260.6,129778.8,2025-07-07 13:31:33.155004
2025-07-07,30857,2025070704011659,GLH,Vision Securities Pvt. Ltd,Imperial Securities Company Pvt. Ltd.,300,260.7,78210.0,2025-07-07 13:33:51.588068
2025-07-07,30772,2025070704011695,GLH,Deevyaa Securities & Stock House Pvt. Ltd,Primo Securities (PVT) Ltd.,10,260.6,2606.0,2025-07-07 13:34:16.726951
2025-07-07,30731,2025070704011720,GLH,Deevyaa Securities & Stock House Pvt. Ltd,Imperial Securities Company Pvt. Ltd.,352,260.6,91731.2,2025-07-07 13:34:24.851246
2025-07-07,30513,2025070704011789,GLH,Midas Stock Broking Company Private Limited,Shree Krishna Securities Ltd.,30,262.5,7875.0,2025-07-07 13:35:35.923829
2025-07-07,29481,2025070704012092,GLH,Thrive Brokerage House Pvt. Ltd,Nepal Stock House (PVT) Ltd.,10,261.0,2610.0,2025-07-07 13:40:00.206673
2025-07-07,29055,2025070704012180,GLH,Thrive Brokerage House Pvt. Ltd,Aryatara Investment & Securities,160,261.0,41760.0,2025-07-07 13:41:19.625160
2025-07-07,28385,2025070704012350,GLH,MILKY WAY SHARE BROKER COMPANY LTD ,Stoxkarts Securities Limited,500,261.2,130600.0,2025-07-07 13:44:11.064224
2025-07-07,28173,2025070704012416,GLH,Vision Securities Pvt. Ltd,Cristal Kanchanjanga Securites Pvt. Ltd.,200,261.2,52240.0,2025-07-07 13:45:15.985381
2025-07-07,27781,2025070704012565,GLH,Vision Securities Pvt. Ltd,Aryatara Investment & Securities,30,262.9,7887.0,2025-07-07 13:46:48.897327
2025-07-07,26878,2025070704012838,GLH,Dipshikha Dhitopatra Karobar Co. Pvt Ltd.,Aryatara Investment & Securities,20,262.9,5258.0,2025-07-07 13:50:59.983524
2025-07-07,26877,2025070704012839,GLH,Dipshikha Dhitopatra Karobar Co. Pvt Ltd.,Shree Krishna Securities Ltd.,10,263.0,2630.0,2025-07-07 13:50:59.983868
2025-07-07,26876,2025070704012840,GLH,Dipshikha Dhitopatra Karobar Co. Pvt Ltd.,Dynamic Money Managers Securities Pvt. Ltd.,30,263.0,7890.0,2025-07-07 13:50:59.984018
2025-07-07,26875,2025070704012841,GLH,Dipshikha Dhitopatra Karobar Co. Pvt Ltd.,Dipshikha Dhitopatra Karobar Co. Pvt Ltd.,90,263.8,23742.0,2025-07-07 13:50:59.984127
2025-07-07,26874,2025070704012842,GLH,Dipshikha Dhitopatra Karobar Co. Pvt Ltd.,Vision Securities Pvt. Ltd,136,263.8,35876.8,2025-07-07 13:50:59.984252
2025-07-07,25848,2025070704013174,GLH,Siprabi Securities Pvt. Ltd.,Dipshikha Dhitopatra Karobar Co. Pvt Ltd.,10,263.1,2631.0,2025-07-07 13:54:45.388223
2025-07-07,25707,2025070704013227,GLH,Vision Securities Pvt. Ltd,Sri Hari Securities Pvt. Ltd.,100,263.0,26300.0,2025-07-07 13:55:24.322555
2025-07-07,25278,2025070704013367,GLH,Vision Securities Pvt. Ltd,Sumeru Securities Pvt. Ltd.,100,263.0,26300.0,2025-07-07 13:57:08.238802
2025-07-07,24580,2025070704013549,GLH,Nepal Stock House (PVT) Ltd.,Sani Securities Company Ltd.,100,262.9,26290.0,2025-07-07 13:59:20.333944
2025-07-07,24532,2025070704013561,GLH,Deevyaa Securities & Stock House Pvt. Ltd,Dakshinkali Investment & Securities Pvt. Ltd.,12,263.0,3156.0,2025-07-07 13:59:38.003564
2025-07-07,24340,2025070704013598,GLH,Sundhara Securities Limited,Dakshinkali Investment & Securities Pvt. Ltd.,88,263.0,23144.0,2025-07-07 14:00:28.865901
2025-07-07,24114,2025070704013702,GLH,Sundhara Securities Limited,Imperial Securities Company Pvt. Ltd.,112,262.9,29444.8,2025-07-07 14:01:25.097383
2025-07-07,23819,2025070704013774,GLH,Sajilo Broker Limited,Sani Securities Company Ltd.,500,261.7,130850.0,2025-07-07 14:02:57.979808
2025-07-07,23818,2025070704013775,GLH,Primo Securities (PVT) Ltd.,Sani Securities Company Ltd.,1911,261.6,499917.6,2025-07-07 14:02:57.979914
2025-07-07,23817,2025070704013776,GLH,Opal Securities Investment (PVT) Ltd.,Sani Securities Company Ltd.,100,261.1,26110.0,2025-07-07 14:02:57.979979
2025-07-07,23816,2025070704013777,GLH,J.F. Securites (PVT) Ltd.,Sani Securities Company Ltd.,30,261.1,7833.0,2025-07-07 14:02:57.980044
2025-07-07,23815,2025070704013778,GLH,Thrive Brokerage House Pvt. Ltd,Sani Securities Company Ltd.,830,261.0,216630.0,2025-07-07 14:02:57.980102
2025-07-07,23814,2025070704013779,GLH,Linch Stock Market Ltd.,Sani Securities Company Ltd.,300,261.0,78300.0,2025-07-07 14:02:57.980180
2025-07-07,23813,2025070704013780,GLH,Malla & Malla Stock Broking Company Pvt. Limited,Sani Securities Company Ltd.,300,261.0,78300.0,2025-07-07 14:02:57.980255
2025-07-07,23812,2025070704013781,GLH,Sani Securities Company Ltd.,Sani Securities Company Ltd.,20,261.0,5220.0,2025-07-07 14:02:57.980359
2025-07-07,23811,2025070704013782,GLH,Aryatara Investment & Securities,Sani Securities Company Ltd.,500,260.8,130400.0,2025-07-07 14:02:57.980413
2025-07-07,23810,2025070704013783,GLH,Imperial Securities Company Pvt. Ltd.,Sani Securities Company Ltd.,1000,260.7,260700.0,2025-07-07 14:02:57.980540
2025-07-07,23809,2025070704013784,GLH,Imperial Securities Company Pvt. Ltd.,Sani Securities Company Ltd.,1000,260.7,260700.0,2025-07-07 14:02:57.980621
2025-07-07,23808,2025070704013785,GLH,Deevyaa Securities & Stock House Pvt. Ltd,Sani Securities Company Ltd.,140,260.6,36484.0,2025-07-07 14:02:57.980695
2025-07-07,23807,2025070704013786,GLH,Market Securities & Exchange (PVT) Ltd.,Sani Securities Company Ltd.,80,260.6,20848.0,2025-07-07 14:02:57.980766
2025-07-07,23806,2025070704013787,GLH,Naasa Securities Co. Ltd.,Sani Securities Company Ltd.,212,260.5,55226.0,2025-07-07 14:02:57.980843
2025-07-07,23805,2025070704013788,GLH,Kumari Securities Private Limited,Sani Securities Company Ltd.,77,260.5,20058.5,2025-07-07 14:02:57.980931
2025-07-07,23711,2025070704013833,GLH,Sundhara Securities Limited,Imperial Securities Company Pvt. Ltd.,100,262.9,26290.0,2025-07-07 14:03:18.641949
2025-07-07,23562,2025070704013857,GLH,Kumari Securities Private Limited,Sani Securities Company Ltd.,73,260.5,19016.5,2025-07-07 14:04:01.447109
2025-07-07,23561,2025070704013858,GLH,Arun Securities (PVT) Ltd.,Sani Securities Company Ltd.,1800,260.5,468900.0,2025-07-07 14:04:01.447565
2025-07-07,23560,2025070704013859,GLH,Nepal Investment And Securities Trading Private Limited,Sani Securities Company Ltd.,500,260.5,130250.0,2025-07-07 14:04:01.447848
2025-07-07,23247,2025070704013988,GLH,Primo Securities (PVT) Ltd.,SUN SECURITIES PVT LTD,10,260.7,2607.0,2025-07-07 14:05:33.311852
2025-07-07,23125,2025070704014011,GLH,Online Securities Pvt. Ltd.,Trisul Securities & Invt. Ltd.,100,260.8,26080.0,2025-07-07 14:06:04.266275
2025-07-07,23124,2025070704014012,GLH,Primo Securities (PVT) Ltd.,Trisul Securities & Invt. Ltd.,10,260.7,2607.0,2025-07-07 14:06:04.266755
2025-07-07,23123,2025070704014013,GLH,Imperial Securities Company Pvt. Ltd.,Trisul Securities & Invt. Ltd.,1300,260.6,338780.0,2025-07-07 14:06:04.267043
2025-07-07,23122,2025070704014014,GLH,Imperial Securities Company Pvt. Ltd.,Trisul Securities & Invt. Ltd.,450,260.5,117225.0,2025-07-07 14:06:04.267308
2025-07-07,23121,2025070704014015,GLH,Aryatara Investment & Securities,Trisul Securities & Invt. Ltd.,140,260.4,36456.0,2025-07-07 14:06:04.267594
2025-07-07,23033,2025070704014034,GLH,Aryatara Investment & Securities,Imperial Securities Company Pvt. Ltd.,363,260.4,94525.2,2025-07-07 14:06:39.231924
2025-07-07,22785,2025070704014093,GLH,Imperial Securities Company Pvt. Ltd.,Capital Max Securities Ltd,10,260.6,2606.0,2025-07-07 14:07:49.608093
2025-07-07,22714,2025070704014115,GLH,Imperial Securities Company Pvt. Ltd.,Sani Securities Company Ltd.,100,260.6,26060.0,2025-07-07 14:08:13.543131
2025-07-07,21967,2025070704014339,GLH,Midas Stock Broking Company Private Limited,Vision Securities Pvt. Ltd,10,260.9,2609.0,2025-07-07 14:12:06.605134
2025-07-07,21957,2025070704014340,GLH,Midas Stock Broking Company Private Limited,Oxford Securities Pvt. Ltd.,10,260.9,2609.0,2025-07-07 14:12:09.825170
2025-07-07,21330,2025070704014517,GLH,Sri Hari Securities Pvt. Ltd.,J.F. Securites (PVT) Ltd.,100,261.0,26100.0,2025-07-07 14:15:13.139630
2025-07-07,21194,2025070704014547,GLH,Sri Hari Securities Pvt. Ltd.,Sri Hari Securities Pvt. Ltd.,300,261.0,78300.0,2025-07-07 14:15:43.076859
2025-07-07,20645,2025070704014768,GLH,Sri Hari Securities Pvt. Ltd.,Nepal Investment And Securities Trading Private Limited,98,261.0,25578.0,2025-07-07 14:18:08.422843
2025-07-07,20644,2025070704014769,GLH,Sani Securities Company Ltd.,Nepal Investment And Securities Trading Private Limited,200,261.0,52200.0,2025-07-07 14:18:08.423109
2025-07-07,20589,2025070704014796,GLH,Arun Securities (PVT) Ltd.,Nepal Investment And Securities Trading Private Limited,100,261.0,26100.0,2025-07-07 14:18:23.637968
2025-07-07,20573,2025070704014800,GLH,Online Securities Pvt. Ltd.,Nepal Investment And Securities Trading Private Limited,102,261.0,26622.0,2025-07-07 14:18:30.979891
2025-07-07,20559,2025070704014809,GLH,Online Securities Pvt. Ltd.,N.M.B. SECURITIES LIMITED,10,261.0,2610.0,2025-07-07 14:18:34.271019
2025-07-07,20395,2025070704014861,GLH,Online Securities Pvt. Ltd.,Malla & Malla Stock Broking Company Pvt. Limited,50,261.0,13050.0,2025-07-07 14:19:19.048165
2025-07-07,19643,2025070704015171,GLH,Online Securities Pvt. Ltd.,Deevyaa Securities & Stock House Pvt. Ltd,38,261.0,9918.0,2025-07-07 14:21:42.078331
2025-07-07,19642,2025070704015172,GLH,Midas Stock Broking Company Private Limited,Deevyaa Securities & Stock House Pvt. Ltd,30,260.9,7827.0,2025-07-07 14:21:42.078651
2025-07-07,19641,2025070704015173,GLH,Vision Securities Pvt. Ltd,Deevyaa Securities & Stock House Pvt. Ltd,50,260.8,13040.0,2025-07-07 14:21:42.078852
2025-07-07,19640,2025070704015174,GLH,Sweta Securities Private Limited,Deevyaa Securities & Stock House Pvt. Ltd,200,260.8,52160.0,2025-07-07 14:21:42.078950
2025-07-07,19639,2025070704015175,GLH,Trisul Securities & Invt. Ltd.,Deevyaa Securities & Stock House Pvt. Ltd,140,260.7,36498.0,2025-07-07 14:21:42.079048
2025-07-07,19638,2025070704015176,GLH,Dipshikha Dhitopatra Karobar Co. Pvt Ltd.,Deevyaa Securities & Stock House Pvt. Ltd,300,260.7,78210.0,2025-07-07 14:21:42.079159
2025-07-07,19637,2025070704015177,GLH,Imperial Securities Company Pvt. Ltd.,Deevyaa Securities & Stock House Pvt. Ltd,890,260.6,231934.0,2025-07-07 14:21:42.079258
2025-07-07,19636,2025070704015178,GLH,Linch Stock Market Ltd.,Deevyaa Securities & Stock House Pvt. Ltd,500,260.6,130300.0,2025-07-07 14:21:42.079364
2025-07-07,19635,2025070704015179,GLH,Online Securities Pvt. Ltd.,Deevyaa Securities & Stock House Pvt. Ltd,100,260.5,26050.0,2025-07-07 14:21:42.079458
2025-07-07,19634,2025070704015180,GLH,Aryatara Investment & Securities,Deevyaa Securities & Stock House Pvt. Ltd,741,260.4,192956.4,2025-07-07 14:21:42.079619
2025-07-07,19633,2025070704015181,GLH,Malla & Malla Stock Broking Company Pvt. Limited,Deevyaa Securities & Stock House Pvt. Ltd,1000,260.3,260300.0,2025-07-07 14:21:42.079818
2025-07-07,19632,2025070704015182,GLH,Kohinoor Investment & Securities Pvt. Ltd.,Deevyaa Securities & Stock House Pvt. Ltd,200,260.2,52040.0,2025-07-07 14:21:42.079941
2025-07-07,19631,2025070704015183,GLH,Aryatara Investment & Securities,Deevyaa Securities & Stock House Pvt. Ltd,100,260.2,26020.0,2025-07-07 14:21:42.080073
2025-07-07,19630,2025070704015184,GLH,Premier Securities Company Ltd.,Deevyaa Securities & Stock House Pvt. Ltd,200,260.1,52020.0,2025-07-07 14:21:42.080186
2025-07-07,19629,2025070704015185,GLH,Bhrikuti Stock Broking Co. Pvt. Ltd.,Deevyaa Securities & Stock House Pvt. Ltd,500,260.1,130050.0,2025-07-07 14:21:42.080374
2025-07-07,19628,2025070704015186,GLH,Trisul Securities & Invt. Ltd.,Deevyaa Securities & Stock House Pvt. Ltd,11,260.1,2861.1,2025-07-07 14:21:42.080565
2025-07-07,19307,2025070704015288,GLH,Trisul Securities & Invt. Ltd.,Naasa Securities Co. Ltd.,10,260.1,2601.0,2025-07-07 14:22:35.190802
2025-07-07,19244,2025070704015311,GLH,Sundhara Securities Limited,Indira securities pvt. ltd,110,261.0,28710.0,2025-07-07 14:22:50.223742
2025-07-07,19010,2025070704015407,GLH,Kumari Securities Private Limited,Indira securities pvt. ltd,100,261.0,26100.0,2025-07-07 14:23:29.284817
2025-07-07,17143,2025070704016094,GLH,Kalika Securities Pvt. Ltd.,Indira securities pvt. ltd,90,260.4,23436.0,2025-07-07 14:28:16.359855
2025-07-07,16773,2025070704016233,GLH,Kalika Securities Pvt. Ltd.,Infinity Securities Limited,40,260.4,10416.0,2025-07-07 14:29:15.111150
2025-07-07,16772,2025070704016234,GLH,Trisul Securities & Invt. Ltd.,Infinity Securities Limited,500,260.3,130150.0,2025-07-07 14:29:15.111415
2025-07-07,16771,2025070704016235,GLH,Dipshikha Dhitopatra Karobar Co. Pvt Ltd.,Infinity Securities Limited,100,260.3,26030.0,2025-07-07 14:29:15.111546
2025-07-07,16770,2025070704016236,GLH,Aryatara Investment & Securities,Infinity Securities Limited,100,260.2,26020.0,2025-07-07 14:29:15.111662
2025-07-07,16769,2025070704016237,GLH,J.F. Securites (PVT) Ltd.,Infinity Securities Limited,30,260.2,7806.0,2025-07-07 14:29:15.111772
2025-07-07,16768,2025070704016238,GLH,Trisul Securities & Invt. Ltd.,Infinity Securities Limited,79,260.1,20547.9,2025-07-07 14:29:15.111868
2025-07-07,16767,2025070704016239,GLH,Sani Securities Company Ltd.,Infinity Securities Limited,200,260.1,52020.0,2025-07-07 14:29:15.111970
2025-07-07,16766,2025070704016240,GLH,Kumari Securities Private Limited,Infinity Securities Limited,251,260.1,65285.1,2025-07-07 14:29:15.112063
2025-07-07,16538,2025070704016314,GLH,Kumari Securities Private Limited,Midas Stock Broking Company Private Limited,100,260.1,26010.0,2025-07-07 14:29:59.735255
2025-07-07,16362,2025070704016364,GLH,Kumari Securities Private Limited,Sani Securities Company Ltd.,149,260.1,38754.9,2025-07-07 14:30:21.736103
2025-07-07,16361,2025070704016365,GLH,Midas Stock Broking Company Private Limited,Sani Securities Company Ltd.,100,260.1,26010.0,2025-07-07 14:30:21.736158
2025-07-07,16360,2025070704016366,GLH,Secured Securities Ltd.,Sani Securities Company Ltd.,1000,260.1,260100.0,2025-07-07 14:30:21.736185
2025-07-07,16359,2025070704016367,GLH,Trisul Securities & Invt. Ltd.,Sani Securities Company Ltd.,100,260.1,26010.0,2025-07-07 14:30:21.736210
2025-07-07,16358,2025070704016368,GLH,Siprabi Securities Pvt. Ltd.,Sani Securities Company Ltd.,200,260.1,52020.0,2025-07-07 14:30:21.736279
2025-07-07,16357,2025070704016369,GLH,Linch Stock Market Ltd.,Sani Securities Company Ltd.,499,260.1,129789.9,2025-07-07 14:30:21.736304
2025-07-07,16356,2025070704016370,GLH,Aryatara Investment & Securities,Sani Securities Company Ltd.,40,260.0,10400.0,2025-07-07 14:30:21.736341
2025-07-07,16355,2025070704016371,GLH,Sani Securities Company Ltd.,Sani Securities Company Ltd.,40,260.0,10400.0,2025-07-07 14:30:21.736379
2025-07-07,16354,2025070704016372,GLH,Imperial Securities Company Pvt. Ltd.,Sani Securities Company Ltd.,200,260.0,52000.0,2025-07-07 14:30:21.736407
2025-07-07,16353,2025070704016373,GLH,Online Securities Pvt. Ltd.,Sani Securities Company Ltd.,100,260.0,26000.0,2025-07-07 14:30:21.736432
2025-07-07,16352,2025070704016374,GLH,Dakshinkali Investment & Securities Pvt. Ltd.,Sani Securities Company Ltd.,100,260.0,26000.0,2025-07-07 14:30:21.736460
2025-07-07,16351,2025070704016375,GLH,Siprabi Securities Pvt. Ltd.,Sani Securities Company Ltd.,50,260.0,13000.0,2025-07-07 14:30:21.736486
2025-07-07,16350,2025070704016376,GLH,Vision Securities Pvt. Ltd,Sani Securities Company Ltd.,500,260.0,130000.0,2025-07-07 14:30:21.736513
2025-07-07,16349,2025070704016377,GLH,Agrawal Securities (PVT) Ltd.,Sani Securities Company Ltd.,40,260.0,10400.0,2025-07-07 14:30:21.736537
2025-07-07,16348,2025070704016378,GLH,Opal Securities Investment (PVT) Ltd.,Sani Securities Company Ltd.,200,260.0,52000.0,2025-07-07 14:30:21.736561
2025-07-07,16347,2025070704016379,GLH,Sani Securities Company Ltd.,Sani Securities Company Ltd.,500,260.0,130000.0,2025-07-07 14:30:21.736590
2025-07-07,16346,2025070704016380,GLH,Sundhara Securities Limited,Sani Securities Company Ltd.,500,260.0,130000.0,2025-07-07 14:30:21.736617
2025-07-07,16345,2025070704016381,GLH,Dynamic Money Managers Securities Pvt. Ltd.,Sani Securities Company Ltd.,100,260.0,26000.0,2025-07-07 14:30:21.736646
2025-07-07,16344,2025070704016382,GLH,Naasa Securities Co. Ltd.,Sani Securities Company Ltd.,500,260.0,130000.0,2025-07-07 14:30:21.736674
2025-07-07,16343,2025070704016383,GLH,Global IME Securities Limited,Sani Securities Company Ltd.,200,260.0,52000.0,2025-07-07 14:30:21.736705
2025-07-07,16342,2025070704016384,GLH,Bhrikuti Stock Broking Co. Pvt. Ltd.,Sani Securities Company Ltd.,2000,260.0,520000.0,2025-07-07 14:30:21.736731
2025-07-07,16341,2025070704016385,GLH,ABC Securities Private Limited,Sani Securities Company Ltd.,100,260.0,26000.0,2025-07-07 14:30:21.736758
2025-07-07,16340,2025070704016386,GLH,Sewa Securities Pvt. Ltd.,Sani Securities Company Ltd.,100,260.0,26000.0,2025-07-07 14:30:21.736784
2025-07-07,16339,2025070704016387,GLH,Linch Stock Market Ltd.,Sani Securities Company Ltd.,500,260.0,130000.0,2025-07-07 14:30:21.736824
2025-07-07,16338,2025070704016388,GLH,Naasa Securities Co. Ltd.,Sani Securities Company Ltd.,100,260.0,26000.0,2025-07-07 14:30:21.736846
2025-07-07,16337,2025070704016389,GLH,Naasa Securities Co. Ltd.,Sani Securities Company Ltd.,200,260.0,52000.0,2025-07-07 14:30:21.736871
2025-07-07,16336,2025070704016390,GLH,Dakshinkali Investment & Securities Pvt. Ltd.,Sani Securities Company Ltd.,1100,260.0,286000.0,2025-07-07 14:30:21.736896
2025-07-07,16335,2025070704016391,GLH,Trishakti Securities Public Limited,Sani Securities Company Ltd.,100,260.0,26000.0,2025-07-07 14:30:21.736917
2025-07-07,16334,2025070704016392,GLH,Kohinoor Investment & Securities Pvt. Ltd.,Sani Securities Company Ltd.,50,260.0,13000.0,2025-07-07 14:30:21.736943
2025-07-07,16333,2025070704016393,GLH,ABC Securities Private Limited,Sani Securities Company Ltd.,425,260.0,110500.0,2025-07-07 14:30:21.736969
2025-07-07,16084,2025070704016480,GLH,Sewa Securities Pvt. Ltd.,Midas Stock Broking Company Private Limited,10,260.2,2602.0,2025-07-07 14:31:02.028674
2025-07-07,16051,2025070704016500,GLH,Sewa Securities Pvt. Ltd.,Sani Securities Company Ltd.,10,260.2,2602.0,2025-07-07 14:31:05.301149
2025-07-07,15258,2025070704016793,GLH,Trishakti Securities Public Limited,Himalayan Brokerage Company Limited,200,260.4,52080.0,2025-07-07 14:33:04.202896
2025-07-07,15257,2025070704016794,GLH,Premier Securities Company Ltd.,Himalayan Brokerage Company Limited,100,260.1,26010.0,2025-07-07 14:33:04.203167
2025-07-07,15256,2025070704016795,GLH,Sumeru Securities Pvt. Ltd.,Himalayan Brokerage Company Limited,100,260.1,26010.0,2025-07-07 14:33:04.203252
2025-07-07,15255,2025070704016796,GLH,ABC Securities Private Limited,Himalayan Brokerage Company Limited,575,260.0,149500.0,2025-07-07 14:33:04.203337
2025-07-07,15254,2025070704016797,GLH,Sundhara Securities Limited,Himalayan Brokerage Company Limited,25,260.0,6500.0,2025-07-07 14:33:04.203418
2025-07-07,14912,2025070704016913,GLH,Premier Securities Company Ltd.,R.B.B. Securities Company Ltd,100,260.1,26010.0,2025-07-07 14:33:50.381168
2025-07-07,14911,2025070704016914,GLH,Sundhara Securities Limited,R.B.B. Securities Company Ltd,225,260.0,58500.0,2025-07-07 14:33:50.381574
2025-07-07,14910,2025070704016915,GLH,Online Securities Pvt. Ltd.,R.B.B. Securities Company Ltd,100,260.0,26000.0,2025-07-07 14:33:50.381852
2025-07-07,14909,2025070704016916,GLH,Vision Securities Pvt. Ltd,R.B.B. Securities Company Ltd,200,260.0,52000.0,2025-07-07 14:33:50.382099
2025-07-07,14908,2025070704016917,GLH,Sharepro Securities Private Limited,R.B.B. Securities Company Ltd,1500,260.0,390000.0,2025-07-07 14:33:50.382355
2025-07-07,14907,2025070704016918,GLH,Capital Max Securities Ltd,R.B.B. Securities Company Ltd,200,260.0,52000.0,2025-07-07 14:33:50.382607
2025-07-07,14906,2025070704016919,GLH,Online Securities Pvt. Ltd.,R.B.B. Securities Company Ltd,1900,260.0,494000.0,2025-07-07 14:33:50.382871
2025-07-07,14905,2025070704016920,GLH,Primo Securities (PVT) Ltd.,R.B.B. Securities Company Ltd,100,260.0,26000.0,2025-07-07 14:33:50.383100
2025-07-07,14904,2025070704016921,GLH,Aryatara Investment & Securities,R.B.B. Securities Company Ltd,500,260.0,130000.0,2025-07-07 14:33:50.383331
2025-07-07,14903,2025070704016922,GLH,Blue Chip Securities Ltd,R.B.B. Securities Company Ltd,500,260.0,130000.0,2025-07-07 14:33:50.383534
2025-07-07,14902,2025070704016923,GLH,Trishakti Securities Public Limited,R.B.B. Securities Company Ltd,100,260.0,26000.0,2025-07-07 14:33:50.383758
2025-07-07,14901,2025070704016924,GLH,Asian Securities Private Ltd.,R.B.B. Securities Company Ltd,500,260.0,130000.0,2025-07-07 14:33:50.384007
2025-07-07,14900,2025070704016925,GLH,Malla & Malla Stock Broking Company Pvt. Limited,R.B.B. Securities Company Ltd,100,260.0,26000.0,2025-07-07 14:33:50.384265
2025-07-07,14899,2025070704016926,GLH,Primo Securities (PVT) Ltd.,R.B.B. Securities Company Ltd,500,260.0,130000.0,2025-07-07 14:33:50.384494
2025-07-07,14898,2025070704016927,GLH,ABC Securities Private Limited,R.B.B. Securities Company Ltd,270,260.0,70200.0,2025-07-07 14:33:50.384723
2025-07-07,14897,2025070704016928,GLH,Bhrikuti Stock Broking Co. Pvt. Ltd.,R.B.B. Securities Company Ltd,60,260.0,15600.0,2025-07-07 14:33:50.384956
2025-07-07,14896,2025070704016929,GLH,Kohinoor Investment & Securities Pvt. Ltd.,R.B.B. Securities Company Ltd,500,260.0,130000.0,2025-07-07 14:33:50.385187
2025-07-07,14895,2025070704016930,GLH,ABC Securities Private Limited,R.B.B. Securities Company Ltd,100,260.0,26000.0,2025-07-07 14:33:50.385433
2025-07-07,14764,2025070704016985,GLH,Market Securities & Exchange (PVT) Ltd.,R.B.B. Securities Company Ltd,45,260.0,11700.0,2025-07-07 14:34:05.551195
2025-07-07,14662,2025070704016998,GLH,Market Securities & Exchange (PVT) Ltd.,Vision Securities Pvt. Ltd,864,260.0,224640.0,2025-07-07 14:34:19.485479
2025-07-07,14230,2025070704017195,GLH,Market Securities & Exchange (PVT) Ltd.,Sri Hari Securities Pvt. Ltd.,91,260.0,23660.0,2025-07-07 14:35:20.641646
2025-07-07,14090,2025070704017198,GLH,Midas Stock Broking Company Private Limited,Imperial Securities Company Pvt. Ltd.,15,260.9,3913.5,2025-07-07 14:35:22.409578
2025-07-07,14066,2025070704017207,GLH,Oxford Securities Pvt. Ltd.,Sundhara Securities Limited,10,260.0,2600.0,2025-07-07 14:35:28.889437
2025-07-07,13904,2025070704017285,GLH,Oxford Securities Pvt. Ltd.,Bhrikuti Stock Broking Co. Pvt. Ltd.,10,260.0,2600.0,2025-07-07 14:35:50.192177
2025-07-07,13831,2025070704017296,GLH,Oxford Securities Pvt. Ltd.,Vision Securities Pvt. Ltd,130,260.0,33800.0,2025-07-07 14:36:01.474034
2025-07-07,13524,2025070704017399,GLH,Kumari Securities Private Limited,Vision Securities Pvt. Ltd,200,260.0,52000.0,2025-07-07 14:36:52.470063
2025-07-07,11995,2025070704017958,GLH,Machhapuchchhre Securities Limited,South Asian Bulls Pvt. Ltd.,150,259.9,38985.0,2025-07-07 14:40:31.730825
2025-07-07,11994,2025070704017959,GLH,Imperial Securities Company Pvt. Ltd.,South Asian Bulls Pvt. Ltd.,100,259.7,25970.0,2025-07-07 14:40:31.731027
2025-07-07,11993,2025070704017960,GLH,Kohinoor Investment & Securities Pvt. Ltd.,South Asian Bulls Pvt. Ltd.,200,259.2,51840.0,2025-07-07 14:40:31.731109
2025-07-07,11992,2025070704017961,GLH,Trisul Securities & Invt. Ltd.,South Asian Bulls Pvt. Ltd.,100,259.1,25910.0,2025-07-07 14:40:31.731188
2025-07-07,11991,2025070704017962,GLH,J.F. Securites (PVT) Ltd.,South Asian Bulls Pvt. Ltd.,30,259.1,7773.0,2025-07-07 14:40:31.731265
2025-07-07,11990,2025070704017963,GLH,Imperial Securities Company Pvt. Ltd.,South Asian Bulls Pvt. Ltd.,120,259.0,31080.0,2025-07-07 14:40:31.731363
2025-07-07,11989,2025070704017964,GLH,Imperial Securities Company Pvt. Ltd.,Midas Stock Broking Company Private Limited,20,259.0,5180.0,2025-07-07 14:40:31.732226
2025-07-07,11988,2025070704017965,GLH,Vision Securities Pvt. Ltd,Midas Stock Broking Company Private Limited,100,259.0,25900.0,2025-07-07 14:40:31.732361
2025-07-07,11987,2025070704017966,GLH,Naasa Securities Co. Ltd.,Midas Stock Broking Company Private Limited,100,259.0,25900.0,2025-07-07 14:40:31.732436
2025-07-07,11986,2025070704017967,GLH,Vision Securities Pvt. Ltd,Midas Stock Broking Company Private Limited,150,259.0,38850.0,2025-07-07 14:40:31.732515
2025-07-07,11985,2025070704017968,GLH,Sweta Securities Private Limited,Midas Stock Broking Company Private Limited,330,259.0,85470.0,2025-07-07 14:40:31.732593
2025-07-07,11892,2025070704017997,GLH,Capital Max Securities Ltd,Vision Securities Pvt. Ltd,10,260.0,2600.0,2025-07-07 14:40:42.081482
2025-07-07,11395,2025070704018133,GLH,Kalika Securities Pvt. Ltd.,Imperial Securities Company Pvt. Ltd.,100,259.1,25910.0,2025-07-07 14:41:39.105130
2025-07-07,11394,2025070704018134,GLH,Sweta Securities Private Limited,Imperial Securities Company Pvt. Ltd.,70,259.0,18130.0,2025-07-07 14:41:39.105538
2025-07-07,11393,2025070704018135,GLH,Aryatara Investment & Securities,Imperial Securities Company Pvt. Ltd.,50,259.0,12950.0,2025-07-07 14:41:39.105755
2025-07-07,11392,2025070704018136,GLH,Siprabi Securities Pvt. Ltd.,Imperial Securities Company Pvt. Ltd.,28,259.0,7252.0,2025-07-07 14:41:39.105991
2025-07-07,11131,2025070704018195,GLH,Online Securities Pvt. Ltd.,Imperial Securities Company Pvt. Ltd.,200,259.0,51800.0,2025-07-07 14:42:14.596981
2025-07-07,11086,2025070704018212,GLH,Premier Securities Company Ltd.,Imperial Securities Company Pvt. Ltd.,26,259.0,6734.0,2025-07-07 14:42:20.959556
2025-07-07,11085,2025070704018213,GLH,Premier Securities Company Ltd.,Midas Stock Broking Company Private Limited,200,259.0,51800.0,2025-07-07 14:42:20.959890
2025-07-07,11031,2025070704018224,GLH,Blue Chip Securities Ltd,Midas Stock Broking Company Private Limited,800,259.0,207200.0,2025-07-07 14:42:29.495426
2025-07-07,10256,2025070704018433,GLH,Blue Chip Securities Ltd,Vision Securities Pvt. Ltd,270,260.0,70200.0,2025-07-07 14:44:17.775713
2025-07-07,10200,2025070704018456,GLH,Asian Securities Private Ltd.,Vision Securities Pvt. Ltd,40,260.0,10400.0,2025-07-07 14:44:24.875673
2025-07-07,10074,2025070704018485,GLH,Sundhara Securities Limited,Vision Securities Pvt. Ltd,200,260.0,52000.0,2025-07-07 14:44:37.604795
2025-07-07,9026,2025070704018811,GLH,Sani Securities Company Ltd.,Vision Securities Pvt. Ltd,250,260.0,65000.0,2025-07-07 14:47:04.954942
2025-07-07,9025,2025070704018812,GLH,Sani Securities Company Ltd.,Midas Stock Broking Company Private Limited,1250,260.0,325000.0,2025-07-07 14:47:04.955291
2025-07-07,8911,2025070704018842,GLH,Oxford Securities Pvt. Ltd.,Midas Stock Broking Company Private Limited,115,260.0,29900.0,2025-07-07 14:47:19.947148
2025-07-07,8910,2025070704018843,GLH,Oxford Securities Pvt. Ltd.,Sri Hari Securities Pvt. Ltd.,10,260.0,2600.0,2025-07-07 14:47:19.947555
2025-07-07,8909,2025070704018844,GLH,Oxford Securities Pvt. Ltd.,Himalayan Brokerage Company Limited,115,260.0,29900.0,2025-07-07 14:47:19.947795
2025-07-07,8162,2025070704019132,GLH,Vision Securities Pvt. Ltd,South Asian Bulls Pvt. Ltd.,10,262.0,2620.0,2025-07-07 14:49:10.405006
2025-07-07,7102,2025070704019482,GLH,Sani Securities Company Ltd.,Dipshikha Dhitopatra Karobar Co. Pvt Ltd.,10,262.0,2620.0,2025-07-07 14:51:14.454481
2025-07-07,7101,2025070704019483,GLH,Sani Securities Company Ltd.,Online Securities Pvt. Ltd.,10,262.0,2620.0,2025-07-07 14:51:14.454886
2025-07-07,6598,2025070704019657,GLH,Secured Securities Ltd.,Imperial Securities Company Pvt. Ltd.,10,262.0,2620.0,2025-07-07 14:52:01.620731
2025-07-07,6519,2025070704019679,GLH,Sani Securities Company Ltd.,INDEX SECURITIES LIMITED,10,262.7,2627.0,2025-07-07 14:52:10.723681
2025-07-07,6518,2025070704019680,GLH,Sani Securities Company Ltd.,INDEX SECURITIES LIMITED,10,262.8,2628.0,2025-07-07 14:52:10.724123
2025-07-07,6517,2025070704019681,GLH,Sani Securities Company Ltd.,Bhrikuti Stock Broking Co. Pvt. Ltd.,10,262.9,2629.0,2025-07-07 14:52:10.724414
2025-07-07,5993,2025070704019783,GLH,Secured Securities Ltd.,INDEX SECURITIES LIMITED,100,262.0,26200.0,2025-07-07 14:52:59.540818
2025-07-07,5771,2025070704019852,GLH,Secured Securities Ltd.,Imperial Securities Company Pvt. Ltd.,22,262.0,5764.0,2025-07-07 14:53:17.586903
2025-07-07,5674,2025070704019892,GLH,Secured Securities Ltd.,INDEX SECURITIES LIMITED,15,262.0,3930.0,2025-07-07 14:53:27.648000
2025-07-07,5334,2025070704020016,GLH,Aryatara Investment & Securities,INDEX SECURITIES LIMITED,10,262.7,2627.0,2025-07-07 14:54:07.320103
2025-07-07,5333,2025070704020017,GLH,Aryatara Investment & Securities,INDEX SECURITIES LIMITED,10,262.7,2627.0,2025-07-07 14:54:07.320507
2025-07-07,4991,2025070704020165,GLH,Secured Securities Ltd.,Sumeru Securities Pvt. Ltd.,10,262.0,2620.0,2025-07-07 14:54:47.265022
2025-07-07,2575,2025070704021078,GLH,Secured Securities Ltd.,Cristal Kanchanjanga Securites Pvt. Ltd.,10,262.0,2620.0,2025-07-07 14:58:11.251971
2025-07-07,2082,2025070704021277,GLH,Oxford Securities Pvt. Ltd.,Bhrikuti Stock Broking Co. Pvt. Ltd.,70,262.7,18389.0,2025-07-07 14:58:41.345662
2025-07-07,2081,2025070704021278,GLH,Oxford Securities Pvt. Ltd.,Imperial Securities Company Pvt. Ltd.,190,262.7,49913.0,2025-07-07 14:58:41.345873
2025-07-07,1386,2025070704021512,GLH,Dipshikha Dhitopatra Karobar Co. Pvt Ltd.,Trisul Securities & Invt. Ltd.,50,262.5,13125.0,2025-07-07 14:59:17.778166
2025-07-07,1385,2025070704021513,GLH,Vision Securities Pvt. Ltd,Trisul Securities & Invt. Ltd.,200,262.0,52400.0,2025-07-07 14:59:17.778211
2025-07-07,1384,2025070704021514,GLH,Aryatara Investment & Securities,Trisul Securities & Invt. Ltd.,15,262.0,3930.0,2025-07-07 14:59:17.778240
2025-07-07,1383,2025070704021515,GLH,Blue Chip Securities Ltd,Trisul Securities & Invt. Ltd.,235,262.0,61570.0,2025-07-07 14:59:17.778267
2025-07-07,1021,2025070704021632,GLH,Dipshikha Dhitopatra Karobar Co. Pvt Ltd.,INDEX SECURITIES LIMITED,100,262.5,26250.0,2025-07-07 14:59:28.838698
2025-07-07,916,2025070704021685,GLH,Sani Securities Company Ltd.,Imperial Securities Company Pvt. Ltd.,10,262.7,2627.0,2025-07-07 14:59:32.624649
2025-07-07,915,2025070704021686,GLH,Sani Securities Company Ltd.,INDEX SECURITIES LIMITED,10,262.8,2628.0,2025-07-07 14:59:32.625061
2025-07-07,914,2025070704021687,GLH,Sani Securities Company Ltd.,INDEX SECURITIES LIMITED,10,262.8,2628.0,2025-07-07 14:59:32.625340
2025-07-07,913,2025070704021688,GLH,Sani Securities Company Ltd.,Asian Securities Private Ltd.,400,262.9,105160.0,2025-07-07 14:59:32.625579
2025-07-07,912,2025070704021689,GLH,Sani Securities Company Ltd.,Vision Securities Pvt. Ltd,150,263.0,39450.0,2025-07-07 14:59:32.625822
2025-07-07,911,2025070704021690,GLH,Sani Securities Company Ltd.,K.B.L. Securities Limited ,10,263.0,2630.0,2025-07-07 14:59:32.626082
2025-07-07,910,2025070704021691,GLH,Sani Securities Company Ltd.,INDEX SECURITIES LIMITED,20,263.3,5266.0,2025-07-07 14:59:32.626308
2025-07-07,909,2025070704021692,GLH,Sani Securities Company Ltd.,INDEX SECURITIES LIMITED,20,263.4,5268.0,2025-07-07 14:59:32.626585
2025-07-07,908,2025070704021693,GLH,Sani Securities Company Ltd.,Neev Securities Pvt. Ltd.,140,263.5,36890.0,2025-07-07 14:59:32.626864
2025-07-07,907,2025070704021694,GLH,Sani Securities Company Ltd.,INDEX SECURITIES LIMITED,10,263.6,2636.0,2025-07-07 14:59:32.627150
2025-07-07,906,2025070704021695,GLH,Sani Securities Company Ltd.,Trisul Securities & Invt. Ltd.,220,263.7,58014.0,2025-07-07 14:59:32.627422
