Date,S.N.,Contract ID,Symbol,Buyer Broker,Seller Broker,quantity,rate,amount,transaction_time
2025-08-05,127994,2025080501002717,SBL,Sharepro Securities Private Limited,Cristal Kanchanjanga Securites Pvt. Ltd.,10,367.7,3677.0,2025-08-05 11:02:03.082872
2025-08-05,127424,2025080501003231,SBL,Trisul Securities & Invt. Ltd.,Oxford Securities Pvt. Ltd.,10,380.9,3809.0,2025-08-05 11:02:22.334264
2025-08-05,127036,2025080501003582,SBL,Cristal Kanchanjanga Securites Pvt. Ltd.,Oxford Securities Pvt. Ltd.,10,380.9,3809.0,2025-08-05 11:02:36.318513
2025-08-05,127035,2025080501003583,SBL,Cristal Kanchanjanga Securites Pvt. Ltd.,Imperial Securities Company Pvt. Ltd.,10,381.0,3810.0,2025-08-05 11:02:36.318559
2025-08-05,126724,2025080501003868,SBL,Imperial Securities Company Pvt. Ltd.,Imperial Securities Company Pvt. Ltd.,500,381.0,190500.0,2025-08-05 11:02:47.954181
2025-08-05,125401,2025080501005004,SBL,S.P.S.A. Securities Limited,Imperial Securities Company Pvt. Ltd.,159,380.9,60563.1,2025-08-05 11:03:50.615850
2025-08-05,124955,2025080501005368,SBL,S.P.S.A. Securities Limited,Imperial Securities Company Pvt. Ltd.,101,381.0,38481.0,2025-08-05 11:04:09.670191
2025-08-05,124269,2025080501005930,SBL,Naasa Securities Co. Ltd.,Sani Securities Company Ltd.,476,376.0,178976.0,2025-08-05 11:04:42.250980
2025-08-05,124268,2025080501005931,SBL,Dakshinkali Investment & Securities Pvt. Ltd.,Sani Securities Company Ltd.,24,375.4,9009.6,2025-08-05 11:04:42.251048
2025-08-05,123584,2025080501006480,SBL,Cristal Kanchanjanga Securites Pvt. Ltd.,Imperial Securities Company Pvt. Ltd.,10,381.0,3810.0,2025-08-05 11:05:15.505312
2025-08-05,121061,2025080501008593,SBL,Capital Max Securities Ltd,Imperial Securities Company Pvt. Ltd.,1000,380.0,380000.0,2025-08-05 11:07:30.468929
2025-08-05,121060,2025080501008594,SBL,Capital Max Securities Ltd,Nepal Stock House (PVT) Ltd.,50,380.9,19045.0,2025-08-05 11:07:30.468978
2025-08-05,121059,2025080501008595,SBL,Capital Max Securities Ltd,Dipshikha Dhitopatra Karobar Co. Pvt Ltd.,1500,380.9,571350.0,2025-08-05 11:07:30.469000
2025-08-05,121058,2025080501008596,SBL,Capital Max Securities Ltd,Creative Securities Pvt Ltd,450,380.9,171405.0,2025-08-05 11:07:30.469018
2025-08-05,118544,2025080501010493,SBL,Kohinoor Investment & Securities Pvt. Ltd.,Cristal Kanchanjanga Securites Pvt. Ltd.,270,378.0,102060.0,2025-08-05 11:09:53.164291
2025-08-05,118297,2025080501010675,SBL,KALASH STOCK MARKET PVT. LTD.,Imperial Securities Company Pvt. Ltd.,100,380.0,38000.0,2025-08-05 11:10:07.698996
2025-08-05,116437,2025080501012126,SBL,Capital Max Securities Ltd,Imperial Securities Company Pvt. Ltd.,900,380.0,342000.0,2025-08-05 11:11:53.879544
2025-08-05,116436,2025080501012127,SBL,Capital Max Securities Ltd,Trishakti Securities Public Limited,500,380.0,190000.0,2025-08-05 11:11:53.879576
2025-08-05,116435,2025080501012128,SBL,Capital Max Securities Ltd,Agrawal Securities (PVT) Ltd.,50,380.0,19000.0,2025-08-05 11:11:53.879621
2025-08-05,116434,2025080501012129,SBL,Capital Max Securities Ltd,Creative Securities Pvt Ltd,50,380.9,19045.0,2025-08-05 11:11:53.879656
2025-08-05,116433,2025080501012130,SBL,Capital Max Securities Ltd,Sumeru Securities Pvt. Ltd.,400,380.9,152360.0,2025-08-05 11:11:53.879684
2025-08-05,116432,2025080501012131,SBL,Capital Max Securities Ltd,Dipshikha Dhitopatra Karobar Co. Pvt Ltd.,1500,380.9,571350.0,2025-08-05 11:11:53.879711
2025-08-05,116431,2025080501012132,SBL,Capital Max Securities Ltd,Imperial Securities Company Pvt. Ltd.,379,381.0,144399.0,2025-08-05 11:11:53.879741
2025-08-05,116430,2025080501012133,SBL,Capital Max Securities Ltd,Thrive Brokerage House Pvt. Ltd,100,381.0,38100.0,2025-08-05 11:11:53.879769
2025-08-05,116429,2025080501012134,SBL,Capital Max Securities Ltd,Imperial Securities Company Pvt. Ltd.,121,381.0,46101.0,2025-08-05 11:11:53.879799
2025-08-05,114481,2025080501013523,SBL,Naasa Securities Co. Ltd.,Opal Securities Investment (PVT) Ltd.,20,380.0,7600.0,2025-08-05 11:13:50.777718
2025-08-05,114480,2025080501013524,SBL,KALASH STOCK MARKET PVT. LTD.,Opal Securities Investment (PVT) Ltd.,500,379.0,189500.0,2025-08-05 11:13:50.777906
2025-08-05,114479,2025080501013525,SBL,Kohinoor Investment & Securities Pvt. Ltd.,Opal Securities Investment (PVT) Ltd.,230,379.0,87170.0,2025-08-05 11:13:50.778040
2025-08-05,113989,2025080501013872,SBL,Sri Hari Securities Pvt. Ltd.,Opal Securities Investment (PVT) Ltd.,200,379.0,75800.0,2025-08-05 11:14:22.358110
2025-08-05,111987,2025080501015009,SBL,Sharepro Securities Private Limited,Sri Hari Securities Pvt. Ltd.,700,375.4,262780.0,2025-08-05 11:17:00.680768
2025-08-05,111417,2025080501015323,SBL,Sharepro Securities Private Limited,Dakshinkali Investment & Securities Pvt. Ltd.,300,375.4,112620.0,2025-08-05 11:17:45.662907
2025-08-05,111056,2025080501015591,SBL,Sharepro Securities Private Limited,Dakshinkali Investment & Securities Pvt. Ltd.,500,375.3,187650.0,2025-08-05 11:18:05.984160
2025-08-05,110926,2025080501015649,SBL,Secured Securities Ltd.,Dakshinkali Investment & Securities Pvt. Ltd.,205,375.2,76916.0,2025-08-05 11:18:20.187076
2025-08-05,110822,2025080501015710,SBL,Premier Securities Company Ltd.,Dakshinkali Investment & Securities Pvt. Ltd.,25,375.2,9380.0,2025-08-05 11:18:28.855426
2025-08-05,107206,2025080501017846,SBL,Dakshinkali Investment & Securities Pvt. Ltd.,Opal Securities Investment (PVT) Ltd.,176,375.2,66035.2,2025-08-05 11:23:47.954670
2025-08-05,107205,2025080501017847,SBL,Capital Max Securities Ltd,Opal Securities Investment (PVT) Ltd.,322,375.1,120782.2,2025-08-05 11:23:47.954790
2025-08-05,106356,2025080501018390,SBL,Capital Max Securities Ltd,South Asian Bulls Pvt. Ltd.,50,375.1,18755.0,2025-08-05 11:24:47.894703
2025-08-05,106159,2025080501018528,SBL,Capital Max Securities Ltd,Dakshinkali Investment & Securities Pvt. Ltd.,970,375.1,363847.0,2025-08-05 11:25:05.500788
2025-08-05,105163,2025080501019212,SBL,Capital Max Securities Ltd,Online Securities Pvt. Ltd.,10,375.1,3751.0,2025-08-05 11:26:17.157605
2025-08-05,104322,2025080501019750,SBL,Cristal Kanchanjanga Securites Pvt. Ltd.,Imperial Securities Company Pvt. Ltd.,10,377.0,3770.0,2025-08-05 11:27:39.722567
2025-08-05,104268,2025080501019778,SBL,Aakashbhairab Securities Ltd.,Imperial Securities Company Pvt. Ltd.,990,377.0,373230.0,2025-08-05 11:27:46.673803
2025-08-05,103810,2025080501020040,SBL,Asian Securities Private Ltd.,Arun Securities (PVT) Ltd.,1,377.0,377.0,2025-08-05 11:28:48.365348
2025-08-05,100729,2025080501021721,SBL,Opal Securities Investment (PVT) Ltd.,Linch Stock Market Ltd.,22,378.0,8316.0,2025-08-05 11:34:54.432132
2025-08-05,100728,2025080501021722,SBL,Opal Securities Investment (PVT) Ltd.,Linch Stock Market Ltd.,15,378.0,5670.0,2025-08-05 11:34:54.432225
2025-08-05,98490,2025080501022921,SBL,Opal Securities Investment (PVT) Ltd.,Opal Securities Investment (PVT) Ltd.,13,378.0,4914.0,2025-08-05 11:38:47.849948
2025-08-05,98489,2025080501022922,SBL,Aakashbhairab Securities Ltd.,Opal Securities Investment (PVT) Ltd.,10,377.0,3770.0,2025-08-05 11:38:47.850071
2025-08-05,98488,2025080501022923,SBL,Aakashbhairab Securities Ltd.,Opal Securities Investment (PVT) Ltd.,14,377.0,5278.0,2025-08-05 11:38:47.850139
2025-08-05,97892,2025080501023194,SBL,Aakashbhairab Securities Ltd.,Dipshikha Dhitopatra Karobar Co. Pvt Ltd.,18,377.0,6786.0,2025-08-05 11:40:07.862070
2025-08-05,96716,2025080501023774,SBL,Trisul Securities & Invt. Ltd.,Imperial Securities Company Pvt. Ltd.,10,378.0,3780.0,2025-08-05 11:42:46.049443
2025-08-05,95499,2025080501024390,SBL,Siprabi Securities Pvt. Ltd.,Imperial Securities Company Pvt. Ltd.,90,378.0,34020.0,2025-08-05 11:45:44.666965
2025-08-05,95498,2025080501024391,SBL,Siprabi Securities Pvt. Ltd.,Ashutosh Brokerage & Securities (PVT) Ltd.,51,378.0,19278.0,2025-08-05 11:45:44.667137
2025-08-05,95294,2025080501024492,SBL,Himalayan Brokerage Company Limited,Ashutosh Brokerage & Securities (PVT) Ltd.,77,378.0,29106.0,2025-08-05 11:46:16.580258
2025-08-05,95070,2025080501024596,SBL,Cristal Kanchanjanga Securites Pvt. Ltd.,Opal Securities Investment (PVT) Ltd.,10,379.0,3790.0,2025-08-05 11:46:47.943689
2025-08-05,95058,2025080501024601,SBL,Agrawal Securities (PVT) Ltd.,Agrawal Securities (PVT) Ltd.,4,376.0,1504.0,2025-08-05 11:46:49.437021
2025-08-05,95057,2025080501024602,SBL,Asian Securities Private Ltd.,Opal Securities Investment (PVT) Ltd.,200,379.0,75800.0,2025-08-05 11:46:49.921770
2025-08-05,95012,2025080501024629,SBL,Himalayan Brokerage Company Limited,Opal Securities Investment (PVT) Ltd.,141,379.0,53439.0,2025-08-05 11:46:57.703214
2025-08-05,95011,2025080501024630,SBL,Himalayan Brokerage Company Limited,SHUBHAKAMANA SECURITIES PVT. LTD,200,379.0,75800.0,2025-08-05 11:46:57.703323
2025-08-05,95010,2025080501024631,SBL,Himalayan Brokerage Company Limited,Global IME Securities Limited,40,379.0,15160.0,2025-08-05 11:46:57.703394
2025-08-05,95009,2025080501024632,SBL,Himalayan Brokerage Company Limited,Creative Securities Pvt Ltd,500,379.0,189500.0,2025-08-05 11:46:57.703442
2025-08-05,94866,2025080501024737,SBL,Cristal Kanchanjanga Securites Pvt. Ltd.,Nepal Stock House (PVT) Ltd.,10,379.6,3796.0,2025-08-05 11:47:14.035889
2025-08-05,94535,2025080501024889,SBL,Himalayan Brokerage Company Limited,Stoxkarts Securities Limited,119,379.0,45101.0,2025-08-05 11:48:08.037357
2025-08-05,94534,2025080501024890,SBL,South Asian Bulls Pvt. Ltd.,Stoxkarts Securities Limited,181,378.1,68436.1,2025-08-05 11:48:08.037477
2025-08-05,88047,2025080501028209,SBL,Naasa Securities Co. Ltd.,J.F. Securites (PVT) Ltd.,47,378.0,17766.0,2025-08-05 12:01:17.557793
2025-08-05,87634,2025080501028373,SBL,Naasa Securities Co. Ltd.,J.F. Securites (PVT) Ltd.,198,378.0,74844.0,2025-08-05 12:02:22.948961
2025-08-05,87610,2025080501028388,SBL,Naasa Securities Co. Ltd.,Dynamic Money Managers Securities Pvt. Ltd.,100,378.0,37800.0,2025-08-05 12:02:27.504926
2025-08-05,86520,2025080501028862,SBL,Naasa Securities Co. Ltd.,Thrive Brokerage House Pvt. Ltd,50,378.0,18900.0,2025-08-05 12:05:23.652548
2025-08-05,86519,2025080501028863,SBL,Naasa Securities Co. Ltd.,Secured Securities Ltd.,692,378.0,261576.0,2025-08-05 12:05:23.652708
2025-08-05,83611,2025080501030072,SBL,Naasa Securities Co. Ltd.,Nepal Stock House (PVT) Ltd.,400,377.2,150880.0,2025-08-05 12:12:56.061888
2025-08-05,83216,2025080501030236,SBL,South Asian Bulls Pvt. Ltd.,Nepal Stock House (PVT) Ltd.,590,377.1,222489.0,2025-08-05 12:13:57.070965
2025-08-05,82149,2025080501030647,SBL,South Asian Bulls Pvt. Ltd.,Trishakti Securities Public Limited,29,377.1,10935.9,2025-08-05 12:16:12.851745
2025-08-05,82148,2025080501030648,SBL,Aakashbhairab Securities Ltd.,Trishakti Securities Public Limited,471,377.0,177567.0,2025-08-05 12:16:12.851871
2025-08-05,81544,2025080501030854,SBL,Aakashbhairab Securities Ltd.,Dipshikha Dhitopatra Karobar Co. Pvt Ltd.,497,377.0,187369.0,2025-08-05 12:17:38.772943
2025-08-05,81369,2025080501030909,SBL,Naasa Securities Co. Ltd.,Trishakti Securities Public Limited,500,376.3,188150.0,2025-08-05 12:18:02.434150
2025-08-05,80536,2025080501031159,SBL,Naasa Securities Co. Ltd.,Investment Management Nepal Pvt. Ltd.,200,376.3,75260.0,2025-08-05 12:19:49.668159
2025-08-05,80380,2025080501031222,SBL,Himalayan Brokerage Company Limited,Deevyaa Securities & Stock House Pvt. Ltd,39,376.2,14671.8,2025-08-05 12:20:12.211544
2025-08-05,80087,2025080501031280,SBL,Himalayan Brokerage Company Limited,Thrive Brokerage House Pvt. Ltd,50,376.2,18810.0,2025-08-05 12:20:52.167802
2025-08-05,78864,2025080501031797,SBL,Himalayan Brokerage Company Limited,South Asian Bulls Pvt. Ltd.,57,376.2,21443.4,2025-08-05 12:23:59.244102
2025-08-05,78173,2025080501032094,SBL,Himalayan Brokerage Company Limited,Machhapuchchhre Securities Limited,10,376.2,3762.0,2025-08-05 12:25:46.889556
2025-08-05,75221,2025080501033202,SBL,Dipshikha Dhitopatra Karobar Co. Pvt Ltd.,Naasa Securities Co. Ltd.,300,376.5,112950.0,2025-08-05 12:33:13.461430
2025-08-05,75220,2025080501033203,SBL,Miyo Securities Pvt Ltd,Naasa Securities Co. Ltd.,1000,376.3,376300.0,2025-08-05 12:33:13.461545
2025-08-05,75219,2025080501033204,SBL,Naasa Securities Co. Ltd.,Naasa Securities Co. Ltd.,200,376.3,75260.0,2025-08-05 12:33:13.461602
2025-08-05,75164,2025080501033222,SBL,Naasa Securities Co. Ltd.,Opal Securities Investment (PVT) Ltd.,100,376.3,37630.0,2025-08-05 12:33:21.746983
2025-08-05,74809,2025080501033346,SBL,Himalayan Brokerage Company Limited,Naasa Securities Co. Ltd.,267,376.2,100445.4,2025-08-05 12:34:14.041791
2025-08-05,74808,2025080501033347,SBL,Bhrikuti Stock Broking Co. Pvt. Ltd.,Naasa Securities Co. Ltd.,200,376.2,75240.0,2025-08-05 12:34:14.042060
2025-08-05,74807,2025080501033348,SBL,Linch Stock Market Ltd.,Naasa Securities Co. Ltd.,212,376.1,79733.2,2025-08-05 12:34:14.042271
2025-08-05,74806,2025080501033349,SBL,Aakashbhairab Securities Ltd.,Naasa Securities Co. Ltd.,121,376.0,45496.0,2025-08-05 12:34:14.042428
2025-08-05,74759,2025080501033366,SBL,Naasa Securities Co. Ltd.,Opal Securities Investment (PVT) Ltd.,800,376.3,301040.0,2025-08-05 12:34:21.852670
2025-08-05,74242,2025080501033609,SBL,Naasa Securities Co. Ltd.,Opal Securities Investment (PVT) Ltd.,80,376.3,30104.0,2025-08-05 12:35:35.605770
2025-08-05,74190,2025080501033620,SBL,Naasa Securities Co. Ltd.,Naasa Securities Co. Ltd.,10,378.0,3780.0,2025-08-05 12:35:41.530322
2025-08-05,73807,2025080501033790,SBL,Aakashbhairab Securities Ltd.,Asian Securities Private Ltd.,80,376.0,30080.0,2025-08-05 12:36:41.544875
2025-08-05,73441,2025080501033899,SBL,Aakashbhairab Securities Ltd.,Cristal Kanchanjanga Securites Pvt. Ltd.,400,376.0,150400.0,2025-08-05 12:37:13.919949
2025-08-05,71977,2025080501034413,SBL,Aakashbhairab Securities Ltd.,Dipshikha Dhitopatra Karobar Co. Pvt Ltd.,282,376.0,106032.0,2025-08-05 12:40:53.205723
2025-08-05,71820,2025080501034451,SBL,Garima Securities Limited,Naasa Securities Co. Ltd.,2,369.7,739.4,2025-08-05 12:41:21.148629
2025-08-05,71382,2025080501034577,SBL,Aakashbhairab Securities Ltd.,Nepal Stock House (PVT) Ltd.,117,376.0,43992.0,2025-08-05 12:42:35.249007
2025-08-05,71381,2025080501034578,SBL,Aakashbhairab Securities Ltd.,Nepal Stock House (PVT) Ltd.,2883,376.0,1084008.0,2025-08-05 12:42:35.249287
2025-08-05,71180,2025080501034666,SBL,Aakashbhairab Securities Ltd.,Midas Stock Broking Company Private Limited,117,376.0,43992.0,2025-08-05 12:43:15.553446
2025-08-05,71179,2025080501034667,SBL,Imperial Securities Company Pvt. Ltd.,Midas Stock Broking Company Private Limited,12,376.0,4512.0,2025-08-05 12:43:15.553501
2025-08-05,71178,2025080501034668,SBL,Capital Max Securities Ltd,Midas Stock Broking Company Private Limited,371,375.1,139162.1,2025-08-05 12:43:15.553527
2025-08-05,71047,2025080501034724,SBL,Secured Securities Ltd.,Kohinoor Investment & Securities Pvt. Ltd.,50,377.0,18850.0,2025-08-05 12:43:38.725232
2025-08-05,71046,2025080501034725,SBL,Sewa Securities Pvt. Ltd.,Kohinoor Investment & Securities Pvt. Ltd.,6,377.0,2262.0,2025-08-05 12:43:38.725401
2025-08-05,70886,2025080501034795,SBL,Imperial Securities Company Pvt. Ltd.,Naasa Securities Co. Ltd.,200,377.0,75400.0,2025-08-05 12:43:59.673545
2025-08-05,70518,2025080501034945,SBL,Bhrikuti Stock Broking Co. Pvt. Ltd.,Naasa Securities Co. Ltd.,100,377.0,37700.0,2025-08-05 12:45:04.134471
2025-08-05,69002,2025080501035654,SBL,Deevyaa Securities & Stock House Pvt. Ltd,Naasa Securities Co. Ltd.,100,377.0,37700.0,2025-08-05 12:48:50.486816
2025-08-05,68210,2025080501035957,SBL,ABC Securities Private Limited,Naasa Securities Co. Ltd.,26,377.0,9802.0,2025-08-05 12:50:58.455086
2025-08-05,68209,2025080501035958,SBL,ABC Securities Private Limited,Vision Securities Pvt. Ltd,157,377.0,59189.0,2025-08-05 12:50:58.455308
2025-08-05,67381,2025080501036430,SBL,Opal Securities Investment (PVT) Ltd.,Trisul Securities & Invt. Ltd.,50,376.0,18800.0,2025-08-05 12:52:54.555586
2025-08-05,66740,2025080501036640,SBL,Opal Securities Investment (PVT) Ltd.,Sri Hari Securities Pvt. Ltd.,40,376.0,15040.0,2025-08-05 12:54:59.121931
2025-08-05,65922,2025080501036924,SBL,Opal Securities Investment (PVT) Ltd.,Primo Securities (PVT) Ltd.,1410,376.0,530160.0,2025-08-05 12:57:09.643215
2025-08-05,65921,2025080501036925,SBL,Dipshikha Dhitopatra Karobar Co. Pvt Ltd.,Primo Securities (PVT) Ltd.,590,376.0,221840.0,2025-08-05 12:57:09.643386
2025-08-05,64603,2025080501037285,SBL,Dipshikha Dhitopatra Karobar Co. Pvt Ltd.,Imperial Securities Company Pvt. Ltd.,40,376.0,15040.0,2025-08-05 13:00:35.080496
2025-08-05,64277,2025080501037373,SBL,Dipshikha Dhitopatra Karobar Co. Pvt Ltd.,Premier Securities Company Ltd.,200,376.0,75200.0,2025-08-05 13:01:29.198677
2025-08-05,61563,2025080501038263,SBL,Opal Securities Investment (PVT) Ltd.,Market Securities & Exchange (PVT) Ltd.,11,376.1,4137.1,2025-08-05 13:09:16.133010
2025-08-05,60378,2025080501038633,SBL,Dipshikha Dhitopatra Karobar Co. Pvt Ltd.,K.B.L. Securities Limited ,100,376.0,37600.0,2025-08-05 13:12:13.669152
2025-08-05,60323,2025080501038654,SBL,Dipshikha Dhitopatra Karobar Co. Pvt Ltd.,Asian Securities Private Ltd.,70,376.0,26320.0,2025-08-05 13:12:25.791085
2025-08-05,59926,2025080501038789,SBL,Aryatara Investment & Securities,Asian Securities Private Ltd.,10,376.0,3760.0,2025-08-05 13:13:23.824625
2025-08-05,59638,2025080501038909,SBL,Premier Securities Company Ltd.,Kumari Securities Private Limited,50,375.7,18785.0,2025-08-05 13:14:17.912714
2025-08-05,59479,2025080501038955,SBL,Premier Securities Company Ltd.,Online Securities Pvt. Ltd.,22,375.7,8265.4,2025-08-05 13:14:45.774204
2025-08-05,58720,2025080501039203,SBL,Premier Securities Company Ltd.,Trisul Securities & Invt. Ltd.,28,375.7,10519.6,2025-08-05 13:16:31.914594
2025-08-05,58719,2025080501039204,SBL,Dynamic Money Managers Securities Pvt. Ltd.,Trisul Securities & Invt. Ltd.,272,375.6,102163.2,2025-08-05 13:16:31.914750
2025-08-05,57790,2025080501039494,SBL,Dynamic Money Managers Securities Pvt. Ltd.,Asian Securities Private Ltd.,170,375.6,63852.0,2025-08-05 13:19:09.418930
2025-08-05,53332,2025080501040994,SBL,Miyo Securities Pvt Ltd,Nepal Stock House (PVT) Ltd.,100,375.7,37570.0,2025-08-05 13:32:37.561401
2025-08-05,52947,2025080501041179,SBL,Nepal Investment And Securities Trading Private Limited,Dipshikha Dhitopatra Karobar Co. Pvt Ltd.,10,375.8,3758.0,2025-08-05 13:33:50.946015
2025-08-05,52686,2025080501041292,SBL,ABC Securities Private Limited,Dipshikha Dhitopatra Karobar Co. Pvt Ltd.,23,375.8,8643.4,2025-08-05 13:34:43.545248
2025-08-05,52685,2025080501041293,SBL,ABC Securities Private Limited,Primo Securities (PVT) Ltd.,15,375.8,5637.0,2025-08-05 13:34:43.545590
2025-08-05,52684,2025080501041294,SBL,ABC Securities Private Limited,K.B.L. Securities Limited ,100,376.0,37600.0,2025-08-05 13:34:43.545941
2025-08-05,52683,2025080501041295,SBL,ABC Securities Private Limited,Naasa Securities Co. Ltd.,90,376.0,33840.0,2025-08-05 13:34:43.546197
2025-08-05,52682,2025080501041296,SBL,ABC Securities Private Limited,Sani Securities Company Ltd.,492,376.0,184992.0,2025-08-05 13:34:43.546409
2025-08-05,52530,2025080501041336,SBL,Naasa Securities Co. Ltd.,Naasa Securities Co. Ltd.,30,376.0,11280.0,2025-08-05 13:35:02.707206
2025-08-05,52529,2025080501041337,SBL,Naasa Securities Co. Ltd.,Thrive Brokerage House Pvt. Ltd,170,376.1,63937.0,2025-08-05 13:35:02.707250
2025-08-05,52528,2025080501041338,SBL,Naasa Securities Co. Ltd.,Thrive Brokerage House Pvt. Ltd,100,376.1,37610.0,2025-08-05 13:35:02.707283
2025-08-05,52512,2025080501041342,SBL,Naasa Securities Co. Ltd.,Nepal Investment And Securities Trading Private Limited,10,376.9,3769.0,2025-08-05 13:35:05.782324
2025-08-05,51431,2025080501041683,SBL,Miyo Securities Pvt Ltd,Kalika Securities Pvt. Ltd.,900,375.7,338130.0,2025-08-05 13:37:57.006287
2025-08-05,51430,2025080501041684,SBL,Premier Securities Company Ltd.,Kalika Securities Pvt. Ltd.,100,375.7,37570.0,2025-08-05 13:37:57.006434
2025-08-05,51429,2025080501041685,SBL,Dynamic Money Managers Securities Pvt. Ltd.,Kalika Securities Pvt. Ltd.,558,375.6,209584.8,2025-08-05 13:37:57.006526
2025-08-05,51428,2025080501041686,SBL,Capital Max Securities Ltd,Kalika Securities Pvt. Ltd.,2442,375.3,916482.6,2025-08-05 13:37:57.006586
2025-08-05,51187,2025080501041787,SBL,Naasa Securities Co. Ltd.,Kalika Securities Pvt. Ltd.,70,376.0,26320.0,2025-08-05 13:38:37.600627
2025-08-05,51186,2025080501041788,SBL,Naasa Securities Co. Ltd.,Nepal Investment And Securities Trading Private Limited,10,376.9,3769.0,2025-08-05 13:38:37.600680
2025-08-05,49050,2025080501042571,SBL,Sri Hari Securities Pvt. Ltd.,Nepal Investment And Securities Trading Private Limited,300,376.9,113070.0,2025-08-05 13:44:00.614951
2025-08-05,48854,2025080501042619,SBL,Dipshikha Dhitopatra Karobar Co. Pvt Ltd.,Nepal Investment And Securities Trading Private Limited,180,376.9,67842.0,2025-08-05 13:44:32.876727
2025-08-05,48853,2025080501042620,SBL,Dipshikha Dhitopatra Karobar Co. Pvt Ltd.,Midas Stock Broking Company Private Limited,220,376.9,82918.0,2025-08-05 13:44:32.876856
2025-08-05,48596,2025080501042686,SBL,Dipshikha Dhitopatra Karobar Co. Pvt Ltd.,Premier Securities Company Ltd.,14,376.0,5264.0,2025-08-05 13:45:23.139291
2025-08-05,48595,2025080501042687,SBL,Capital Max Securities Ltd,Premier Securities Company Ltd.,53,375.3,19890.9,2025-08-05 13:45:23.139445
2025-08-05,47392,2025080501043130,SBL,Naasa Securities Co. Ltd.,Shree Krishna Securities Ltd.,10,377.0,3770.0,2025-08-05 13:48:47.452920
2025-08-05,45983,2025080501043607,SBL,Miyo Securities Pvt Ltd,Opal Securities Investment (PVT) Ltd.,100,375.4,37540.0,2025-08-05 13:53:02.122136
2025-08-05,45817,2025080501043657,SBL,Naasa Securities Co. Ltd.,Shree Krishna Securities Ltd.,10,377.0,3770.0,2025-08-05 13:53:35.009421
2025-08-05,45619,2025080501043712,SBL,Creative Securities Pvt Ltd,Shree Krishna Securities Ltd.,13,377.0,4901.0,2025-08-05 13:54:09.008161
2025-08-05,45618,2025080501043713,SBL,Creative Securities Pvt Ltd,Cristal Kanchanjanga Securites Pvt. Ltd.,987,377.0,372099.0,2025-08-05 13:54:09.008307
2025-08-05,44596,2025080501044002,SBL,Nepal Investment And Securities Trading Private Limited,Vision Securities Pvt. Ltd,350,376.0,131600.0,2025-08-05 13:56:54.412472
2025-08-05,44595,2025080501044003,SBL,Miyo Securities Pvt Ltd,Vision Securities Pvt. Ltd,900,375.4,337860.0,2025-08-05 13:56:54.412621
2025-08-05,44594,2025080501044004,SBL,Capital Max Securities Ltd,Vision Securities Pvt. Ltd,1250,375.3,469125.0,2025-08-05 13:56:54.412691
2025-08-05,43750,2025080501044212,SBL,Naasa Securities Co. Ltd.,Cristal Kanchanjanga Securites Pvt. Ltd.,70,376.0,26320.0,2025-08-05 13:58:57.349398
2025-08-05,43616,2025080501044270,SBL,Cristal Kanchanjanga Securites Pvt. Ltd.,Cristal Kanchanjanga Securites Pvt. Ltd.,10,377.0,3770.0,2025-08-05 13:59:14.255833
2025-08-05,41819,2025080501044736,SBL,Capital Max Securities Ltd,Thrive Brokerage House Pvt. Ltd,100,377.0,37700.0,2025-08-05 14:04:06.520833
2025-08-05,41818,2025080501044737,SBL,Capital Max Securities Ltd,Imperial Securities Company Pvt. Ltd.,1000,377.0,377000.0,2025-08-05 14:04:06.520967
2025-08-05,41817,2025080501044738,SBL,Capital Max Securities Ltd,Kohinoor Investment & Securities Pvt. Ltd.,100,377.0,37700.0,2025-08-05 14:04:06.521088
2025-08-05,41816,2025080501044739,SBL,Capital Max Securities Ltd,Midas Stock Broking Company Private Limited,37,377.0,13949.0,2025-08-05 14:04:06.521164
2025-08-05,41815,2025080501044740,SBL,Capital Max Securities Ltd,Trisul Securities & Invt. Ltd.,263,377.9,99387.7,2025-08-05 14:04:06.521245
2025-08-05,41517,2025080501044851,SBL,Naasa Securities Co. Ltd.,Opal Securities Investment (PVT) Ltd.,100,376.0,37600.0,2025-08-05 14:04:51.805878
2025-08-05,41477,2025080501044863,SBL,Naasa Securities Co. Ltd.,Trisul Securities & Invt. Ltd.,10,377.9,3779.0,2025-08-05 14:04:58.195084
2025-08-05,40757,2025080501045073,SBL,Naasa Securities Co. Ltd.,Opal Securities Investment (PVT) Ltd.,59,376.0,22184.0,2025-08-05 14:06:51.610408
2025-08-05,40073,2025080501045284,SBL,Naasa Securities Co. Ltd.,J.F. Securites (PVT) Ltd.,50,376.0,18800.0,2025-08-05 14:08:59.062348
2025-08-05,38206,2025080501045799,SBL,Naasa Securities Co. Ltd.,Vision Securities Pvt. Ltd,950,376.0,357200.0,2025-08-05 14:13:32.820575
2025-08-05,37239,2025080501046066,SBL,Online Securities Pvt. Ltd.,Capital Max Securities Ltd,1000,375.8,375800.0,2025-08-05 14:15:11.749690
2025-08-05,35463,2025080501046402,SBL,Capital Max Securities Ltd,Dakshinkali Investment & Securities Pvt. Ltd.,205,375.3,76936.5,2025-08-05 14:17:57.236279
2025-08-05,34995,2025080501046545,SBL,Capital Max Securities Ltd,Agrawal Securities (PVT) Ltd.,144,375.3,54043.2,2025-08-05 14:18:52.370246
2025-08-05,34798,2025080501046607,SBL,Capital Max Securities Ltd,Ashutosh Brokerage & Securities (PVT) Ltd.,150,375.3,56295.0,2025-08-05 14:19:21.500966
2025-08-05,34231,2025080501046746,SBL,Capital Max Securities Ltd,Siprabi Securities Pvt. Ltd.,192,375.3,72057.6,2025-08-05 14:20:32.599395
2025-08-05,33699,2025080501046874,SBL,Capital Max Securities Ltd,ABC Securities Private Limited,300,375.3,112590.0,2025-08-05 14:21:34.634488
2025-08-05,33515,2025080501046923,SBL,Capital Max Securities Ltd,Dakshinkali Investment & Securities Pvt. Ltd.,200,375.3,75060.0,2025-08-05 14:22:05.143307
2025-08-05,33202,2025080501047017,SBL,Capital Max Securities Ltd,Dynamic Money Managers Securities Pvt. Ltd.,64,375.3,24019.2,2025-08-05 14:22:41.992870
2025-08-05,33201,2025080501047018,SBL,Sweta Securities Private Limited,Dynamic Money Managers Securities Pvt. Ltd.,136,375.3,51040.8,2025-08-05 14:22:41.993197
2025-08-05,30784,2025080501047649,SBL,Capital Max Securities Ltd,Imperial Securities Company Pvt. Ltd.,350,375.1,131285.0,2025-08-05 14:28:45.541464
2025-08-05,29027,2025080501048176,SBL,Naasa Securities Co. Ltd.,Dynamic Money Managers Securities Pvt. Ltd.,10,375.5,3755.0,2025-08-05 14:32:33.324513
2025-08-05,24702,2025080501049258,SBL,Nepal Stock House (PVT) Ltd.,Deevyaa Securities & Stock House Pvt. Ltd,5000,375.2,1876000.0,2025-08-05 14:39:02.604440
2025-08-05,24701,2025080501049259,SBL,Capital Max Securities Ltd,Deevyaa Securities & Stock House Pvt. Ltd,927,375.1,347717.7,2025-08-05 14:39:02.604638
2025-08-05,24700,2025080501049260,SBL,Imperial Securities Company Pvt. Ltd.,Deevyaa Securities & Stock House Pvt. Ltd,11,375.0,4125.0,2025-08-05 14:39:02.604706
2025-08-05,24699,2025080501049261,SBL,J.F. Securites (PVT) Ltd.,Deevyaa Securities & Stock House Pvt. Ltd,62,375.0,23250.0,2025-08-05 14:39:02.604769
2025-08-05,23940,2025080501049433,SBL,J.F. Securites (PVT) Ltd.,Capital Max Securities Ltd,188,375.0,70500.0,2025-08-05 14:40:01.906203
2025-08-05,23939,2025080501049434,SBL,Malla & Malla Stock Broking Company Pvt. Limited,Capital Max Securities Ltd,30,375.0,11250.0,2025-08-05 14:40:01.906363
2025-08-05,23938,2025080501049435,SBL,Naasa Securities Co. Ltd.,Capital Max Securities Ltd,262,375.0,98250.0,2025-08-05 14:40:01.906425
2025-08-05,23937,2025080501049436,SBL,Naasa Securities Co. Ltd.,Dynamic Money Managers Securities Pvt. Ltd.,90,375.0,33750.0,2025-08-05 14:40:01.946542
2025-08-05,23543,2025080501049548,SBL,Naasa Securities Co. Ltd.,Asian Securities Private Ltd.,98,375.0,36750.0,2025-08-05 14:40:36.321100
2025-08-05,22694,2025080501049760,SBL,J.F. Securites (PVT) Ltd.,Premier Securities Company Ltd.,100,375.1,37510.0,2025-08-05 14:41:35.008191
2025-08-05,21607,2025080501049984,SBL,J.F. Securites (PVT) Ltd.,Dipshikha Dhitopatra Karobar Co. Pvt Ltd.,100,375.1,37510.0,2025-08-05 14:42:49.197374
2025-08-05,19389,2025080501050411,SBL,Cristal Kanchanjanga Securites Pvt. Ltd.,Dynamic Money Managers Securities Pvt. Ltd.,20,375.4,7508.0,2025-08-05 14:45:01.074458
2025-08-05,18666,2025080501050541,SBL,ABC Securities Private Limited,Kohinoor Investment & Securities Pvt. Ltd.,30,375.0,11250.0,2025-08-05 14:45:42.198972
2025-08-05,16184,2025080501051105,SBL,Aakashbhairab Securities Ltd.,Imperial Securities Company Pvt. Ltd.,200,374.0,74800.0,2025-08-05 14:48:05.429363
2025-08-05,16183,2025080501051106,SBL,Aakashbhairab Securities Ltd.,Imperial Securities Company Pvt. Ltd.,1000,374.0,374000.0,2025-08-05 14:48:05.429525
2025-08-05,16182,2025080501051107,SBL,Shree Krishna Securities Ltd.,Imperial Securities Company Pvt. Ltd.,5000,374.0,1870000.0,2025-08-05 14:48:05.429589
2025-08-05,14821,2025080501051469,SBL,Vision Securities Pvt. Ltd,Kalika Securities Pvt. Ltd.,150,373.9,56085.0,2025-08-05 14:49:22.634715
2025-08-05,14176,2025080501051658,SBL,Vision Securities Pvt. Ltd,Dipshikha Dhitopatra Karobar Co. Pvt Ltd.,250,373.9,93475.0,2025-08-05 14:50:00.597402
2025-08-05,14072,2025080501051679,SBL,Shree Krishna Securities Ltd.,Ashutosh Brokerage & Securities (PVT) Ltd.,128,374.0,47872.0,2025-08-05 14:50:07.144503
2025-08-05,13801,2025080501051736,SBL,Cristal Kanchanjanga Securites Pvt. Ltd.,Kohinoor Investment & Securities Pvt. Ltd.,10,375.0,3750.0,2025-08-05 14:50:19.401517
2025-08-05,12153,2025080501052162,SBL,Shree Krishna Securities Ltd.,Dakshinkali Investment & Securities Pvt. Ltd.,281,374.0,105094.0,2025-08-05 14:52:02.980812
2025-08-05,11805,2025080501052229,SBL,Shree Krishna Securities Ltd.,Sewa Securities Pvt. Ltd.,4591,374.0,1717034.0,2025-08-05 14:52:23.620991
2025-08-05,10986,2025080501052435,SBL,Vision Securities Pvt. Ltd,Oxford Securities Pvt. Ltd.,187,373.9,69919.3,2025-08-05 14:53:05.866922
2025-08-05,10183,2025080501052608,SBL,Vision Securities Pvt. Ltd,Kohinoor Investment & Securities Pvt. Ltd.,413,373.9,154420.7,2025-08-05 14:53:43.999061
2025-08-05,10182,2025080501052609,SBL,Agrawal Securities (PVT) Ltd.,Kohinoor Investment & Securities Pvt. Ltd.,585,373.9,218731.5,2025-08-05 14:53:43.999374
2025-08-05,9761,2025080501052680,SBL,Agrawal Securities (PVT) Ltd.,K.B.L. Securities Limited ,415,373.9,155168.5,2025-08-05 14:54:04.687856
2025-08-05,9760,2025080501052681,SBL,K.B.L. Securities Limited ,K.B.L. Securities Limited ,500,373.9,186950.0,2025-08-05 14:54:04.688012
2025-08-05,9497,2025080501052795,SBL,ABC Securities Private Limited,Nagarik Stock Dealer ,100,373.0,37300.0,2025-08-05 14:54:13.158225
2025-08-05,9082,2025080501052919,SBL,ABC Securities Private Limited,Primo Securities (PVT) Ltd.,220,373.0,82060.0,2025-08-05 14:54:32.588292
2025-08-05,8120,2025080501053148,SBL,ABC Securities Private Limited,Malla & Malla Stock Broking Company Pvt. Limited,150,373.0,55950.0,2025-08-05 14:55:15.499382
2025-08-05,7369,2025080501053303,SBL,ABC Securities Private Limited,Agrawal Securities (PVT) Ltd.,50,373.0,18650.0,2025-08-05 14:55:45.658930
2025-08-05,7351,2025080501053304,SBL,ABC Securities Private Limited,Cristal Kanchanjanga Securites Pvt. Ltd.,480,373.0,179040.0,2025-08-05 14:55:46.562553
2025-08-05,7350,2025080501053305,SBL,Malla & Malla Stock Broking Company Pvt. Limited,Cristal Kanchanjanga Securites Pvt. Ltd.,50,373.0,18650.0,2025-08-05 14:55:46.562763
2025-08-05,7349,2025080501053306,SBL,Secured Securities Ltd.,Cristal Kanchanjanga Securites Pvt. Ltd.,300,372.1,111630.0,2025-08-05 14:55:46.562850
2025-08-05,6192,2025080501053634,SBL,ABC Securities Private Limited,Oxford Securities Pvt. Ltd.,442,372.0,164424.0,2025-08-05 14:56:35.271970
2025-08-05,5839,2025080501053720,SBL,ABC Securities Private Limited,Sani Securities Company Ltd.,500,372.0,186000.0,2025-08-05 14:56:53.265977
2025-08-05,3995,2025080501054239,SBL,ABC Securities Private Limited,K.B.L. Securities Limited ,58,372.0,21576.0,2025-08-05 14:58:02.575342
2025-08-05,3994,2025080501054240,SBL,Oxford Securities Pvt. Ltd.,K.B.L. Securities Limited ,1000,372.0,372000.0,2025-08-05 14:58:02.575517
2025-08-05,3537,2025080501054349,SBL,Sri Hari Securities Pvt. Ltd.,K.B.L. Securities Limited ,27,372.0,10044.0,2025-08-05 14:58:22.607304
2025-08-05,3123,2025080501054416,SBL,Sri Hari Securities Pvt. Ltd.,Dipshikha Dhitopatra Karobar Co. Pvt Ltd.,273,372.0,101556.0,2025-08-05 14:58:37.254440
2025-08-05,2083,2025080501054678,SBL,Sharepro Securities Private Limited,Sewa Securities Pvt. Ltd.,12,371.9,4462.8,2025-08-05 14:59:11.703814
2025-08-05,1825,2025080501054717,SBL,Sharepro Securities Private Limited,Linch Stock Market Ltd.,988,371.9,367437.2,2025-08-05 14:59:19.195794
2025-08-05,1313,2025080501054822,SBL,Opal Securities Investment (PVT) Ltd.,Dipshikha Dhitopatra Karobar Co. Pvt Ltd.,10,371.0,3710.0,2025-08-05 14:59:31.553611
2025-08-05,1042,2025080501054919,SBL,Vision Securities Pvt. Ltd,Linch Stock Market Ltd.,70,371.9,26033.0,2025-08-05 14:59:37.200493
2025-08-05,1041,2025080501054920,SBL,Vision Securities Pvt. Ltd,Dipshikha Dhitopatra Karobar Co. Pvt Ltd.,27,372.0,10044.0,2025-08-05 14:59:37.200677
2025-08-05,863,2025080501054977,SBL,Nepal Investment And Securities Trading Private Limited,Sani Securities Company Ltd.,350,372.0,130200.0,2025-08-05 14:59:41.630190
2025-08-05,543,2025080501055071,SBL,Opal Securities Investment (PVT) Ltd.,Roadshow securities limited,56,371.0,20776.0,2025-08-05 14:59:49.614046
2025-08-05,542,2025080501055072,SBL,Midas Stock Broking Company Private Limited,Roadshow securities limited,944,371.0,350224.0,2025-08-05 14:59:49.614086
2025-08-05,17,2025080501055190,SBL,Cristal Kanchanjanga Securites Pvt. Ltd.,Sani Securities Company Ltd.,30,372.0,11160.0,2025-08-05 14:59:59.683647
