Date,S.N.,Contract ID,Symbol,Buyer Broker,Seller Broker,quantity,rate,amount,transaction_time
2025-08-03,152202,2025080304000030,RADHI,Thrive Brokerage House Pvt. Ltd,Nepal Stock House (PVT) Ltd.,11,825.0,9075.0,2025-08-03T11:00:37.905471
2025-08-03,151821,2025080304000057,RADHI,Thrive Brokerage House Pvt. Ltd,Aryatara Investment & Securities,89,830.0,73870.0,2025-08-03T11:01:23.349874
2025-08-03,149112,2025080304000343,RADHI,Thrive Brokerage House Pvt. Ltd,J.F. Securites (PVT) Ltd.,13,819.0,10647.0,2025-08-03T11:05:29.372939
2025-08-03,148882,2025080304000357,RADHI,Thrive Brokerage House Pvt. Ltd,Kohinoor Investment & Securities Pvt. Ltd.,37,819.0,30303.0,2025-08-03T11:05:55.971678
2025-08-03,148237,2025080304000445,RADHI,Online Securities Pvt. Ltd.,Opal Securities Investment (PVT) Ltd.,10,818.7,8187.0,2025-08-03T11:06:58.885845
2025-08-03,148015,2025080304000476,RADHI,Dipshikha Dhitopatra Karobar Co. Pvt Ltd.,Opal Securities Investment (PVT) Ltd.,34,818.0,27812.0,2025-08-03T11:07:25.010802
2025-08-03,147825,2025080304000495,RADHI,Dipshikha Dhitopatra Karobar Co. Pvt Ltd.,Agrawal Securities (PVT) Ltd.,66,818.0,53988.0,2025-08-03T11:07:36.794693
2025-08-03,147682,2025080304000509,RADHI,Midas Stock Broking Company Private Limited,Beni Securities Pvt.Ltd.,20,816.0,16320.0,2025-08-03T11:07:50.497424
2025-08-03,147681,2025080304000510,RADHI,Sanima Securities Limited,Beni Securities Pvt.Ltd.,80,816.0,65280.0,2025-08-03T11:07:50.49753
2025-08-03,147431,2025080304000538,RADHI,Sanima Securities Limited,Capital Max Securities Ltd,100,816.0,81600.0,2025-08-03T11:08:12.33152
2025-08-03,147060,2025080304000592,RADHI,Sani Securities Company Ltd.,Agrawal Securities (PVT) Ltd.,10,818.0,8180.0,2025-08-03T11:08:41.648038
2025-08-03,146837,2025080304000617,RADHI,Sani Securities Company Ltd.,Dipshikha Dhitopatra Karobar Co. Pvt Ltd.,100,816.1,81610.0,2025-08-03T11:09:00.981232
2025-08-03,146657,2025080304000638,RADHI,Sanima Securities Limited,Ashutosh Brokerage & Securities (PVT) Ltd.,20,816.0,16320.0,2025-08-03T11:09:19.231626
2025-08-03,146656,2025080304000639,RADHI,Nagarik Stock Dealer ,Ashutosh Brokerage & Securities (PVT) Ltd.,100,816.0,81600.0,2025-08-03T11:09:19.231725
2025-08-03,146655,2025080304000640,RADHI,Midas Stock Broking Company Private Limited,Ashutosh Brokerage & Securities (PVT) Ltd.,10,816.0,8160.0,2025-08-03T11:09:19.231771
2025-08-03,146539,2025080304000651,RADHI,Kumari Securities Private Limited,Ashutosh Brokerage & Securities (PVT) Ltd.,100,816.0,81600.0,2025-08-03T11:09:27.811348
2025-08-03,146464,2025080304000666,RADHI,Sweta Securities Private Limited,Ashutosh Brokerage & Securities (PVT) Ltd.,50,816.0,40800.0,2025-08-03T11:09:35.421124
2025-08-03,146463,2025080304000667,RADHI,Sani Securities Company Ltd.,Ashutosh Brokerage & Securities (PVT) Ltd.,10,816.0,8160.0,2025-08-03T11:09:35.663255
2025-08-03,146425,2025080304000668,RADHI,Imperial Securities Company Pvt. Ltd.,Ashutosh Brokerage & Securities (PVT) Ltd.,210,816.0,171360.0,2025-08-03T11:09:40.369393
2025-08-03,146241,2025080304000690,RADHI,Imperial Securities Company Pvt. Ltd.,Naasa Securities Co. Ltd.,114,816.0,93024.0,2025-08-03T11:09:53.390208
2025-08-03,146025,2025080304000716,RADHI,Neev Securities Pvt. Ltd.,Imperial Securities Company Pvt. Ltd.,4,801.0,3204.0,2025-08-03T11:10:12.041745
2025-08-03,145236,2025080304000830,RADHI,Imperial Securities Company Pvt. Ltd.,NIMB Stock Markets Limited,176,816.0,143616.0,2025-08-03T11:11:09.136968
2025-08-03,145235,2025080304000831,RADHI,Market Securities & Exchange (PVT) Ltd.,NIMB Stock Markets Limited,10,816.0,8160.0,2025-08-03T11:11:09.137073
2025-08-03,145176,2025080304000840,RADHI,Deevyaa Securities & Stock House Pvt. Ltd,NIMB Stock Markets Limited,20,816.0,16320.0,2025-08-03T11:11:14.784815
2025-08-03,145086,2025080304000849,RADHI,Dipshikha Dhitopatra Karobar Co. Pvt Ltd.,Trisul Securities & Invt. Ltd.,200,815.8,163160.0,2025-08-03T11:11:22.138019
2025-08-03,144914,2025080304000882,RADHI,Kohinoor Investment & Securities Pvt. Ltd.,NIMB Stock Markets Limited,1459,816.0,1190544.0,2025-08-03T11:11:35.985839
2025-08-03,144913,2025080304000883,RADHI,Kohinoor Investment & Securities Pvt. Ltd.,Premier Securities Company Ltd.,500,816.0,408000.0,2025-08-03T11:11:35.986076
2025-08-03,144912,2025080304000884,RADHI,Kohinoor Investment & Securities Pvt. Ltd.,Agrawal Securities (PVT) Ltd.,424,818.0,346832.0,2025-08-03T11:11:35.986229
2025-08-03,144911,2025080304000885,RADHI,Kohinoor Investment & Securities Pvt. Ltd.,Agrawal Securities (PVT) Ltd.,500,818.0,409000.0,2025-08-03T11:11:35.986409
2025-08-03,144910,2025080304000886,RADHI,Kohinoor Investment & Securities Pvt. Ltd.,Agrawal Securities (PVT) Ltd.,500,818.0,409000.0,2025-08-03T11:11:35.98661
2025-08-03,144909,2025080304000887,RADHI,Kohinoor Investment & Securities Pvt. Ltd.,Agrawal Securities (PVT) Ltd.,500,818.0,409000.0,2025-08-03T11:11:35.986767
2025-08-03,143877,2025080304001023,RADHI,Nagarik Stock Dealer ,Aryatara Investment & Securities,630,818.0,515340.0,2025-08-03T11:12:38.68019
2025-08-03,143481,2025080304001089,RADHI,Nagarik Stock Dealer ,J.F. Securites (PVT) Ltd.,10,818.0,8180.0,2025-08-03T11:13:09.377667
2025-08-03,143034,2025080304001139,RADHI,Nagarik Stock Dealer ,Naasa Securities Co. Ltd.,16,818.0,13088.0,2025-08-03T11:13:41.135846
2025-08-03,142880,2025080304001166,RADHI,Sani Securities Company Ltd.,Nepal Stock House (PVT) Ltd.,100,818.1,81810.0,2025-08-03T11:13:53.249636
2025-08-03,142879,2025080304001167,RADHI,Nagarik Stock Dealer ,Nepal Stock House (PVT) Ltd.,100,818.0,81800.0,2025-08-03T11:13:53.24976
2025-08-03,142046,2025080304001302,RADHI,Neev Securities Pvt. Ltd.,Deevyaa Securities & Stock House Pvt. Ltd,70,820.0,57400.0,2025-08-03T11:15:04.344263
2025-08-03,142045,2025080304001303,RADHI,Neev Securities Pvt. Ltd.,Premier Securities Company Ltd.,230,820.0,188600.0,2025-08-03T11:15:04.344573
2025-08-03,141779,2025080304001347,RADHI,Imperial Securities Company Pvt. Ltd.,Naasa Securities Co. Ltd.,3,810.0,2430.0,2025-08-03T11:15:24.231196
2025-08-03,141389,2025080304001424,RADHI,Naasa Securities Co. Ltd.,Secured Securities Ltd.,500,819.0,409500.0,2025-08-03T11:15:57.373183
2025-08-03,140557,2025080304001565,RADHI,Sani Securities Company Ltd.,Premier Securities Company Ltd.,10,820.0,8200.0,2025-08-03T11:17:08.424233
2025-08-03,140527,2025080304001567,RADHI,Nagarik Stock Dealer ,Premier Securities Company Ltd.,244,818.0,199592.0,2025-08-03T11:17:11.969133
2025-08-03,140526,2025080304001568,RADHI,Sri Hari Securities Pvt. Ltd.,Premier Securities Company Ltd.,50,818.0,40900.0,2025-08-03T11:17:11.969288
2025-08-03,140525,2025080304001569,RADHI,ABC Securities Private Limited,Premier Securities Company Ltd.,30,817.3,24519.0,2025-08-03T11:17:11.969361
2025-08-03,140524,2025080304001570,RADHI,Neev Securities Pvt. Ltd.,Premier Securities Company Ltd.,300,817.2,245160.0,2025-08-03T11:17:11.969419
2025-08-03,140523,2025080304001571,RADHI,Property Wiard Limited,Premier Securities Company Ltd.,1000,817.1,817100.0,2025-08-03T11:17:11.969474
2025-08-03,140522,2025080304001572,RADHI,Dipshikha Dhitopatra Karobar Co. Pvt Ltd.,Premier Securities Company Ltd.,10,817.0,8170.0,2025-08-03T11:17:11.969528
2025-08-03,140521,2025080304001573,RADHI,Naasa Securities Co. Ltd.,Premier Securities Company Ltd.,366,817.0,299022.0,2025-08-03T11:17:11.969582
2025-08-03,140269,2025080304001624,RADHI,Imperial Securities Company Pvt. Ltd.,Sajilo Broker Limited,50,817.5,40875.0,2025-08-03T11:17:33.641865
2025-08-03,140268,2025080304001625,RADHI,Naasa Securities Co. Ltd.,Sajilo Broker Limited,150,817.0,122550.0,2025-08-03T11:17:33.641914
2025-08-03,139675,2025080304001708,RADHI,Neev Securities Pvt. Ltd.,Linch Stock Market Ltd.,300,817.1,245130.0,2025-08-03T11:18:21.013665
2025-08-03,139674,2025080304001709,RADHI,Naasa Securities Co. Ltd.,Linch Stock Market Ltd.,484,817.0,395428.0,2025-08-03T11:18:21.013799
2025-08-03,139356,2025080304001773,RADHI,Online Securities Pvt. Ltd.,Linch Stock Market Ltd.,10,816.2,8162.0,2025-08-03T11:18:43.260013
2025-08-03,139355,2025080304001774,RADHI,Nagarik Stock Dealer ,Linch Stock Market Ltd.,100,816.1,81610.0,2025-08-03T11:18:43.260282
2025-08-03,139354,2025080304001775,RADHI,Online Securities Pvt. Ltd.,Linch Stock Market Ltd.,690,816.1,563109.0,2025-08-03T11:18:43.260478
2025-08-03,139223,2025080304001780,RADHI,Secured Securities Ltd.,Linch Stock Market Ltd.,16,817.0,13072.0,2025-08-03T11:18:52.057572
2025-08-03,139222,2025080304001781,RADHI,Secured Securities Ltd.,Sani Securities Company Ltd.,130,819.0,106470.0,2025-08-03T11:18:52.057616
2025-08-03,139221,2025080304001782,RADHI,Secured Securities Ltd.,Investment Management Nepal Pvt. Ltd.,200,819.0,163800.0,2025-08-03T11:18:52.057647
2025-08-03,139220,2025080304001783,RADHI,Secured Securities Ltd.,Premier Securities Company Ltd.,60,820.0,49200.0,2025-08-03T11:18:52.057692
2025-08-03,139219,2025080304001784,RADHI,Secured Securities Ltd.,Sewa Securities Pvt. Ltd.,10,820.0,8200.0,2025-08-03T11:18:52.057722
2025-08-03,139218,2025080304001785,RADHI,Secured Securities Ltd.,Agrawal Securities (PVT) Ltd.,50,820.0,41000.0,2025-08-03T11:18:52.057758
2025-08-03,139217,2025080304001786,RADHI,Secured Securities Ltd.,Midas Stock Broking Company Private Limited,10,821.0,8210.0,2025-08-03T11:18:52.057785
2025-08-03,139216,2025080304001787,RADHI,Secured Securities Ltd.,Indira securities pvt. ltd,24,822.0,19728.0,2025-08-03T11:18:52.05781
2025-08-03,138947,2025080304001845,RADHI,N.M.B. SECURITIES LIMITED,Miyo Securities Pvt Ltd,100,820.0,82000.0,2025-08-03T11:19:19.519845
2025-08-03,138633,2025080304001880,RADHI,Secured Securities Ltd.,Miyo Securities Pvt Ltd,900,820.0,738000.0,2025-08-03T11:19:42.463799
2025-08-03,138632,2025080304001881,RADHI,Secured Securities Ltd.,Miyo Securities Pvt Ltd,1500,821.0,1231500.0,2025-08-03T11:19:42.463842
2025-08-03,137821,2025080304001980,RADHI,Imperial Securities Company Pvt. Ltd.,Dipshikha Dhitopatra Karobar Co. Pvt Ltd.,5,805.0,4025.0,2025-08-03T11:20:38.80139
2025-08-03,137025,2025080304002102,RADHI,Vision Securities Pvt. Ltd,Premier Securities Company Ltd.,47,819.0,38493.0,2025-08-03T11:21:27.157515
2025-08-03,136758,2025080304002142,RADHI,Shree Krishna Securities Ltd.,Naasa Securities Co. Ltd.,20,821.0,16420.0,2025-08-03T11:21:47.375066
2025-08-03,136535,2025080304002192,RADHI,Creative Securities Pvt Ltd,Indira securities pvt. ltd,56,822.0,46032.0,2025-08-03T11:22:00.140298
2025-08-03,136289,2025080304002215,RADHI,Sumeru Securities Pvt. Ltd.,Thrive Brokerage House Pvt. Ltd,10,820.0,8200.0,2025-08-03T11:22:15.756143
2025-08-03,136288,2025080304002216,RADHI,Neev Securities Pvt. Ltd.,Thrive Brokerage House Pvt. Ltd,75,819.1,61432.5,2025-08-03T11:22:15.75629
2025-08-03,136080,2025080304002244,RADHI,Vision Securities Pvt. Ltd,Oxford Securities Pvt. Ltd.,10,824.7,8247.0,2025-08-03T11:22:31.165445
2025-08-03,136079,2025080304002245,RADHI,Vision Securities Pvt. Ltd,Primo Securities (PVT) Ltd.,130,824.9,107237.0,2025-08-03T11:22:31.165605
2025-08-03,136078,2025080304002246,RADHI,Vision Securities Pvt. Ltd,Sri Hari Securities Pvt. Ltd.,100,825.0,82500.0,2025-08-03T11:22:31.165713
2025-08-03,136077,2025080304002247,RADHI,Vision Securities Pvt. Ltd,Swarna Laxmi Securities Pvt. Ltd.,13,825.0,10725.0,2025-08-03T11:22:31.165804
2025-08-03,136052,2025080304002253,RADHI,Vision Securities Pvt. Ltd,Kohinoor Investment & Securities Pvt. Ltd.,510,825.0,420750.0,2025-08-03T11:22:33.450616
2025-08-03,135742,2025080304002337,RADHI,Secured Securities Ltd.,Imperial Securities Company Pvt. Ltd.,200,826.9,165380.0,2025-08-03T11:22:55.057302
2025-08-03,135741,2025080304002338,RADHI,Secured Securities Ltd.,Nagarik Stock Dealer ,100,827.0,82700.0,2025-08-03T11:22:55.057599
2025-08-03,135710,2025080304002350,RADHI,Roadshow securities limited,Capital Max Securities Ltd,400,827.0,330800.0,2025-08-03T11:22:58.133656
2025-08-03,134843,2025080304002471,RADHI,Naasa Securities Co. Ltd.,Aryatara Investment & Securities,10,827.9,8279.0,2025-08-03T11:23:48.486435
2025-08-03,134822,2025080304002476,RADHI,Dipshikha Dhitopatra Karobar Co. Pvt Ltd.,Kumari Securities Private Limited,50,827.0,41350.0,2025-08-03T11:23:49.722667
2025-08-03,134821,2025080304002477,RADHI,Sipla Securities Private Limited,Kumari Securities Private Limited,10,827.0,8270.0,2025-08-03T11:23:49.722816
2025-08-03,134820,2025080304002478,RADHI,Naasa Securities Co. Ltd.,Kumari Securities Private Limited,40,825.0,33000.0,2025-08-03T11:23:49.72288
2025-08-03,134528,2025080304002535,RADHI,Trishakti Securities Public Limited,Naasa Securities Co. Ltd.,10,827.0,8270.0,2025-08-03T11:24:10.8646
2025-08-03,134527,2025080304002536,RADHI,Trishakti Securities Public Limited,Aryatara Investment & Securities,190,827.9,157301.0,2025-08-03T11:24:10.864643
2025-08-03,134386,2025080304002561,RADHI,Naasa Securities Co. Ltd.,Trishakti Securities Public Limited,57,825.0,47025.0,2025-08-03T11:24:20.944668
2025-08-03,134385,2025080304002562,RADHI,Vision Securities Pvt. Ltd,Trishakti Securities Public Limited,43,825.0,35475.0,2025-08-03T11:24:20.944845
2025-08-03,134273,2025080304002585,RADHI,Vision Securities Pvt. Ltd,Capital Max Securities Ltd,147,825.0,121275.0,2025-08-03T11:24:31.947878
2025-08-03,134127,2025080304002607,RADHI,Naasa Securities Co. Ltd.,Capital Max Securities Ltd,50,825.0,41250.0,2025-08-03T11:24:41.359642
2025-08-03,132832,2025080304002834,RADHI,Arun Securities (PVT) Ltd.,Aryatara Investment & Securities,10,827.7,8277.0,2025-08-03T11:26:13.717588
2025-08-03,130465,2025080304003181,RADHI,Investment Management Nepal Pvt. Ltd.,Nepal Stock House (PVT) Ltd.,100,825.0,82500.0,2025-08-03T11:29:24.266867
2025-08-03,130464,2025080304003182,RADHI,Prabhu Stock Market Limited,Nepal Stock House (PVT) Ltd.,100,825.0,82500.0,2025-08-03T11:29:24.267181
2025-08-03,129854,2025080304003268,RADHI,Sri Hari Securities Pvt. Ltd.,Dipshikha Dhitopatra Karobar Co. Pvt Ltd.,400,826.2,330480.0,2025-08-03T11:30:29.760771
2025-08-03,129692,2025080304003297,RADHI,Malla & Malla Stock Broking Company Pvt. Limited,Investment Management Nepal Pvt. Ltd.,300,827.0,248100.0,2025-08-03T11:30:47.61082
2025-08-03,129684,2025080304003298,RADHI,Malla & Malla Stock Broking Company Pvt. Limited,Dipshikha Dhitopatra Karobar Co. Pvt Ltd.,100,827.0,82700.0,2025-08-03T11:30:48.745565
2025-08-03,129629,2025080304003321,RADHI,Prabhu Stock Market Limited,Dipshikha Dhitopatra Karobar Co. Pvt Ltd.,300,827.0,248100.0,2025-08-03T11:30:55.824386
2025-08-03,129298,2025080304003388,RADHI,Prabhu Stock Market Limited,Nepal Stock House (PVT) Ltd.,100,827.0,82700.0,2025-08-03T11:31:34.656104
2025-08-03,129186,2025080304003402,RADHI,Prabhu Stock Market Limited,Aryatara Investment & Securities,500,827.0,413500.0,2025-08-03T11:31:45.340779
2025-08-03,127991,2025080304003589,RADHI,Dipshikha Dhitopatra Karobar Co. Pvt Ltd.,Sagarmatha Securities Private Limited,20,825.0,16500.0,2025-08-03T11:33:33.255034
2025-08-03,127990,2025080304003590,RADHI,Aryatara Investment & Securities,Sagarmatha Securities Private Limited,50,825.0,41250.0,2025-08-03T11:33:33.255204
2025-08-03,127989,2025080304003591,RADHI,Vision Securities Pvt. Ltd,Sagarmatha Securities Private Limited,430,824.0,354320.0,2025-08-03T11:33:33.25528
2025-08-03,127954,2025080304003596,RADHI,Vision Securities Pvt. Ltd,Trisul Securities & Invt. Ltd.,70,824.0,57680.0,2025-08-03T11:33:36.081587
2025-08-03,127953,2025080304003597,RADHI,Bhrikuti Stock Broking Co. Pvt. Ltd.,Trisul Securities & Invt. Ltd.,50,822.0,41100.0,2025-08-03T11:33:36.081665
2025-08-03,127952,2025080304003598,RADHI,Midas Stock Broking Company Private Limited,Trisul Securities & Invt. Ltd.,40,821.0,32840.0,2025-08-03T11:33:36.081696
2025-08-03,127951,2025080304003599,RADHI,Agrawal Securities (PVT) Ltd.,Trisul Securities & Invt. Ltd.,300,820.1,246030.0,2025-08-03T11:33:36.081723
2025-08-03,127950,2025080304003600,RADHI,Sharepro Securities Private Limited,Trisul Securities & Invt. Ltd.,100,820.0,82000.0,2025-08-03T11:33:36.081754
2025-08-03,127949,2025080304003601,RADHI,J.F. Securites (PVT) Ltd.,Trisul Securities & Invt. Ltd.,150,820.0,123000.0,2025-08-03T11:33:36.081781
2025-08-03,127948,2025080304003602,RADHI,Naasa Securities Co. Ltd.,Trisul Securities & Invt. Ltd.,1000,819.5,819500.0,2025-08-03T11:33:36.081822
2025-08-03,127947,2025080304003603,RADHI,Dakshinkali Investment & Securities Pvt. Ltd.,Trisul Securities & Invt. Ltd.,290,819.2,237568.0,2025-08-03T11:33:36.081847
2025-08-03,126108,2025080304003975,RADHI,Dakshinkali Investment & Securities Pvt. Ltd.,Kalika Securities Pvt. Ltd.,10,819.2,8192.0,2025-08-03T11:35:27.070688
2025-08-03,125801,2025080304004056,RADHI,Imperial Securities Company Pvt. Ltd.,Sani Securities Company Ltd.,4,805.0,3220.0,2025-08-03T11:35:49.187375
2025-08-03,125776,2025080304004060,RADHI,Investment Management Nepal Pvt. Ltd.,Kalika Securities Pvt. Ltd.,25,819.2,20480.0,2025-08-03T11:35:51.359843
2025-08-03,125432,2025080304004117,RADHI,Vision Securities Pvt. Ltd,Prabhu Stock Market Limited,400,819.0,327600.0,2025-08-03T11:36:18.653467
2025-08-03,125228,2025080304004147,RADHI,Siprabi Securities Pvt. Ltd.,Kalika Securities Pvt. Ltd.,35,819.2,28672.0,2025-08-03T11:36:30.625052
2025-08-03,125227,2025080304004148,RADHI,Siprabi Securities Pvt. Ltd.,Sani Securities Company Ltd.,15,820.0,12300.0,2025-08-03T11:36:30.625292
2025-08-03,125048,2025080304004177,RADHI,Vision Securities Pvt. Ltd,SUN SECURITIES PVT LTD,100,819.0,81900.0,2025-08-03T11:36:43.904156
2025-08-03,124970,2025080304004183,RADHI,Imperial Securities Company Pvt. Ltd.,SUN SECURITIES PVT LTD,400,819.0,327600.0,2025-08-03T11:36:51.498088
2025-08-03,124969,2025080304004184,RADHI,Imperial Securities Company Pvt. Ltd.,Sani Securities Company Ltd.,198,820.0,162360.0,2025-08-03T11:36:51.498528
2025-08-03,122825,2025080304004492,RADHI,Sweta Securities Private Limited,Sharepro Securities Private Limited,50,818.3,40915.0,2025-08-03T11:40:00.700627
2025-08-03,122211,2025080304004572,RADHI,Malla & Malla Stock Broking Company Pvt. Limited,Imperial Securities Company Pvt. Ltd.,100,818.2,81820.0,2025-08-03T11:40:49.552159
2025-08-03,122210,2025080304004573,RADHI,SUN SECURITIES PVT LTD,Imperial Securities Company Pvt. Ltd.,1000,818.2,818200.0,2025-08-03T11:40:49.552379
2025-08-03,122209,2025080304004574,RADHI,Property Wiard Limited,Imperial Securities Company Pvt. Ltd.,900,818.0,736200.0,2025-08-03T11:40:49.55247
2025-08-03,122080,2025080304004590,RADHI,Property Wiard Limited,Malla & Malla Stock Broking Company Pvt. Limited,11,818.0,8998.0,2025-08-03T11:41:04.722636
2025-08-03,121906,2025080304004621,RADHI,Property Wiard Limited,Beni Securities Pvt.Ltd.,89,818.0,72802.0,2025-08-03T11:41:21.913235
2025-08-03,121905,2025080304004622,RADHI,Thrive Brokerage House Pvt. Ltd,Beni Securities Pvt.Ltd.,100,818.0,81800.0,2025-08-03T11:41:21.91343
2025-08-03,121904,2025080304004623,RADHI,Malla & Malla Stock Broking Company Pvt. Limited,Beni Securities Pvt.Ltd.,200,817.2,163440.0,2025-08-03T11:41:21.913548
2025-08-03,121903,2025080304004624,RADHI,Shree Krishna Securities Ltd.,Beni Securities Pvt.Ltd.,50,817.1,40855.0,2025-08-03T11:41:21.913664
2025-08-03,121902,2025080304004625,RADHI,Siprabi Securities Pvt. Ltd.,Beni Securities Pvt.Ltd.,100,817.0,81700.0,2025-08-03T11:41:21.913752
2025-08-03,121901,2025080304004626,RADHI,Sumeru Securities Pvt. Ltd.,Beni Securities Pvt.Ltd.,50,817.0,40850.0,2025-08-03T11:41:21.913837
2025-08-03,121900,2025080304004627,RADHI,N.M.B. SECURITIES LIMITED,Beni Securities Pvt.Ltd.,100,817.0,81700.0,2025-08-03T11:41:21.913927
2025-08-03,121736,2025080304004667,RADHI,Nepal Investment And Securities Trading Private Limited,Beni Securities Pvt.Ltd.,11,816.6,8982.6,2025-08-03T11:41:33.943245
2025-08-03,120467,2025080304004813,RADHI,Arun Securities (PVT) Ltd.,Dipshikha Dhitopatra Karobar Co. Pvt Ltd.,165,817.0,134805.0,2025-08-03T11:43:26.506663
2025-08-03,120466,2025080304004814,RADHI,Nepal Investment And Securities Trading Private Limited,Dipshikha Dhitopatra Karobar Co. Pvt Ltd.,85,816.6,69411.0,2025-08-03T11:43:26.50704
2025-08-03,119956,2025080304004867,RADHI,Nepal Investment And Securities Trading Private Limited,Neev Securities Pvt. Ltd.,50,819.0,40950.0,2025-08-03T11:44:17.772381
2025-08-03,119633,2025080304004910,RADHI,SUN SECURITIES PVT LTD,SUN SECURITIES PVT LTD,50,817.5,40875.0,2025-08-03T11:44:53.873372
2025-08-03,119632,2025080304004911,RADHI,Naasa Securities Co. Ltd.,SUN SECURITIES PVT LTD,20,817.0,16340.0,2025-08-03T11:44:53.873594
2025-08-03,119206,2025080304004960,RADHI,Naasa Securities Co. Ltd.,Trishakti Securities Public Limited,200,817.0,163400.0,2025-08-03T11:45:30.983847
2025-08-03,119109,2025080304004974,RADHI,Naasa Securities Co. Ltd.,Aryatara Investment & Securities,20,817.0,16340.0,2025-08-03T11:45:41.793338
2025-08-03,118530,2025080304005059,RADHI,Naasa Securities Co. Ltd.,Sewa Securities Pvt. Ltd.,17,817.0,13889.0,2025-08-03T11:46:33.917085
2025-08-03,117252,2025080304005189,RADHI,Naasa Securities Co. Ltd.,Neev Securities Pvt. Ltd.,143,817.0,116831.0,2025-08-03T11:48:25.700668
2025-08-03,117251,2025080304005190,RADHI,Sumeru Securities Pvt. Ltd.,Neev Securities Pvt. Ltd.,57,817.0,46569.0,2025-08-03T11:48:25.700877
2025-08-03,116779,2025080304005258,RADHI,Sumeru Securities Pvt. Ltd.,Siprabi Securities Pvt. Ltd.,50,817.0,40850.0,2025-08-03T11:49:14.056772
2025-08-03,116618,2025080304005280,RADHI,Sumeru Securities Pvt. Ltd.,Asian Securities Private Ltd.,100,817.0,81700.0,2025-08-03T11:49:30.360069
2025-08-03,116571,2025080304005286,RADHI,Sumeru Securities Pvt. Ltd.,Nepal Stock House (PVT) Ltd.,100,817.0,81700.0,2025-08-03T11:49:36.189274
2025-08-03,116496,2025080304005304,RADHI,Sumeru Securities Pvt. Ltd.,Sundhara Securities Limited,104,817.0,84968.0,2025-08-03T11:49:42.645929
2025-08-03,115699,2025080304005422,RADHI,Vision Securities Pvt. Ltd,Aakashbhairab Securities Ltd.,230,818.0,188140.0,2025-08-03T11:50:51.613065
2025-08-03,115619,2025080304005435,RADHI,Vision Securities Pvt. Ltd,Naasa Securities Co. Ltd.,50,818.0,40900.0,2025-08-03T11:50:58.507424
2025-08-03,115525,2025080304005443,RADHI,Vision Securities Pvt. Ltd,Aryatara Investment & Securities,10,818.0,8180.0,2025-08-03T11:51:05.842928
2025-08-03,115297,2025080304005483,RADHI,Sumeru Securities Pvt. Ltd.,Sani Securities Company Ltd.,66,818.9,54047.4,2025-08-03T11:51:28.599709
2025-08-03,115296,2025080304005484,RADHI,Sumeru Securities Pvt. Ltd.,Trishakti Securities Public Limited,23,819.0,18837.0,2025-08-03T11:51:28.600109
2025-08-03,115199,2025080304005502,RADHI,Sunrise Securities Limited,Trishakti Securities Public Limited,60,819.0,49140.0,2025-08-03T11:51:38.233935
2025-08-03,115198,2025080304005503,RADHI,Sunrise Securities Limited,Aryatara Investment & Securities,120,820.0,98400.0,2025-08-03T11:51:38.234177
2025-08-03,115197,2025080304005504,RADHI,Sunrise Securities Limited,Midas Stock Broking Company Private Limited,27,820.0,22140.0,2025-08-03T11:51:38.234333
2025-08-03,115196,2025080304005505,RADHI,Sunrise Securities Limited,Neev Securities Pvt. Ltd.,793,820.0,650260.0,2025-08-03T11:51:38.234427
2025-08-03,115069,2025080304005542,RADHI,Aryatara Investment & Securities,Neev Securities Pvt. Ltd.,207,820.0,169740.0,2025-08-03T11:51:52.528146
2025-08-03,115068,2025080304005543,RADHI,Aryatara Investment & Securities,Agrawal Securities (PVT) Ltd.,85,820.0,69700.0,2025-08-03T11:51:52.528388
2025-08-03,115067,2025080304005544,RADHI,Aryatara Investment & Securities,ABC Securities Private Limited,208,820.0,170560.0,2025-08-03T11:51:52.528521
2025-08-03,115009,2025080304005550,RADHI,Vision Securities Pvt. Ltd,Primo Securities (PVT) Ltd.,15,818.0,12270.0,2025-08-03T11:51:59.420557
2025-08-03,114388,2025080304005635,RADHI,Kumari Securities Private Limited,Imperial Securities Company Pvt. Ltd.,13,818.1,10635.3,2025-08-03T11:52:53.181033
2025-08-03,114281,2025080304005648,RADHI,Nepal Investment And Securities Trading Private Limited,Midas Stock Broking Company Private Limited,30,819.0,24570.0,2025-08-03T11:53:03.722881
2025-08-03,114136,2025080304005670,RADHI,Online Securities Pvt. Ltd.,Midas Stock Broking Company Private Limited,70,819.0,57330.0,2025-08-03T11:53:17.149522
2025-08-03,114135,2025080304005671,RADHI,Online Securities Pvt. Ltd.,ABC Securities Private Limited,102,820.0,83640.0,2025-08-03T11:53:17.149758
2025-08-03,114134,2025080304005672,RADHI,Online Securities Pvt. Ltd.,Sundhara Securities Limited,20,820.0,16400.0,2025-08-03T11:53:17.149848
2025-08-03,113828,2025080304005706,RADHI,Online Securities Pvt. Ltd.,Cristal Kanchanjanga Securites Pvt. Ltd.,20,820.0,16400.0,2025-08-03T11:53:43.946122
2025-08-03,113510,2025080304005780,RADHI,Online Securities Pvt. Ltd.,Cristal Kanchanjanga Securites Pvt. Ltd.,10,820.0,8200.0,2025-08-03T11:54:09.076923
2025-08-03,113299,2025080304005810,RADHI,Vision Securities Pvt. Ltd,Investment Management Nepal Pvt. Ltd.,195,821.0,160095.0,2025-08-03T11:54:29.798028
2025-08-03,113115,2025080304005857,RADHI,Sundhara Securities Limited,Sundhara Securities Limited,20,821.0,16420.0,2025-08-03T11:54:45.739855
2025-08-03,113114,2025080304005858,RADHI,Sundhara Securities Limited,Kumari Securities Private Limited,100,821.0,82100.0,2025-08-03T11:54:45.740059
2025-08-03,112893,2025080304005896,RADHI,Property Wiard Limited,Agrawal Securities (PVT) Ltd.,145,823.0,119335.0,2025-08-03T11:55:09.094527
2025-08-03,112892,2025080304005897,RADHI,Property Wiard Limited,Deevyaa Securities & Stock House Pvt. Ltd,100,823.1,82310.0,2025-08-03T11:55:09.094585
2025-08-03,112891,2025080304005898,RADHI,Property Wiard Limited,Imperial Securities Company Pvt. Ltd.,55,824.0,45320.0,2025-08-03T11:55:09.094652
2025-08-03,112753,2025080304005907,RADHI,KALASH STOCK MARKET PVT. LTD.,Imperial Securities Company Pvt. Ltd.,138,824.0,113712.0,2025-08-03T11:55:18.590551
2025-08-03,112752,2025080304005908,RADHI,KALASH STOCK MARKET PVT. LTD.,Ashutosh Brokerage & Securities (PVT) Ltd.,100,824.9,82490.0,2025-08-03T11:55:18.59065
2025-08-03,112751,2025080304005909,RADHI,KALASH STOCK MARKET PVT. LTD.,Citizens Share Broker Limited,200,825.0,165000.0,2025-08-03T11:55:18.590682
2025-08-03,112750,2025080304005910,RADHI,KALASH STOCK MARKET PVT. LTD.,Dipshikha Dhitopatra Karobar Co. Pvt Ltd.,100,825.0,82500.0,2025-08-03T11:55:18.590707
2025-08-03,112749,2025080304005911,RADHI,KALASH STOCK MARKET PVT. LTD.,Vision Securities Pvt. Ltd,462,825.0,381150.0,2025-08-03T11:55:18.59073
2025-08-03,111782,2025080304006053,RADHI,Property Wiard Limited,Nepal Stock House (PVT) Ltd.,20,822.0,16440.0,2025-08-03T11:56:44.096658
2025-08-03,111140,2025080304006151,RADHI,Online Securities Pvt. Ltd.,Sewa Securities Pvt. Ltd.,50,824.0,41200.0,2025-08-03T11:57:48.122329
2025-08-03,111139,2025080304006152,RADHI,Online Securities Pvt. Ltd.,Imperial Securities Company Pvt. Ltd.,100,825.0,82500.0,2025-08-03T11:57:48.122375
2025-08-03,111138,2025080304006153,RADHI,Online Securities Pvt. Ltd.,Investment Management Nepal Pvt. Ltd.,500,826.0,413000.0,2025-08-03T11:57:48.122405
2025-08-03,111137,2025080304006154,RADHI,Online Securities Pvt. Ltd.,Sagarmatha Securities Private Limited,350,827.9,289765.0,2025-08-03T11:57:48.122433
2025-08-03,110850,2025080304006223,RADHI,Imperial Securities Company Pvt. Ltd.,Naasa Securities Co. Ltd.,9,816.0,7344.0,2025-08-03T11:58:21.592829
2025-08-03,110743,2025080304006247,RADHI,Property Wiard Limited,Neev Securities Pvt. Ltd.,50,827.0,41350.0,2025-08-03T11:58:32.677621
2025-08-03,110742,2025080304006248,RADHI,Property Wiard Limited,Sagarmatha Securities Private Limited,130,827.9,107627.0,2025-08-03T11:58:32.677881
2025-08-03,110594,2025080304006259,RADHI,Imperial Securities Company Pvt. Ltd.,Imperial Securities Company Pvt. Ltd.,6,817.0,4902.0,2025-08-03T11:58:49.136792
2025-08-03,110281,2025080304006314,RADHI,Imperial Securities Company Pvt. Ltd.,Market Securities & Exchange (PVT) Ltd.,1,815.0,815.0,2025-08-03T11:59:19.552977
2025-08-03,110055,2025080304006331,RADHI,Nepal Investment And Securities Trading Private Limited,Online Securities Pvt. Ltd.,4,816.6,3266.4,2025-08-03T11:59:37.782191
2025-08-03,109996,2025080304006349,RADHI,Imperial Securities Company Pvt. Ltd.,Cristal Kanchanjanga Securites Pvt. Ltd.,2,818.0,1636.0,2025-08-03T11:59:42.910546
2025-08-03,109880,2025080304006366,RADHI,Imperial Securities Company Pvt. Ltd.,Imperial Securities Company Pvt. Ltd.,3,818.0,2454.0,2025-08-03T11:59:53.022593
2025-08-03,109755,2025080304006383,RADHI,KALASH STOCK MARKET PVT. LTD.,Investment Management Nepal Pvt. Ltd.,100,828.0,82800.0,2025-08-03T12:00:05.940613
2025-08-03,109754,2025080304006384,RADHI,KALASH STOCK MARKET PVT. LTD.,Kumari Securities Private Limited,22,828.0,18216.0,2025-08-03T12:00:05.940705
2025-08-03,109753,2025080304006385,RADHI,KALASH STOCK MARKET PVT. LTD.,Oxford Securities Pvt. Ltd.,50,828.0,41400.0,2025-08-03T12:00:05.940802
2025-08-03,109752,2025080304006386,RADHI,KALASH STOCK MARKET PVT. LTD.,Imperial Securities Company Pvt. Ltd.,900,828.9,746010.0,2025-08-03T12:00:05.940886
2025-08-03,109751,2025080304006387,RADHI,KALASH STOCK MARKET PVT. LTD.,Asian Securities Private Ltd.,300,829.8,248940.0,2025-08-03T12:00:05.940962
2025-08-03,109750,2025080304006388,RADHI,KALASH STOCK MARKET PVT. LTD.,Agrawal Securities (PVT) Ltd.,100,829.9,82990.0,2025-08-03T12:00:05.941033
2025-08-03,109749,2025080304006389,RADHI,KALASH STOCK MARKET PVT. LTD.,Neev Securities Pvt. Ltd.,528,829.9,438187.2,2025-08-03T12:00:05.941106
2025-08-03,109711,2025080304006395,RADHI,Imperial Securities Company Pvt. Ltd.,Kohinoor Investment & Securities Pvt. Ltd.,6,818.6,4911.6,2025-08-03T12:00:10.256064
2025-08-03,108948,2025080304006503,RADHI,Vision Securities Pvt. Ltd,Neev Securities Pvt. Ltd.,50,828.9,41445.0,2025-08-03T12:01:24.095419
2025-08-03,108947,2025080304006504,RADHI,Vision Securities Pvt. Ltd,Imperial Securities Company Pvt. Ltd.,450,828.9,373005.0,2025-08-03T12:01:24.095834
2025-08-03,108683,2025080304006527,RADHI,Imperial Securities Company Pvt. Ltd.,Online Securities Pvt. Ltd.,2,818.0,1636.0,2025-08-03T12:01:47.853198
2025-08-03,108677,2025080304006529,RADHI,Prabhu Stock Market Limited,Naasa Securities Co. Ltd.,33,825.1,27228.3,2025-08-03T12:01:48.386131
2025-08-03,108600,2025080304006540,RADHI,Imperial Securities Company Pvt. Ltd.,Imperial Securities Company Pvt. Ltd.,4,819.0,3276.0,2025-08-03T12:01:57.240165
2025-08-03,108445,2025080304006557,RADHI,Sri Hari Securities Pvt. Ltd.,Imperial Securities Company Pvt. Ltd.,650,828.9,538785.0,2025-08-03T12:02:10.500925
2025-08-03,108444,2025080304006558,RADHI,Sri Hari Securities Pvt. Ltd.,Oxford Securities Pvt. Ltd.,10,828.9,8289.0,2025-08-03T12:02:10.501362
2025-08-03,108443,2025080304006559,RADHI,Sri Hari Securities Pvt. Ltd.,Imperial Securities Company Pvt. Ltd.,340,829.8,282132.0,2025-08-03T12:02:10.50162
2025-08-03,108427,2025080304006562,RADHI,Imperial Securities Company Pvt. Ltd.,Neev Securities Pvt. Ltd.,1,815.0,815.0,2025-08-03T12:02:11.498511
2025-08-03,107590,2025080304006703,RADHI,Linch Stock Market Ltd.,Swarna Laxmi Securities Pvt. Ltd.,100,828.6,82860.0,2025-08-03T12:03:25.406378
2025-08-03,107453,2025080304006730,RADHI,Imperial Securities Company Pvt. Ltd.,Bhrikuti Stock Broking Co. Pvt. Ltd.,2,814.0,1628.0,2025-08-03T12:03:42.220099
2025-08-03,107404,2025080304006735,RADHI,Secured Securities Ltd.,Naasa Securities Co. Ltd.,14,829.0,11606.0,2025-08-03T12:03:48.319049
2025-08-03,107403,2025080304006736,RADHI,Secured Securities Ltd.,Nepal Investment And Securities Trading Private Limited,100,829.6,82960.0,2025-08-03T12:03:48.319094
2025-08-03,107402,2025080304006737,RADHI,Secured Securities Ltd.,Arun Securities (PVT) Ltd.,1886,829.7,1564814.2,2025-08-03T12:03:48.31912
2025-08-03,107073,2025080304006799,RADHI,Secured Securities Ltd.,Arun Securities (PVT) Ltd.,200,829.7,165940.0,2025-08-03T12:04:18.513194
2025-08-03,106705,2025080304006872,RADHI,Secured Securities Ltd.,Arun Securities (PVT) Ltd.,90,829.7,74673.0,2025-08-03T12:04:58.004521
2025-08-03,106659,2025080304006879,RADHI,Aryatara Investment & Securities,Neev Securities Pvt. Ltd.,500,829.6,414800.0,2025-08-03T12:05:04.698101
2025-08-03,106521,2025080304006915,RADHI,Trisul Securities & Invt. Ltd.,Naasa Securities Co. Ltd.,200,829.0,165800.0,2025-08-03T12:05:18.615694
2025-08-03,106024,2025080304007007,RADHI,Asian Securities Private Ltd.,Ashutosh Brokerage & Securities (PVT) Ltd.,10,829.5,8295.0,2025-08-03T12:06:11.11071
2025-08-03,105676,2025080304007075,RADHI,Vision Securities Pvt. Ltd,Naasa Securities Co. Ltd.,200,829.0,165800.0,2025-08-03T12:06:52.973798
2025-08-03,105532,2025080304007114,RADHI,Imperial Securities Company Pvt. Ltd.,Investment Management Nepal Pvt. Ltd.,5,821.0,4105.0,2025-08-03T12:07:09.368178
2025-08-03,105462,2025080304007126,RADHI,Miyo Securities Pvt Ltd,Thrive Brokerage House Pvt. Ltd,100,829.0,82900.0,2025-08-03T12:07:18.813518
2025-08-03,105398,2025080304007143,RADHI,Imperial Securities Company Pvt. Ltd.,Sani Securities Company Ltd.,3,820.0,2460.0,2025-08-03T12:07:27.743949
2025-08-03,105358,2025080304007152,RADHI,APPLE SECURITIES PRIVATE LIMITED,Ashutosh Brokerage & Securities (PVT) Ltd.,90,829.5,74655.0,2025-08-03T12:07:31.909704
2025-08-03,105357,2025080304007153,RADHI,APPLE SECURITIES PRIVATE LIMITED,Neev Securities Pvt. Ltd.,500,829.6,414800.0,2025-08-03T12:07:31.909953
2025-08-03,105356,2025080304007154,RADHI,APPLE SECURITIES PRIVATE LIMITED,Arun Securities (PVT) Ltd.,524,829.7,434762.8,2025-08-03T12:07:31.91006
2025-08-03,105355,2025080304007155,RADHI,APPLE SECURITIES PRIVATE LIMITED,Oxford Securities Pvt. Ltd.,10,829.7,8297.0,2025-08-03T12:07:31.910151
2025-08-03,105354,2025080304007156,RADHI,APPLE SECURITIES PRIVATE LIMITED,Arun Securities (PVT) Ltd.,3876,829.7,3215917.2,2025-08-03T12:07:31.910238
2025-08-03,105296,2025080304007163,RADHI,Imperial Securities Company Pvt. Ltd.,Imperial Securities Company Pvt. Ltd.,1,819.0,819.0,2025-08-03T12:07:37.960835
2025-08-03,105196,2025080304007189,RADHI,Aryatara Investment & Securities,Arun Securities (PVT) Ltd.,362,829.7,300351.4,2025-08-03T12:07:51.359992
2025-08-03,105195,2025080304007190,RADHI,Aryatara Investment & Securities,Imperial Securities Company Pvt. Ltd.,140,829.8,116172.0,2025-08-03T12:07:51.360217
2025-08-03,105194,2025080304007191,RADHI,Aryatara Investment & Securities,Imperial Securities Company Pvt. Ltd.,100,830.0,83000.0,2025-08-03T12:07:51.360305
2025-08-03,105193,2025080304007192,RADHI,Aryatara Investment & Securities,Kumari Securities Private Limited,20,830.0,16600.0,2025-08-03T12:07:51.360397
2025-08-03,105192,2025080304007193,RADHI,Aryatara Investment & Securities,Online Securities Pvt. Ltd.,13,830.0,10790.0,2025-08-03T12:07:51.360482
2025-08-03,105191,2025080304007194,RADHI,Aryatara Investment & Securities,Deevyaa Securities & Stock House Pvt. Ltd,75,830.0,62250.0,2025-08-03T12:07:51.360573
2025-08-03,105190,2025080304007195,RADHI,Aryatara Investment & Securities,SUN SECURITIES PVT LTD,100,830.0,83000.0,2025-08-03T12:07:51.360667
2025-08-03,105189,2025080304007196,RADHI,Aryatara Investment & Securities,Midas Stock Broking Company Private Limited,10,830.0,8300.0,2025-08-03T12:07:51.360748
2025-08-03,105188,2025080304007197,RADHI,Aryatara Investment & Securities,Cristal Kanchanjanga Securites Pvt. Ltd.,15,830.0,12450.0,2025-08-03T12:07:51.360829
2025-08-03,105187,2025080304007198,RADHI,Aryatara Investment & Securities,Kalika Securities Pvt. Ltd.,165,830.0,136950.0,2025-08-03T12:07:51.360911
2025-08-03,105104,2025080304007210,RADHI,Aryatara Investment & Securities,Kalika Securities Pvt. Ltd.,347,830.0,288010.0,2025-08-03T12:08:02.538944
2025-08-03,105103,2025080304007211,RADHI,Aryatara Investment & Securities,Sweta Securities Private Limited,100,830.0,83000.0,2025-08-03T12:08:02.539382
2025-08-03,105102,2025080304007212,RADHI,Aryatara Investment & Securities,Premier Securities Company Ltd.,273,830.0,226590.0,2025-08-03T12:08:02.539635
2025-08-03,105056,2025080304007228,RADHI,NIMB Stock Markets Limited,Premier Securities Company Ltd.,327,830.0,271410.0,2025-08-03T12:08:07.056245
2025-08-03,105055,2025080304007229,RADHI,NIMB Stock Markets Limited,ABC Securities Private Limited,200,830.0,166000.0,2025-08-03T12:08:07.05655
2025-08-03,105054,2025080304007230,RADHI,NIMB Stock Markets Limited,Online Securities Pvt. Ltd.,20,830.0,16600.0,2025-08-03T12:08:07.056668
2025-08-03,105053,2025080304007231,RADHI,NIMB Stock Markets Limited,Vision Securities Pvt. Ltd,195,830.0,161850.0,2025-08-03T12:08:07.056751
2025-08-03,105052,2025080304007232,RADHI,NIMB Stock Markets Limited,Neev Securities Pvt. Ltd.,50,830.0,41500.0,2025-08-03T12:08:07.056831
2025-08-03,105051,2025080304007233,RADHI,NIMB Stock Markets Limited,Midas Stock Broking Company Private Limited,200,830.0,166000.0,2025-08-03T12:08:07.056922
2025-08-03,105050,2025080304007234,RADHI,NIMB Stock Markets Limited,Sewa Securities Pvt. Ltd.,807,830.0,669810.0,2025-08-03T12:08:07.057019
2025-08-03,105049,2025080304007235,RADHI,NIMB Stock Markets Limited,Vision Securities Pvt. Ltd,500,830.0,415000.0,2025-08-03T12:08:07.057122
2025-08-03,105048,2025080304007236,RADHI,NIMB Stock Markets Limited,Trisul Securities & Invt. Ltd.,25,830.0,20750.0,2025-08-03T12:08:07.057217
2025-08-03,105047,2025080304007237,RADHI,NIMB Stock Markets Limited,Oxford Securities Pvt. Ltd.,10,830.0,8300.0,2025-08-03T12:08:07.057306
2025-08-03,104813,2025080304007292,RADHI,Asian Securities Private Ltd.,SHUBHAKAMANA SECURITIES PVT. LTD,60,832.0,49920.0,2025-08-03T12:08:35.593812
2025-08-03,104726,2025080304007320,RADHI,Magnet Securities and Investment Company Private Limited,SHUBHAKAMANA SECURITIES PVT. LTD,40,832.0,33280.0,2025-08-03T12:08:42.982398
2025-08-03,104725,2025080304007321,RADHI,Magnet Securities and Investment Company Private Limited,Sweta Securities Private Limited,16,832.0,13312.0,2025-08-03T12:08:42.982651
2025-08-03,104724,2025080304007322,RADHI,Magnet Securities and Investment Company Private Limited,Kumari Securities Private Limited,444,832.0,369408.0,2025-08-03T12:08:42.982733
2025-08-03,104341,2025080304007359,RADHI,Imperial Securities Company Pvt. Ltd.,Kumari Securities Private Limited,56,832.0,46592.0,2025-08-03T12:09:24.561508
2025-08-03,104340,2025080304007360,RADHI,Imperial Securities Company Pvt. Ltd.,Arun Securities (PVT) Ltd.,144,832.0,119808.0,2025-08-03T12:09:24.561747
2025-08-03,103609,2025080304007473,RADHI,Imperial Securities Company Pvt. Ltd.,Arun Securities (PVT) Ltd.,300,832.0,249600.0,2025-08-03T12:10:49.24166
2025-08-03,103288,2025080304007508,RADHI,Neev Securities Pvt. Ltd.,Cristal Kanchanjanga Securites Pvt. Ltd.,5,822.0,4110.0,2025-08-03T12:11:20.364157
2025-08-03,103160,2025080304007540,RADHI,Miyo Securities Pvt Ltd,Naasa Securities Co. Ltd.,100,830.0,83000.0,2025-08-03T12:11:37.25914
2025-08-03,103153,2025080304007541,RADHI,Miyo Securities Pvt Ltd,Online Securities Pvt. Ltd.,180,830.0,149400.0,2025-08-03T12:11:38.383733
2025-08-03,103025,2025080304007588,RADHI,Miyo Securities Pvt Ltd,Capital Max Securities Ltd,120,830.0,99600.0,2025-08-03T12:11:54.439777
2025-08-03,102697,2025080304007659,RADHI,Naasa Securities Co. Ltd.,Aryatara Investment & Securities,15,829.2,12438.0,2025-08-03T12:12:38.009584
2025-08-03,102696,2025080304007660,RADHI,Nepal Stock House (PVT) Ltd.,Aryatara Investment & Securities,35,829.1,29018.5,2025-08-03T12:12:38.00981
2025-08-03,102505,2025080304007725,RADHI,Nepal Stock House (PVT) Ltd.,Trisul Securities & Invt. Ltd.,65,829.1,53891.5,2025-08-03T12:13:04.050877
2025-08-03,101311,2025080304007922,RADHI,Prabhu Stock Market Limited,Capital Max Securities Ltd,183,827.0,151341.0,2025-08-03T12:15:37.83686
2025-08-03,101193,2025080304007952,RADHI,Prabhu Stock Market Limited,Trisul Securities & Invt. Ltd.,317,827.0,262159.0,2025-08-03T12:15:54.135656
2025-08-03,101074,2025080304007980,RADHI,Premier Securities Company Ltd.,Trisul Securities & Invt. Ltd.,100,828.0,82800.0,2025-08-03T12:16:13.238184
2025-08-03,100448,2025080304008081,RADHI,Pragyan Securities (PVT) Ltd.,Asian Securities Private Ltd.,10,826.6,8266.0,2025-08-03T12:17:32.940672
2025-08-03,99964,2025080304008157,RADHI,Vision Securities Pvt. Ltd,Kohinoor Investment & Securities Pvt. Ltd.,500,828.0,414000.0,2025-08-03T12:18:30.987079
2025-08-03,99963,2025080304008158,RADHI,Vision Securities Pvt. Ltd,Ashutosh Brokerage & Securities (PVT) Ltd.,300,828.5,248550.0,2025-08-03T12:18:30.987421
2025-08-03,99962,2025080304008159,RADHI,Vision Securities Pvt. Ltd,Creative Securities Pvt Ltd,700,828.6,580020.0,2025-08-03T12:18:30.987529
2025-08-03,99937,2025080304008160,RADHI,Pragyan Securities (PVT) Ltd.,Trisul Securities & Invt. Ltd.,190,826.6,157054.0,2025-08-03T12:18:33.098256
2025-08-03,99936,2025080304008161,RADHI,Agrawal Securities (PVT) Ltd.,Trisul Securities & Invt. Ltd.,310,826.5,256215.0,2025-08-03T12:18:33.098502
2025-08-03,99846,2025080304008170,RADHI,Agrawal Securities (PVT) Ltd.,Kumari Securities Private Limited,90,826.5,74385.0,2025-08-03T12:18:48.738034
2025-08-03,99845,2025080304008171,RADHI,Kalika Securities Pvt. Ltd.,Kumari Securities Private Limited,10,826.5,8265.0,2025-08-03T12:18:48.738365
2025-08-03,99745,2025080304008194,RADHI,Naasa Securities Co. Ltd.,Investment Management Nepal Pvt. Ltd.,15,826.4,12396.0,2025-08-03T12:19:03.824572
2025-08-03,99744,2025080304008195,RADHI,Prabhu Stock Market Limited,Investment Management Nepal Pvt. Ltd.,467,825.3,385415.1,2025-08-03T12:19:03.82505
2025-08-03,99743,2025080304008196,RADHI,Sundhara Securities Limited,Investment Management Nepal Pvt. Ltd.,318,825.3,262445.4,2025-08-03T12:19:03.82537
2025-08-03,99558,2025080304008215,RADHI,Sundhara Securities Limited,Trisul Securities & Invt. Ltd.,182,825.3,150204.6,2025-08-03T12:19:24.404599
2025-08-03,99557,2025080304008216,RADHI,Dakshinkali Investment & Securities Pvt. Ltd.,Trisul Securities & Invt. Ltd.,500,825.0,412500.0,2025-08-03T12:19:24.404845
2025-08-03,99556,2025080304008217,RADHI,Naasa Securities Co. Ltd.,Trisul Securities & Invt. Ltd.,96,825.0,79200.0,2025-08-03T12:19:24.404936
2025-08-03,99534,2025080304008225,RADHI,MILKY WAY SHARE BROKER COMPANY LTD ,ABC Securities Private Limited,17,825.0,14025.0,2025-08-03T12:19:26.503236
2025-08-03,99140,2025080304008318,RADHI,Thrive Brokerage House Pvt. Ltd,Sani Securities Company Ltd.,76,825.1,62707.6,2025-08-03T12:20:13.575964
2025-08-03,99139,2025080304008319,RADHI,MILKY WAY SHARE BROKER COMPANY LTD ,Sani Securities Company Ltd.,24,825.0,19800.0,2025-08-03T12:20:13.576217
2025-08-03,99024,2025080304008341,RADHI,MILKY WAY SHARE BROKER COMPANY LTD ,Investment Management Nepal Pvt. Ltd.,59,825.0,48675.0,2025-08-03T12:20:23.17747
2025-08-03,99023,2025080304008342,RADHI,Sani Securities Company Ltd.,Investment Management Nepal Pvt. Ltd.,591,825.0,487575.0,2025-08-03T12:20:23.177695
2025-08-03,98497,2025080304008406,RADHI,Midas Stock Broking Company Private Limited,Naasa Securities Co. Ltd.,13,824.0,10712.0,2025-08-03T12:21:17.134948
2025-08-03,97938,2025080304008481,RADHI,Nepal Stock House (PVT) Ltd.,Imperial Securities Company Pvt. Ltd.,100,825.0,82500.0,2025-08-03T12:22:08.258113
2025-08-03,97937,2025080304008482,RADHI,Nepal Stock House (PVT) Ltd.,Trishakti Securities Public Limited,1000,825.0,825000.0,2025-08-03T12:22:08.258391
2025-08-03,95923,2025080304008805,RADHI,Neev Securities Pvt. Ltd.,Kumari Securities Private Limited,100,825.0,82500.0,2025-08-03T12:26:01.168078
2025-08-03,95365,2025080304008883,RADHI,Pragyan Securities (PVT) Ltd.,Kumari Securities Private Limited,50,825.0,41250.0,2025-08-03T12:27:09.670705
2025-08-03,95000,2025080304008953,RADHI,Naasa Securities Co. Ltd.,Oxford Securities Pvt. Ltd.,10,825.0,8250.0,2025-08-03T12:27:51.721777
2025-08-03,94999,2025080304008954,RADHI,Naasa Securities Co. Ltd.,Miyo Securities Pvt Ltd,136,825.0,112200.0,2025-08-03T12:27:51.722026
2025-08-03,94730,2025080304008996,RADHI,Naasa Securities Co. Ltd.,NIMB Stock Markets Limited,148,828.4,122603.2,2025-08-03T12:28:17.95148
2025-08-03,94729,2025080304008997,RADHI,Naasa Securities Co. Ltd.,Sani Securities Company Ltd.,52,828.5,43082.0,2025-08-03T12:28:17.951728
2025-08-03,94301,2025080304009045,RADHI,Naasa Securities Co. Ltd.,Naasa Securities Co. Ltd.,50,826.0,41300.0,2025-08-03T12:29:13.85212
2025-08-03,94156,2025080304009064,RADHI,Ashutosh Brokerage & Securities (PVT) Ltd.,Aryatara Investment & Securities,1,810.0,810.0,2025-08-03T12:29:32.299562
2025-08-03,93016,2025080304009211,RADHI,Nepal Stock House (PVT) Ltd.,Sani Securities Company Ltd.,100,826.8,82680.0,2025-08-03T12:31:37.708721
2025-08-03,93015,2025080304009212,RADHI,Neev Securities Pvt. Ltd.,Sani Securities Company Ltd.,500,826.5,413250.0,2025-08-03T12:31:37.708984
2025-08-03,93014,2025080304009213,RADHI,Naasa Securities Co. Ltd.,Sani Securities Company Ltd.,450,826.0,371700.0,2025-08-03T12:31:37.709087
2025-08-03,93013,2025080304009214,RADHI,Imperial Securities Company Pvt. Ltd.,Sani Securities Company Ltd.,50,826.0,41300.0,2025-08-03T12:31:37.709186
2025-08-03,93012,2025080304009215,RADHI,INDEX SECURITIES LIMITED,Sani Securities Company Ltd.,100,825.1,82510.0,2025-08-03T12:31:37.709302
2025-08-03,93011,2025080304009216,RADHI,Naasa Securities Co. Ltd.,Sani Securities Company Ltd.,300,825.0,247500.0,2025-08-03T12:31:37.709404
2025-08-03,91961,2025080304009385,RADHI,Naasa Securities Co. Ltd.,Sani Securities Company Ltd.,54,825.0,44550.0,2025-08-03T12:33:49.580249
2025-08-03,91960,2025080304009386,RADHI,Imperial Securities Company Pvt. Ltd.,Sani Securities Company Ltd.,50,824.0,41200.0,2025-08-03T12:33:49.58062
2025-08-03,91959,2025080304009387,RADHI,Ashutosh Brokerage & Securities (PVT) Ltd.,Sani Securities Company Ltd.,10,824.0,8240.0,2025-08-03T12:33:49.580759
2025-08-03,91958,2025080304009388,RADHI,Miyo Securities Pvt Ltd,Sani Securities Company Ltd.,100,824.0,82400.0,2025-08-03T12:33:49.580873
2025-08-03,91957,2025080304009389,RADHI,S.P.S.A. Securities Limited,Sani Securities Company Ltd.,200,824.0,164800.0,2025-08-03T12:33:49.581006
2025-08-03,91956,2025080304009390,RADHI,Dakshinkali Investment & Securities Pvt. Ltd.,Sani Securities Company Ltd.,500,823.0,411500.0,2025-08-03T12:33:49.581126
2025-08-03,91955,2025080304009391,RADHI,Nagarik Stock Dealer ,Sani Securities Company Ltd.,500,823.0,411500.0,2025-08-03T12:33:49.581237
2025-08-03,91616,2025080304009431,RADHI,Online Securities Pvt. Ltd.,Asian Securities Private Ltd.,10,822.0,8220.0,2025-08-03T12:34:25.942018
2025-08-03,91409,2025080304009465,RADHI,Online Securities Pvt. Ltd.,Trishakti Securities Public Limited,38,822.0,31236.0,2025-08-03T12:34:46.662799
2025-08-03,91384,2025080304009466,RADHI,Online Securities Pvt. Ltd.,Oxford Securities Pvt. Ltd.,43,822.0,35346.0,2025-08-03T12:34:49.739527
2025-08-03,91287,2025080304009470,RADHI,Online Securities Pvt. Ltd.,Investment Management Nepal Pvt. Ltd.,409,822.0,336198.0,2025-08-03T12:34:57.849067
2025-08-03,91286,2025080304009471,RADHI,Midas Stock Broking Company Private Limited,Investment Management Nepal Pvt. Ltd.,21,822.0,17262.0,2025-08-03T12:34:57.849356
2025-08-03,91216,2025080304009480,RADHI,Neev Securities Pvt. Ltd.,Sani Securities Company Ltd.,86,823.0,70778.0,2025-08-03T12:35:06.501667
2025-08-03,89568,2025080304009686,RADHI,Neev Securities Pvt. Ltd.,Miyo Securities Pvt Ltd,216,823.0,177768.0,2025-08-03T12:38:16.497278
2025-08-03,88894,2025080304009763,RADHI,Neev Securities Pvt. Ltd.,Linch Stock Market Ltd.,198,823.0,162954.0,2025-08-03T12:39:33.045002
2025-08-03,88893,2025080304009764,RADHI,Property Wiard Limited,Linch Stock Market Ltd.,100,823.0,82300.0,2025-08-03T12:39:33.045522
2025-08-03,88677,2025080304009818,RADHI,Citizens Share Broker Limited,Vision Securities Pvt. Ltd,103,821.3,84593.9,2025-08-03T12:39:56.267236
2025-08-03,88336,2025080304009888,RADHI,Deevyaa Securities & Stock House Pvt. Ltd,Vision Securities Pvt. Ltd,50,821.4,41070.0,2025-08-03T12:40:33.853684
2025-08-03,88068,2025080304009925,RADHI,Deevyaa Securities & Stock House Pvt. Ltd,Naasa Securities Co. Ltd.,150,821.4,123210.0,2025-08-03T12:41:03.422672
2025-08-03,88067,2025080304009926,RADHI,Imperial Securities Company Pvt. Ltd.,Naasa Securities Co. Ltd.,50,821.4,41070.0,2025-08-03T12:41:03.422734
2025-08-03,88066,2025080304009927,RADHI,Citizens Share Broker Limited,Naasa Securities Co. Ltd.,300,821.3,246390.0,2025-08-03T12:41:03.422759
2025-08-03,87392,2025080304010070,RADHI,INDEX SECURITIES LIMITED,Sumeru Securities Pvt. Ltd.,100,821.4,82140.0,2025-08-03T12:42:28.429709
2025-08-03,87391,2025080304010071,RADHI,Citizens Share Broker Limited,Sumeru Securities Pvt. Ltd.,597,821.3,490316.1,2025-08-03T12:42:28.429793
2025-08-03,87390,2025080304010072,RADHI,Naasa Securities Co. Ltd.,Sumeru Securities Pvt. Ltd.,50,821.3,41065.0,2025-08-03T12:42:28.429831
2025-08-03,87389,2025080304010073,RADHI,Naasa Securities Co. Ltd.,Sumeru Securities Pvt. Ltd.,50,821.2,41060.0,2025-08-03T12:42:28.429868
2025-08-03,87388,2025080304010074,RADHI,Citizens Share Broker Limited,Sumeru Securities Pvt. Ltd.,203,821.2,166703.6,2025-08-03T12:42:28.429899
2025-08-03,87363,2025080304010076,RADHI,Citizens Share Broker Limited,SHUBHAKAMANA SECURITIES PVT. LTD,797,821.2,654496.4,2025-08-03T12:42:32.876494
2025-08-03,87362,2025080304010077,RADHI,Siprabi Securities Pvt. Ltd.,SHUBHAKAMANA SECURITIES PVT. LTD,100,821.1,82110.0,2025-08-03T12:42:32.876554
2025-08-03,87361,2025080304010078,RADHI,Citizens Share Broker Limited,SHUBHAKAMANA SECURITIES PVT. LTD,1000,821.1,821100.0,2025-08-03T12:42:32.876581
2025-08-03,87360,2025080304010079,RADHI,Sundhara Securities Limited,SHUBHAKAMANA SECURITIES PVT. LTD,339,821.0,278319.0,2025-08-03T12:42:32.876603
2025-08-03,87286,2025080304010092,RADHI,Sundhara Securities Limited,Sumeru Securities Pvt. Ltd.,300,821.0,246300.0,2025-08-03T12:42:41.484193
2025-08-03,87214,2025080304010106,RADHI,Sundhara Securities Limited,Linch Stock Market Ltd.,241,821.0,197861.0,2025-08-03T12:42:46.940018
2025-08-03,87213,2025080304010107,RADHI,S.P.S.A. Securities Limited,Linch Stock Market Ltd.,200,821.0,164200.0,2025-08-03T12:42:46.940289
2025-08-03,87212,2025080304010108,RADHI,Bhrikuti Stock Broking Co. Pvt. Ltd.,Linch Stock Market Ltd.,364,821.0,298844.0,2025-08-03T12:42:46.940408
2025-08-03,87211,2025080304010109,RADHI,ABC Securities Private Limited,Linch Stock Market Ltd.,100,821.0,82100.0,2025-08-03T12:42:46.940512
2025-08-03,87210,2025080304010110,RADHI,Online Securities Pvt. Ltd.,Linch Stock Market Ltd.,278,820.0,227960.0,2025-08-03T12:42:46.940627
2025-08-03,87209,2025080304010111,RADHI,Himalayan Securities Limited,Linch Stock Market Ltd.,10,820.0,8200.0,2025-08-03T12:42:46.940742
2025-08-03,87208,2025080304010112,RADHI,SUN SECURITIES PVT LTD,Linch Stock Market Ltd.,100,820.0,82000.0,2025-08-03T12:42:46.940846
2025-08-03,87207,2025080304010113,RADHI,Premier Securities Company Ltd.,Linch Stock Market Ltd.,500,820.0,410000.0,2025-08-03T12:42:46.940949
2025-08-03,87206,2025080304010114,RADHI,Dakshinkali Investment & Securities Pvt. Ltd.,Linch Stock Market Ltd.,500,820.0,410000.0,2025-08-03T12:42:46.941048
2025-08-03,87205,2025080304010115,RADHI,Sanima Securities Limited,Linch Stock Market Ltd.,250,820.0,205000.0,2025-08-03T12:42:46.941149
2025-08-03,87204,2025080304010116,RADHI,Indira securities pvt. ltd,Linch Stock Market Ltd.,457,820.0,374740.0,2025-08-03T12:42:46.941251
2025-08-03,86655,2025080304010189,RADHI,Indira securities pvt. ltd,Citizens Share Broker Limited,43,820.0,35260.0,2025-08-03T12:43:40.627801
2025-08-03,86654,2025080304010190,RADHI,Dynamic Money Managers Securities Pvt. Ltd.,Citizens Share Broker Limited,40,820.0,32800.0,2025-08-03T12:43:40.628123
2025-08-03,86653,2025080304010191,RADHI,Naasa Securities Co. Ltd.,Citizens Share Broker Limited,17,820.0,13940.0,2025-08-03T12:43:40.628234
2025-08-03,86107,2025080304010265,RADHI,Naasa Securities Co. Ltd.,Dynamic Money Managers Securities Pvt. Ltd.,33,820.0,27060.0,2025-08-03T12:44:31.033675
2025-08-03,86106,2025080304010266,RADHI,Vision Securities Pvt. Ltd,Dynamic Money Managers Securities Pvt. Ltd.,200,820.0,164000.0,2025-08-03T12:44:31.03416
2025-08-03,84740,2025080304010449,RADHI,SUN SECURITIES PVT LTD,Himalayan Brokerage Company Limited,50,818.5,40925.0,2025-08-03T12:46:49.137382
2025-08-03,84739,2025080304010450,RADHI,Imperial Securities Company Pvt. Ltd.,Himalayan Brokerage Company Limited,50,818.1,40905.0,2025-08-03T12:46:49.137431
2025-08-03,84738,2025080304010451,RADHI,Online Securities Pvt. Ltd.,Himalayan Brokerage Company Limited,15,818.1,12271.5,2025-08-03T12:46:49.137455
2025-08-03,84737,2025080304010452,RADHI,Online Securities Pvt. Ltd.,Himalayan Brokerage Company Limited,10,818.1,8181.0,2025-08-03T12:46:49.13748
2025-08-03,84736,2025080304010453,RADHI,Imperial Securities Company Pvt. Ltd.,Himalayan Brokerage Company Limited,50,818.0,40900.0,2025-08-03T12:46:49.137508
2025-08-03,84735,2025080304010454,RADHI,Trishakti Securities Public Limited,Himalayan Brokerage Company Limited,500,818.0,409000.0,2025-08-03T12:46:49.13754
2025-08-03,84734,2025080304010455,RADHI,Miyo Securities Pvt Ltd,Himalayan Brokerage Company Limited,500,818.0,409000.0,2025-08-03T12:46:49.137568
2025-08-03,84733,2025080304010456,RADHI,Miyo Securities Pvt Ltd,Himalayan Brokerage Company Limited,500,817.6,408800.0,2025-08-03T12:46:49.137595
2025-08-03,84732,2025080304010457,RADHI,Sumeru Securities Pvt. Ltd.,Himalayan Brokerage Company Limited,10,816.6,8166.0,2025-08-03T12:46:49.137624
2025-08-03,84731,2025080304010458,RADHI,Midas Stock Broking Company Private Limited,Himalayan Brokerage Company Limited,315,816.6,257229.0,2025-08-03T12:46:49.137658
2025-08-03,84259,2025080304010551,RADHI,Midas Stock Broking Company Private Limited,Dynamic Money Managers Securities Pvt. Ltd.,185,816.6,151071.0,2025-08-03T12:47:33.512186
2025-08-03,84077,2025080304010575,RADHI,Secured Securities Ltd.,Dynamic Money Managers Securities Pvt. Ltd.,67,816.5,54705.5,2025-08-03T12:47:51.364478
2025-08-03,83556,2025080304010657,RADHI,Sharepro Securities Private Limited,Dynamic Money Managers Securities Pvt. Ltd.,15,816.6,12249.0,2025-08-03T12:48:40.04725
2025-08-03,81916,2025080304010951,RADHI,Secured Securities Ltd.,Sri Hari Securities Pvt. Ltd.,33,816.5,26944.5,2025-08-03T12:50:50.788276
2025-08-03,81915,2025080304010952,RADHI,Nepal Investment And Securities Trading Private Limited,Sri Hari Securities Pvt. Ltd.,100,816.4,81640.0,2025-08-03T12:50:50.788775
2025-08-03,81914,2025080304010953,RADHI,Primo Securities (PVT) Ltd.,Sri Hari Securities Pvt. Ltd.,367,816.3,299582.1,2025-08-03T12:50:50.789081
2025-08-03,81828,2025080304010975,RADHI,Kalika Securities Pvt. Ltd.,Trisul Securities & Invt. Ltd.,2,826.5,1653.0,2025-08-03T12:50:58.83659
2025-08-03,81779,2025080304010980,RADHI,Asian Securities Private Ltd.,Himalayan Securities Limited,500,816.6,408300.0,2025-08-03T12:51:02.251912
2025-08-03,81778,2025080304010981,RADHI,Primo Securities (PVT) Ltd.,Himalayan Securities Limited,133,816.3,108567.9,2025-08-03T12:51:02.252427
2025-08-03,81777,2025080304010982,RADHI,Vision Securities Pvt. Ltd,Himalayan Securities Limited,108,816.3,88160.4,2025-08-03T12:51:02.252737
2025-08-03,81776,2025080304010983,RADHI,Imperial Securities Company Pvt. Ltd.,Himalayan Securities Limited,50,816.2,40810.0,2025-08-03T12:51:02.253043
2025-08-03,81775,2025080304010984,RADHI,Neev Securities Pvt. Ltd.,Himalayan Securities Limited,1000,816.2,816200.0,2025-08-03T12:51:02.253351
2025-08-03,81774,2025080304010985,RADHI,Property Wiard Limited,Himalayan Securities Limited,1000,816.1,816100.0,2025-08-03T12:51:02.253645
2025-08-03,81773,2025080304010986,RADHI,Kohinoor Investment & Securities Pvt. Ltd.,Himalayan Securities Limited,1017,816.0,829872.0,2025-08-03T12:51:02.253934
2025-08-03,81772,2025080304010987,RADHI,Deevyaa Securities & Stock House Pvt. Ltd,Himalayan Securities Limited,20,816.0,16320.0,2025-08-03T12:51:02.254208
2025-08-03,81771,2025080304010988,RADHI,Online Securities Pvt. Ltd.,Himalayan Securities Limited,172,816.0,140352.0,2025-08-03T12:51:02.254516
2025-08-03,80653,2025080304011181,RADHI,Online Securities Pvt. Ltd.,Premier Securities Company Ltd.,28,816.0,22848.0,2025-08-03T12:52:43.961609
2025-08-03,80652,2025080304011182,RADHI,N.M.B. SECURITIES LIMITED,Premier Securities Company Ltd.,100,816.0,81600.0,2025-08-03T12:52:43.961876
2025-08-03,80651,2025080304011183,RADHI,Imperial Securities Company Pvt. Ltd.,Premier Securities Company Ltd.,20,816.0,16320.0,2025-08-03T12:52:43.96197
2025-08-03,80650,2025080304011184,RADHI,KALASH STOCK MARKET PVT. LTD.,Premier Securities Company Ltd.,200,816.0,163200.0,2025-08-03T12:52:43.962068
2025-08-03,80649,2025080304011185,RADHI,Dakshinkali Investment & Securities Pvt. Ltd.,Premier Securities Company Ltd.,600,816.0,489600.0,2025-08-03T12:52:43.962161
2025-08-03,80648,2025080304011186,RADHI,Sumeru Securities Pvt. Ltd.,Premier Securities Company Ltd.,52,816.0,42432.0,2025-08-03T12:52:43.962256
2025-08-03,80605,2025080304011197,RADHI,Sumeru Securities Pvt. Ltd.,Ashutosh Brokerage & Securities (PVT) Ltd.,23,816.0,18768.0,2025-08-03T12:52:50.550102
2025-08-03,80604,2025080304011198,RADHI,Blue Chip Securities Ltd,Ashutosh Brokerage & Securities (PVT) Ltd.,27,816.0,22032.0,2025-08-03T12:52:50.55015
2025-08-03,80290,2025080304011280,RADHI,Blue Chip Securities Ltd,Dipshikha Dhitopatra Karobar Co. Pvt Ltd.,17,816.0,13872.0,2025-08-03T12:53:12.485999
2025-08-03,78942,2025080304011541,RADHI,Ashutosh Brokerage & Securities (PVT) Ltd.,Dipshikha Dhitopatra Karobar Co. Pvt Ltd.,17,816.2,13875.4,2025-08-03T12:55:17.588066
2025-08-03,78919,2025080304011548,RADHI,Ashutosh Brokerage & Securities (PVT) Ltd.,Sumeru Securities Pvt. Ltd.,50,816.2,40810.0,2025-08-03T12:55:19.711141
2025-08-03,78361,2025080304011653,RADHI,Imperial Securities Company Pvt. Ltd.,Sweta Securities Private Limited,20,819.9,16398.0,2025-08-03T12:56:11.888059
2025-08-03,78360,2025080304011654,RADHI,Imperial Securities Company Pvt. Ltd.,Miyo Securities Pvt Ltd,30,819.9,24597.0,2025-08-03T12:56:11.88829
2025-08-03,77544,2025080304011800,RADHI,Ashutosh Brokerage & Securities (PVT) Ltd.,Sumeru Securities Pvt. Ltd.,11,816.2,8978.2,2025-08-03T12:57:29.588747
2025-08-03,77266,2025080304011854,RADHI,Ashutosh Brokerage & Securities (PVT) Ltd.,Dipshikha Dhitopatra Karobar Co. Pvt Ltd.,422,816.2,344436.4,2025-08-03T12:57:58.852244
2025-08-03,77265,2025080304011855,RADHI,Primo Securities (PVT) Ltd.,Dipshikha Dhitopatra Karobar Co. Pvt Ltd.,250,816.2,204050.0,2025-08-03T12:57:58.852536
2025-08-03,77264,2025080304011856,RADHI,Cristal Kanchanjanga Securites Pvt. Ltd.,Dipshikha Dhitopatra Karobar Co. Pvt Ltd.,20,816.1,16322.0,2025-08-03T12:57:58.852695
2025-08-03,77263,2025080304011857,RADHI,Cristal Kanchanjanga Securites Pvt. Ltd.,Dipshikha Dhitopatra Karobar Co. Pvt Ltd.,50,816.1,40805.0,2025-08-03T12:57:58.85286
2025-08-03,77262,2025080304011858,RADHI,Blue Chip Securities Ltd,Dipshikha Dhitopatra Karobar Co. Pvt Ltd.,500,816.1,408050.0,2025-08-03T12:57:58.853008
2025-08-03,77261,2025080304011859,RADHI,Blue Chip Securities Ltd,Dipshikha Dhitopatra Karobar Co. Pvt Ltd.,89,816.0,72624.0,2025-08-03T12:57:58.853121
2025-08-03,77260,2025080304011860,RADHI,Sumeru Securities Pvt. Ltd.,Dipshikha Dhitopatra Karobar Co. Pvt Ltd.,541,816.0,441456.0,2025-08-03T12:57:58.853223
2025-08-03,76886,2025080304011929,RADHI,Online Securities Pvt. Ltd.,Sri Hari Securities Pvt. Ltd.,75,816.1,61207.5,2025-08-03T12:58:25.586706
2025-08-03,76448,2025080304012031,RADHI,Online Securities Pvt. Ltd.,Asian Securities Private Ltd.,424,816.1,346026.4,2025-08-03T12:59:03.918527
2025-08-03,76446,2025080304012032,RADHI,Online Securities Pvt. Ltd.,Dipshikha Dhitopatra Karobar Co. Pvt Ltd.,17,816.1,13873.7,2025-08-03T12:59:04.222971
2025-08-03,76350,2025080304012055,RADHI,Online Securities Pvt. Ltd.,Miyo Securities Pvt Ltd,166,816.1,135472.6,2025-08-03T12:59:11.981097
2025-08-03,76060,2025080304012132,RADHI,Online Securities Pvt. Ltd.,Premier Securities Company Ltd.,22,816.1,17954.2,2025-08-03T12:59:38.163761
2025-08-03,76035,2025080304012138,RADHI,Online Securities Pvt. Ltd.,Asian Securities Private Ltd.,100,816.1,81610.0,2025-08-03T12:59:42.242641
2025-08-03,75911,2025080304012152,RADHI,Online Securities Pvt. Ltd.,Stoxkarts Securities Limited,196,816.1,159955.6,2025-08-03T12:59:57.001835
2025-08-03,75910,2025080304012153,RADHI,Sumeru Securities Pvt. Ltd.,Stoxkarts Securities Limited,459,816.0,374544.0,2025-08-03T12:59:57.001889
2025-08-03,75909,2025080304012154,RADHI,Primo Securities (PVT) Ltd.,Stoxkarts Securities Limited,250,815.7,203925.0,2025-08-03T12:59:57.00192
2025-08-03,75908,2025080304012155,RADHI,MILKY WAY SHARE BROKER COMPANY LTD ,Stoxkarts Securities Limited,95,815.1,77434.5,2025-08-03T12:59:57.00195
2025-08-03,75130,2025080304012331,RADHI,Sani Securities Company Ltd.,Arun Securities (PVT) Ltd.,150,819.8,122970.0,2025-08-03T13:01:03.845247
2025-08-03,75129,2025080304012332,RADHI,Sani Securities Company Ltd.,Miyo Securities Pvt Ltd,165,819.9,135283.5,2025-08-03T13:01:03.845516
2025-08-03,75128,2025080304012333,RADHI,Sani Securities Company Ltd.,INDEX SECURITIES LIMITED,200,820.0,164000.0,2025-08-03T13:01:03.845622
2025-08-03,75127,2025080304012334,RADHI,Sani Securities Company Ltd.,Oxford Securities Pvt. Ltd.,10,820.0,8200.0,2025-08-03T13:01:03.845732
2025-08-03,75126,2025080304012335,RADHI,Sani Securities Company Ltd.,Sri Hari Securities Pvt. Ltd.,200,820.0,164000.0,2025-08-03T13:01:03.845841
2025-08-03,75125,2025080304012336,RADHI,Sani Securities Company Ltd.,Trishakti Securities Public Limited,275,820.0,225500.0,2025-08-03T13:01:03.845946
2025-08-03,74811,2025080304012387,RADHI,Trisul Securities & Invt. Ltd.,Trishakti Securities Public Limited,25,820.0,20500.0,2025-08-03T13:01:31.011513
2025-08-03,74810,2025080304012388,RADHI,Trisul Securities & Invt. Ltd.,Imperial Securities Company Pvt. Ltd.,10,820.0,8200.0,2025-08-03T13:01:31.012036
2025-08-03,73687,2025080304012557,RADHI,Trisul Securities & Invt. Ltd.,Dynamic Money Managers Securities Pvt. Ltd.,38,820.0,31160.0,2025-08-03T13:03:05.219521
2025-08-03,73573,2025080304012567,RADHI,Trishakti Securities Public Limited,J.F. Securites (PVT) Ltd.,20,822.0,16440.0,2025-08-03T13:03:17.225054
2025-08-03,73572,2025080304012568,RADHI,Trishakti Securities Public Limited,Linch Stock Market Ltd.,80,823.0,65840.0,2025-08-03T13:03:17.225112
2025-08-03,73436,2025080304012595,RADHI,BHOLE GANESH SECURITIES LTD,Linch Stock Market Ltd.,122,823.0,100406.0,2025-08-03T13:03:32.659263
2025-08-03,73435,2025080304012596,RADHI,BHOLE GANESH SECURITIES LTD,Sundhara Securities Limited,378,823.9,311434.2,2025-08-03T13:03:32.659577
2025-08-03,73217,2025080304012640,RADHI,Trisul Securities & Invt. Ltd.,Trisul Securities & Invt. Ltd.,27,820.0,22140.0,2025-08-03T13:03:55.982606
2025-08-03,73057,2025080304012669,RADHI,Online Securities Pvt. Ltd.,Sundhara Securities Limited,197,823.9,162308.3,2025-08-03T13:04:11.02223
2025-08-03,73056,2025080304012670,RADHI,Online Securities Pvt. Ltd.,Trishakti Securities Public Limited,580,824.0,477920.0,2025-08-03T13:04:11.022285
2025-08-03,73055,2025080304012671,RADHI,Online Securities Pvt. Ltd.,Capital Max Securities Ltd,40,824.0,32960.0,2025-08-03T13:04:11.022318
2025-08-03,73054,2025080304012672,RADHI,Online Securities Pvt. Ltd.,Kohinoor Investment & Securities Pvt. Ltd.,183,825.0,150975.0,2025-08-03T13:04:11.022347
2025-08-03,72506,2025080304012766,RADHI,Online Securities Pvt. Ltd.,ABC Securities Private Limited,400,822.0,328800.0,2025-08-03T13:05:18.255208
2025-08-03,71674,2025080304012871,RADHI,Shree Krishna Securities Ltd.,Aryatara Investment & Securities,50,820.1,41005.0,2025-08-03T13:07:11.495512
2025-08-03,71351,2025080304012933,RADHI,Sajilo Broker Limited,Deevyaa Securities & Stock House Pvt. Ltd,100,820.5,82050.0,2025-08-03T13:07:59.304528
2025-08-03,71350,2025080304012934,RADHI,Shree Krishna Securities Ltd.,Deevyaa Securities & Stock House Pvt. Ltd,50,820.1,41005.0,2025-08-03T13:07:59.305043
2025-08-03,71271,2025080304012953,RADHI,Nepal Investment And Securities Trading Private Limited,Deevyaa Securities & Stock House Pvt. Ltd,20,820.0,16400.0,2025-08-03T13:08:12.992231
2025-08-03,71218,2025080304012967,RADHI,Miyo Securities Pvt Ltd,Deevyaa Securities & Stock House Pvt. Ltd,100,820.0,82000.0,2025-08-03T13:08:21.27759
2025-08-03,70770,2025080304013096,RADHI,INDEX SECURITIES LIMITED,Trademow Securities Private Limited,100,819.1,81910.0,2025-08-03T13:09:31.460235
2025-08-03,70769,2025080304013097,RADHI,Prabhu Stock Market Limited,Trademow Securities Private Limited,100,819.0,81900.0,2025-08-03T13:09:31.460597
2025-08-03,70643,2025080304013117,RADHI,BHOLE GANESH SECURITIES LTD,Deevyaa Securities & Stock House Pvt. Ltd,175,820.0,143500.0,2025-08-03T13:09:51.55364
2025-08-03,70642,2025080304013118,RADHI,BHOLE GANESH SECURITIES LTD,Miyo Securities Pvt Ltd,121,820.0,99220.0,2025-08-03T13:09:51.553923
2025-08-03,70535,2025080304013146,RADHI,Sajilo Broker Limited,Trisul Securities & Invt. Ltd.,30,819.2,24576.0,2025-08-03T13:10:03.533692
2025-08-03,70208,2025080304013200,RADHI,Prabhu Stock Market Limited,Linch Stock Market Ltd.,300,819.0,245700.0,2025-08-03T13:10:59.837519
2025-08-03,70207,2025080304013201,RADHI,Midas Stock Broking Company Private Limited,Linch Stock Market Ltd.,16,819.0,13104.0,2025-08-03T13:10:59.838066
2025-08-03,70206,2025080304013202,RADHI,Naasa Securities Co. Ltd.,Linch Stock Market Ltd.,200,818.3,163660.0,2025-08-03T13:10:59.838447
2025-08-03,70205,2025080304013203,RADHI,NIMB Stock Markets Limited,Linch Stock Market Ltd.,150,818.1,122715.0,2025-08-03T13:10:59.83875
2025-08-03,70204,2025080304013204,RADHI,Sumeru Securities Pvt. Ltd.,Linch Stock Market Ltd.,1000,818.1,818100.0,2025-08-03T13:10:59.839108
2025-08-03,70203,2025080304013205,RADHI,Sri Hari Securities Pvt. Ltd.,Linch Stock Market Ltd.,500,818.0,409000.0,2025-08-03T13:10:59.839483
2025-08-03,70202,2025080304013206,RADHI,INDEX SECURITIES LIMITED,Linch Stock Market Ltd.,3000,818.0,2454000.0,2025-08-03T13:10:59.839818
2025-08-03,70201,2025080304013207,RADHI,Sumeru Securities Pvt. Ltd.,Linch Stock Market Ltd.,500,818.0,409000.0,2025-08-03T13:10:59.840133
2025-08-03,70200,2025080304013208,RADHI,Sumeru Securities Pvt. Ltd.,Linch Stock Market Ltd.,500,818.0,409000.0,2025-08-03T13:10:59.84049
2025-08-03,70058,2025080304013230,RADHI,Primo Securities (PVT) Ltd.,Dakshinkali Investment & Securities Pvt. Ltd.,500,817.5,408750.0,2025-08-03T13:11:22.165616
2025-08-03,70057,2025080304013231,RADHI,Primo Securities (PVT) Ltd.,Dakshinkali Investment & Securities Pvt. Ltd.,275,817.2,224730.0,2025-08-03T13:11:22.165918
2025-08-03,69437,2025080304013334,RADHI,Imperial Securities Company Pvt. Ltd.,Dakshinkali Investment & Securities Pvt. Ltd.,50,817.0,40850.0,2025-08-03T13:12:37.732906
2025-08-03,69200,2025080304013363,RADHI,ABC Securities Private Limited,Dakshinkali Investment & Securities Pvt. Ltd.,175,817.0,142975.0,2025-08-03T13:13:06.622598
2025-08-03,69123,2025080304013383,RADHI,Trishakti Securities Public Limited,Premier Securities Company Ltd.,25,820.0,20500.0,2025-08-03T13:13:14.323471
2025-08-03,69122,2025080304013384,RADHI,Trishakti Securities Public Limited,Kumari Securities Private Limited,100,822.0,82200.0,2025-08-03T13:13:14.32353
2025-08-03,69121,2025080304013385,RADHI,Trishakti Securities Public Limited,Online Securities Pvt. Ltd.,50,823.0,41150.0,2025-08-03T13:13:14.323563
2025-08-03,69120,2025080304013386,RADHI,Trishakti Securities Public Limited,Miyo Securities Pvt Ltd,25,823.0,20575.0,2025-08-03T13:13:14.323593
2025-08-03,69045,2025080304013403,RADHI,Imperial Securities Company Pvt. Ltd.,Opal Securities Investment (PVT) Ltd.,4,810.0,3240.0,2025-08-03T13:13:23.415903
2025-08-03,68633,2025080304013462,RADHI,Online Securities Pvt. Ltd.,Siprabi Securities Pvt. Ltd.,2000,822.0,1644000.0,2025-08-03T13:14:16.657651
2025-08-03,68263,2025080304013516,RADHI,Capital Max Securities Ltd,Siprabi Securities Pvt. Ltd.,1000,822.0,822000.0,2025-08-03T13:15:07.345729
2025-08-03,68262,2025080304013517,RADHI,Capital Max Securities Ltd,Sani Securities Company Ltd.,400,822.0,328800.0,2025-08-03T13:15:07.345776
2025-08-03,68115,2025080304013533,RADHI,Capital Max Securities Ltd,Oxford Securities Pvt. Ltd.,10,822.0,8220.0,2025-08-03T13:15:22.461173
2025-08-03,68114,2025080304013534,RADHI,Capital Max Securities Ltd,Sewa Securities Pvt. Ltd.,90,822.0,73980.0,2025-08-03T13:15:22.461232
2025-08-03,68068,2025080304013538,RADHI,Midas Stock Broking Company Private Limited,Linch Stock Market Ltd.,11,817.0,8987.0,2025-08-03T13:15:28.178453
2025-08-03,67805,2025080304013582,RADHI,KALASH STOCK MARKET PVT. LTD.,Nagarik Stock Dealer ,500,817.5,408750.0,2025-08-03T13:16:04.640355
2025-08-03,67667,2025080304013599,RADHI,Himalayan Brokerage Company Limited,Investment Management Nepal Pvt. Ltd.,10,821.9,8219.0,2025-08-03T13:16:20.87583
2025-08-03,66727,2025080304013791,RADHI,Sajilo Broker Limited,Aryatara Investment & Securities,100,817.1,81710.0,2025-08-03T13:18:12.173728
2025-08-03,66434,2025080304013851,RADHI,Imperial Securities Company Pvt. Ltd.,Sani Securities Company Ltd.,1,815.0,815.0,2025-08-03T13:18:56.941418
2025-08-03,66326,2025080304013875,RADHI,Sajilo Broker Limited,Secured Securities Ltd.,121,817.1,98869.1,2025-08-03T13:19:11.762087
2025-08-03,66194,2025080304013892,RADHI,Dynamic Money Managers Securities Pvt. Ltd.,Sani Securities Company Ltd.,20,821.0,16420.0,2025-08-03T13:19:30.522421
2025-08-03,66193,2025080304013893,RADHI,Dynamic Money Managers Securities Pvt. Ltd.,Nepal Stock House (PVT) Ltd.,30,821.0,24630.0,2025-08-03T13:19:30.523019
2025-08-03,65822,2025080304013952,RADHI,Siprabi Securities Pvt. Ltd.,Linch Stock Market Ltd.,100,821.7,82170.0,2025-08-03T13:20:12.09991
2025-08-03,65586,2025080304014005,RADHI,Dynamic Money Managers Securities Pvt. Ltd.,Linch Stock Market Ltd.,230,821.7,188991.0,2025-08-03T13:20:38.270372
2025-08-03,65324,2025080304014071,RADHI,Dynamic Money Managers Securities Pvt. Ltd.,Investment Management Nepal Pvt. Ltd.,190,821.9,156161.0,2025-08-03T13:21:05.570576
2025-08-03,64784,2025080304014172,RADHI,Dynamic Money Managers Securities Pvt. Ltd.,Online Securities Pvt. Ltd.,30,821.9,24657.0,2025-08-03T13:21:59.57108
2025-08-03,64612,2025080304014218,RADHI,Kohinoor Investment & Securities Pvt. Ltd.,Online Securities Pvt. Ltd.,128,821.9,105203.2,2025-08-03T13:22:19.156223
2025-08-03,64611,2025080304014219,RADHI,Kohinoor Investment & Securities Pvt. Ltd.,Oxford Securities Pvt. Ltd.,10,821.9,8219.0,2025-08-03T13:22:19.156533
2025-08-03,64610,2025080304014220,RADHI,Kohinoor Investment & Securities Pvt. Ltd.,Sewa Securities Pvt. Ltd.,862,822.0,708564.0,2025-08-03T13:22:19.156657
2025-08-03,64374,2025080304014256,RADHI,Aryatara Investment & Securities,Trisul Securities & Invt. Ltd.,100,821.0,82100.0,2025-08-03T13:22:40.303589
2025-08-03,64000,2025080304014309,RADHI,Sani Securities Company Ltd.,Agrawal Securities (PVT) Ltd.,130,821.9,106847.0,2025-08-03T13:23:23.022997
2025-08-03,63638,2025080304014393,RADHI,Online Securities Pvt. Ltd.,Agrawal Securities (PVT) Ltd.,300,821.5,246450.0,2025-08-03T13:24:03.310457
2025-08-03,63388,2025080304014439,RADHI,Naasa Securities Co. Ltd.,Sunrise Securities Limited,30,821.0,24630.0,2025-08-03T13:24:25.137867
2025-08-03,63287,2025080304014462,RADHI,Sani Securities Company Ltd.,Himalayan Securities Limited,400,818.0,327200.0,2025-08-03T13:24:38.955824
2025-08-03,63286,2025080304014463,RADHI,Imperial Securities Company Pvt. Ltd.,Himalayan Securities Limited,100,817.2,81720.0,2025-08-03T13:24:38.955949
2025-08-03,63285,2025080304014464,RADHI,Sajilo Broker Limited,Himalayan Securities Limited,249,817.1,203457.9,2025-08-03T13:24:38.956077
2025-08-03,63284,2025080304014465,RADHI,Midas Stock Broking Company Private Limited,Himalayan Securities Limited,89,817.0,72713.0,2025-08-03T13:24:38.956159
2025-08-03,63283,2025080304014466,RADHI,Nepal Stock House (PVT) Ltd.,Himalayan Securities Limited,200,817.0,163400.0,2025-08-03T13:24:38.956235
2025-08-03,63282,2025080304014467,RADHI,South Asian Bulls Pvt. Ltd.,Himalayan Securities Limited,50,817.0,40850.0,2025-08-03T13:24:38.956311
2025-08-03,63281,2025080304014468,RADHI,ABC Securities Private Limited,Himalayan Securities Limited,325,816.1,265232.5,2025-08-03T13:24:38.956423
2025-08-03,63280,2025080304014469,RADHI,Online Securities Pvt. Ltd.,Himalayan Securities Limited,1000,816.1,816100.0,2025-08-03T13:24:38.95649
2025-08-03,63279,2025080304014470,RADHI,J.F. Securites (PVT) Ltd.,Himalayan Securities Limited,1000,816.0,816000.0,2025-08-03T13:24:38.956582
2025-08-03,63278,2025080304014471,RADHI,Nepal Stock House (PVT) Ltd.,Himalayan Securities Limited,60,816.0,48960.0,2025-08-03T13:24:38.956647
2025-08-03,63277,2025080304014472,RADHI,Malla & Malla Stock Broking Company Pvt. Limited,Himalayan Securities Limited,490,816.0,399840.0,2025-08-03T13:24:38.956753
2025-08-03,63276,2025080304014473,RADHI,Sumeru Securities Pvt. Ltd.,Himalayan Securities Limited,1037,815.5,845673.5,2025-08-03T13:24:38.956832
2025-08-03,62601,2025080304014570,RADHI,Secured Securities Ltd.,Cristal Kanchanjanga Securites Pvt. Ltd.,100,816.0,81600.0,2025-08-03T13:25:51.026722
2025-08-03,62600,2025080304014571,RADHI,Vision Securities Pvt. Ltd,Cristal Kanchanjanga Securites Pvt. Ltd.,200,815.6,163120.0,2025-08-03T13:25:51.027026
2025-08-03,62599,2025080304014572,RADHI,Sumeru Securities Pvt. Ltd.,Cristal Kanchanjanga Securites Pvt. Ltd.,463,815.5,377576.5,2025-08-03T13:25:51.027191
2025-08-03,62598,2025080304014573,RADHI,Naasa Securities Co. Ltd.,Cristal Kanchanjanga Securites Pvt. Ltd.,30,815.5,24465.0,2025-08-03T13:25:51.027401
2025-08-03,62445,2025080304014588,RADHI,Online Securities Pvt. Ltd.,Cristal Kanchanjanga Securites Pvt. Ltd.,12,815.5,9786.0,2025-08-03T13:26:08.343782
2025-08-03,62428,2025080304014590,RADHI,Imperial Securities Company Pvt. Ltd.,Cristal Kanchanjanga Securites Pvt. Ltd.,10,815.5,8155.0,2025-08-03T13:26:10.440299
2025-08-03,62164,2025080304014661,RADHI,Vision Securities Pvt. Ltd,Cristal Kanchanjanga Securites Pvt. Ltd.,185,815.5,150867.5,2025-08-03T13:26:38.394622
2025-08-03,60654,2025080304014899,RADHI,Ashutosh Brokerage & Securities (PVT) Ltd.,Vision Securities Pvt. Ltd,1,810.0,810.0,2025-08-03T13:29:25.530454
2025-08-03,59161,2025080304015253,RADHI,Midas Stock Broking Company Private Limited,Kohinoor Investment & Securities Pvt. Ltd.,100,817.0,81700.0,2025-08-03T13:32:26.918674
2025-08-03,59160,2025080304015254,RADHI,Aryatara Investment & Securities,Kohinoor Investment & Securities Pvt. Ltd.,400,817.0,326800.0,2025-08-03T13:32:26.918724
2025-08-03,58967,2025080304015280,RADHI,Global IME Securities Limited,Kohinoor Investment & Securities Pvt. Ltd.,200,817.5,163500.0,2025-08-03T13:32:51.104921
2025-08-03,58966,2025080304015281,RADHI,Aryatara Investment & Securities,Kohinoor Investment & Securities Pvt. Ltd.,100,817.0,81700.0,2025-08-03T13:32:51.104975
2025-08-03,58965,2025080304015282,RADHI,Citizens Share Broker Limited,Kohinoor Investment & Securities Pvt. Ltd.,190,817.0,155230.0,2025-08-03T13:32:51.105003
2025-08-03,58806,2025080304015297,RADHI,Citizens Share Broker Limited,Premier Securities Company Ltd.,10,817.0,8170.0,2025-08-03T13:33:10.281425
2025-08-03,58805,2025080304015298,RADHI,Sani Securities Company Ltd.,Premier Securities Company Ltd.,335,816.6,273561.0,2025-08-03T13:33:10.281766
2025-08-03,58804,2025080304015299,RADHI,Online Securities Pvt. Ltd.,Premier Securities Company Ltd.,155,816.6,126573.0,2025-08-03T13:33:10.281898
2025-08-03,58356,2025080304015387,RADHI,Neev Securities Pvt. Ltd.,Premier Securities Company Ltd.,300,816.7,245010.0,2025-08-03T13:33:55.6424
2025-08-03,58355,2025080304015388,RADHI,Online Securities Pvt. Ltd.,Premier Securities Company Ltd.,45,816.6,36747.0,2025-08-03T13:33:55.642829
2025-08-03,58354,2025080304015389,RADHI,Neev Securities Pvt. Ltd.,Premier Securities Company Ltd.,155,816.6,126573.0,2025-08-03T13:33:55.642962
2025-08-03,58301,2025080304015405,RADHI,Neev Securities Pvt. Ltd.,Premier Securities Company Ltd.,45,816.6,36747.0,2025-08-03T13:34:00.683854
2025-08-03,58300,2025080304015406,RADHI,Neev Securities Pvt. Ltd.,Premier Securities Company Ltd.,455,816.6,371553.0,2025-08-03T13:34:00.684193
2025-08-03,58082,2025080304015432,RADHI,Kohinoor Investment & Securities Pvt. Ltd.,Primo Securities (PVT) Ltd.,10,817.0,8170.0,2025-08-03T13:34:30.468161
2025-08-03,57962,2025080304015467,RADHI,Nepal Stock House (PVT) Ltd.,Primo Securities (PVT) Ltd.,40,816.7,32668.0,2025-08-03T13:34:43.012238
2025-08-03,57750,2025080304015512,RADHI,Nepal Stock House (PVT) Ltd.,Naasa Securities Co. Ltd.,313,817.0,255721.0,2025-08-03T13:35:06.953147
2025-08-03,57723,2025080304015521,RADHI,ABC Securities Private Limited,Aakashbhairab Securities Ltd.,100,819.0,81900.0,2025-08-03T13:35:10.633379
2025-08-03,57241,2025080304015620,RADHI,Nepal Stock House (PVT) Ltd.,Sunrise Securities Limited,1970,817.0,1609490.0,2025-08-03T13:36:00.180421
2025-08-03,56660,2025080304015730,RADHI,Nepal Stock House (PVT) Ltd.,Agrawal Securities (PVT) Ltd.,487,817.0,397879.0,2025-08-03T13:37:02.419872
2025-08-03,56505,2025080304015757,RADHI,Aryatara Investment & Securities,Aakashbhairab Securities Ltd.,300,817.5,245250.0,2025-08-03T13:37:21.849473
2025-08-03,56504,2025080304015758,RADHI,Aryatara Investment & Securities,Premier Securities Company Ltd.,500,818.0,409000.0,2025-08-03T13:37:21.849838
2025-08-03,56339,2025080304015787,RADHI,Oxford Securities Pvt. Ltd.,Aakashbhairab Securities Ltd.,300,819.0,245700.0,2025-08-03T13:37:42.305515
2025-08-03,56201,2025080304015805,RADHI,Opal Securities Investment (PVT) Ltd.,Aakashbhairab Securities Ltd.,50,819.0,40950.0,2025-08-03T13:37:56.519026
2025-08-03,56154,2025080304015810,RADHI,Oxford Securities Pvt. Ltd.,Aakashbhairab Securities Ltd.,300,819.0,245700.0,2025-08-03T13:38:02.461603
2025-08-03,56054,2025080304015828,RADHI,Aryatara Investment & Securities,Sri Hari Securities Pvt. Ltd.,50,818.0,40900.0,2025-08-03T13:38:11.855363
2025-08-03,55961,2025080304015861,RADHI,Aryatara Investment & Securities,SUN SECURITIES PVT LTD,12,818.0,9816.0,2025-08-03T13:38:20.833065
2025-08-03,55270,2025080304015984,RADHI,Aryatara Investment & Securities,Nepal Investment And Securities Trading Private Limited,338,818.0,276484.0,2025-08-03T13:39:36.37261
2025-08-03,55269,2025080304015985,RADHI,Sweta Securities Private Limited,Nepal Investment And Securities Trading Private Limited,100,818.0,81800.0,2025-08-03T13:39:36.373283
2025-08-03,55268,2025080304015986,RADHI,Nepal Stock House (PVT) Ltd.,Nepal Investment And Securities Trading Private Limited,62,817.0,50654.0,2025-08-03T13:39:36.373905
2025-08-03,55206,2025080304016000,RADHI,Nepal Stock House (PVT) Ltd.,Nepal Investment And Securities Trading Private Limited,118,817.0,96406.0,2025-08-03T13:39:45.412169
2025-08-03,55205,2025080304016001,RADHI,Sharepro Securities Private Limited,Nepal Investment And Securities Trading Private Limited,382,817.0,312094.0,2025-08-03T13:39:45.412766
2025-08-03,54904,2025080304016047,RADHI,Neev Securities Pvt. Ltd.,Aryatara Investment & Securities,300,817.1,245130.0,2025-08-03T13:40:19.885719
2025-08-03,54903,2025080304016048,RADHI,Sharepro Securities Private Limited,Aryatara Investment & Securities,23,817.0,18791.0,2025-08-03T13:40:19.886066
2025-08-03,54902,2025080304016049,RADHI,Naasa Securities Co. Ltd.,Aryatara Investment & Securities,177,817.0,144609.0,2025-08-03T13:40:19.8862
2025-08-03,54403,2025080304016170,RADHI,Neev Securities Pvt. Ltd.,Sri Hari Securities Pvt. Ltd.,45,817.1,36769.5,2025-08-03T13:41:11.759352
2025-08-03,54402,2025080304016171,RADHI,Magnet Securities and Investment Company Private Limited,Sri Hari Securities Pvt. Ltd.,325,817.1,265557.5,2025-08-03T13:41:11.759711
2025-08-03,54225,2025080304016220,RADHI,Market Securities & Exchange (PVT) Ltd.,Naasa Securities Co. Ltd.,10,818.0,8180.0,2025-08-03T13:41:28.524099
2025-08-03,54224,2025080304016221,RADHI,Market Securities & Exchange (PVT) Ltd.,Sweta Securities Private Limited,100,818.0,81800.0,2025-08-03T13:41:28.524444
2025-08-03,54223,2025080304016222,RADHI,Market Securities & Exchange (PVT) Ltd.,Aakashbhairab Securities Ltd.,258,819.0,211302.0,2025-08-03T13:41:28.524605
2025-08-03,54222,2025080304016223,RADHI,Market Securities & Exchange (PVT) Ltd.,Online Securities Pvt. Ltd.,30,819.0,24570.0,2025-08-03T13:41:28.524776
2025-08-03,54037,2025080304016257,RADHI,Magnet Securities and Investment Company Private Limited,J.F. Securites (PVT) Ltd.,45,817.1,36769.5,2025-08-03T13:41:44.495796
2025-08-03,54036,2025080304016258,RADHI,Imperial Securities Company Pvt. Ltd.,J.F. Securites (PVT) Ltd.,75,817.1,61282.5,2025-08-03T13:41:44.496454
2025-08-03,54035,2025080304016259,RADHI,Naasa Securities Co. Ltd.,J.F. Securites (PVT) Ltd.,1423,817.0,1162591.0,2025-08-03T13:41:44.496915
2025-08-03,54034,2025080304016260,RADHI,Naasa Securities Co. Ltd.,J.F. Securites (PVT) Ltd.,50,817.0,40850.0,2025-08-03T13:41:44.497355
2025-08-03,54033,2025080304016261,RADHI,Kohinoor Investment & Securities Pvt. Ltd.,J.F. Securites (PVT) Ltd.,20,817.0,16340.0,2025-08-03T13:41:44.497769
2025-08-03,54032,2025080304016262,RADHI,Thrive Brokerage House Pvt. Ltd,J.F. Securites (PVT) Ltd.,100,816.5,81650.0,2025-08-03T13:41:44.498185
2025-08-03,54031,2025080304016263,RADHI,Investment Management Nepal Pvt. Ltd.,J.F. Securites (PVT) Ltd.,15,816.3,12244.5,2025-08-03T13:41:44.49862
2025-08-03,54030,2025080304016264,RADHI,Secured Securities Ltd.,J.F. Securites (PVT) Ltd.,500,816.3,408150.0,2025-08-03T13:41:44.499058
2025-08-03,54029,2025080304016265,RADHI,Nepal Stock House (PVT) Ltd.,J.F. Securites (PVT) Ltd.,500,816.1,408050.0,2025-08-03T13:41:44.499355
2025-08-03,54028,2025080304016266,RADHI,Sani Securities Company Ltd.,J.F. Securites (PVT) Ltd.,591,816.1,482315.1,2025-08-03T13:41:44.499517
2025-08-03,54027,2025080304016267,RADHI,Primo Securities (PVT) Ltd.,J.F. Securites (PVT) Ltd.,681,816.0,555696.0,2025-08-03T13:41:44.499645
2025-08-03,53902,2025080304016289,RADHI,Sharepro Securities Private Limited,J.F. Securites (PVT) Ltd.,800,817.0,653600.0,2025-08-03T13:42:00.618995
2025-08-03,53901,2025080304016290,RADHI,Primo Securities (PVT) Ltd.,J.F. Securites (PVT) Ltd.,319,816.0,260304.0,2025-08-03T13:42:00.619383
2025-08-03,53900,2025080304016291,RADHI,Agrawal Securities (PVT) Ltd.,J.F. Securites (PVT) Ltd.,100,816.0,81600.0,2025-08-03T13:42:00.619543
2025-08-03,53899,2025080304016292,RADHI,Imperial Securities Company Pvt. Ltd.,J.F. Securites (PVT) Ltd.,181,816.0,147696.0,2025-08-03T13:42:00.61971
2025-08-03,53783,2025080304016324,RADHI,Imperial Securities Company Pvt. Ltd.,Miyo Securities Pvt Ltd,800,816.0,652800.0,2025-08-03T13:42:11.477995
2025-08-03,53649,2025080304016361,RADHI,Sharepro Securities Private Limited,Miyo Securities Pvt Ltd,600,817.0,490200.0,2025-08-03T13:42:24.535695
2025-08-03,53464,2025080304016422,RADHI,Vision Securities Pvt. Ltd,Miyo Securities Pvt Ltd,100,816.1,81610.0,2025-08-03T13:42:40.600996
2025-08-03,53079,2025080304016492,RADHI,Sajilo Broker Limited,Miyo Securities Pvt Ltd,500,816.2,408100.0,2025-08-03T13:43:19.77483
2025-08-03,53078,2025080304016493,RADHI,Sajilo Broker Limited,Miyo Securities Pvt Ltd,500,816.1,408050.0,2025-08-03T13:43:19.775173
2025-08-03,51983,2025080304016696,RADHI,Miyo Securities Pvt Ltd,Premier Securities Company Ltd.,532,819.9,436186.8,2025-08-03T13:45:02.204787
2025-08-03,51982,2025080304016697,RADHI,Miyo Securities Pvt Ltd,Miyo Securities Pvt Ltd,88,819.9,72151.2,2025-08-03T13:45:02.205109
2025-08-03,51981,2025080304016698,RADHI,Miyo Securities Pvt Ltd,Sani Securities Company Ltd.,146,820.0,119720.0,2025-08-03T13:45:02.20524
2025-08-03,51980,2025080304016699,RADHI,Miyo Securities Pvt Ltd,Asian Securities Private Ltd.,125,820.0,102500.0,2025-08-03T13:45:02.20538
2025-08-03,51979,2025080304016700,RADHI,Miyo Securities Pvt Ltd,Agrawal Securities (PVT) Ltd.,100,820.0,82000.0,2025-08-03T13:45:02.205566
2025-08-03,51978,2025080304016701,RADHI,Miyo Securities Pvt Ltd,Linch Stock Market Ltd.,1409,820.0,1155380.0,2025-08-03T13:45:02.205741
2025-08-03,51716,2025080304016732,RADHI,Miyo Securities Pvt Ltd,Linch Stock Market Ltd.,91,820.0,74620.0,2025-08-03T13:45:29.305792
2025-08-03,51288,2025080304016795,RADHI,Sharepro Securities Private Limited,Miyo Securities Pvt Ltd,696,816.2,568075.2,2025-08-03T13:46:11.484693
2025-08-03,50440,2025080304016940,RADHI,Miyo Securities Pvt Ltd,Trishakti Securities Public Limited,200,819.0,163800.0,2025-08-03T13:47:44.263522
2025-08-03,50238,2025080304016965,RADHI,KALASH STOCK MARKET PVT. LTD.,Trishakti Securities Public Limited,133,819.0,108927.0,2025-08-03T13:48:09.938384
2025-08-03,50237,2025080304016966,RADHI,KALASH STOCK MARKET PVT. LTD.,Miyo Securities Pvt Ltd,172,819.0,140868.0,2025-08-03T13:48:09.938802
2025-08-03,50236,2025080304016967,RADHI,KALASH STOCK MARKET PVT. LTD.,Bhrikuti Stock Broking Co. Pvt. Ltd.,10,820.0,8200.0,2025-08-03T13:48:09.938938
2025-08-03,50235,2025080304016968,RADHI,KALASH STOCK MARKET PVT. LTD.,Imperial Securities Company Pvt. Ltd.,10,820.0,8200.0,2025-08-03T13:48:09.939065
2025-08-03,50234,2025080304016969,RADHI,KALASH STOCK MARKET PVT. LTD.,Oxford Securities Pvt. Ltd.,100,820.0,82000.0,2025-08-03T13:48:09.939189
2025-08-03,50233,2025080304016970,RADHI,KALASH STOCK MARKET PVT. LTD.,Sani Securities Company Ltd.,50,820.0,41000.0,2025-08-03T13:48:09.939328
2025-08-03,50232,2025080304016971,RADHI,KALASH STOCK MARKET PVT. LTD.,Sumeru Securities Pvt. Ltd.,85,820.0,69700.0,2025-08-03T13:48:09.939456
2025-08-03,50231,2025080304016972,RADHI,KALASH STOCK MARKET PVT. LTD.,Linch Stock Market Ltd.,10,820.8,8208.0,2025-08-03T13:48:09.939581
2025-08-03,50230,2025080304016973,RADHI,KALASH STOCK MARKET PVT. LTD.,Siprabi Securities Pvt. Ltd.,45,820.9,36940.5,2025-08-03T13:48:09.939715
2025-08-03,50229,2025080304016974,RADHI,KALASH STOCK MARKET PVT. LTD.,Siprabi Securities Pvt. Ltd.,10,821.0,8210.0,2025-08-03T13:48:09.939859
2025-08-03,50228,2025080304016975,RADHI,KALASH STOCK MARKET PVT. LTD.,Market Securities & Exchange (PVT) Ltd.,30,821.0,24630.0,2025-08-03T13:48:09.939981
2025-08-03,50227,2025080304016976,RADHI,KALASH STOCK MARKET PVT. LTD.,Sagarmatha Securities Private Limited,345,821.0,283245.0,2025-08-03T13:48:09.940109
2025-08-03,49933,2025080304017048,RADHI,Miyo Securities Pvt Ltd,Sagarmatha Securities Private Limited,400,821.0,328400.0,2025-08-03T13:48:36.515577
2025-08-03,49922,2025080304017049,RADHI,Market Securities & Exchange (PVT) Ltd.,Sagarmatha Securities Private Limited,10,821.0,8210.0,2025-08-03T13:48:38.402485
2025-08-03,49725,2025080304017121,RADHI,Online Securities Pvt. Ltd.,Sagarmatha Securities Private Limited,25,821.0,20525.0,2025-08-03T13:48:53.288299
2025-08-03,49639,2025080304017142,RADHI,Miyo Securities Pvt Ltd,Sagarmatha Securities Private Limited,100,821.0,82100.0,2025-08-03T13:49:03.657014
2025-08-03,49158,2025080304017218,RADHI,Asian Securities Private Ltd.,Sagarmatha Securities Private Limited,100,821.0,82100.0,2025-08-03T13:50:00.59772
2025-08-03,48717,2025080304017305,RADHI,Naasa Securities Co. Ltd.,Sagarmatha Securities Private Limited,20,821.0,16420.0,2025-08-03T13:50:51.073327
2025-08-03,48716,2025080304017306,RADHI,Naasa Securities Co. Ltd.,Oxford Securities Pvt. Ltd.,50,821.0,41050.0,2025-08-03T13:50:51.073603
2025-08-03,48715,2025080304017307,RADHI,Naasa Securities Co. Ltd.,Sumeru Securities Pvt. Ltd.,95,821.0,77995.0,2025-08-03T13:50:51.073731
2025-08-03,48588,2025080304017332,RADHI,Naasa Securities Co. Ltd.,Miyo Securities Pvt Ltd,35,821.0,28735.0,2025-08-03T13:51:07.129126
2025-08-03,48415,2025080304017385,RADHI,Neev Securities Pvt. Ltd.,Nepal Stock House (PVT) Ltd.,31,818.0,25358.0,2025-08-03T13:51:29.954284
2025-08-03,48349,2025080304017394,RADHI,Neev Securities Pvt. Ltd.,Miyo Securities Pvt Ltd,440,818.0,359920.0,2025-08-03T13:51:38.255123
2025-08-03,48239,2025080304017413,RADHI,Miyo Securities Pvt Ltd,Miyo Securities Pvt Ltd,56,821.0,45976.0,2025-08-03T13:51:57.331109
2025-08-03,48238,2025080304017414,RADHI,Miyo Securities Pvt Ltd,Agrawal Securities (PVT) Ltd.,20,821.0,16420.0,2025-08-03T13:51:57.331457
2025-08-03,48237,2025080304017415,RADHI,Miyo Securities Pvt Ltd,Sewa Securities Pvt. Ltd.,48,822.0,39456.0,2025-08-03T13:51:57.331589
2025-08-03,48236,2025080304017416,RADHI,Miyo Securities Pvt Ltd,Sumeru Securities Pvt. Ltd.,316,822.0,259752.0,2025-08-03T13:51:57.331718
2025-08-03,48013,2025080304017457,RADHI,Dynamic Money Managers Securities Pvt. Ltd.,Sumeru Securities Pvt. Ltd.,184,822.0,151248.0,2025-08-03T13:52:23.463061
2025-08-03,48012,2025080304017458,RADHI,Dynamic Money Managers Securities Pvt. Ltd.,Kumari Securities Private Limited,100,822.0,82200.0,2025-08-03T13:52:23.463425
2025-08-03,48011,2025080304017459,RADHI,Dynamic Money Managers Securities Pvt. Ltd.,Premier Securities Company Ltd.,150,822.0,123300.0,2025-08-03T13:52:23.463559
2025-08-03,48010,2025080304017460,RADHI,Dynamic Money Managers Securities Pvt. Ltd.,Oxford Securities Pvt. Ltd.,16,822.0,13152.0,2025-08-03T13:52:23.463691
2025-08-03,47945,2025080304017471,RADHI,Asian Securities Private Ltd.,Oxford Securities Pvt. Ltd.,34,822.0,27948.0,2025-08-03T13:52:29.911615
2025-08-03,47944,2025080304017472,RADHI,Asian Securities Private Ltd.,Miyo Securities Pvt Ltd,66,822.0,54252.0,2025-08-03T13:52:29.912244
2025-08-03,46811,2025080304017712,RADHI,Sagarmatha Securities Private Limited,Nagarik Stock Dealer ,50,820.0,41000.0,2025-08-03T13:54:53.264762
2025-08-03,46810,2025080304017713,RADHI,Sumeru Securities Pvt. Ltd.,Nagarik Stock Dealer ,1000,819.0,819000.0,2025-08-03T13:54:53.264876
2025-08-03,46809,2025080304017714,RADHI,Ashutosh Brokerage & Securities (PVT) Ltd.,Nagarik Stock Dealer ,100,818.2,81820.0,2025-08-03T13:54:53.264916
2025-08-03,46808,2025080304017715,RADHI,Kumari Securities Private Limited,Nagarik Stock Dealer ,50,818.1,40905.0,2025-08-03T13:54:53.264958
2025-08-03,46807,2025080304017716,RADHI,Property Wiard Limited,Nagarik Stock Dealer ,300,818.1,245430.0,2025-08-03T13:54:53.265039
2025-08-03,46527,2025080304017785,RADHI,Property Wiard Limited,Investment Management Nepal Pvt. Ltd.,300,818.1,245430.0,2025-08-03T13:55:21.424839
2025-08-03,46342,2025080304017800,RADHI,Asian Securities Private Ltd.,Opal Securities Investment (PVT) Ltd.,50,822.0,41100.0,2025-08-03T13:55:42.498374
2025-08-03,46120,2025080304017835,RADHI,Property Wiard Limited,Nagarik Stock Dealer ,445,818.1,364054.5,2025-08-03T13:56:02.435755
2025-08-03,46014,2025080304017870,RADHI,Property Wiard Limited,Investment Management Nepal Pvt. Ltd.,455,818.1,372235.5,2025-08-03T13:56:17.915517
2025-08-03,46013,2025080304017871,RADHI,Neev Securities Pvt. Ltd.,Investment Management Nepal Pvt. Ltd.,45,818.0,36810.0,2025-08-03T13:56:17.915849
2025-08-03,45781,2025080304017924,RADHI,Neev Securities Pvt. Ltd.,Sani Securities Company Ltd.,484,818.0,395912.0,2025-08-03T13:56:44.595689
2025-08-03,45780,2025080304017925,RADHI,Siprabi Securities Pvt. Ltd.,Sani Securities Company Ltd.,16,818.0,13088.0,2025-08-03T13:56:44.596063
2025-08-03,45701,2025080304017940,RADHI,Nepal Stock House (PVT) Ltd.,Miyo Securities Pvt Ltd,70,821.0,57470.0,2025-08-03T13:56:55.402039
2025-08-03,43714,2025080304018434,RADHI,Sundhara Securities Limited,Sri Hari Securities Pvt. Ltd.,500,818.3,409150.0,2025-08-03T14:00:59.764049
2025-08-03,43713,2025080304018435,RADHI,Shree Krishna Securities Ltd.,Sri Hari Securities Pvt. Ltd.,100,818.2,81820.0,2025-08-03T14:00:59.764115
2025-08-03,43712,2025080304018436,RADHI,Siprabi Securities Pvt. Ltd.,Sri Hari Securities Pvt. Ltd.,34,818.0,27812.0,2025-08-03T14:00:59.764146
2025-08-03,43711,2025080304018437,RADHI,Neev Securities Pvt. Ltd.,Sri Hari Securities Pvt. Ltd.,366,818.0,299388.0,2025-08-03T14:00:59.764175
2025-08-03,43339,2025080304018501,RADHI,Dipshikha Dhitopatra Karobar Co. Pvt Ltd.,Online Securities Pvt. Ltd.,100,818.8,81880.0,2025-08-03T14:01:45.095445
2025-08-03,43338,2025080304018502,RADHI,Neev Securities Pvt. Ltd.,Online Securities Pvt. Ltd.,34,818.0,27812.0,2025-08-03T14:01:45.095796
2025-08-03,43337,2025080304018503,RADHI,Sumeru Securities Pvt. Ltd.,Online Securities Pvt. Ltd.,366,817.7,299278.2,2025-08-03T14:01:45.095931
2025-08-03,41213,2025080304018959,RADHI,Nepal Stock House (PVT) Ltd.,Sagarmatha Securities Private Limited,20,820.0,16400.0,2025-08-03T14:06:52.646218
2025-08-03,41212,2025080304018960,RADHI,Nepal Stock House (PVT) Ltd.,Miyo Securities Pvt Ltd,73,820.0,59860.0,2025-08-03T14:06:52.646587
2025-08-03,41211,2025080304018961,RADHI,Nepal Stock House (PVT) Ltd.,Oxford Securities Pvt. Ltd.,255,820.0,209100.0,2025-08-03T14:06:52.646737
2025-08-03,41210,2025080304018962,RADHI,Nepal Stock House (PVT) Ltd.,Miyo Securities Pvt Ltd,92,820.0,75440.0,2025-08-03T14:06:52.64688
2025-08-03,40927,2025080304019035,RADHI,Vision Securities Pvt. Ltd,Kalika Securities Pvt. Ltd.,15,819.0,12285.0,2025-08-03T14:07:38.589304
2025-08-03,40926,2025080304019036,RADHI,Trisul Securities & Invt. Ltd.,Kalika Securities Pvt. Ltd.,100,818.2,81820.0,2025-08-03T14:07:38.589994
2025-08-03,40925,2025080304019037,RADHI,KALASH STOCK MARKET PVT. LTD.,Kalika Securities Pvt. Ltd.,335,818.1,274063.5,2025-08-03T14:07:38.590432
2025-08-03,40154,2025080304019223,RADHI,Imperial Securities Company Pvt. Ltd.,Naasa Securities Co. Ltd.,91,820.0,74620.0,2025-08-03T14:09:45.325869
2025-08-03,38468,2025080304019701,RADHI,Neev Securities Pvt. Ltd.,Agrawal Securities (PVT) Ltd.,120,818.2,98184.0,2025-08-03T14:13:38.398273
2025-08-03,38023,2025080304019798,RADHI,Neev Securities Pvt. Ltd.,Nepal Stock House (PVT) Ltd.,20,818.2,16364.0,2025-08-03T14:14:41.278729
2025-08-03,38022,2025080304019799,RADHI,KALASH STOCK MARKET PVT. LTD.,Nepal Stock House (PVT) Ltd.,480,818.1,392688.0,2025-08-03T14:14:41.279091
2025-08-03,37953,2025080304019805,RADHI,KALASH STOCK MARKET PVT. LTD.,Nepal Stock House (PVT) Ltd.,185,818.1,151348.5,2025-08-03T14:14:54.376379
2025-08-03,37952,2025080304019806,RADHI,Asian Securities Private Ltd.,Nepal Stock House (PVT) Ltd.,50,818.1,40905.0,2025-08-03T14:14:54.376813
2025-08-03,37951,2025080304019807,RADHI,Neev Securities Pvt. Ltd.,Nepal Stock House (PVT) Ltd.,265,818.0,216770.0,2025-08-03T14:14:54.376965
2025-08-03,37853,2025080304019827,RADHI,Neev Securities Pvt. Ltd.,Deevyaa Securities & Stock House Pvt. Ltd,335,818.0,274030.0,2025-08-03T14:15:09.957504
2025-08-03,37852,2025080304019828,RADHI,Neev Securities Pvt. Ltd.,Deevyaa Securities & Stock House Pvt. Ltd,550,818.0,449900.0,2025-08-03T14:15:09.957876
2025-08-03,37851,2025080304019829,RADHI,Kohinoor Investment & Securities Pvt. Ltd.,Deevyaa Securities & Stock House Pvt. Ltd,115,818.0,94070.0,2025-08-03T14:15:09.958015
2025-08-03,37112,2025080304020013,RADHI,Kohinoor Investment & Securities Pvt. Ltd.,Naasa Securities Co. Ltd.,12,818.0,9816.0,2025-08-03T14:16:47.776787
2025-08-03,36468,2025080304020291,RADHI,Kohinoor Investment & Securities Pvt. Ltd.,Dipshikha Dhitopatra Karobar Co. Pvt Ltd.,100,818.0,81800.0,2025-08-03T14:17:59.609628
2025-08-03,35724,2025080304020484,RADHI,Kohinoor Investment & Securities Pvt. Ltd.,J.F. Securites (PVT) Ltd.,23,818.0,18814.0,2025-08-03T14:19:34.056969
2025-08-03,35546,2025080304020525,RADHI,Imperial Securities Company Pvt. Ltd.,Aryatara Investment & Securities,1,815.0,815.0,2025-08-03T14:19:57.659757
2025-08-03,35380,2025080304020590,RADHI,Market Securities & Exchange (PVT) Ltd.,Imperial Securities Company Pvt. Ltd.,2,819.0,1638.0,2025-08-03T14:20:14.917837
2025-08-03,34340,2025080304020849,RADHI,Neev Securities Pvt. Ltd.,Nepal Stock House (PVT) Ltd.,30,818.0,24540.0,2025-08-03T14:22:21.083712
2025-08-03,34339,2025080304020850,RADHI,Neev Securities Pvt. Ltd.,Nepal Stock House (PVT) Ltd.,40,818.0,32720.0,2025-08-03T14:22:21.084363
2025-08-03,34315,2025080304020861,RADHI,Sumeru Securities Pvt. Ltd.,Trisul Securities & Invt. Ltd.,134,817.7,109571.8,2025-08-03T14:22:23.248778
2025-08-03,34314,2025080304020862,RADHI,Sajilo Broker Limited,Trisul Securities & Invt. Ltd.,50,817.5,40875.0,2025-08-03T14:22:23.249127
2025-08-03,34313,2025080304020863,RADHI,Naasa Securities Co. Ltd.,Trisul Securities & Invt. Ltd.,50,817.0,40850.0,2025-08-03T14:22:23.249265
2025-08-03,34312,2025080304020864,RADHI,Imperial Securities Company Pvt. Ltd.,Trisul Securities & Invt. Ltd.,19,816.0,15504.0,2025-08-03T14:22:23.249413
2025-08-03,34311,2025080304020865,RADHI,Imperial Securities Company Pvt. Ltd.,Trisul Securities & Invt. Ltd.,20,816.0,16320.0,2025-08-03T14:22:23.24957
2025-08-03,34310,2025080304020866,RADHI,Kohinoor Investment & Securities Pvt. Ltd.,Trisul Securities & Invt. Ltd.,30,816.0,24480.0,2025-08-03T14:22:23.249702
2025-08-03,34309,2025080304020867,RADHI,Thrive Brokerage House Pvt. Ltd,Trisul Securities & Invt. Ltd.,197,816.0,160752.0,2025-08-03T14:22:23.249836
2025-08-03,34175,2025080304020877,RADHI,Thrive Brokerage House Pvt. Ltd,Nepal Stock House (PVT) Ltd.,50,816.0,40800.0,2025-08-03T14:22:33.059737
2025-08-03,34009,2025080304020923,RADHI,Thrive Brokerage House Pvt. Ltd,Online Securities Pvt. Ltd.,53,816.0,43248.0,2025-08-03T14:22:48.070695
2025-08-03,34008,2025080304020924,RADHI,Imperial Securities Company Pvt. Ltd.,Online Securities Pvt. Ltd.,100,816.0,81600.0,2025-08-03T14:22:48.070735
2025-08-03,34007,2025080304020925,RADHI,Sani Securities Company Ltd.,Online Securities Pvt. Ltd.,847,816.0,691152.0,2025-08-03T14:22:48.070776
2025-08-03,33494,2025080304021074,RADHI,Deevyaa Securities & Stock House Pvt. Ltd,Sagarmatha Securities Private Limited,37,816.1,30195.7,2025-08-03T14:23:42.870654
2025-08-03,33164,2025080304021114,RADHI,Deevyaa Securities & Stock House Pvt. Ltd,Sumeru Securities Pvt. Ltd.,463,816.1,377854.3,2025-08-03T14:24:13.197736
2025-08-03,33163,2025080304021115,RADHI,Primo Securities (PVT) Ltd.,Sumeru Securities Pvt. Ltd.,37,816.1,30195.7,2025-08-03T14:24:13.198103
2025-08-03,32339,2025080304021234,RADHI,Midas Stock Broking Company Private Limited,Sumeru Securities Pvt. Ltd.,400,817.0,326800.0,2025-08-03T14:25:26.337719
2025-08-03,31988,2025080304021342,RADHI,Miyo Securities Pvt Ltd,Premier Securities Company Ltd.,1000,817.8,817800.0,2025-08-03T14:26:02.274335
2025-08-03,31374,2025080304021469,RADHI,Sani Securities Company Ltd.,Linch Stock Market Ltd.,19,817.9,15540.1,2025-08-03T14:27:11.645103
2025-08-03,31255,2025080304021500,RADHI,Sani Securities Company Ltd.,Midas Stock Broking Company Private Limited,31,817.9,25354.9,2025-08-03T14:27:24.756097
2025-08-03,31254,2025080304021501,RADHI,Miyo Securities Pvt Ltd,Midas Stock Broking Company Private Limited,50,817.8,40890.0,2025-08-03T14:27:24.756518
2025-08-03,31253,2025080304021502,RADHI,Sumeru Securities Pvt. Ltd.,Midas Stock Broking Company Private Limited,469,817.8,383548.2,2025-08-03T14:27:24.756661
2025-08-03,31007,2025080304021571,RADHI,Sumeru Securities Pvt. Ltd.,Trisul Securities & Invt. Ltd.,81,817.8,66241.8,2025-08-03T14:27:48.625168
2025-08-03,31006,2025080304021572,RADHI,Deevyaa Securities & Stock House Pvt. Ltd,Trisul Securities & Invt. Ltd.,19,817.0,15523.0,2025-08-03T14:27:48.625221
2025-08-03,30875,2025080304021589,RADHI,Asian Securities Private Ltd.,Vision Securities Pvt. Ltd,500,818.0,409000.0,2025-08-03T14:28:01.022925
2025-08-03,30443,2025080304021697,RADHI,Sani Securities Company Ltd.,Naasa Securities Co. Ltd.,17,816.5,13880.5,2025-08-03T14:28:41.223284
2025-08-03,29874,2025080304021837,RADHI,Sani Securities Company Ltd.,Oxford Securities Pvt. Ltd.,10,817.1,8171.0,2025-08-03T14:29:33.724942
2025-08-03,29257,2025080304021943,RADHI,Deevyaa Securities & Stock House Pvt. Ltd,Trisul Securities & Invt. Ltd.,500,816.3,408150.0,2025-08-03T14:30:25.024235
2025-08-03,29178,2025080304021950,RADHI,Primo Securities (PVT) Ltd.,Naasa Securities Co. Ltd.,100,816.2,81620.0,2025-08-03T14:30:34.90897
2025-08-03,29163,2025080304021958,RADHI,Primo Securities (PVT) Ltd.,Trisul Securities & Invt. Ltd.,363,816.2,296280.6,2025-08-03T14:30:38.136878
2025-08-03,29162,2025080304021959,RADHI,MILKY WAY SHARE BROKER COMPANY LTD ,Trisul Securities & Invt. Ltd.,137,816.1,111805.7,2025-08-03T14:30:38.137263
2025-08-03,29149,2025080304021961,RADHI,MILKY WAY SHARE BROKER COMPANY LTD ,Asian Securities Private Ltd.,768,816.1,626764.8,2025-08-03T14:30:39.559971
2025-08-03,29148,2025080304021962,RADHI,Sumeru Securities Pvt. Ltd.,Asian Securities Private Ltd.,370,816.1,301957.0,2025-08-03T14:30:39.560337
