Date,S.N.,Contract ID,Symbol,Buyer Broker,Seller Broker,quantity,rate,amount,transaction_time
2025-07-15,73928,2025071505000014,CHDC,Imperial Securities Company Pvt. Ltd.,K.B.L. Securities Limited ,10,2650.0,26500.0,2025-07-15 11:01:06.926752
2025-07-15,73469,2025071505000053,CHDC,Imperial Securities Company Pvt. Ltd.,K.B.L. Securities Limited ,40,2650.0,106000.0,2025-07-15 11:04:21.559821
2025-07-15,72845,2025071505000154,CHDC,Sweta Securities Private Limited,K.B.L. Securities Limited ,10,2650.0,26500.0,2025-07-15 11:07:44.935460
2025-07-15,72844,2025071505000155,CHDC,Sweta Securities Private Limited,Trishakti Securities Public Limited,12,2650.0,31800.0,2025-07-15 11:07:44.935613
2025-07-15,72768,2025071505000165,CHDC,Shree Krishna Securities Ltd.,Nabil Stock Dealer Ltd.,6650,2645.0,17589250.0,2025-07-15 11:08:08.180687
2025-07-15,72628,2025071505000191,CHDC,Nabil Stock Dealer Ltd.,Cristal Kanchanjanga Securites Pvt. Ltd.,10,2675.0,26750.0,2025-07-15 11:08:43.292055
2025-07-15,71956,2025071505000287,CHDC,Sundhara Securities Limited,South Asian Bulls Pvt. Ltd.,50,2673.8,133690.0,2025-07-15 11:11:56.331367
2025-07-15,71955,2025071505000288,CHDC,Sundhara Securities Limited,NIMB Stock Markets Limited,50,2674.0,133700.0,2025-07-15 11:11:56.331460
2025-07-15,71907,2025071505000295,CHDC,J.F. Securites (PVT) Ltd.,K.B.L. Securities Limited ,50,2650.0,132500.0,2025-07-15 11:12:15.894135
2025-07-15,71906,2025071505000296,CHDC,Neev Securities Pvt. Ltd.,K.B.L. Securities Limited ,20,2631.3,52626.0,2025-07-15 11:12:15.894356
2025-07-15,71876,2025071505000306,CHDC,Kohinoor Investment & Securities Pvt. Ltd.,KALASH STOCK MARKET PVT. LTD.,100,2672.0,267200.0,2025-07-15 11:12:26.992368
2025-07-15,71875,2025071505000307,CHDC,Kohinoor Investment & Securities Pvt. Ltd.,NIMB Stock Markets Limited,50,2674.0,133700.0,2025-07-15 11:12:26.992554
2025-07-15,71874,2025071505000308,CHDC,Kohinoor Investment & Securities Pvt. Ltd.,Cristal Kanchanjanga Securites Pvt. Ltd.,67,2675.0,179225.0,2025-07-15 11:12:26.992683
2025-07-15,71873,2025071505000309,CHDC,Kohinoor Investment & Securities Pvt. Ltd.,Swarna Laxmi Securities Pvt. Ltd.,162,2675.0,433350.0,2025-07-15 11:12:26.992801
2025-07-15,71872,2025071505000310,CHDC,Kohinoor Investment & Securities Pvt. Ltd.,Nepal Investment And Securities Trading Private Limited,50,2680.0,134000.0,2025-07-15 11:12:26.992925
2025-07-15,71670,2025071505000338,CHDC,Sanima Securities Limited,Vision Securities Pvt. Ltd,12,2650.0,31800.0,2025-07-15 11:13:15.386039
2025-07-15,71630,2025071505000347,CHDC,Sanima Securities Limited,K.B.L. Securities Limited ,10,2635.0,26350.0,2025-07-15 11:13:28.097566
2025-07-15,71629,2025071505000348,CHDC,Neev Securities Pvt. Ltd.,K.B.L. Securities Limited ,50,2632.1,131605.0,2025-07-15 11:13:28.097685
2025-07-15,71331,2025071505000399,CHDC,K.B.L. Securities Limited ,Agrawal Securities (PVT) Ltd.,10,2675.0,26750.0,2025-07-15 11:14:37.360463
2025-07-15,69568,2025071505000625,CHDC,Imperial Securities Company Pvt. Ltd.,Neev Securities Pvt. Ltd.,100,2650.0,265000.0,2025-07-15 11:20:50.659167
2025-07-15,69562,2025071505000627,CHDC,Imperial Securities Company Pvt. Ltd.,ABC Securities Private Limited,12,2650.0,31800.0,2025-07-15 11:20:53.364477
2025-07-15,69081,2025071505000682,CHDC,Imperial Securities Company Pvt. Ltd.,K.B.L. Securities Limited ,30,2652.0,79560.0,2025-07-15 11:22:40.809954
2025-07-15,69079,2025071505000683,CHDC,K.B.L. Securities Limited ,NIMB Stock Markets Limited,10,2673.0,26730.0,2025-07-15 11:22:41.816160
2025-07-15,68860,2025071505000709,CHDC,Secured Securities Ltd.,NIMB Stock Markets Limited,50,2673.0,133650.0,2025-07-15 11:23:23.244230
2025-07-15,68064,2025071505000826,CHDC,Imperial Securities Company Pvt. Ltd.,Sipla Securities Private Limited,12,2652.0,31824.0,2025-07-15 11:26:39.379405
2025-07-15,67705,2025071505000874,CHDC,Premier Securities Company Ltd.,Premier Securities Company Ltd.,5000,2654.0,13270000.0,2025-07-15 11:28:17.039694
2025-07-15,67630,2025071505000888,CHDC,Secured Securities Ltd.,Deevyaa Securities & Stock House Pvt. Ltd,200,2654.0,530800.0,2025-07-15 11:28:39.785093
2025-07-15,67629,2025071505000889,CHDC,Sri Hari Securities Pvt. Ltd.,Deevyaa Securities & Stock House Pvt. Ltd,150,2653.0,397950.0,2025-07-15 11:28:39.785260
2025-07-15,67628,2025071505000890,CHDC,Naasa Securities Co. Ltd.,Deevyaa Securities & Stock House Pvt. Ltd,20,2653.0,53060.0,2025-07-15 11:28:39.785325
2025-07-15,67627,2025071505000891,CHDC,Imperial Securities Company Pvt. Ltd.,Deevyaa Securities & Stock House Pvt. Ltd,126,2652.0,334152.0,2025-07-15 11:28:39.785380
2025-07-15,67041,2025071505001016,CHDC,Linch Stock Market Ltd.,Online Securities Pvt. Ltd.,100,2652.1,265210.0,2025-07-15 11:31:13.921185
2025-07-15,66790,2025071505001066,CHDC,Imperial Securities Company Pvt. Ltd.,South Asian Bulls Pvt. Ltd.,12,2652.0,31824.0,2025-07-15 11:32:25.008383
2025-07-15,65957,2025071505001176,CHDC,K.B.L. Securities Limited ,Dipshikha Dhitopatra Karobar Co. Pvt Ltd.,10,2670.0,26700.0,2025-07-15 11:35:52.369161
2025-07-15,65381,2025071505001288,CHDC,Imperial Securities Company Pvt. Ltd.,Kalika Securities Pvt. Ltd.,12,2654.0,31848.0,2025-07-15 11:38:14.414510
2025-07-15,64242,2025071505001439,CHDC,Sweta Securities Private Limited,Oxford Securities Pvt. Ltd.,12,2662.0,31944.0,2025-07-15 11:42:56.766722
2025-07-15,63851,2025071505001524,CHDC,INDEX SECURITIES LIMITED,Midas Stock Broking Company Private Limited,40,2668.9,106756.0,2025-07-15 11:44:30.627614
2025-07-15,61644,2025071505002013,CHDC,Sweta Securities Private Limited,Midas Stock Broking Company Private Limited,10,2668.9,26689.0,2025-07-15 11:53:21.046786
2025-07-15,61556,2025071505002028,CHDC,Sweta Securities Private Limited,Sundhara Securities Limited,10,2669.0,26690.0,2025-07-15 11:53:46.145993
2025-07-15,60534,2025071505002297,CHDC,Imperial Securities Company Pvt. Ltd.,Vision Securities Pvt. Ltd,116,2657.0,308212.0,2025-07-15 11:56:44.718043
2025-07-15,60533,2025071505002298,CHDC,Aakashbhairab Securities Ltd.,Vision Securities Pvt. Ltd,384,2657.0,1020288.0,2025-07-15 11:56:44.718413
2025-07-15,59993,2025071505002390,CHDC,Aakashbhairab Securities Ltd.,Sundhara Securities Limited,116,2657.0,308212.0,2025-07-15 11:58:29.588904
2025-07-15,59992,2025071505002391,CHDC,Thrive Brokerage House Pvt. Ltd,Sundhara Securities Limited,84,2657.0,223188.0,2025-07-15 11:58:29.589111
2025-07-15,59273,2025071505002503,CHDC,Market Securities & Exchange (PVT) Ltd.,K.B.L. Securities Limited ,150,2668.0,400200.0,2025-07-15 12:01:08.686847
2025-07-15,59197,2025071505002515,CHDC,Market Securities & Exchange (PVT) Ltd.,K.B.L. Securities Limited ,150,2668.0,400200.0,2025-07-15 12:01:21.746782
2025-07-15,59091,2025071505002529,CHDC,Market Securities & Exchange (PVT) Ltd.,K.B.L. Securities Limited ,150,2668.0,400200.0,2025-07-15 12:01:40.821548
2025-07-15,59032,2025071505002539,CHDC,Market Securities & Exchange (PVT) Ltd.,K.B.L. Securities Limited ,50,2668.0,133400.0,2025-07-15 12:01:55.920256
2025-07-15,58415,2025071505002610,CHDC,Imperial Securities Company Pvt. Ltd.,K.B.L. Securities Limited ,100,2668.0,266800.0,2025-07-15 12:04:23.890742
2025-07-15,58083,2025071505002676,CHDC,ABC Securities Private Limited,APPLE SECURITIES PRIVATE LIMITED,500,2667.0,1333500.0,2025-07-15 12:05:44.763841
2025-07-15,57749,2025071505002719,CHDC,Imperial Securities Company Pvt. Ltd.,K.B.L. Securities Limited ,60,2668.0,160080.0,2025-07-15 12:07:05.292483
2025-07-15,57710,2025071505002744,CHDC,K.B.L. Securities Limited ,K.B.L. Securities Limited ,10,2668.0,26680.0,2025-07-15 12:07:16.617923
2025-07-15,57552,2025071505002768,CHDC,Imperial Securities Company Pvt. Ltd.,K.B.L. Securities Limited ,20,2668.0,53360.0,2025-07-15 12:07:55.722902
2025-07-15,57128,2025071505002829,CHDC,ABC Securities Private Limited,Dipshikha Dhitopatra Karobar Co. Pvt Ltd.,500,2657.0,1328500.0,2025-07-15 12:09:56.454148
2025-07-15,56976,2025071505002852,CHDC,Deevyaa Securities & Stock House Pvt. Ltd,K.B.L. Securities Limited ,50,2656.0,132800.0,2025-07-15 12:10:45.270428
2025-07-15,56975,2025071505002853,CHDC,Thrive Brokerage House Pvt. Ltd,K.B.L. Securities Limited ,66,2656.0,175296.0,2025-07-15 12:10:45.270648
2025-07-15,56974,2025071505002854,CHDC,Deevyaa Securities & Stock House Pvt. Ltd,K.B.L. Securities Limited ,100,2656.0,265600.0,2025-07-15 12:10:45.270740
2025-07-15,56973,2025071505002855,CHDC,BHOLE GANESH SECURITIES LTD,K.B.L. Securities Limited ,236,2655.0,626580.0,2025-07-15 12:10:45.270808
2025-07-15,56923,2025071505002862,CHDC,K.B.L. Securities Limited ,NIMB Stock Markets Limited,10,2667.0,26670.0,2025-07-15 12:11:01.334134
2025-07-15,56678,2025071505002916,CHDC,Sani Securities Company Ltd.,NIMB Stock Markets Limited,200,2667.0,533400.0,2025-07-15 12:12:10.839018
2025-07-15,56468,2025071505002936,CHDC,Nepal Stock House (PVT) Ltd.,NIMB Stock Markets Limited,100,2667.0,266700.0,2025-07-15 12:12:52.020228
2025-07-15,55698,2025071505003037,CHDC,Kalika Securities Pvt. Ltd.,K.B.L. Securities Limited ,10,2651.0,26510.0,2025-07-15 12:16:00.339282
2025-07-15,54992,2025071505003146,CHDC,Sri Hari Securities Pvt. Ltd.,Online Securities Pvt. Ltd.,12,2653.2,31838.4,2025-07-15 12:18:39.150965
2025-07-15,54784,2025071505003192,CHDC,Deevyaa Securities & Stock House Pvt. Ltd,Imperial Securities Company Pvt. Ltd.,12,2666.0,31992.0,2025-07-15 12:19:23.317171
2025-07-15,54629,2025071505003232,CHDC,Sweta Securities Private Limited,Trisul Securities & Invt. Ltd.,40,2666.0,106640.0,2025-07-15 12:19:54.878464
2025-07-15,52523,2025071505003468,CHDC,Thrive Brokerage House Pvt. Ltd,Trisul Securities & Invt. Ltd.,40,2655.2,106208.0,2025-07-15 12:27:55.821023
2025-07-15,52522,2025071505003469,CHDC,SHUBHAKAMANA SECURITIES PVT. LTD,Trisul Securities & Invt. Ltd.,110,2655.1,292061.0,2025-07-15 12:27:55.821072
2025-07-15,52240,2025071505003526,CHDC,Vision Securities Pvt. Ltd,NIMB Stock Markets Limited,100,2664.0,266400.0,2025-07-15 12:28:58.565709
2025-07-15,51922,2025071505003594,CHDC,Ashutosh Brokerage & Securities (PVT) Ltd.,NIMB Stock Markets Limited,29,2664.0,77256.0,2025-07-15 12:30:08.412650
2025-07-15,51423,2025071505003648,CHDC,Linch Stock Market Ltd.,Dipshikha Dhitopatra Karobar Co. Pvt Ltd.,30,2655.3,79659.0,2025-07-15 12:32:28.848173
2025-07-15,51422,2025071505003649,CHDC,Imperial Securities Company Pvt. Ltd.,Dipshikha Dhitopatra Karobar Co. Pvt Ltd.,10,2655.2,26552.0,2025-07-15 12:32:28.848452
2025-07-15,51421,2025071505003650,CHDC,SHUBHAKAMANA SECURITIES PVT. LTD,Dipshikha Dhitopatra Karobar Co. Pvt Ltd.,60,2655.1,159306.0,2025-07-15 12:32:28.848526
2025-07-15,51198,2025071505003687,CHDC,Vision Securities Pvt. Ltd,Himalayan Securities Limited,10,2665.0,26650.0,2025-07-15 12:33:25.740098
2025-07-15,51197,2025071505003688,CHDC,Vision Securities Pvt. Ltd,APPLE SECURITIES PRIVATE LIMITED,40,2665.0,106600.0,2025-07-15 12:33:25.740176
2025-07-15,50672,2025071505003759,CHDC,Dipshikha Dhitopatra Karobar Co. Pvt Ltd.,APPLE SECURITIES PRIVATE LIMITED,110,2665.0,293150.0,2025-07-15 12:35:53.175219
2025-07-15,50350,2025071505003785,CHDC,Imperial Securities Company Pvt. Ltd.,Sani Securities Company Ltd.,1,2620.0,2620.0,2025-07-15 12:37:19.372284
2025-07-15,50322,2025071505003786,CHDC,Imperial Securities Company Pvt. Ltd.,Premier Securities Company Ltd.,1,2650.0,2650.0,2025-07-15 12:37:25.411582
2025-07-15,49960,2025071505003820,CHDC,Linch Stock Market Ltd.,APPLE SECURITIES PRIVATE LIMITED,10,2665.0,26650.0,2025-07-15 12:38:58.609712
2025-07-15,49874,2025071505003825,CHDC,Miyo Securities Pvt Ltd,APPLE SECURITIES PRIVATE LIMITED,10,2665.0,26650.0,2025-07-15 12:39:11.401282
2025-07-15,49422,2025071505003888,CHDC,Online Securities Pvt. Ltd.,APPLE SECURITIES PRIVATE LIMITED,250,2665.0,666250.0,2025-07-15 12:40:52.653301
2025-07-15,48853,2025071505003952,CHDC,Miyo Securities Pvt Ltd,APPLE SECURITIES PRIVATE LIMITED,50,2665.0,133250.0,2025-07-15 12:42:52.088517
2025-07-15,48610,2025071505003986,CHDC,Miyo Securities Pvt Ltd,APPLE SECURITIES PRIVATE LIMITED,10,2665.0,26650.0,2025-07-15 12:43:46.244117
2025-07-15,48472,2025071505004013,CHDC,Dakshinkali Investment & Securities Pvt. Ltd.,APPLE SECURITIES PRIVATE LIMITED,20,2665.0,53300.0,2025-07-15 12:44:20.159911
2025-07-15,48471,2025071505004014,CHDC,Dakshinkali Investment & Securities Pvt. Ltd.,Market Securities & Exchange (PVT) Ltd.,78,2665.0,207870.0,2025-07-15 12:44:20.160099
2025-07-15,45927,2025071505004360,CHDC,Midas Stock Broking Company Private Limited,Premier Securities Company Ltd.,123,2666.0,327918.0,2025-07-15 12:53:26.029840
2025-07-15,45926,2025071505004361,CHDC,Midas Stock Broking Company Private Limited,Cristal Kanchanjanga Securites Pvt. Ltd.,65,2666.0,173290.0,2025-07-15 12:53:26.030057
2025-07-15,45925,2025071505004362,CHDC,Midas Stock Broking Company Private Limited,Miyo Securities Pvt Ltd,200,2666.0,533200.0,2025-07-15 12:53:26.030129
2025-07-15,45645,2025071505004412,CHDC,Midas Stock Broking Company Private Limited,Investment Management Nepal Pvt. Ltd.,112,2666.0,298592.0,2025-07-15 12:54:32.390582
2025-07-15,45644,2025071505004413,CHDC,Dynamic Money Managers Securities Pvt. Ltd.,Investment Management Nepal Pvt. Ltd.,102,2666.0,271932.0,2025-07-15 12:54:32.390952
2025-07-15,45602,2025071505004416,CHDC,Dynamic Money Managers Securities Pvt. Ltd.,Kohinoor Investment & Securities Pvt. Ltd.,12,2666.0,31992.0,2025-07-15 12:54:37.510083
2025-07-15,45433,2025071505004434,CHDC,Dynamic Money Managers Securities Pvt. Ltd.,Kohinoor Investment & Securities Pvt. Ltd.,16,2666.0,42656.0,2025-07-15 12:55:21.703864
2025-07-15,45432,2025071505004435,CHDC,Dakshinkali Investment & Securities Pvt. Ltd.,Kohinoor Investment & Securities Pvt. Ltd.,50,2660.0,133000.0,2025-07-15 12:55:21.704097
2025-07-15,45431,2025071505004436,CHDC,Premier Securities Company Ltd.,Kohinoor Investment & Securities Pvt. Ltd.,34,2660.0,90440.0,2025-07-15 12:55:21.704173
2025-07-15,45399,2025071505004441,CHDC,Premier Securities Company Ltd.,Sumeru Securities Pvt. Ltd.,466,2660.0,1239560.0,2025-07-15 12:55:33.907018
2025-07-15,45373,2025071505004445,CHDC,Imperial Securities Company Pvt. Ltd.,Sumeru Securities Pvt. Ltd.,98,2660.0,260680.0,2025-07-15 12:55:40.123965
2025-07-15,45262,2025071505004459,CHDC,Malla & Malla Stock Broking Company Pvt. Limited,Sumeru Securities Pvt. Ltd.,36,2660.0,95760.0,2025-07-15 12:55:59.671375
2025-07-15,45220,2025071505004465,CHDC,Malla & Malla Stock Broking Company Pvt. Limited,Agrawal Securities (PVT) Ltd.,20,2660.0,53200.0,2025-07-15 12:56:09.171013
2025-07-15,44371,2025071505004567,CHDC,Dakshinkali Investment & Securities Pvt. Ltd.,Premier Securities Company Ltd.,50,2667.0,133350.0,2025-07-15 12:59:09.649541
2025-07-15,44370,2025071505004568,CHDC,Dakshinkali Investment & Securities Pvt. Ltd.,Investment Management Nepal Pvt. Ltd.,500,2667.0,1333500.0,2025-07-15 12:59:09.649952
2025-07-15,44369,2025071505004569,CHDC,Dakshinkali Investment & Securities Pvt. Ltd.,Sumeru Securities Pvt. Ltd.,12,2667.0,32004.0,2025-07-15 12:59:09.650166
2025-07-15,43568,2025071505004658,CHDC,Miyo Securities Pvt Ltd,Capital Max Securities Ltd,12,2668.0,32016.0,2025-07-15 13:02:05.493363
2025-07-15,43567,2025071505004659,CHDC,Miyo Securities Pvt Ltd,Opal Securities Investment (PVT) Ltd.,12,2668.0,32016.0,2025-07-15 13:02:05.493720
2025-07-15,43566,2025071505004660,CHDC,Miyo Securities Pvt Ltd,Sundhara Securities Limited,26,2669.0,69394.0,2025-07-15 13:02:05.493941
2025-07-15,42626,2025071505004782,CHDC,Aryatara Investment & Securities,Kohinoor Investment & Securities Pvt. Ltd.,2,2615.7,5231.4,2025-07-15 13:05:29.088401
2025-07-15,42515,2025071505004791,CHDC,Malla & Malla Stock Broking Company Pvt. Limited,Sundhara Securities Limited,100,2669.0,266900.0,2025-07-15 13:05:44.746129
2025-07-15,42460,2025071505004803,CHDC,Malla & Malla Stock Broking Company Pvt. Limited,Sundhara Securities Limited,78,2660.0,207480.0,2025-07-15 13:06:06.956112
2025-07-15,42459,2025071505004804,CHDC,Aakashbhairab Securities Ltd.,Sundhara Securities Limited,222,2660.0,590520.0,2025-07-15 13:06:06.956381
2025-07-15,42029,2025071505004870,CHDC,Malla & Malla Stock Broking Company Pvt. Limited,Sewa Securities Pvt. Ltd.,12,2661.0,31932.0,2025-07-15 13:07:38.372772
2025-07-15,40651,2025071505005016,CHDC,Malla & Malla Stock Broking Company Pvt. Limited,Sani Securities Company Ltd.,54,2661.0,143694.0,2025-07-15 13:12:02.092731
2025-07-15,40650,2025071505005017,CHDC,Imperial Securities Company Pvt. Ltd.,Sani Securities Company Ltd.,26,2661.0,69186.0,2025-07-15 13:12:02.093013
2025-07-15,40633,2025071505005018,CHDC,Imperial Securities Company Pvt. Ltd.,Neev Securities Pvt. Ltd.,14,2661.0,37254.0,2025-07-15 13:12:05.712500
2025-07-15,40632,2025071505005019,CHDC,Bhrikuti Stock Broking Co. Pvt. Ltd.,Neev Securities Pvt. Ltd.,50,2661.0,133050.0,2025-07-15 13:12:05.712742
2025-07-15,40631,2025071505005020,CHDC,Agrawal Securities (PVT) Ltd.,Neev Securities Pvt. Ltd.,29,2661.0,77169.0,2025-07-15 13:12:05.712817
2025-07-15,40458,2025071505005043,CHDC,Agrawal Securities (PVT) Ltd.,Sani Securities Company Ltd.,21,2661.0,55881.0,2025-07-15 13:12:42.682965
2025-07-15,40457,2025071505005044,CHDC,Aakashbhairab Securities Ltd.,Sani Securities Company Ltd.,79,2661.0,210219.0,2025-07-15 13:12:42.683345
2025-07-15,40336,2025071505005056,CHDC,Aakashbhairab Securities Ltd.,Sundhara Securities Limited,21,2661.0,55881.0,2025-07-15 13:13:05.818893
2025-07-15,40335,2025071505005057,CHDC,Aakashbhairab Securities Ltd.,Sundhara Securities Limited,178,2660.0,473480.0,2025-07-15 13:13:05.819157
2025-07-15,40334,2025071505005058,CHDC,Agrawal Securities (PVT) Ltd.,Sundhara Securities Limited,35,2660.0,93100.0,2025-07-15 13:13:05.819239
2025-07-15,40333,2025071505005059,CHDC,Himalayan Securities Limited,Sundhara Securities Limited,400,2660.0,1064000.0,2025-07-15 13:13:05.819329
2025-07-15,40332,2025071505005060,CHDC,Kohinoor Investment & Securities Pvt. Ltd.,Sundhara Securities Limited,10,2660.0,26600.0,2025-07-15 13:13:05.819401
2025-07-15,40321,2025071505005063,CHDC,Online Securities Pvt. Ltd.,Sundhara Securities Limited,50,2660.0,133000.0,2025-07-15 13:13:09.246979
2025-07-15,39882,2025071505005115,CHDC,Online Securities Pvt. Ltd.,Opal Securities Investment (PVT) Ltd.,12,2662.0,31944.0,2025-07-15 13:14:35.941068
2025-07-15,39107,2025071505005220,CHDC,K.B.L. Securities Limited ,Sumeru Securities Pvt. Ltd.,10,2668.0,26680.0,2025-07-15 13:17:05.846087
2025-07-15,38539,2025071505005335,CHDC,Imperial Securities Company Pvt. Ltd.,Sumeru Securities Pvt. Ltd.,40,2668.0,106720.0,2025-07-15 13:18:55.324950
2025-07-15,37036,2025071505005566,CHDC,South Asian Bulls Pvt. Ltd.,NIMB Stock Markets Limited,70,2662.0,186340.0,2025-07-15 13:25:32.183760
2025-07-15,37035,2025071505005567,CHDC,Sri Hari Securities Pvt. Ltd.,NIMB Stock Markets Limited,138,2661.0,367218.0,2025-07-15 13:25:32.183986
2025-07-15,37034,2025071505005568,CHDC,Aakashbhairab Securities Ltd.,NIMB Stock Markets Limited,189,2661.0,502929.0,2025-07-15 13:25:32.184102
2025-07-15,36558,2025071505005627,CHDC,Aakashbhairab Securities Ltd.,Siprabi Securities Pvt. Ltd.,12,2661.0,31932.0,2025-07-15 13:27:41.723634
2025-07-15,36288,2025071505005675,CHDC,Sweta Securities Private Limited,Prabhu Stock Market Limited,30,2665.0,79950.0,2025-07-15 13:28:59.747437
2025-07-15,36217,2025071505005684,CHDC,Imperial Securities Company Pvt. Ltd.,Himalayan Securities Limited,20,2661.1,53222.0,2025-07-15 13:29:16.178297
2025-07-15,36216,2025071505005685,CHDC,Aakashbhairab Securities Ltd.,Himalayan Securities Limited,299,2661.0,795639.0,2025-07-15 13:29:16.178519
2025-07-15,36215,2025071505005686,CHDC,Sani Securities Company Ltd.,Himalayan Securities Limited,1000,2660.6,2660600.0,2025-07-15 13:29:16.178596
2025-07-15,36214,2025071505005687,CHDC,Imperial Securities Company Pvt. Ltd.,Himalayan Securities Limited,50,2660.5,133025.0,2025-07-15 13:29:16.178673
2025-07-15,36213,2025071505005688,CHDC,Aakashbhairab Securities Ltd.,Himalayan Securities Limited,100,2660.1,266010.0,2025-07-15 13:29:16.178747
2025-07-15,36212,2025071505005689,CHDC,Premier Securities Company Ltd.,Himalayan Securities Limited,700,2660.1,1862070.0,2025-07-15 13:29:16.178818
2025-07-15,36211,2025071505005690,CHDC,Vision Securities Pvt. Ltd,Himalayan Securities Limited,1711,2660.0,4551260.0,2025-07-15 13:29:16.178892
2025-07-15,36103,2025071505005695,CHDC,Vision Securities Pvt. Ltd,Himalayan Securities Limited,165,2660.0,438900.0,2025-07-15 13:29:40.252497
2025-07-15,36053,2025071505005711,CHDC,Sri Hari Securities Pvt. Ltd.,Miyo Securities Pvt Ltd,100,2660.1,266010.0,2025-07-15 13:29:52.251734
2025-07-15,36052,2025071505005712,CHDC,Vision Securities Pvt. Ltd,Miyo Securities Pvt Ltd,124,2660.0,329840.0,2025-07-15 13:29:52.251947
2025-07-15,36051,2025071505005713,CHDC,Naasa Securities Co. Ltd.,Miyo Securities Pvt Ltd,50,2660.0,133000.0,2025-07-15 13:29:52.252060
2025-07-15,36050,2025071505005714,CHDC,Bhrikuti Stock Broking Co. Pvt. Ltd.,Miyo Securities Pvt Ltd,26,2660.0,69160.0,2025-07-15 13:29:52.252137
2025-07-15,36030,2025071505005726,CHDC,Bhrikuti Stock Broking Co. Pvt. Ltd.,Sani Securities Company Ltd.,74,2660.0,196840.0,2025-07-15 13:29:56.434133
2025-07-15,36029,2025071505005727,CHDC,Nabil Stock Dealer Ltd.,Sani Securities Company Ltd.,50,2660.0,133000.0,2025-07-15 13:29:56.434369
2025-07-15,35880,2025071505005762,CHDC,INDEX SECURITIES LIMITED,Nabil Stock Dealer Ltd.,10,2659.0,26590.0,2025-07-15 13:30:31.154954
2025-07-15,35832,2025071505005773,CHDC,Deevyaa Securities & Stock House Pvt. Ltd,Miyo Securities Pvt Ltd,10,2658.0,26580.0,2025-07-15 13:30:44.411084
2025-07-15,35421,2025071505005858,CHDC,SHUBHAKAMANA SECURITIES PVT. LTD,Trisul Securities & Invt. Ltd.,12,2655.1,31861.2,2025-07-15 13:32:31.718786
2025-07-15,34498,2025071505006030,CHDC,SHUBHAKAMANA SECURITIES PVT. LTD,Secured Securities Ltd.,12,2655.1,31861.2,2025-07-15 13:36:09.258133
2025-07-15,34485,2025071505006031,CHDC,Bhrikuti Stock Broking Co. Pvt. Ltd.,Sani Securities Company Ltd.,10,2655.1,26551.0,2025-07-15 13:36:12.049279
2025-07-15,34484,2025071505006032,CHDC,Bhrikuti Stock Broking Co. Pvt. Ltd.,Sani Securities Company Ltd.,10,2655.1,26551.0,2025-07-15 13:36:12.049542
2025-07-15,34483,2025071505006033,CHDC,BHOLE GANESH SECURITIES LTD,Sani Securities Company Ltd.,64,2655.0,169920.0,2025-07-15 13:36:12.049625
2025-07-15,34482,2025071505006034,CHDC,K.B.L. Securities Limited ,Sani Securities Company Ltd.,100,2654.1,265410.0,2025-07-15 13:36:12.049698
2025-07-15,34481,2025071505006035,CHDC,Naasa Securities Co. Ltd.,Sani Securities Company Ltd.,692,2654.0,1836568.0,2025-07-15 13:36:12.049771
2025-07-15,34226,2025071505006071,CHDC,Market Securities & Exchange (PVT) Ltd.,Premier Securities Company Ltd.,10,2660.0,26600.0,2025-07-15 13:37:14.155456
2025-07-15,33139,2025071505006240,CHDC,SHUBHAKAMANA SECURITIES PVT. LTD,Premier Securities Company Ltd.,18,2660.0,47880.0,2025-07-15 13:41:18.282097
2025-07-15,32179,2025071505006411,CHDC,Imperial Securities Company Pvt. Ltd.,Naasa Securities Co. Ltd.,12,2655.0,31860.0,2025-07-15 13:44:55.106283
2025-07-15,31332,2025071505006540,CHDC,Imperial Securities Company Pvt. Ltd.,Premier Securities Company Ltd.,22,2660.0,58520.0,2025-07-15 13:48:01.357555
2025-07-15,31331,2025071505006541,CHDC,Imperial Securities Company Pvt. Ltd.,Sundhara Securities Limited,25,2660.0,66500.0,2025-07-15 13:48:01.357932
2025-07-15,31330,2025071505006542,CHDC,Imperial Securities Company Pvt. Ltd.,Sani Securities Company Ltd.,141,2660.0,375060.0,2025-07-15 13:48:01.358146
2025-07-15,31191,2025071505006567,CHDC,Premier Securities Company Ltd.,Sani Securities Company Ltd.,30,2660.0,79800.0,2025-07-15 13:48:35.921740
2025-07-15,31134,2025071505006578,CHDC,Sweta Securities Private Limited,Sani Securities Company Ltd.,29,2660.0,77140.0,2025-07-15 13:48:52.069645
2025-07-15,30371,2025071505006710,CHDC,Imperial Securities Company Pvt. Ltd.,ABC Securities Private Limited,12,2656.5,31878.0,2025-07-15 13:51:59.550605
2025-07-15,29915,2025071505006791,CHDC,Imperial Securities Company Pvt. Ltd.,Kalika Securities Pvt. Ltd.,10,2660.0,26600.0,2025-07-15 13:54:03.410581
2025-07-15,29488,2025071505006861,CHDC,Miyo Securities Pvt Ltd,Dipshikha Dhitopatra Karobar Co. Pvt Ltd.,500,2656.3,1328150.0,2025-07-15 13:55:48.646564
2025-07-15,28166,2025071505007097,CHDC,Nabil Stock Dealer Ltd.,Neev Securities Pvt. Ltd.,10,2660.0,26600.0,2025-07-15 14:01:02.818893
2025-07-15,28075,2025071505007119,CHDC,Garima Securities Limited,Neev Securities Pvt. Ltd.,140,2660.0,372400.0,2025-07-15 14:01:17.659001
2025-07-15,28074,2025071505007120,CHDC,Garima Securities Limited,Neev Securities Pvt. Ltd.,10,2660.0,26600.0,2025-07-15 14:01:17.659249
2025-07-15,28070,2025071505007121,CHDC,Garima Securities Limited,Nabil Stock Dealer Ltd.,150,2656.3,398445.0,2025-07-15 14:01:17.860359
2025-07-15,28069,2025071505007122,CHDC,Prabhu Stock Market Limited,Nabil Stock Dealer Ltd.,500,2656.2,1328100.0,2025-07-15 14:01:17.860404
2025-07-15,28068,2025071505007123,CHDC,APPLE SECURITIES PRIVATE LIMITED,Nabil Stock Dealer Ltd.,300,2656.2,796860.0,2025-07-15 14:01:17.860428
2025-07-15,28067,2025071505007124,CHDC,Sani Securities Company Ltd.,Nabil Stock Dealer Ltd.,50,2656.1,132805.0,2025-07-15 14:01:17.860450
2025-07-15,27979,2025071505007141,CHDC,Garima Securities Limited,Neev Securities Pvt. Ltd.,100,2660.0,266000.0,2025-07-15 14:01:46.719214
2025-07-15,27586,2025071505007181,CHDC,Sani Securities Company Ltd.,Naasa Securities Co. Ltd.,40,2656.1,106244.0,2025-07-15 14:03:09.085267
2025-07-15,27440,2025071505007219,CHDC,Sani Securities Company Ltd.,Prabhu Stock Market Limited,110,2656.1,292171.0,2025-07-15 14:03:42.828637
2025-07-15,27439,2025071505007220,CHDC,APPLE SECURITIES PRIVATE LIMITED,Prabhu Stock Market Limited,390,2656.0,1035840.0,2025-07-15 14:03:42.829011
2025-07-15,25003,2025071505007631,CHDC,Sani Securities Company Ltd.,Shree Krishna Securities Ltd.,50,2659.0,132950.0,2025-07-15 14:12:41.752254
2025-07-15,24488,2025071505007682,CHDC,Market Securities & Exchange (PVT) Ltd.,Shree Krishna Securities Ltd.,100,2659.0,265900.0,2025-07-15 14:14:08.841957
2025-07-15,24387,2025071505007701,CHDC,Market Securities & Exchange (PVT) Ltd.,Shree Krishna Securities Ltd.,15,2659.0,39885.0,2025-07-15 14:14:25.925026
2025-07-15,24054,2025071505007751,CHDC,Kalika Securities Pvt. Ltd.,Deevyaa Securities & Stock House Pvt. Ltd,100,2659.9,265990.0,2025-07-15 14:15:21.714366
2025-07-15,23886,2025071505007774,CHDC,Thrive Brokerage House Pvt. Ltd,Sewa Securities Pvt. Ltd.,12,2659.9,31918.8,2025-07-15 14:15:55.588662
2025-07-15,23837,2025071505007805,CHDC,Market Securities & Exchange (PVT) Ltd.,Neev Securities Pvt. Ltd.,40,2660.0,106400.0,2025-07-15 14:16:01.378285
2025-07-15,23836,2025071505007806,CHDC,Market Securities & Exchange (PVT) Ltd.,Investment Management Nepal Pvt. Ltd.,45,2660.0,119700.0,2025-07-15 14:16:01.378508
2025-07-15,23634,2025071505007840,CHDC,Thrive Brokerage House Pvt. Ltd,Investment Management Nepal Pvt. Ltd.,88,2660.0,234080.0,2025-07-15 14:16:40.816117
2025-07-15,23626,2025071505007841,CHDC,Dipshikha Dhitopatra Karobar Co. Pvt Ltd.,Investment Management Nepal Pvt. Ltd.,39,2660.0,103740.0,2025-07-15 14:16:42.736167
2025-07-15,23400,2025071505007863,CHDC,Creative Securities Pvt Ltd,Investment Management Nepal Pvt. Ltd.,128,2660.0,340480.0,2025-07-15 14:17:29.132552
2025-07-15,23399,2025071505007864,CHDC,Creative Securities Pvt Ltd,Malla & Malla Stock Broking Company Pvt. Limited,86,2660.0,228760.0,2025-07-15 14:17:29.132950
2025-07-15,23398,2025071505007865,CHDC,Creative Securities Pvt Ltd,Linch Stock Market Ltd.,12,2663.0,31956.0,2025-07-15 14:17:29.133189
2025-07-15,23397,2025071505007866,CHDC,Creative Securities Pvt Ltd,Dipshikha Dhitopatra Karobar Co. Pvt Ltd.,524,2663.0,1395412.0,2025-07-15 14:17:29.133445
2025-07-15,22723,2025071505007967,CHDC,Market Securities & Exchange (PVT) Ltd.,Neev Securities Pvt. Ltd.,100,2660.0,266000.0,2025-07-15 14:19:51.069033
2025-07-15,21792,2025071505008109,CHDC,Sani Securities Company Ltd.,NIMB Stock Markets Limited,2,2608.8,5217.6,2025-07-15 14:23:05.444494
2025-07-15,21143,2025071505008170,CHDC,Imperial Securities Company Pvt. Ltd.,Neev Securities Pvt. Ltd.,50,2660.0,133000.0,2025-07-15 14:24:48.152491
2025-07-15,19919,2025071505008300,CHDC,Naasa Securities Co. Ltd.,Deevyaa Securities & Stock House Pvt. Ltd,50,2662.9,133145.0,2025-07-15 14:27:46.058437
2025-07-15,19721,2025071505008320,CHDC,Sanima Securities Limited,Deevyaa Securities & Stock House Pvt. Ltd,40,2662.9,106516.0,2025-07-15 14:28:27.126278
2025-07-15,17889,2025071505008601,CHDC,Imperial Securities Company Pvt. Ltd.,Sri Hari Securities Pvt. Ltd.,25,2657.6,66440.0,2025-07-15 14:33:11.081052
2025-07-15,17888,2025071505008602,CHDC,Agrawal Securities (PVT) Ltd.,Sri Hari Securities Pvt. Ltd.,75,2657.2,199290.0,2025-07-15 14:33:11.081209
2025-07-15,17679,2025071505008639,CHDC,APPLE SECURITIES PRIVATE LIMITED,Market Securities & Exchange (PVT) Ltd.,250,2657.1,664275.0,2025-07-15 14:33:35.112184
2025-07-15,17382,2025071505008676,CHDC,APPLE SECURITIES PRIVATE LIMITED,Sri Hari Securities Pvt. Ltd.,150,2657.1,398565.0,2025-07-15 14:34:16.934904
2025-07-15,16984,2025071505008721,CHDC,APPLE SECURITIES PRIVATE LIMITED,Deevyaa Securities & Stock House Pvt. Ltd,33,2657.1,87684.3,2025-07-15 14:35:20.027253
2025-07-15,16800,2025071505008751,CHDC,APPLE SECURITIES PRIVATE LIMITED,Online Securities Pvt. Ltd.,177,2657.1,470306.7,2025-07-15 14:35:56.135435
2025-07-15,16799,2025071505008752,CHDC,Sumeru Securities Pvt. Ltd.,Online Securities Pvt. Ltd.,10,2657.0,26570.0,2025-07-15 14:35:56.135679
2025-07-15,16798,2025071505008753,CHDC,Vision Securities Pvt. Ltd,Online Securities Pvt. Ltd.,75,2656.7,199252.5,2025-07-15 14:35:56.135771
2025-07-15,16797,2025071505008754,CHDC,Secured Securities Ltd.,Online Securities Pvt. Ltd.,500,2656.6,1328300.0,2025-07-15 14:35:56.135852
2025-07-15,16796,2025071505008755,CHDC,Secured Securities Ltd.,Online Securities Pvt. Ltd.,50,2656.6,132830.0,2025-07-15 14:35:56.135927
2025-07-15,16795,2025071505008756,CHDC,Nepal Stock House (PVT) Ltd.,Online Securities Pvt. Ltd.,100,2656.0,265600.0,2025-07-15 14:35:56.136007
2025-07-15,16340,2025071505008790,CHDC,Premier Securities Company Ltd.,Online Securities Pvt. Ltd.,88,2655.0,233640.0,2025-07-15 14:36:44.327920
2025-07-15,15905,2025071505008829,CHDC,Ashutosh Brokerage & Securities (PVT) Ltd.,Sri Hari Securities Pvt. Ltd.,70,2655.0,185850.0,2025-07-15 14:37:46.266521
2025-07-15,15904,2025071505008830,CHDC,Cristal Kanchanjanga Securites Pvt. Ltd.,Sri Hari Securities Pvt. Ltd.,10,2654.1,26541.0,2025-07-15 14:37:46.266558
2025-07-15,15903,2025071505008831,CHDC,Naasa Securities Co. Ltd.,Sri Hari Securities Pvt. Ltd.,20,2654.0,53080.0,2025-07-15 14:37:46.266583
2025-07-15,15722,2025071505008878,CHDC,Naasa Securities Co. Ltd.,APPLE SECURITIES PRIVATE LIMITED,288,2654.0,764352.0,2025-07-15 14:38:06.051306
2025-07-15,15721,2025071505008879,CHDC,K.B.L. Securities Limited ,APPLE SECURITIES PRIVATE LIMITED,100,2651.1,265110.0,2025-07-15 14:38:06.051505
2025-07-15,15720,2025071505008880,CHDC,Kalika Securities Pvt. Ltd.,APPLE SECURITIES PRIVATE LIMITED,15,2651.0,39765.0,2025-07-15 14:38:06.051583
2025-07-15,15719,2025071505008881,CHDC,Aryatara Investment & Securities,APPLE SECURITIES PRIVATE LIMITED,20,2651.0,53020.0,2025-07-15 14:38:06.051659
2025-07-15,15718,2025071505008882,CHDC,Secured Securities Ltd.,APPLE SECURITIES PRIVATE LIMITED,77,2651.0,204127.0,2025-07-15 14:38:06.051733
2025-07-15,15638,2025071505008884,CHDC,Secured Securities Ltd.,APPLE SECURITIES PRIVATE LIMITED,423,2651.0,1121373.0,2025-07-15 14:38:18.078965
2025-07-15,15637,2025071505008885,CHDC,Premier Securities Company Ltd.,APPLE SECURITIES PRIVATE LIMITED,77,2650.1,204057.7,2025-07-15 14:38:18.079160
2025-07-15,15358,2025071505008931,CHDC,Premier Securities Company Ltd.,Neev Securities Pvt. Ltd.,150,2650.1,397515.0,2025-07-15 14:39:10.865549
2025-07-15,15245,2025071505008949,CHDC,Premier Securities Company Ltd.,Sani Securities Company Ltd.,50,2650.1,132505.0,2025-07-15 14:39:23.382609
2025-07-15,15060,2025071505008977,CHDC,Premier Securities Company Ltd.,Nagarik Stock Dealer ,23,2650.1,60952.3,2025-07-15 14:39:44.951940
2025-07-15,14749,2025071505009011,CHDC,Capital Max Securities Ltd,Miyo Securities Pvt Ltd,300,2651.0,795300.0,2025-07-15 14:40:40.370875
2025-07-15,14748,2025071505009012,CHDC,Garima Securities Limited,Miyo Securities Pvt Ltd,100,2650.1,265010.0,2025-07-15 14:40:40.371086
2025-07-15,14747,2025071505009013,CHDC,Dakshinkali Investment & Securities Pvt. Ltd.,Miyo Securities Pvt Ltd,50,2650.0,132500.0,2025-07-15 14:40:40.371160
2025-07-15,14746,2025071505009014,CHDC,Oxford Securities Pvt. Ltd.,Miyo Securities Pvt Ltd,500,2650.0,1325000.0,2025-07-15 14:40:40.371237
2025-07-15,14745,2025071505009015,CHDC,Kumari Securities Private Limited,Miyo Securities Pvt Ltd,50,2650.0,132500.0,2025-07-15 14:40:40.371310
2025-07-15,14744,2025071505009016,CHDC,Elite Stock House Limited,Miyo Securities Pvt Ltd,200,2646.0,529200.0,2025-07-15 14:40:40.371413
2025-07-15,14743,2025071505009017,CHDC,Cristal Kanchanjanga Securites Pvt. Ltd.,Miyo Securities Pvt Ltd,10,2646.0,26460.0,2025-07-15 14:40:40.371486
2025-07-15,14742,2025071505009018,CHDC,Secured Securities Ltd.,Miyo Securities Pvt Ltd,700,2646.0,1852200.0,2025-07-15 14:40:40.371568
2025-07-15,14741,2025071505009019,CHDC,Premier Securities Company Ltd.,Miyo Securities Pvt Ltd,290,2645.1,767079.0,2025-07-15 14:40:40.371654
2025-07-15,14367,2025071505009068,CHDC,Nabil Stock Dealer Ltd.,Sani Securities Company Ltd.,10,2655.0,26550.0,2025-07-15 14:41:33.023929
2025-07-15,13240,2025071505009264,CHDC,Imperial Securities Company Pvt. Ltd.,Nagarik Stock Dealer ,10,2654.9,26549.0,2025-07-15 14:44:15.886830
2025-07-15,13115,2025071505009270,CHDC,Imperial Securities Company Pvt. Ltd.,Nagarik Stock Dealer ,10,2654.9,26549.0,2025-07-15 14:44:29.083207
2025-07-15,11201,2025071505009627,CHDC,Thrive Brokerage House Pvt. Ltd,Miyo Securities Pvt Ltd,20,2651.1,53022.0,2025-07-15 14:47:39.908640
2025-07-15,11200,2025071505009628,CHDC,Sani Securities Company Ltd.,Miyo Securities Pvt Ltd,10,2651.0,26510.0,2025-07-15 14:47:39.909067
2025-07-15,11199,2025071505009629,CHDC,Aryatara Investment & Securities,Miyo Securities Pvt Ltd,10,2650.0,26500.0,2025-07-15 14:47:39.909304
2025-07-15,11198,2025071505009630,CHDC,Garima Securities Limited,Miyo Securities Pvt Ltd,100,2647.1,264710.0,2025-07-15 14:47:39.909569
2025-07-15,11197,2025071505009631,CHDC,Agrawal Securities (PVT) Ltd.,Miyo Securities Pvt Ltd,2000,2647.0,5294000.0,2025-07-15 14:47:39.909790
2025-07-15,11065,2025071505009644,CHDC,SHUBHAKAMANA SECURITIES PVT. LTD,Miyo Securities Pvt Ltd,100,2646.2,264620.0,2025-07-15 14:47:51.957366
2025-07-15,11064,2025071505009645,CHDC,Secured Securities Ltd.,Miyo Securities Pvt Ltd,400,2646.1,1058440.0,2025-07-15 14:47:51.957630
2025-07-15,10959,2025071505009661,CHDC,Miyo Securities Pvt Ltd,Investment Management Nepal Pvt. Ltd.,101,2646.2,267266.2,2025-07-15 14:48:02.972918
2025-07-15,10901,2025071505009672,CHDC,Miyo Securities Pvt Ltd,Hatemalo Financial Services Private Limited,45,2646.2,119079.0,2025-07-15 14:48:12.383987
2025-07-15,10748,2025071505009692,CHDC,J.F. Securites (PVT) Ltd.,Miyo Securities Pvt Ltd,50,2647.0,132350.0,2025-07-15 14:48:28.411504
2025-07-15,10652,2025071505009714,CHDC,Thrive Brokerage House Pvt. Ltd,Miyo Securities Pvt Ltd,10,2647.0,26470.0,2025-07-15 14:48:39.906476
2025-07-15,10543,2025071505009724,CHDC,Thrive Brokerage House Pvt. Ltd,Vision Securities Pvt. Ltd,10,2647.0,26470.0,2025-07-15 14:48:50.175572
2025-07-15,9743,2025071505009882,CHDC,Miyo Securities Pvt Ltd,Nagarik Stock Dealer ,12,2647.0,31764.0,2025-07-15 14:50:13.522331
2025-07-15,9336,2025071505009946,CHDC,Sani Securities Company Ltd.,Linch Stock Market Ltd.,1,2610.0,2610.0,2025-07-15 14:50:45.565090
2025-07-15,9308,2025071505009954,CHDC,N.M.B. SECURITIES LIMITED,Creative Securities Pvt Ltd,1,2607.0,2607.0,2025-07-15 14:50:48.501078
2025-07-15,8591,2025071505010089,CHDC,Sani Securities Company Ltd.,Dipshikha Dhitopatra Karobar Co. Pvt Ltd.,1,2605.0,2605.0,2025-07-15 14:51:40.510424
2025-07-15,7873,2025071505010169,CHDC,Miyo Securities Pvt Ltd,Investment Management Nepal Pvt. Ltd.,300,2648.0,794400.0,2025-07-15 14:52:35.017350
2025-07-15,7735,2025071505010193,CHDC,Miyo Securities Pvt Ltd,Nagarik Stock Dealer ,10,2648.0,26480.0,2025-07-15 14:52:45.353073
2025-07-15,6948,2025071505010308,CHDC,Vision Securities Pvt. Ltd,Vision Securities Pvt. Ltd,1,2595.1,2595.1,2025-07-15 14:53:48.268694
2025-07-15,6716,2025071505010342,CHDC,SHUBHAKAMANA SECURITIES PVT. LTD,Aakashbhairab Securities Ltd.,50,2648.1,132405.0,2025-07-15 14:54:09.317206
2025-07-15,6595,2025071505010351,CHDC,Aryatara Investment & Securities,Prabhu Stock Market Limited,50,2648.1,132405.0,2025-07-15 14:54:19.069302
2025-07-15,6594,2025071505010352,CHDC,Miyo Securities Pvt Ltd,Prabhu Stock Market Limited,32,2648.0,84736.0,2025-07-15 14:54:19.069573
2025-07-15,6593,2025071505010353,CHDC,Sweta Securities Private Limited,Prabhu Stock Market Limited,10,2648.0,26480.0,2025-07-15 14:54:19.069664
2025-07-15,6592,2025071505010354,CHDC,Midas Stock Broking Company Private Limited,Prabhu Stock Market Limited,10,2648.0,26480.0,2025-07-15 14:54:19.069744
2025-07-15,6548,2025071505010357,CHDC,Primo Securities (PVT) Ltd.,Nagarik Stock Dealer ,300,2653.0,795900.0,2025-07-15 14:54:24.426525
2025-07-15,6547,2025071505010358,CHDC,Primo Securities (PVT) Ltd.,Sumeru Securities Pvt. Ltd.,200,2654.0,530800.0,2025-07-15 14:54:24.426946
2025-07-15,6161,2025071505010418,CHDC,Opal Securities Investment (PVT) Ltd.,Nagarik Stock Dealer ,100,2649.0,264900.0,2025-07-15 14:54:54.164265
2025-07-15,5102,2025071505010566,CHDC,Kumari Securities Private Limited,Vision Securities Pvt. Ltd,10,2652.0,26520.0,2025-07-15 14:56:17.935172
2025-07-15,4796,2025071505010609,CHDC,Primo Securities (PVT) Ltd.,Arun Securities (PVT) Ltd.,20,2654.9,53098.0,2025-07-15 14:56:40.328369
2025-07-15,4795,2025071505010610,CHDC,Primo Securities (PVT) Ltd.,Sani Securities Company Ltd.,80,2655.0,212400.0,2025-07-15 14:56:40.328583
2025-07-15,4550,2025071505010634,CHDC,SHUBHAKAMANA SECURITIES PVT. LTD,Sani Securities Company Ltd.,10,2655.0,26550.0,2025-07-15 14:56:57.684652
2025-07-15,4549,2025071505010635,CHDC,SHUBHAKAMANA SECURITIES PVT. LTD,Linch Stock Market Ltd.,25,2655.0,66375.0,2025-07-15 14:56:57.685013
2025-07-15,4202,2025071505010691,CHDC,Nabil Stock Dealer Ltd.,Online Securities Pvt. Ltd.,12,2654.1,31849.2,2025-07-15 14:57:23.386880
2025-07-15,4178,2025071505010695,CHDC,Nabil Stock Dealer Ltd.,APPLE SECURITIES PRIVATE LIMITED,12,2654.1,31849.2,2025-07-15 14:57:25.276127
2025-07-15,4084,2025071505010718,CHDC,Dakshinkali Investment & Securities Pvt. Ltd.,Primo Securities (PVT) Ltd.,100,2658.0,265800.0,2025-07-15 14:57:31.356460
2025-07-15,3724,2025071505010756,CHDC,Dakshinkali Investment & Securities Pvt. Ltd.,Premier Securities Company Ltd.,12,2658.0,31896.0,2025-07-15 14:57:51.599010
2025-07-15,3268,2025071505010828,CHDC,Kumari Securities Private Limited,Oxford Securities Pvt. Ltd.,10,2658.0,26580.0,2025-07-15 14:58:14.942856
2025-07-15,3039,2025071505010841,CHDC,Opal Securities Investment (PVT) Ltd.,Linch Stock Market Ltd.,34,2658.0,90372.0,2025-07-15 14:58:28.671210
2025-07-15,3038,2025071505010842,CHDC,Opal Securities Investment (PVT) Ltd.,Neev Securities Pvt. Ltd.,50,2658.1,132905.0,2025-07-15 14:58:28.671598
2025-07-15,3037,2025071505010843,CHDC,Opal Securities Investment (PVT) Ltd.,Investment Management Nepal Pvt. Ltd.,300,2659.0,797700.0,2025-07-15 14:58:28.671830
2025-07-15,3036,2025071505010844,CHDC,Opal Securities Investment (PVT) Ltd.,Dipshikha Dhitopatra Karobar Co. Pvt Ltd.,476,2659.9,1266112.4,2025-07-15 14:58:28.672063
2025-07-15,3035,2025071505010845,CHDC,Opal Securities Investment (PVT) Ltd.,Naasa Securities Co. Ltd.,12,2660.0,31920.0,2025-07-15 14:58:28.672294
2025-07-15,3034,2025071505010846,CHDC,Opal Securities Investment (PVT) Ltd.,Bhrikuti Stock Broking Co. Pvt. Ltd.,10,2662.0,26620.0,2025-07-15 14:58:28.672529
2025-07-15,3033,2025071505010847,CHDC,Opal Securities Investment (PVT) Ltd.,Investment Management Nepal Pvt. Ltd.,300,2662.0,798600.0,2025-07-15 14:58:28.672756
2025-07-15,2833,2025071505010878,CHDC,Opal Securities Investment (PVT) Ltd.,S.P.S.A. Securities Limited,374,2662.0,995588.0,2025-07-15 14:58:36.428715
2025-07-15,2731,2025071505010884,CHDC,Aakashbhairab Securities Ltd.,Miyo Securities Pvt Ltd,300,2658.0,797400.0,2025-07-15 14:58:39.650297
2025-07-15,2730,2025071505010885,CHDC,Naasa Securities Co. Ltd.,Miyo Securities Pvt Ltd,80,2655.0,212400.0,2025-07-15 14:58:39.650552
2025-07-15,2729,2025071505010886,CHDC,Primo Securities (PVT) Ltd.,Miyo Securities Pvt Ltd,100,2654.3,265430.0,2025-07-15 14:58:39.650630
2025-07-15,2728,2025071505010887,CHDC,Garima Securities Limited,Miyo Securities Pvt Ltd,100,2654.2,265420.0,2025-07-15 14:58:39.650706
2025-07-15,2727,2025071505010888,CHDC,Cristal Kanchanjanga Securites Pvt. Ltd.,Miyo Securities Pvt Ltd,10,2654.2,26542.0,2025-07-15 14:58:39.650780
2025-07-15,2726,2025071505010889,CHDC,Nabil Stock Dealer Ltd.,Miyo Securities Pvt Ltd,11,2654.1,29195.1,2025-07-15 14:58:39.650853
2025-07-15,2725,2025071505010890,CHDC,Garima Securities Limited,Miyo Securities Pvt Ltd,100,2654.1,265410.0,2025-07-15 14:58:39.650930
2025-07-15,2724,2025071505010891,CHDC,Naasa Securities Co. Ltd.,Miyo Securities Pvt Ltd,599,2654.0,1589746.0,2025-07-15 14:58:39.651014
2025-07-15,2569,2025071505010941,CHDC,Naasa Securities Co. Ltd.,S.P.S.A. Securities Limited,401,2654.0,1064254.0,2025-07-15 14:58:46.457569
2025-07-15,2458,2025071505010976,CHDC,Sharepro Securities Private Limited,S.P.S.A. Securities Limited,200,2654.0,530800.0,2025-07-15 14:58:50.272076
2025-07-15,2177,2025071505011014,CHDC,Bhrikuti Stock Broking Co. Pvt. Ltd.,Sumeru Securities Pvt. Ltd.,50,2650.2,132510.0,2025-07-15 14:59:01.304978
2025-07-15,2176,2025071505011015,CHDC,K.B.L. Securities Limited ,Sumeru Securities Pvt. Ltd.,50,2650.1,132505.0,2025-07-15 14:59:01.305157
2025-07-15,18,2025071505011264,CHDC,Primo Securities (PVT) Ltd.,S.P.S.A. Securities Limited,50,2652.0,132600.0,2025-07-15 14:59:59.678336
2025-07-15,17,2025071505011265,CHDC,Investment Management Nepal Pvt. Ltd.,S.P.S.A. Securities Limited,200,2651.0,530200.0,2025-07-15 14:59:59.678528
