Date,S.N.,Contract ID,Symbol,Buyer Broker,Seller Broker,quantity,rate,amount,transaction_time
2025-07-15,73955,2025071501000033,GBIME,Aryatara Investment & Securities,Trishakti Securities Public Limited,11,250.0,2750.0,2025-07-15 11:00:42.401924
2025-07-15,73688,2025071501000132,GBIME,Online Securities Pvt. Ltd.,Trishakti Securities Public Limited,11,250.3,2753.3,2025-07-15 11:03:02.375558
2025-07-15,73496,2025071501000193,GBIME,Sharepro Securities Private Limited,Kumari Securities Private Limited,10,254.0,2540.0,2025-07-15 11:04:13.926372
2025-07-15,73495,2025071501000194,GBIME,Sharepro Securities Private Limited,Cristal Kanchanjanga Securites Pvt. Ltd.,1307,255.0,333285.0,2025-07-15 11:04:13.926466
2025-07-15,73494,2025071501000195,GBIME,Sharepro Securities Private Limited,NIMB Stock Markets Limited,620,255.0,158100.0,2025-07-15 11:04:13.926516
2025-07-15,73493,2025071501000196,GBIME,Sharepro Securities Private Limited,Sewa Securities Pvt. Ltd.,228,255.0,58140.0,2025-07-15 11:04:13.926557
2025-07-15,73492,2025071501000197,GBIME,Sharepro Securities Private Limited,Midas Stock Broking Company Private Limited,500,255.0,127500.0,2025-07-15 11:04:13.926599
2025-07-15,73491,2025071501000198,GBIME,Sharepro Securities Private Limited,Opal Securities Investment (PVT) Ltd.,335,255.0,85425.0,2025-07-15 11:04:13.926640
2025-07-15,73468,2025071501000210,GBIME,Midas Stock Broking Company Private Limited,Siprabi Securities Pvt. Ltd.,836,253.0,211508.0,2025-07-15 11:04:22.141879
2025-07-15,73455,2025071501000216,GBIME,ABC Securities Private Limited,Opal Securities Investment (PVT) Ltd.,165,255.0,42075.0,2025-07-15 11:04:26.752752
2025-07-15,73454,2025071501000217,GBIME,ABC Securities Private Limited,Sewa Securities Pvt. Ltd.,1102,255.0,281010.0,2025-07-15 11:04:26.752847
2025-07-15,73453,2025071501000218,GBIME,ABC Securities Private Limited,Dipshikha Dhitopatra Karobar Co. Pvt Ltd.,20,255.3,5106.0,2025-07-15 11:04:26.752898
2025-07-15,73452,2025071501000219,GBIME,ABC Securities Private Limited,Online Securities Pvt. Ltd.,213,255.3,54378.9,2025-07-15 11:04:26.752943
2025-07-15,73395,2025071501000235,GBIME,ABC Securities Private Limited,Online Securities Pvt. Ltd.,4762,255.3,1215738.6,2025-07-15 11:04:45.865994
2025-07-15,73394,2025071501000236,GBIME,ABC Securities Private Limited,INDEX SECURITIES LIMITED,238,255.3,60761.4,2025-07-15 11:04:45.866098
2025-07-15,73358,2025071501000243,GBIME,Sharepro Securities Private Limited,Nepal Stock House (PVT) Ltd.,300,255.2,76560.0,2025-07-15 11:04:58.094572
2025-07-15,73357,2025071501000244,GBIME,Sharepro Securities Private Limited,Nepal Stock House (PVT) Ltd.,200,255.2,51040.0,2025-07-15 11:04:58.094694
2025-07-15,73356,2025071501000245,GBIME,Sharepro Securities Private Limited,INDEX SECURITIES LIMITED,500,255.3,127650.0,2025-07-15 11:04:58.094789
2025-07-15,73301,2025071501000252,GBIME,Kohinoor Investment & Securities Pvt. Ltd.,South Asian Bulls Pvt. Ltd.,10,255.2,2552.0,2025-07-15 11:05:18.121198
2025-07-15,73239,2025071501000259,GBIME,J.F. Securites (PVT) Ltd.,Stoxkarts Securities Limited,280,255.0,71400.0,2025-07-15 11:05:33.617227
2025-07-15,73238,2025071501000260,GBIME,Online Securities Pvt. Ltd.,Stoxkarts Securities Limited,500,253.1,126550.0,2025-07-15 11:05:33.617276
2025-07-15,73237,2025071501000261,GBIME,Midas Stock Broking Company Private Limited,Stoxkarts Securities Limited,220,253.0,55660.0,2025-07-15 11:05:33.617302
2025-07-15,73097,2025071501000322,GBIME,Opal Securities Investment (PVT) Ltd.,Swarna Laxmi Securities Pvt. Ltd.,64,254.0,16256.0,2025-07-15 11:06:16.492804
2025-07-15,73057,2025071501000332,GBIME,Sharepro Securities Private Limited,South Asian Bulls Pvt. Ltd.,30,255.2,7656.0,2025-07-15 11:06:32.532229
2025-07-15,73056,2025071501000333,GBIME,Sharepro Securities Private Limited,Dipshikha Dhitopatra Karobar Co. Pvt Ltd.,20,255.2,5104.0,2025-07-15 11:06:32.532305
2025-07-15,73055,2025071501000334,GBIME,Sharepro Securities Private Limited,Linch Stock Market Ltd.,10,255.2,2552.0,2025-07-15 11:06:32.532331
2025-07-15,73054,2025071501000335,GBIME,Sharepro Securities Private Limited,INDEX SECURITIES LIMITED,262,255.3,66888.6,2025-07-15 11:06:32.532355
2025-07-15,73053,2025071501000336,GBIME,Sharepro Securities Private Limited,Nepal Stock House (PVT) Ltd.,300,256.5,76950.0,2025-07-15 11:06:32.532381
2025-07-15,73052,2025071501000337,GBIME,Sharepro Securities Private Limited,Nepal Stock House (PVT) Ltd.,300,257.8,77340.0,2025-07-15 11:06:32.532408
2025-07-15,73051,2025071501000338,GBIME,Sharepro Securities Private Limited,Imperial Securities Company Pvt. Ltd.,500,258.0,129000.0,2025-07-15 11:06:32.532430
2025-07-15,73050,2025071501000339,GBIME,Sharepro Securities Private Limited,Naasa Securities Co. Ltd.,178,258.0,45924.0,2025-07-15 11:06:32.532454
2025-07-15,72790,2025071501000424,GBIME,Imperial Securities Company Pvt. Ltd.,Sundhara Securities Limited,838,254.1,212935.8,2025-07-15 11:07:57.028810
2025-07-15,72778,2025071501000426,GBIME,Secured Securities Ltd.,Naasa Securities Co. Ltd.,115,256.0,29440.0,2025-07-15 11:08:03.902907
2025-07-15,72743,2025071501000443,GBIME,J.F. Securites (PVT) Ltd.,Naasa Securities Co. Ltd.,500,256.0,128000.0,2025-07-15 11:08:16.306683
2025-07-15,72667,2025071501000472,GBIME,Sani Securities Company Ltd.,Naasa Securities Co. Ltd.,1000,256.0,256000.0,2025-07-15 11:08:38.898186
2025-07-15,72565,2025071501000510,GBIME,Opal Securities Investment (PVT) Ltd.,Sani Securities Company Ltd.,218,255.0,55590.0,2025-07-15 11:08:57.324995
2025-07-15,72529,2025071501000519,GBIME,Opal Securities Investment (PVT) Ltd.,Vision Securities Pvt. Ltd,1000,255.0,255000.0,2025-07-15 11:09:09.464343
2025-07-15,72527,2025071501000520,GBIME,Indira securities pvt. ltd,Naasa Securities Co. Ltd.,500,256.0,128000.0,2025-07-15 11:09:10.387414
2025-07-15,72420,2025071501000548,GBIME,Opal Securities Investment (PVT) Ltd.,Sundhara Securities Limited,782,255.0,199410.0,2025-07-15 11:09:40.487867
2025-07-15,72419,2025071501000549,GBIME,Sweta Securities Private Limited,Sundhara Securities Limited,100,255.0,25500.0,2025-07-15 11:09:40.488015
2025-07-15,72286,2025071501000598,GBIME,Imperial Securities Company Pvt. Ltd.,Citizens Share Broker Limited,10,254.1,2541.0,2025-07-15 11:10:28.791567
2025-07-15,72240,2025071501000626,GBIME,Asian Securities Private Ltd.,Sundhara Securities Limited,118,255.9,30196.2,2025-07-15 11:10:35.735809
2025-07-15,72239,2025071501000627,GBIME,Asian Securities Private Ltd.,Naasa Securities Co. Ltd.,885,256.0,226560.0,2025-07-15 11:10:35.735966
2025-07-15,72238,2025071501000628,GBIME,Asian Securities Private Ltd.,Sipla Securities Private Limited,372,256.0,95232.0,2025-07-15 11:10:35.736060
2025-07-15,72071,2025071501000673,GBIME,Asian Securities Private Ltd.,Sundhara Securities Limited,100,256.0,25600.0,2025-07-15 11:11:14.133618
2025-07-15,72041,2025071501000691,GBIME,Asian Securities Private Ltd.,Sani Securities Company Ltd.,25,256.0,6400.0,2025-07-15 11:11:27.233651
2025-07-15,72004,2025071501000699,GBIME,K.B.L. Securities Limited ,Sani Securities Company Ltd.,193,256.0,49408.0,2025-07-15 11:11:41.786170
2025-07-15,71920,2025071501000732,GBIME,Trishakti Securities Public Limited,Dipshikha Dhitopatra Karobar Co. Pvt Ltd.,50,257.0,12850.0,2025-07-15 11:12:11.280770
2025-07-15,71919,2025071501000733,GBIME,Trishakti Securities Public Limited,Kumari Securities Private Limited,30,257.0,7710.0,2025-07-15 11:12:11.281089
2025-07-15,71887,2025071501000740,GBIME,Kohinoor Investment & Securities Pvt. Ltd.,Kumari Securities Private Limited,20,257.0,5140.0,2025-07-15 11:12:24.978558
2025-07-15,71886,2025071501000741,GBIME,Kohinoor Investment & Securities Pvt. Ltd.,Online Securities Pvt. Ltd.,50,257.9,12895.0,2025-07-15 11:12:24.978599
2025-07-15,71885,2025071501000742,GBIME,Kohinoor Investment & Securities Pvt. Ltd.,Siprabi Securities Pvt. Ltd.,10,258.0,2580.0,2025-07-15 11:12:24.978624
2025-07-15,71884,2025071501000743,GBIME,Kohinoor Investment & Securities Pvt. Ltd.,Deevyaa Securities & Stock House Pvt. Ltd,20,258.0,5160.0,2025-07-15 11:12:24.978652
2025-07-15,71784,2025071501000773,GBIME,K.B.L. Securities Limited ,Himalayan Securities Limited,50,256.0,12800.0,2025-07-15 11:12:52.191528
2025-07-15,71621,2025071501000832,GBIME,K.B.L. Securities Limited ,Capital Max Securities Ltd,10,256.0,2560.0,2025-07-15 11:13:29.311160
2025-07-15,71523,2025071501000869,GBIME,Capital Hub P. Ltd,Stoxkarts Securities Limited,500,256.1,128050.0,2025-07-15 11:13:51.056108
2025-07-15,71457,2025071501000882,GBIME,Capital Hub P. Ltd,Creative Securities Pvt Ltd,4500,256.1,1152450.0,2025-07-15 11:14:07.821528
2025-07-15,71363,2025071501000902,GBIME,Premier Securities Company Ltd.,Stoxkarts Securities Limited,500,257.0,128500.0,2025-07-15 11:14:31.160067
2025-07-15,71286,2025071501000919,GBIME,K.B.L. Securities Limited ,Primo Securities (PVT) Ltd.,19747,256.0,5055232.0,2025-07-15 11:14:44.977002
2025-07-15,71285,2025071501000920,GBIME,Linch Stock Market Ltd.,Primo Securities (PVT) Ltd.,20,256.0,5120.0,2025-07-15 11:14:44.977337
2025-07-15,71162,2025071501000961,GBIME,Blue Chip Securities Ltd,Primo Securities (PVT) Ltd.,233,256.0,59648.0,2025-07-15 11:15:14.762288
2025-07-15,71161,2025071501000962,GBIME,Blue Chip Securities Ltd,Secured Securities Ltd.,200,256.0,51200.0,2025-07-15 11:15:14.762605
2025-07-15,71135,2025071501000965,GBIME,Blue Chip Securities Ltd,Naasa Securities Co. Ltd.,1269,256.1,324990.9,2025-07-15 11:15:22.043707
2025-07-15,71126,2025071501000971,GBIME,Blue Chip Securities Ltd,Miyo Securities Pvt Ltd,298,256.1,76317.8,2025-07-15 11:15:25.874889
2025-07-15,71073,2025071501000992,GBIME,ABC Securities Private Limited,Miyo Securities Pvt Ltd,4702,256.0,1203712.0,2025-07-15 11:15:39.894605
2025-07-15,71072,2025071501000993,GBIME,ABC Securities Private Limited,SHUBHAKAMANA SECURITIES PVT. LTD,2298,257.0,590586.0,2025-07-15 11:15:39.894761
2025-07-15,70986,2025071501001016,GBIME,South Asian Bulls Pvt. Ltd.,SHUBHAKAMANA SECURITIES PVT. LTD,500,257.0,128500.0,2025-07-15 11:16:00.284427
2025-07-15,70723,2025071501001081,GBIME,Shree Krishna Securities Ltd.,Sipla Securities Private Limited,25,256.0,6400.0,2025-07-15 11:17:00.977019
2025-07-15,70722,2025071501001082,GBIME,Shree Krishna Securities Ltd.,Miyo Securities Pvt Ltd,475,256.5,121837.5,2025-07-15 11:17:00.977240
2025-07-15,70613,2025071501001143,GBIME,Imperial Securities Company Pvt. Ltd.,Swarna Laxmi Securities Pvt. Ltd.,90,255.1,22959.0,2025-07-15 11:17:26.561929
2025-07-15,70612,2025071501001144,GBIME,Sumeru Securities Pvt. Ltd.,Swarna Laxmi Securities Pvt. Ltd.,50,255.0,12750.0,2025-07-15 11:17:26.562129
2025-07-15,70611,2025071501001145,GBIME,ABC Securities Private Limited,Swarna Laxmi Securities Pvt. Ltd.,860,255.0,219300.0,2025-07-15 11:17:26.562211
2025-07-15,70592,2025071501001151,GBIME,ABC Securities Private Limited,Naasa Securities Co. Ltd.,140,255.0,35700.0,2025-07-15 11:17:32.703515
2025-07-15,70582,2025071501001153,GBIME,Sharepro Securities Private Limited,Naasa Securities Co. Ltd.,1860,255.0,474300.0,2025-07-15 11:17:35.111994
2025-07-15,70581,2025071501001154,GBIME,Sharepro Securities Private Limited,Sani Securities Company Ltd.,38,255.9,9724.2,2025-07-15 11:17:35.112060
2025-07-15,70580,2025071501001155,GBIME,Sharepro Securities Private Limited,Miyo Securities Pvt Ltd,302,256.5,77463.0,2025-07-15 11:17:35.112087
2025-07-15,70563,2025071501001163,GBIME,Imperial Securities Company Pvt. Ltd.,NIMB Stock Markets Limited,18,254.1,4573.8,2025-07-15 11:17:38.090222
2025-07-15,70415,2025071501001200,GBIME,Imperial Securities Company Pvt. Ltd.,Thrive Brokerage House Pvt. Ltd,43,254.1,10926.3,2025-07-15 11:18:06.005120
2025-07-15,70276,2025071501001258,GBIME,Online Securities Pvt. Ltd.,Naasa Securities Co. Ltd.,11,255.0,2805.0,2025-07-15 11:18:37.659991
2025-07-15,69661,2025071501001500,GBIME,Linch Stock Market Ltd.,Sani Securities Company Ltd.,94,256.0,24064.0,2025-07-15 11:20:32.994592
2025-07-15,69563,2025071501001528,GBIME,Trishakti Securities Public Limited,Sani Securities Company Ltd.,20,256.0,5120.0,2025-07-15 11:20:51.738540
2025-07-15,69526,2025071501001545,GBIME,Deevyaa Securities & Stock House Pvt. Ltd,Sani Securities Company Ltd.,10,256.0,2560.0,2025-07-15 11:21:02.313650
2025-07-15,69522,2025071501001547,GBIME,Creative Securities Pvt Ltd,Sani Securities Company Ltd.,432,256.0,110592.0,2025-07-15 11:21:03.809986
2025-07-15,69521,2025071501001548,GBIME,Creative Securities Pvt Ltd,Premier Securities Company Ltd.,50,256.0,12800.0,2025-07-15 11:21:03.810224
2025-07-15,69489,2025071501001555,GBIME,Asian Securities Private Ltd.,Premier Securities Company Ltd.,500,256.4,128200.0,2025-07-15 11:21:11.731174
2025-07-15,69488,2025071501001556,GBIME,Asian Securities Private Ltd.,Miyo Securities Pvt Ltd,1500,256.5,384750.0,2025-07-15 11:21:11.731379
2025-07-15,69282,2025071501001590,GBIME,Sani Securities Company Ltd.,Opal Securities Investment (PVT) Ltd.,12,255.0,3060.0,2025-07-15 11:21:53.066419
2025-07-15,68630,2025071501001797,GBIME,Sani Securities Company Ltd.,Secured Securities Ltd.,200,256.0,51200.0,2025-07-15 11:24:12.887954
2025-07-15,68551,2025071501001811,GBIME,Kumari Securities Private Limited,Siprabi Securities Pvt. Ltd.,100,256.1,25610.0,2025-07-15 11:24:31.595109
2025-07-15,68543,2025071501001817,GBIME,Sani Securities Company Ltd.,SHUBHAKAMANA SECURITIES PVT. LTD,127,256.0,32512.0,2025-07-15 11:24:34.924115
2025-07-15,68511,2025071501001823,GBIME,Sani Securities Company Ltd.,Himalayan Securities Limited,65,256.0,16640.0,2025-07-15 11:24:43.524822
2025-07-15,68510,2025071501001824,GBIME,Naasa Securities Co. Ltd.,Himalayan Securities Limited,35,256.0,8960.0,2025-07-15 11:24:43.525077
2025-07-15,68402,2025071501001863,GBIME,Naasa Securities Co. Ltd.,Naasa Securities Co. Ltd.,80,256.0,20480.0,2025-07-15 11:25:14.349940
2025-07-15,68320,2025071501001884,GBIME,Capital Hub P. Ltd,Naasa Securities Co. Ltd.,1920,256.0,491520.0,2025-07-15 11:25:32.419294
2025-07-15,68319,2025071501001885,GBIME,Capital Hub P. Ltd,Kalika Securities Pvt. Ltd.,80,256.0,20480.0,2025-07-15 11:25:32.419514
2025-07-15,68183,2025071501001930,GBIME,Sani Securities Company Ltd.,Kalika Securities Pvt. Ltd.,13,255.0,3315.0,2025-07-15 11:26:09.519088
2025-07-15,68182,2025071501001931,GBIME,Market Securities & Exchange (PVT) Ltd.,Kalika Securities Pvt. Ltd.,37,255.0,9435.0,2025-07-15 11:26:09.519560
2025-07-15,68043,2025071501001973,GBIME,Market Securities & Exchange (PVT) Ltd.,Vision Securities Pvt. Ltd,63,255.0,16065.0,2025-07-15 11:26:46.117227
2025-07-15,68042,2025071501001974,GBIME,Trisul Securities & Invt. Ltd.,Vision Securities Pvt. Ltd,400,255.0,102000.0,2025-07-15 11:26:46.117652
2025-07-15,67962,2025071501001996,GBIME,Siprabi Securities Pvt. Ltd.,Vision Securities Pvt. Ltd,118,255.0,30090.0,2025-07-15 11:27:06.943246
2025-07-15,67942,2025071501002003,GBIME,ABC Securities Private Limited,Vision Securities Pvt. Ltd,106,255.0,27030.0,2025-07-15 11:27:11.924131
2025-07-15,67791,2025071501002056,GBIME,ABC Securities Private Limited,Miyo Securities Pvt Ltd,223,255.0,56865.0,2025-07-15 11:27:59.162693
2025-07-15,67697,2025071501002073,GBIME,ABC Securities Private Limited,Miyo Securities Pvt Ltd,671,255.0,171105.0,2025-07-15 11:28:22.231584
2025-07-15,67696,2025071501002074,GBIME,K.B.L. Securities Limited ,Miyo Securities Pvt Ltd,11829,255.0,3016395.0,2025-07-15 11:28:22.232133
2025-07-15,67653,2025071501002082,GBIME,Deevyaa Securities & Stock House Pvt. Ltd,Kalika Securities Pvt. Ltd.,500,256.0,128000.0,2025-07-15 11:28:31.754224
2025-07-15,67571,2025071501002106,GBIME,ABC Securities Private Limited,Kalika Securities Pvt. Ltd.,27,256.0,6912.0,2025-07-15 11:28:54.680160
2025-07-15,67570,2025071501002107,GBIME,ABC Securities Private Limited,Linch Stock Market Ltd.,235,256.0,60160.0,2025-07-15 11:28:54.680441
2025-07-15,67569,2025071501002108,GBIME,ABC Securities Private Limited,Secured Securities Ltd.,54,256.1,13829.4,2025-07-15 11:28:54.680578
2025-07-15,67568,2025071501002109,GBIME,ABC Securities Private Limited,Sani Securities Company Ltd.,1025,256.1,262502.5,2025-07-15 11:28:54.680680
2025-07-15,67567,2025071501002110,GBIME,ABC Securities Private Limited,Siprabi Securities Pvt. Ltd.,50,256.3,12815.0,2025-07-15 11:28:54.680782
2025-07-15,67566,2025071501002111,GBIME,ABC Securities Private Limited,Online Securities Pvt. Ltd.,50,256.4,12820.0,2025-07-15 11:28:54.680883
2025-07-15,67565,2025071501002112,GBIME,ABC Securities Private Limited,Siprabi Securities Pvt. Ltd.,50,256.5,12825.0,2025-07-15 11:28:54.680985
2025-07-15,67564,2025071501002113,GBIME,ABC Securities Private Limited,Sani Securities Company Ltd.,400,256.5,102600.0,2025-07-15 11:28:54.681094
2025-07-15,67563,2025071501002114,GBIME,ABC Securities Private Limited,Sumeru Securities Pvt. Ltd.,109,256.5,27958.5,2025-07-15 11:28:54.681214
2025-07-15,66797,2025071501002384,GBIME,Sharepro Securities Private Limited,Sipla Securities Private Limited,11,255.1,2806.1,2025-07-15 11:32:22.431059
2025-07-15,66782,2025071501002390,GBIME,Sharepro Securities Private Limited,Imperial Securities Company Pvt. Ltd.,30,255.1,7653.0,2025-07-15 11:32:31.652870
2025-07-15,66674,2025071501002431,GBIME,Sharepro Securities Private Limited,Creative Securities Pvt Ltd,2959,255.1,754840.9,2025-07-15 11:33:02.385711
2025-07-15,66673,2025071501002432,GBIME,Blue Chip Securities Ltd,Creative Securities Pvt Ltd,41,255.1,10459.1,2025-07-15 11:33:02.385758
2025-07-15,66603,2025071501002461,GBIME,Sumeru Securities Pvt. Ltd.,Naasa Securities Co. Ltd.,10,255.9,2559.0,2025-07-15 11:33:23.409972
2025-07-15,66602,2025071501002462,GBIME,Sumeru Securities Pvt. Ltd.,Naasa Securities Co. Ltd.,40,256.0,10240.0,2025-07-15 11:33:23.410242
2025-07-15,66333,2025071501002568,GBIME,Sumeru Securities Pvt. Ltd.,Vision Securities Pvt. Ltd,50,255.9,12795.0,2025-07-15 11:34:27.619746
2025-07-15,66140,2025071501002649,GBIME,Blue Chip Securities Ltd,Swarna Laxmi Securities Pvt. Ltd.,1000,255.1,255100.0,2025-07-15 11:35:12.708744
2025-07-15,65981,2025071501002702,GBIME,Creative Securities Pvt Ltd,Siprabi Securities Pvt. Ltd.,600,255.2,153120.0,2025-07-15 11:35:45.277189
2025-07-15,65714,2025071501002820,GBIME,Creative Securities Pvt Ltd,Naasa Securities Co. Ltd.,322,255.2,82174.4,2025-07-15 11:36:48.061387
2025-07-15,65713,2025071501002821,GBIME,Creative Securities Pvt Ltd,Sani Securities Company Ltd.,78,255.2,19905.6,2025-07-15 11:36:48.563517
2025-07-15,65712,2025071501002822,GBIME,Blue Chip Securities Ltd,Sani Securities Company Ltd.,201,255.1,51275.1,2025-07-15 11:36:48.564014
2025-07-15,65640,2025071501002850,GBIME,Blue Chip Securities Ltd,Nepal Stock House (PVT) Ltd.,1758,255.1,448465.8,2025-07-15 11:37:07.855042
2025-07-15,65597,2025071501002881,GBIME,Sani Securities Company Ltd.,Nepal Stock House (PVT) Ltd.,392,255.1,99999.2,2025-07-15 11:37:18.811314
2025-07-15,65529,2025071501002919,GBIME,K.B.L. Securities Limited ,Naasa Securities Co. Ltd.,600,255.0,153000.0,2025-07-15 11:37:32.584614
2025-07-15,65498,2025071501002929,GBIME,Naasa Securities Co. Ltd.,Nepal Stock House (PVT) Ltd.,58,255.1,14795.8,2025-07-15 11:37:45.312307
2025-07-15,65485,2025071501002932,GBIME,ABC Securities Private Limited,Nepal Stock House (PVT) Ltd.,3000,255.1,765300.0,2025-07-15 11:37:50.057866
2025-07-15,65467,2025071501002935,GBIME,K.B.L. Securities Limited ,Deevyaa Securities & Stock House Pvt. Ltd,10,255.0,2550.0,2025-07-15 11:37:56.658540
2025-07-15,65364,2025071501002969,GBIME,K.B.L. Securities Limited ,Sundhara Securities Limited,204,255.0,52020.0,2025-07-15 11:38:17.180640
2025-07-15,65337,2025071501002982,GBIME,Secured Securities Ltd.,Nepal Stock House (PVT) Ltd.,110,255.1,28061.0,2025-07-15 11:38:23.356503
2025-07-15,65160,2025071501003057,GBIME,K.B.L. Securities Limited ,Vision Securities Pvt. Ltd,125,255.0,31875.0,2025-07-15 11:39:07.093901
2025-07-15,65013,2025071501003092,GBIME,Agrawal Securities (PVT) Ltd.,Nepal Stock House (PVT) Ltd.,10,255.1,2551.0,2025-07-15 11:39:38.105459
2025-07-15,65010,2025071501003094,GBIME,K.B.L. Securities Limited ,Naasa Securities Co. Ltd.,27,255.0,6885.0,2025-07-15 11:39:38.772910
2025-07-15,64988,2025071501003095,GBIME,K.B.L. Securities Limited ,Kumari Securities Private Limited,200,255.0,51000.0,2025-07-15 11:39:44.375054
2025-07-15,64934,2025071501003109,GBIME,K.B.L. Securities Limited ,Secured Securities Ltd.,250,255.0,63750.0,2025-07-15 11:39:48.731323
2025-07-15,64887,2025071501003115,GBIME,Vision Securities Pvt. Ltd,Nepal Stock House (PVT) Ltd.,270,255.1,68877.0,2025-07-15 11:40:02.406728
2025-07-15,64878,2025071501003119,GBIME,K.B.L. Securities Limited ,Naasa Securities Co. Ltd.,100,255.0,25500.0,2025-07-15 11:40:03.159393
2025-07-15,64731,2025071501003153,GBIME,Neev Securities Pvt. Ltd.,Nepal Stock House (PVT) Ltd.,200,255.1,51020.0,2025-07-15 11:40:44.756700
2025-07-15,64717,2025071501003156,GBIME,K.B.L. Securities Limited ,Sundhara Securities Limited,1000,255.0,255000.0,2025-07-15 11:40:48.719862
2025-07-15,64690,2025071501003168,GBIME,K.B.L. Securities Limited ,Naasa Securities Co. Ltd.,400,255.0,102000.0,2025-07-15 11:40:58.748814
2025-07-15,64573,2025071501003198,GBIME,Capital Hub P. Ltd,Nepal Stock House (PVT) Ltd.,202,255.1,51530.2,2025-07-15 11:41:29.454317
2025-07-15,64533,2025071501003211,GBIME,Naasa Securities Co. Ltd.,Kumari Securities Private Limited,58,255.5,14819.0,2025-07-15 11:41:37.038306
2025-07-15,64515,2025071501003220,GBIME,Capital Hub P. Ltd,Creative Securities Pvt Ltd,2000,255.1,510200.0,2025-07-15 11:41:44.140932
2025-07-15,64226,2025071501003316,GBIME,Capital Hub P. Ltd,Sanima Securities Limited,2798,255.1,713769.8,2025-07-15 11:43:02.580798
2025-07-15,64225,2025071501003317,GBIME,Naasa Securities Co. Ltd.,Sanima Securities Limited,45,255.1,11479.5,2025-07-15 11:43:02.581095
2025-07-15,64224,2025071501003318,GBIME,K.B.L. Securities Limited ,Sanima Securities Limited,57,255.0,14535.0,2025-07-15 11:43:02.581220
2025-07-15,64183,2025071501003333,GBIME,APPLE SECURITIES PRIVATE LIMITED,Primo Securities (PVT) Ltd.,500,255.1,127550.0,2025-07-15 11:43:17.674739
2025-07-15,63978,2025071501003454,GBIME,APPLE SECURITIES PRIVATE LIMITED,Trisul Securities & Invt. Ltd.,100,255.1,25510.0,2025-07-15 11:44:07.461353
2025-07-15,63954,2025071501003459,GBIME,APPLE SECURITIES PRIVATE LIMITED,Sagarmatha Securities Private Limited,548,255.1,139794.8,2025-07-15 11:44:14.308233
2025-07-15,63892,2025071501003470,GBIME,APPLE SECURITIES PRIVATE LIMITED,Premier Securities Company Ltd.,480,255.1,122448.0,2025-07-15 11:44:20.595073
2025-07-15,63891,2025071501003471,GBIME,APPLE SECURITIES PRIVATE LIMITED,Sani Securities Company Ltd.,50,255.1,12755.0,2025-07-15 11:44:20.883353
2025-07-15,63855,2025071501003488,GBIME,APPLE SECURITIES PRIVATE LIMITED,Shree Krishna Securities Ltd.,322,255.1,82142.2,2025-07-15 11:44:29.931545
2025-07-15,63854,2025071501003489,GBIME,K.B.L. Securities Limited ,Shree Krishna Securities Ltd.,678,255.0,172890.0,2025-07-15 11:44:29.931876
2025-07-15,63775,2025071501003506,GBIME,K.B.L. Securities Limited ,Dipshikha Dhitopatra Karobar Co. Pvt Ltd.,200,255.0,51000.0,2025-07-15 11:44:48.162675
2025-07-15,63692,2025071501003543,GBIME,Shree Krishna Securities Ltd.,Kumari Securities Private Limited,100,255.5,25550.0,2025-07-15 11:45:10.054209
2025-07-15,63539,2025071501003598,GBIME,K.B.L. Securities Limited ,Sani Securities Company Ltd.,24,255.0,6120.0,2025-07-15 11:45:50.690895
2025-07-15,63398,2025071501003663,GBIME,Primo Securities (PVT) Ltd.,Kumari Securities Private Limited,1049,255.5,268019.5,2025-07-15 11:46:20.085165
2025-07-15,63397,2025071501003664,GBIME,Primo Securities (PVT) Ltd.,Nepal Stock House (PVT) Ltd.,50,255.5,12775.0,2025-07-15 11:46:20.085537
2025-07-15,63333,2025071501003683,GBIME,Primo Securities (PVT) Ltd.,Sumeru Securities Pvt. Ltd.,50,255.8,12790.0,2025-07-15 11:46:38.136200
2025-07-15,63130,2025071501003751,GBIME,Sani Securities Company Ltd.,Kalika Securities Pvt. Ltd.,18,255.0,4590.0,2025-07-15 11:47:27.916918
2025-07-15,62854,2025071501003850,GBIME,Imperial Securities Company Pvt. Ltd.,Agrawal Securities (PVT) Ltd.,10,255.8,2558.0,2025-07-15 11:48:38.446845
2025-07-15,62776,2025071501003876,GBIME,Sharepro Securities Private Limited,Midas Stock Broking Company Private Limited,200,255.1,51020.0,2025-07-15 11:48:56.366317
2025-07-15,62524,2025071501003961,GBIME,Sharepro Securities Private Limited,Creative Securities Pvt Ltd,2500,255.1,637750.0,2025-07-15 11:49:59.991009
2025-07-15,61913,2025071501004141,GBIME,Sharepro Securities Private Limited,Creative Securities Pvt Ltd,300,255.1,76530.0,2025-07-15 11:52:15.688035
2025-07-15,61912,2025071501004142,GBIME,Trishakti Securities Public Limited,Creative Securities Pvt Ltd,40,255.1,10204.0,2025-07-15 11:52:15.688132
2025-07-15,61911,2025071501004143,GBIME,Aakashbhairab Securities Ltd.,Creative Securities Pvt Ltd,2660,255.1,678566.0,2025-07-15 11:52:15.688153
2025-07-15,61634,2025071501004215,GBIME,Aakashbhairab Securities Ltd.,Neev Securities Pvt. Ltd.,340,255.1,86734.0,2025-07-15 11:53:25.604539
2025-07-15,61633,2025071501004216,GBIME,Sani Securities Company Ltd.,Neev Securities Pvt. Ltd.,182,255.0,46410.0,2025-07-15 11:53:25.605203
2025-07-15,61632,2025071501004217,GBIME,Naasa Securities Co. Ltd.,Neev Securities Pvt. Ltd.,100,255.0,25500.0,2025-07-15 11:53:25.605676
2025-07-15,61631,2025071501004218,GBIME,J.F. Securites (PVT) Ltd.,Neev Securities Pvt. Ltd.,20,255.0,5100.0,2025-07-15 11:53:25.606136
2025-07-15,61630,2025071501004219,GBIME,South Asian Bulls Pvt. Ltd.,Neev Securities Pvt. Ltd.,500,255.0,127500.0,2025-07-15 11:53:25.606589
2025-07-15,61629,2025071501004220,GBIME,K.B.L. Securities Limited ,Neev Securities Pvt. Ltd.,21,255.0,5355.0,2025-07-15 11:53:25.607123
2025-07-15,61593,2025071501004241,GBIME,K.B.L. Securities Limited ,Creative Securities Pvt Ltd,5000,255.0,1275000.0,2025-07-15 11:53:38.009766
2025-07-15,61480,2025071501004297,GBIME,K.B.L. Securities Limited ,Creative Securities Pvt Ltd,5000,255.0,1275000.0,2025-07-15 11:54:04.121823
2025-07-15,60884,2025071501004439,GBIME,K.B.L. Securities Limited ,Aakashbhairab Securities Ltd.,1455,255.0,371025.0,2025-07-15 11:55:44.462949
2025-07-15,60657,2025071501004500,GBIME,K.B.L. Securities Limited ,Imperial Securities Company Pvt. Ltd.,1395,255.0,355725.0,2025-07-15 11:56:26.564870
2025-07-15,60360,2025071501004607,GBIME,K.B.L. Securities Limited ,Naasa Securities Co. Ltd.,463,255.0,118065.0,2025-07-15 11:57:19.064785
2025-07-15,60337,2025071501004613,GBIME,K.B.L. Securities Limited ,Market Securities & Exchange (PVT) Ltd.,100,255.0,25500.0,2025-07-15 11:57:23.592504
2025-07-15,60252,2025071501004631,GBIME,K.B.L. Securities Limited ,Midas Stock Broking Company Private Limited,21,255.0,5355.0,2025-07-15 11:57:45.387398
2025-07-15,60153,2025071501004680,GBIME,K.B.L. Securities Limited ,Naasa Securities Co. Ltd.,20,255.0,5100.0,2025-07-15 11:57:59.885810
2025-07-15,59897,2025071501004769,GBIME,K.B.L. Securities Limited ,Sani Securities Company Ltd.,845,255.0,215475.0,2025-07-15 11:58:51.235983
2025-07-15,59896,2025071501004770,GBIME,Premier Securities Company Ltd.,Sani Securities Company Ltd.,300,255.0,76500.0,2025-07-15 11:58:51.236362
2025-07-15,59895,2025071501004771,GBIME,Naasa Securities Co. Ltd.,Sani Securities Company Ltd.,30,255.0,7650.0,2025-07-15 11:58:51.236524
2025-07-15,59894,2025071501004772,GBIME,Creative Securities Pvt Ltd,Sani Securities Company Ltd.,10,255.0,2550.0,2025-07-15 11:58:51.236681
2025-07-15,59893,2025071501004773,GBIME,Sumeru Securities Pvt. Ltd.,Sani Securities Company Ltd.,50,255.0,12750.0,2025-07-15 11:58:51.236851
2025-07-15,59892,2025071501004774,GBIME,Naasa Securities Co. Ltd.,Sani Securities Company Ltd.,209,255.0,53295.0,2025-07-15 11:58:51.237005
2025-07-15,59823,2025071501004795,GBIME,Naasa Securities Co. Ltd.,Capital Hub P. Ltd,11,255.0,2805.0,2025-07-15 11:59:05.663959
2025-07-15,59822,2025071501004796,GBIME,Midas Stock Broking Company Private Limited,Capital Hub P. Ltd,100,255.0,25500.0,2025-07-15 11:59:05.664356
2025-07-15,59821,2025071501004797,GBIME,Linch Stock Market Ltd.,Capital Hub P. Ltd,25,255.0,6375.0,2025-07-15 11:59:05.664535
2025-07-15,59820,2025071501004798,GBIME,J.F. Securites (PVT) Ltd.,Capital Hub P. Ltd,18,255.0,4590.0,2025-07-15 11:59:05.664687
2025-07-15,59819,2025071501004799,GBIME,Secured Securities Ltd.,Capital Hub P. Ltd,300,255.0,76500.0,2025-07-15 11:59:05.664862
2025-07-15,59712,2025071501004827,GBIME,Online Securities Pvt. Ltd.,Capital Hub P. Ltd,10,255.0,2550.0,2025-07-15 11:59:36.538560
2025-07-15,59708,2025071501004830,GBIME,Imperial Securities Company Pvt. Ltd.,Sani Securities Company Ltd.,591,254.1,150173.1,2025-07-15 11:59:38.072280
2025-07-15,59707,2025071501004831,GBIME,Indira securities pvt. ltd,Sani Securities Company Ltd.,500,254.1,127050.0,2025-07-15 11:59:38.072914
2025-07-15,59706,2025071501004832,GBIME,ABC Securities Private Limited,Sani Securities Company Ltd.,10,254.1,2541.0,2025-07-15 11:59:38.073385
2025-07-15,59705,2025071501004833,GBIME,Opal Securities Investment (PVT) Ltd.,Sani Securities Company Ltd.,343,254.0,87122.0,2025-07-15 11:59:38.073844
2025-07-15,59314,2025071501004947,GBIME,Opal Securities Investment (PVT) Ltd.,Creative Securities Pvt Ltd,1593,254.0,404622.0,2025-07-15 12:00:58.016410
2025-07-15,59313,2025071501004948,GBIME,Investment Management Nepal Pvt. Ltd.,Creative Securities Pvt Ltd,20,254.0,5080.0,2025-07-15 12:00:58.016456
2025-07-15,59312,2025071501004949,GBIME,Dipshikha Dhitopatra Karobar Co. Pvt Ltd.,Creative Securities Pvt Ltd,387,254.0,98298.0,2025-07-15 12:00:58.016500
2025-07-15,59258,2025071501004967,GBIME,Dipshikha Dhitopatra Karobar Co. Pvt Ltd.,Sharepro Securities Private Limited,113,254.0,28702.0,2025-07-15 12:01:12.376898
2025-07-15,59257,2025071501004968,GBIME,Vision Securities Pvt. Ltd,Sharepro Securities Private Limited,104,254.0,26416.0,2025-07-15 12:01:12.377240
2025-07-15,59256,2025071501004969,GBIME,J.F. Securites (PVT) Ltd.,Sharepro Securities Private Limited,20,254.0,5080.0,2025-07-15 12:01:12.377409
2025-07-15,59255,2025071501004970,GBIME,Nepal Stock House (PVT) Ltd.,Sharepro Securities Private Limited,63,253.2,15951.6,2025-07-15 12:01:12.377607
2025-07-15,59040,2025071501005017,GBIME,Nepal Stock House (PVT) Ltd.,Naasa Securities Co. Ltd.,337,253.2,85328.4,2025-07-15 12:01:52.951360
2025-07-15,58780,2025071501005119,GBIME,Agrawal Securities (PVT) Ltd.,Naasa Securities Co. Ltd.,400,253.2,101280.0,2025-07-15 12:02:48.284196
2025-07-15,58721,2025071501005157,GBIME,ABC Securities Private Limited,Shree Krishna Securities Ltd.,640,253.1,161984.0,2025-07-15 12:03:05.697674
2025-07-15,58632,2025071501005196,GBIME,Opal Securities Investment (PVT) Ltd.,Naasa Securities Co. Ltd.,1263,253.2,319791.6,2025-07-15 12:03:24.059639
2025-07-15,58631,2025071501005197,GBIME,Opal Securities Investment (PVT) Ltd.,Sewa Securities Pvt. Ltd.,50,253.2,12660.0,2025-07-15 12:03:24.059997
2025-07-15,58617,2025071501005202,GBIME,Opal Securities Investment (PVT) Ltd.,Kalika Securities Pvt. Ltd.,31,253.2,7849.2,2025-07-15 12:03:28.310550
2025-07-15,58592,2025071501005212,GBIME,Opal Securities Investment (PVT) Ltd.,Dynamic Money Managers Securities Pvt. Ltd.,222,253.2,56210.4,2025-07-15 12:03:37.267854
2025-07-15,58452,2025071501005272,GBIME,pahiinvestment,Deevyaa Securities & Stock House Pvt. Ltd,550,253.9,139645.0,2025-07-15 12:04:11.926787
2025-07-15,58451,2025071501005273,GBIME,pahiinvestment,SHUBHAKAMANA SECURITIES PVT. LTD,450,254.0,114300.0,2025-07-15 12:04:11.927501
2025-07-15,57773,2025071501005495,GBIME,Opal Securities Investment (PVT) Ltd.,Dipshikha Dhitopatra Karobar Co. Pvt Ltd.,34,253.2,8608.8,2025-07-15 12:06:59.368529
2025-07-15,57772,2025071501005496,GBIME,ABC Securities Private Limited,Dipshikha Dhitopatra Karobar Co. Pvt Ltd.,256,253.1,64793.6,2025-07-15 12:06:59.368891
2025-07-15,57723,2025071501005507,GBIME,ABC Securities Private Limited,Dipshikha Dhitopatra Karobar Co. Pvt Ltd.,10,253.1,2531.0,2025-07-15 12:07:12.442336
2025-07-15,57609,2025071501005526,GBIME,ABC Securities Private Limited,Sagarmatha Securities Private Limited,50,253.1,12655.0,2025-07-15 12:07:42.831169
2025-07-15,57528,2025071501005542,GBIME,ABC Securities Private Limited,Primo Securities (PVT) Ltd.,44,253.1,11136.4,2025-07-15 12:07:59.983278
2025-07-15,57527,2025071501005543,GBIME,J.F. Securites (PVT) Ltd.,Primo Securities (PVT) Ltd.,20,253.1,5062.0,2025-07-15 12:07:59.983659
2025-07-15,57526,2025071501005544,GBIME,Midas Stock Broking Company Private Limited,Primo Securities (PVT) Ltd.,336,253.0,85008.0,2025-07-15 12:07:59.983826
2025-07-15,57525,2025071501005545,GBIME,ABC Securities Private Limited,Online Securities Pvt. Ltd.,10,253.7,2537.0,2025-07-15 12:08:00.664208
2025-07-15,57524,2025071501005546,GBIME,ABC Securities Private Limited,ABC Securities Private Limited,454,253.9,115270.6,2025-07-15 12:08:00.664585
2025-07-15,57523,2025071501005547,GBIME,ABC Securities Private Limited,Online Securities Pvt. Ltd.,1300,253.9,330070.0,2025-07-15 12:08:00.664758
2025-07-15,57522,2025071501005548,GBIME,ABC Securities Private Limited,SHUBHAKAMANA SECURITIES PVT. LTD,3236,254.0,821944.0,2025-07-15 12:08:00.664922
2025-07-15,57288,2025071501005646,GBIME,Opal Securities Investment (PVT) Ltd.,Creative Securities Pvt Ltd,400,253.2,101280.0,2025-07-15 12:09:07.494175
2025-07-15,57287,2025071501005647,GBIME,Midas Stock Broking Company Private Limited,Creative Securities Pvt Ltd,108,253.0,27324.0,2025-07-15 12:09:07.494228
2025-07-15,57286,2025071501005648,GBIME,Midas Stock Broking Company Private Limited,Creative Securities Pvt Ltd,1200,253.0,303600.0,2025-07-15 12:09:07.494289
2025-07-15,57285,2025071501005649,GBIME,Investment Management Nepal Pvt. Ltd.,Creative Securities Pvt Ltd,50,253.0,12650.0,2025-07-15 12:09:07.494318
2025-07-15,57284,2025071501005650,GBIME,Dynamic Money Managers Securities Pvt. Ltd.,Creative Securities Pvt Ltd,50,253.0,12650.0,2025-07-15 12:09:07.494340
2025-07-15,57283,2025071501005651,GBIME,Sri Hari Securities Pvt. Ltd.,Creative Securities Pvt Ltd,590,253.0,149270.0,2025-07-15 12:09:07.494366
2025-07-15,57282,2025071501005652,GBIME,Dipshikha Dhitopatra Karobar Co. Pvt Ltd.,Creative Securities Pvt Ltd,105,253.0,26565.0,2025-07-15 12:09:07.494392
2025-07-15,57281,2025071501005653,GBIME,Primo Securities (PVT) Ltd.,Creative Securities Pvt Ltd,25,253.0,6325.0,2025-07-15 12:09:07.494415
2025-07-15,57280,2025071501005654,GBIME,Aryatara Investment & Securities,Creative Securities Pvt Ltd,100,253.0,25300.0,2025-07-15 12:09:07.494440
2025-07-15,57279,2025071501005655,GBIME,Aakashbhairab Securities Ltd.,Creative Securities Pvt Ltd,100,253.0,25300.0,2025-07-15 12:09:07.494466
2025-07-15,57278,2025071501005656,GBIME,Opal Securities Investment (PVT) Ltd.,Creative Securities Pvt Ltd,272,253.0,68816.0,2025-07-15 12:09:07.494487
2025-07-15,57063,2025071501005722,GBIME,Vision Securities Pvt. Ltd,Siprabi Securities Pvt. Ltd.,127,253.5,32194.5,2025-07-15 12:10:13.431421
2025-07-15,57062,2025071501005723,GBIME,Vision Securities Pvt. Ltd,Deevyaa Securities & Stock House Pvt. Ltd,402,253.6,101947.2,2025-07-15 12:10:13.431776
2025-07-15,57061,2025071501005724,GBIME,Vision Securities Pvt. Ltd,Kalika Securities Pvt. Ltd.,50,253.8,12690.0,2025-07-15 12:10:13.431946
2025-07-15,57060,2025071501005725,GBIME,Vision Securities Pvt. Ltd,SHUBHAKAMANA SECURITIES PVT. LTD,1314,254.0,333756.0,2025-07-15 12:10:13.432199
2025-07-15,57059,2025071501005726,GBIME,Vision Securities Pvt. Ltd,Aryatara Investment & Securities,16,254.0,4064.0,2025-07-15 12:10:13.432390
2025-07-15,57058,2025071501005727,GBIME,Vision Securities Pvt. Ltd,Malla & Malla Stock Broking Company Pvt. Limited,47,254.0,11938.0,2025-07-15 12:10:13.432610
2025-07-15,57057,2025071501005728,GBIME,Vision Securities Pvt. Ltd,Imperial Securities Company Pvt. Ltd.,312,254.0,79248.0,2025-07-15 12:10:13.432788
2025-07-15,57056,2025071501005729,GBIME,Vision Securities Pvt. Ltd,Opal Securities Investment (PVT) Ltd.,1732,254.0,439928.0,2025-07-15 12:10:13.432958
2025-07-15,56968,2025071501005758,GBIME,APPLE SECURITIES PRIVATE LIMITED,Opal Securities Investment (PVT) Ltd.,500,254.0,127000.0,2025-07-15 12:10:48.540509
2025-07-15,56849,2025071501005782,GBIME,Sri Hari Securities Pvt. Ltd.,Opal Securities Investment (PVT) Ltd.,50,253.0,12650.0,2025-07-15 12:11:21.234860
2025-07-15,56636,2025071501005838,GBIME,Vision Securities Pvt. Ltd,Imperial Securities Company Pvt. Ltd.,1500,253.9,380850.0,2025-07-15 12:12:19.344058
2025-07-15,56635,2025071501005839,GBIME,Vision Securities Pvt. Ltd,Imperial Securities Company Pvt. Ltd.,1500,253.9,380850.0,2025-07-15 12:12:19.344510
2025-07-15,56187,2025071501006013,GBIME,Midas Stock Broking Company Private Limited,Imperial Securities Company Pvt. Ltd.,110,253.9,27929.0,2025-07-15 12:13:56.193619
2025-07-15,56186,2025071501006014,GBIME,Midas Stock Broking Company Private Limited,ABC Securities Private Limited,100,254.0,25400.0,2025-07-15 12:13:56.194371
2025-07-15,56185,2025071501006015,GBIME,Midas Stock Broking Company Private Limited,Creative Securities Pvt Ltd,126,254.0,32004.0,2025-07-15 12:13:56.194567
2025-07-15,56083,2025071501006061,GBIME,Midas Stock Broking Company Private Limited,Capital Hub P. Ltd,404,254.0,102616.0,2025-07-15 12:14:26.797018
2025-07-15,55623,2025071501006212,GBIME,Vision Securities Pvt. Ltd,Imperial Securities Company Pvt. Ltd.,500,254.4,127200.0,2025-07-15 12:16:13.218181
2025-07-15,55622,2025071501006213,GBIME,Vision Securities Pvt. Ltd,Neev Securities Pvt. Ltd.,3000,254.5,763500.0,2025-07-15 12:16:13.218558
2025-07-15,55621,2025071501006214,GBIME,Vision Securities Pvt. Ltd,ABC Securities Private Limited,1000,254.9,254900.0,2025-07-15 12:16:13.218733
2025-07-15,55620,2025071501006215,GBIME,Vision Securities Pvt. Ltd,Capital Hub P. Ltd,36,255.0,9180.0,2025-07-15 12:16:13.218941
2025-07-15,55619,2025071501006216,GBIME,Vision Securities Pvt. Ltd,Capital Hub P. Ltd,500,255.0,127500.0,2025-07-15 12:16:13.219131
2025-07-15,55618,2025071501006217,GBIME,Vision Securities Pvt. Ltd,Kalika Securities Pvt. Ltd.,20,255.0,5100.0,2025-07-15 12:16:13.219326
2025-07-15,55617,2025071501006218,GBIME,Vision Securities Pvt. Ltd,Aryatara Investment & Securities,100,255.0,25500.0,2025-07-15 12:16:13.219499
2025-07-15,55616,2025071501006219,GBIME,Vision Securities Pvt. Ltd,Sani Securities Company Ltd.,140,255.0,35700.0,2025-07-15 12:16:13.219661
2025-07-15,55615,2025071501006220,GBIME,Vision Securities Pvt. Ltd,Sweta Securities Private Limited,205,255.0,52275.0,2025-07-15 12:16:13.219865
2025-07-15,55614,2025071501006221,GBIME,Vision Securities Pvt. Ltd,Dynamic Money Managers Securities Pvt. Ltd.,100,255.0,25500.0,2025-07-15 12:16:13.220034
2025-07-15,55613,2025071501006222,GBIME,Vision Securities Pvt. Ltd,Trishakti Securities Public Limited,50,255.0,12750.0,2025-07-15 12:16:13.220216
2025-07-15,55612,2025071501006223,GBIME,Vision Securities Pvt. Ltd,Agrawal Securities (PVT) Ltd.,45,255.0,11475.0,2025-07-15 12:16:13.220424
2025-07-15,55611,2025071501006224,GBIME,Vision Securities Pvt. Ltd,Siprabi Securities Pvt. Ltd.,68,255.0,17340.0,2025-07-15 12:16:13.220590
2025-07-15,55610,2025071501006225,GBIME,Vision Securities Pvt. Ltd,Secured Securities Ltd.,1000,255.0,255000.0,2025-07-15 12:16:13.220755
2025-07-15,55609,2025071501006226,GBIME,Vision Securities Pvt. Ltd,Nepal Stock House (PVT) Ltd.,413,255.0,105315.0,2025-07-15 12:16:13.220920
2025-07-15,55608,2025071501006227,GBIME,Vision Securities Pvt. Ltd,Premier Securities Company Ltd.,500,255.0,127500.0,2025-07-15 12:16:13.221086
2025-07-15,55607,2025071501006228,GBIME,Vision Securities Pvt. Ltd,Online Securities Pvt. Ltd.,20,255.0,5100.0,2025-07-15 12:16:13.221252
2025-07-15,55606,2025071501006229,GBIME,Vision Securities Pvt. Ltd,Trisul Securities & Invt. Ltd.,44,255.0,11220.0,2025-07-15 12:16:13.221412
2025-07-15,55605,2025071501006230,GBIME,Vision Securities Pvt. Ltd,Imperial Securities Company Pvt. Ltd.,259,255.0,66045.0,2025-07-15 12:16:13.221573
2025-07-15,55154,2025071501006347,GBIME,Miyo Securities Pvt Ltd,Imperial Securities Company Pvt. Ltd.,1241,255.0,316455.0,2025-07-15 12:18:01.784850
2025-07-15,54989,2025071501006409,GBIME,Secured Securities Ltd.,Nepal Investment And Securities Trading Private Limited,200,255.0,51000.0,2025-07-15 12:18:39.775206
2025-07-15,54870,2025071501006432,GBIME,Secured Securities Ltd.,Agrawal Securities (PVT) Ltd.,123,255.0,31365.0,2025-07-15 12:18:59.751362
2025-07-15,54590,2025071501006502,GBIME,Thrive Brokerage House Pvt. Ltd,Thrive Brokerage House Pvt. Ltd,55,255.1,14030.5,2025-07-15 12:20:05.921378
2025-07-15,54424,2025071501006532,GBIME,Thrive Brokerage House Pvt. Ltd,Premier Securities Company Ltd.,65,255.1,16581.5,2025-07-15 12:20:35.043188
2025-07-15,53679,2025071501006747,GBIME,Thrive Brokerage House Pvt. Ltd,Primo Securities (PVT) Ltd.,180,255.1,45918.0,2025-07-15 12:23:37.470409
2025-07-15,53678,2025071501006748,GBIME,Secured Securities Ltd.,Primo Securities (PVT) Ltd.,177,255.0,45135.0,2025-07-15 12:23:37.470771
2025-07-15,53677,2025071501006749,GBIME,Sani Securities Company Ltd.,Primo Securities (PVT) Ltd.,50,255.0,12750.0,2025-07-15 12:23:37.470947
2025-07-15,53676,2025071501006750,GBIME,Thrive Brokerage House Pvt. Ltd,Primo Securities (PVT) Ltd.,100,255.0,25500.0,2025-07-15 12:23:37.471130
2025-07-15,53675,2025071501006751,GBIME,Asian Securities Private Ltd.,Primo Securities (PVT) Ltd.,1000,255.0,255000.0,2025-07-15 12:23:37.471303
2025-07-15,53593,2025071501006769,GBIME,Sani Securities Company Ltd.,Primo Securities (PVT) Ltd.,93,254.9,23705.7,2025-07-15 12:24:04.337690
2025-07-15,53355,2025071501006909,GBIME,Oxford Securities Pvt. Ltd.,Swarna Laxmi Securities Pvt. Ltd.,874,254.0,221996.0,2025-07-15 12:24:37.301399
2025-07-15,53086,2025071501007003,GBIME,Vision Securities Pvt. Ltd,Primo Securities (PVT) Ltd.,407,254.9,103744.3,2025-07-15 12:25:50.791681
2025-07-15,53085,2025071501007004,GBIME,Vision Securities Pvt. Ltd,Primo Securities (PVT) Ltd.,3493,255.0,890715.0,2025-07-15 12:25:50.792115
2025-07-15,53084,2025071501007005,GBIME,Vision Securities Pvt. Ltd,Vision Securities Pvt. Ltd,110,255.0,28050.0,2025-07-15 12:25:50.792375
2025-07-15,53083,2025071501007006,GBIME,Vision Securities Pvt. Ltd,NIMB Stock Markets Limited,100,255.0,25500.0,2025-07-15 12:25:50.792613
2025-07-15,53082,2025071501007007,GBIME,Vision Securities Pvt. Ltd,Vision Securities Pvt. Ltd,890,255.0,226950.0,2025-07-15 12:25:50.792849
2025-07-15,52518,2025071501007145,GBIME,Oxford Securities Pvt. Ltd.,Trisul Securities & Invt. Ltd.,126,254.0,32004.0,2025-07-15 12:27:56.824845
2025-07-15,52517,2025071501007146,GBIME,ABC Securities Private Limited,Trisul Securities & Invt. Ltd.,834,254.0,211836.0,2025-07-15 12:27:56.825230
2025-07-15,51913,2025071501007312,GBIME,ABC Securities Private Limited,Creative Securities Pvt Ltd,18,254.0,4572.0,2025-07-15 12:30:12.262296
2025-07-15,51196,2025071501007492,GBIME,Naasa Securities Co. Ltd.,K.B.L. Securities Limited ,50,254.9,12745.0,2025-07-15 12:33:25.816085
2025-07-15,51009,2025071501007528,GBIME,Thrive Brokerage House Pvt. Ltd,Kohinoor Investment & Securities Pvt. Ltd.,300,254.1,76230.0,2025-07-15 12:34:13.000126
2025-07-15,50958,2025071501007544,GBIME,Thrive Brokerage House Pvt. Ltd,Sumeru Securities Pvt. Ltd.,100,254.1,25410.0,2025-07-15 12:34:32.247839
2025-07-15,50818,2025071501007582,GBIME,Sani Securities Company Ltd.,Market Securities & Exchange (PVT) Ltd.,40,254.8,10192.0,2025-07-15 12:35:01.399583
2025-07-15,49384,2025071501007985,GBIME,Thrive Brokerage House Pvt. Ltd,Secured Securities Ltd.,80,254.1,20328.0,2025-07-15 12:41:02.778040
2025-07-15,48528,2025071501008161,GBIME,Siprabi Securities Pvt. Ltd.,SHUBHAKAMANA SECURITIES PVT. LTD,11,254.2,2796.2,2025-07-15 12:44:07.103055
2025-07-15,48228,2025071501008247,GBIME,Vision Securities Pvt. Ltd,K.B.L. Securities Limited ,1450,254.9,369605.0,2025-07-15 12:45:15.751564
2025-07-15,48227,2025071501008248,GBIME,Vision Securities Pvt. Ltd,Sumeru Securities Pvt. Ltd.,17,254.9,4333.3,2025-07-15 12:45:15.752008
2025-07-15,48226,2025071501008249,GBIME,Vision Securities Pvt. Ltd,Trishakti Securities Public Limited,617,254.9,157273.3,2025-07-15 12:45:15.752237
2025-07-15,48225,2025071501008250,GBIME,Vision Securities Pvt. Ltd,Vision Securities Pvt. Ltd,110,255.0,28050.0,2025-07-15 12:45:15.752443
2025-07-15,48224,2025071501008251,GBIME,Vision Securities Pvt. Ltd,Primo Securities (PVT) Ltd.,5000,255.0,1275000.0,2025-07-15 12:45:15.752652
2025-07-15,48223,2025071501008252,GBIME,Vision Securities Pvt. Ltd,Siprabi Securities Pvt. Ltd.,25,255.0,6375.0,2025-07-15 12:45:15.752853
2025-07-15,48222,2025071501008253,GBIME,Vision Securities Pvt. Ltd,Sundhara Securities Limited,581,255.0,148155.0,2025-07-15 12:45:15.753063
2025-07-15,48221,2025071501008254,GBIME,Vision Securities Pvt. Ltd,Investment Management Nepal Pvt. Ltd.,180,255.0,45900.0,2025-07-15 12:45:15.753257
2025-07-15,48220,2025071501008255,GBIME,Vision Securities Pvt. Ltd,Aryatara Investment & Securities,100,255.0,25500.0,2025-07-15 12:45:15.753462
2025-07-15,48219,2025071501008256,GBIME,Vision Securities Pvt. Ltd,Thrive Brokerage House Pvt. Ltd,250,255.0,63750.0,2025-07-15 12:45:15.753657
2025-07-15,48218,2025071501008257,GBIME,Vision Securities Pvt. Ltd,Agrawal Securities (PVT) Ltd.,10,255.0,2550.0,2025-07-15 12:45:15.753848
2025-07-15,48217,2025071501008258,GBIME,Vision Securities Pvt. Ltd,Agrawal Securities (PVT) Ltd.,3660,255.0,933300.0,2025-07-15 12:45:15.754050
2025-07-15,48150,2025071501008281,GBIME,Miyo Securities Pvt Ltd,Kumari Securities Private Limited,20,254.5,5090.0,2025-07-15 12:45:32.562018
2025-07-15,48018,2025071501008340,GBIME,Capital Max Securities Ltd,Kumari Securities Private Limited,60,254.5,15270.0,2025-07-15 12:46:01.660169
2025-07-15,48014,2025071501008341,GBIME,Dynamic Money Managers Securities Pvt. Ltd.,Kumari Securities Private Limited,50,254.5,12725.0,2025-07-15 12:46:02.767580
2025-07-15,47367,2025071501008528,GBIME,South Asian Bulls Pvt. Ltd.,Kumari Securities Private Limited,90,254.5,22905.0,2025-07-15 12:48:28.663658
2025-07-15,46463,2025071501008836,GBIME,Aryatara Investment & Securities,Cristal Kanchanjanga Securites Pvt. Ltd.,45,254.8,11466.0,2025-07-15 12:51:27.786493
2025-07-15,46313,2025071501008883,GBIME,Dipshikha Dhitopatra Karobar Co. Pvt Ltd.,Cristal Kanchanjanga Securites Pvt. Ltd.,10,254.8,2548.0,2025-07-15 12:52:10.359536
2025-07-15,46306,2025071501008884,GBIME,Thrive Brokerage House Pvt. Ltd,Cristal Kanchanjanga Securites Pvt. Ltd.,20,254.8,5096.0,2025-07-15 12:52:13.551395
2025-07-15,46043,2025071501008953,GBIME,Opal Securities Investment (PVT) Ltd.,Opal Securities Investment (PVT) Ltd.,1,250.1,250.1,2025-07-15 12:53:02.097267
2025-07-15,45955,2025071501008976,GBIME,Neev Securities Pvt. Ltd.,Sipla Securities Private Limited,200,254.6,50920.0,2025-07-15 12:53:14.115687
2025-07-15,45954,2025071501008977,GBIME,Bhrikuti Stock Broking Co. Pvt. Ltd.,Sipla Securities Private Limited,110,254.5,27995.0,2025-07-15 12:53:14.116126
2025-07-15,45833,2025071501009002,GBIME,Opal Securities Investment (PVT) Ltd.,Sipla Securities Private Limited,690,254.5,175605.0,2025-07-15 12:53:45.332291
2025-07-15,45764,2025071501009017,GBIME,Nepal Stock House (PVT) Ltd.,Cristal Kanchanjanga Securites Pvt. Ltd.,25,254.8,6370.0,2025-07-15 12:54:02.852596
2025-07-15,45763,2025071501009018,GBIME,Nepal Stock House (PVT) Ltd.,Agrawal Securities (PVT) Ltd.,975,255.0,248625.0,2025-07-15 12:54:02.853019
2025-07-15,45743,2025071501009023,GBIME,APPLE SECURITIES PRIVATE LIMITED,Agrawal Securities (PVT) Ltd.,500,255.0,127500.0,2025-07-15 12:54:08.761759
2025-07-15,45258,2025071501009160,GBIME,Capital Hub P. Ltd,Agrawal Securities (PVT) Ltd.,585,255.0,149175.0,2025-07-15 12:56:00.216373
2025-07-15,45257,2025071501009161,GBIME,Capital Hub P. Ltd,Kohinoor Investment & Securities Pvt. Ltd.,103,255.0,26265.0,2025-07-15 12:56:00.217237
2025-07-15,45256,2025071501009162,GBIME,Capital Hub P. Ltd,Dipshikha Dhitopatra Karobar Co. Pvt Ltd.,30,255.0,7650.0,2025-07-15 12:56:00.217824
2025-07-15,45255,2025071501009163,GBIME,Capital Hub P. Ltd,Sumeru Securities Pvt. Ltd.,3282,255.0,836910.0,2025-07-15 12:56:00.218405
2025-07-15,44809,2025071501009304,GBIME,South Asian Bulls Pvt. Ltd.,Sumeru Securities Pvt. Ltd.,120,254.5,30540.0,2025-07-15 12:58:12.647583
2025-07-15,44646,2025071501009396,GBIME,Naasa Securities Co. Ltd.,Sumeru Securities Pvt. Ltd.,10,255.0,2550.0,2025-07-15 12:58:37.514432
2025-07-15,44604,2025071501009418,GBIME,Imperial Securities Company Pvt. Ltd.,Sumeru Securities Pvt. Ltd.,26,255.0,6630.0,2025-07-15 12:58:46.007876
2025-07-15,44155,2025071501009636,GBIME,Siprabi Securities Pvt. Ltd.,Primo Securities (PVT) Ltd.,900,255.1,229590.0,2025-07-15 12:59:58.325695
2025-07-15,43797,2025071501009745,GBIME,Sani Securities Company Ltd.,SHUBHAKAMANA SECURITIES PVT. LTD,50,255.2,12760.0,2025-07-15 13:01:19.624627
2025-07-15,43796,2025071501009746,GBIME,Siprabi Securities Pvt. Ltd.,SHUBHAKAMANA SECURITIES PVT. LTD,89,255.1,22703.9,2025-07-15 13:01:19.625046
2025-07-15,43795,2025071501009747,GBIME,Imperial Securities Company Pvt. Ltd.,SHUBHAKAMANA SECURITIES PVT. LTD,974,255.0,248370.0,2025-07-15 13:01:19.625264
2025-07-15,43794,2025071501009748,GBIME,Online Securities Pvt. Ltd.,SHUBHAKAMANA SECURITIES PVT. LTD,155,255.0,39525.0,2025-07-15 13:01:19.625483
2025-07-15,43745,2025071501009757,GBIME,Siprabi Securities Pvt. Ltd.,SHUBHAKAMANA SECURITIES PVT. LTD,392,255.0,99960.0,2025-07-15 13:01:27.261432
2025-07-15,43418,2025071501009878,GBIME,South Asian Bulls Pvt. Ltd.,Vision Securities Pvt. Ltd,80,254.5,20360.0,2025-07-15 13:02:39.669107
2025-07-15,43278,2025071501009921,GBIME,Shree Krishna Securities Ltd.,Vision Securities Pvt. Ltd,30,254.5,7635.0,2025-07-15 13:03:19.450000
2025-07-15,42738,2025071501010158,GBIME,South Asian Bulls Pvt. Ltd.,Vision Securities Pvt. Ltd,60,254.5,15270.0,2025-07-15 13:05:00.657394
2025-07-15,42645,2025071501010185,GBIME,Thrive Brokerage House Pvt. Ltd,Sani Securities Company Ltd.,109,254.4,27729.6,2025-07-15 13:05:21.361100
2025-07-15,42635,2025071501010188,GBIME,ABC Securities Private Limited,SHUBHAKAMANA SECURITIES PVT. LTD,3340,255.0,851700.0,2025-07-15 13:05:24.093727
2025-07-15,42461,2025071501010231,GBIME,ABC Securities Private Limited,Dipshikha Dhitopatra Karobar Co. Pvt Ltd.,300,255.0,76500.0,2025-07-15 13:06:06.347083
2025-07-15,42199,2025071501010309,GBIME,ABC Securities Private Limited,Primo Securities (PVT) Ltd.,1100,255.0,280500.0,2025-07-15 13:07:10.408376
2025-07-15,42191,2025071501010314,GBIME,Investment Management Nepal Pvt. Ltd.,Market Securities & Exchange (PVT) Ltd.,303,255.4,77386.2,2025-07-15 13:07:11.316521
2025-07-15,42190,2025071501010315,GBIME,Investment Management Nepal Pvt. Ltd.,Naasa Securities Co. Ltd.,319,255.5,81504.5,2025-07-15 13:07:11.317470
2025-07-15,42009,2025071501010387,GBIME,ABC Securities Private Limited,Opal Securities Investment (PVT) Ltd.,260,255.0,66300.0,2025-07-15 13:07:43.531341
2025-07-15,42008,2025071501010388,GBIME,J.F. Securites (PVT) Ltd.,Opal Securities Investment (PVT) Ltd.,20,255.0,5100.0,2025-07-15 13:07:43.531743
2025-07-15,42007,2025071501010389,GBIME,Global IME Securities Limited,Opal Securities Investment (PVT) Ltd.,10,254.5,2545.0,2025-07-15 13:07:43.531968
2025-07-15,42006,2025071501010390,GBIME,Thrive Brokerage House Pvt. Ltd,Opal Securities Investment (PVT) Ltd.,91,254.4,23150.4,2025-07-15 13:07:43.532196
2025-07-15,42005,2025071501010391,GBIME,Siprabi Securities Pvt. Ltd.,Opal Securities Investment (PVT) Ltd.,500,254.3,127150.0,2025-07-15 13:07:43.532416
2025-07-15,42004,2025071501010392,GBIME,Nepal Stock House (PVT) Ltd.,Opal Securities Investment (PVT) Ltd.,200,254.1,50820.0,2025-07-15 13:07:43.532619
2025-07-15,42003,2025071501010393,GBIME,Deevyaa Securities & Stock House Pvt. Ltd,Opal Securities Investment (PVT) Ltd.,919,254.1,233517.9,2025-07-15 13:07:43.532833
2025-07-15,41956,2025071501010429,GBIME,ABC Securities Private Limited,Online Securities Pvt. Ltd.,500,255.4,127700.0,2025-07-15 13:07:50.682908
2025-07-15,41955,2025071501010430,GBIME,ABC Securities Private Limited,Naasa Securities Co. Ltd.,21,255.5,5365.5,2025-07-15 13:07:50.683345
2025-07-15,41954,2025071501010431,GBIME,ABC Securities Private Limited,BHOLE GANESH SECURITIES LTD,237,255.5,60553.5,2025-07-15 13:07:50.683561
2025-07-15,41953,2025071501010432,GBIME,ABC Securities Private Limited,Agrawal Securities (PVT) Ltd.,132,255.5,33726.0,2025-07-15 13:07:50.683771
2025-07-15,41952,2025071501010433,GBIME,ABC Securities Private Limited,Sundhara Securities Limited,151,255.5,38580.5,2025-07-15 13:07:50.683976
2025-07-15,41951,2025071501010434,GBIME,ABC Securities Private Limited,Online Securities Pvt. Ltd.,100,255.5,25550.0,2025-07-15 13:07:50.684192
2025-07-15,41950,2025071501010435,GBIME,ABC Securities Private Limited,Agrawal Securities (PVT) Ltd.,40,255.8,10232.0,2025-07-15 13:07:50.684404
2025-07-15,41949,2025071501010436,GBIME,ABC Securities Private Limited,Naasa Securities Co. Ltd.,319,255.8,81600.2,2025-07-15 13:07:50.684604
2025-07-15,41851,2025071501010458,GBIME,Deevyaa Securities & Stock House Pvt. Ltd,ABC Securities Private Limited,33,254.1,8385.3,2025-07-15 13:07:59.763230
2025-07-15,41180,2025071501010700,GBIME,South Asian Bulls Pvt. Ltd.,Sweta Securities Private Limited,129,254.2,32791.8,2025-07-15 13:10:25.792250
2025-07-15,40665,2025071501010879,GBIME,Vision Securities Pvt. Ltd,Opal Securities Investment (PVT) Ltd.,268,254.3,68152.4,2025-07-15 13:11:58.796359
2025-07-15,40599,2025071501010896,GBIME,South Asian Bulls Pvt. Ltd.,Naasa Securities Co. Ltd.,71,254.2,18048.2,2025-07-15 13:12:11.623969
2025-07-15,40598,2025071501010897,GBIME,Dipshikha Dhitopatra Karobar Co. Pvt Ltd.,Naasa Securities Co. Ltd.,80,254.2,20336.0,2025-07-15 13:12:11.624825
2025-07-15,40505,2025071501010929,GBIME,Himalayan Brokerage Company Limited,Naasa Securities Co. Ltd.,20,254.2,5084.0,2025-07-15 13:12:30.690278
2025-07-15,40358,2025071501010980,GBIME,Shree Krishna Securities Ltd.,Naasa Securities Co. Ltd.,219,254.2,55669.8,2025-07-15 13:13:01.861202
2025-07-15,40357,2025071501010981,GBIME,Shree Krishna Securities Ltd.,Opal Securities Investment (PVT) Ltd.,20,254.9,5098.0,2025-07-15 13:13:01.861319
2025-07-15,40356,2025071501010982,GBIME,Shree Krishna Securities Ltd.,SHUBHAKAMANA SECURITIES PVT. LTD,8161,255.0,2081055.0,2025-07-15 13:13:01.861398
2025-07-15,40193,2025071501011038,GBIME,Shree Krishna Securities Ltd.,Opal Securities Investment (PVT) Ltd.,500,254.2,127100.0,2025-07-15 13:13:32.304818
2025-07-15,39606,2025071501011221,GBIME,Capital Hub P. Ltd,SHUBHAKAMANA SECURITIES PVT. LTD,39,255.0,9945.0,2025-07-15 13:15:23.528208
2025-07-15,39605,2025071501011222,GBIME,Capital Hub P. Ltd,Sani Securities Company Ltd.,10,255.0,2550.0,2025-07-15 13:15:23.529097
2025-07-15,38533,2025071501011616,GBIME,Capital Hub P. Ltd,Thrive Brokerage House Pvt. Ltd,123,255.0,31365.0,2025-07-15 13:18:58.014208
2025-07-15,38392,2025071501011670,GBIME,Capital Hub P. Ltd,Linch Stock Market Ltd.,201,255.0,51255.0,2025-07-15 13:19:43.379946
2025-07-15,38094,2025071501011777,GBIME,Capital Hub P. Ltd,Aryatara Investment & Securities,500,255.0,127500.0,2025-07-15 13:21:13.919533
2025-07-15,38040,2025071501011795,GBIME,Midas Stock Broking Company Private Limited,Global IME Securities Limited,50,255.3,12765.0,2025-07-15 13:21:26.777322
2025-07-15,37975,2025071501011817,GBIME,Sani Securities Company Ltd.,Naasa Securities Co. Ltd.,10,255.8,2558.0,2025-07-15 13:21:44.061573
2025-07-15,37888,2025071501011840,GBIME,Midas Stock Broking Company Private Limited,Naasa Securities Co. Ltd.,50,255.8,12790.0,2025-07-15 13:22:06.125458
2025-07-15,37457,2025071501011959,GBIME,Kumari Securities Private Limited,Dipshikha Dhitopatra Karobar Co. Pvt Ltd.,100,255.7,25570.0,2025-07-15 13:23:51.599514
2025-07-15,37308,2025071501012011,GBIME,Shree Krishna Securities Ltd.,Naasa Securities Co. Ltd.,621,255.8,158851.8,2025-07-15 13:24:29.195004
2025-07-15,37307,2025071501012012,GBIME,Shree Krishna Securities Ltd.,Aryatara Investment & Securities,100,255.8,25580.0,2025-07-15 13:24:29.195090
2025-07-15,37306,2025071501012013,GBIME,Shree Krishna Securities Ltd.,Sundhara Securities Limited,400,255.8,102320.0,2025-07-15 13:24:29.195113
2025-07-15,37305,2025071501012014,GBIME,Shree Krishna Securities Ltd.,ABC Securities Private Limited,1000,255.9,255900.0,2025-07-15 13:24:29.195136
2025-07-15,37304,2025071501012015,GBIME,Shree Krishna Securities Ltd.,Naasa Securities Co. Ltd.,960,256.0,245760.0,2025-07-15 13:24:29.195160
2025-07-15,37303,2025071501012016,GBIME,Shree Krishna Securities Ltd.,Creative Securities Pvt Ltd,135,256.0,34560.0,2025-07-15 13:24:29.195185
2025-07-15,37302,2025071501012017,GBIME,Shree Krishna Securities Ltd.,Naasa Securities Co. Ltd.,300,256.0,76800.0,2025-07-15 13:24:29.195231
2025-07-15,37301,2025071501012018,GBIME,Shree Krishna Securities Ltd.,Sani Securities Company Ltd.,1022,256.0,261632.0,2025-07-15 13:24:29.195262
2025-07-15,37300,2025071501012019,GBIME,Shree Krishna Securities Ltd.,Aryatara Investment & Securities,60,256.0,15360.0,2025-07-15 13:24:29.195287
2025-07-15,37299,2025071501012020,GBIME,Shree Krishna Securities Ltd.,Investment Management Nepal Pvt. Ltd.,22,256.0,5632.0,2025-07-15 13:24:29.195312
2025-07-15,37298,2025071501012021,GBIME,Shree Krishna Securities Ltd.,Dakshinkali Investment & Securities Pvt. Ltd.,931,256.0,238336.0,2025-07-15 13:24:29.195338
2025-07-15,37297,2025071501012022,GBIME,Shree Krishna Securities Ltd.,Aryatara Investment & Securities,256,256.0,65536.0,2025-07-15 13:24:29.195359
2025-07-15,37296,2025071501012023,GBIME,Shree Krishna Securities Ltd.,Sweta Securities Private Limited,156,256.0,39936.0,2025-07-15 13:24:29.195384
2025-07-15,37295,2025071501012024,GBIME,Shree Krishna Securities Ltd.,Nepal Stock House (PVT) Ltd.,100,256.0,25600.0,2025-07-15 13:24:29.195409
2025-07-15,37294,2025071501012025,GBIME,Shree Krishna Securities Ltd.,Siprabi Securities Pvt. Ltd.,55,256.5,14107.5,2025-07-15 13:24:29.195439
2025-07-15,37293,2025071501012026,GBIME,Shree Krishna Securities Ltd.,Neev Securities Pvt. Ltd.,147,256.5,37705.5,2025-07-15 13:24:29.195467
2025-07-15,37292,2025071501012027,GBIME,Shree Krishna Securities Ltd.,Vision Securities Pvt. Ltd,330,256.7,84711.0,2025-07-15 13:24:29.195495
2025-07-15,37291,2025071501012028,GBIME,Shree Krishna Securities Ltd.,Dipshikha Dhitopatra Karobar Co. Pvt Ltd.,10,256.8,2568.0,2025-07-15 13:24:29.195558
2025-07-15,37290,2025071501012029,GBIME,Shree Krishna Securities Ltd.,Creative Securities Pvt Ltd,395,256.8,101436.0,2025-07-15 13:24:29.195586
2025-07-15,37160,2025071501012069,GBIME,Trishakti Securities Public Limited,Creative Securities Pvt Ltd,605,256.8,155364.0,2025-07-15 13:25:02.897167
2025-07-15,37159,2025071501012070,GBIME,Trishakti Securities Public Limited,Vision Securities Pvt. Ltd,1000,256.9,256900.0,2025-07-15 13:25:02.897603
2025-07-15,37158,2025071501012071,GBIME,Trishakti Securities Public Limited,ABC Securities Private Limited,1000,256.9,256900.0,2025-07-15 13:25:02.897823
2025-07-15,37157,2025071501012072,GBIME,Trishakti Securities Public Limited,Online Securities Pvt. Ltd.,151,257.0,38807.0,2025-07-15 13:25:02.898038
2025-07-15,37156,2025071501012073,GBIME,Trishakti Securities Public Limited,Online Securities Pvt. Ltd.,26,257.0,6682.0,2025-07-15 13:25:02.898253
2025-07-15,37155,2025071501012074,GBIME,Trishakti Securities Public Limited,Siprabi Securities Pvt. Ltd.,40,257.0,10280.0,2025-07-15 13:25:02.898461
2025-07-15,37154,2025071501012075,GBIME,Trishakti Securities Public Limited,Naasa Securities Co. Ltd.,69,257.0,17733.0,2025-07-15 13:25:02.898675
2025-07-15,37153,2025071501012076,GBIME,Trishakti Securities Public Limited,Premier Securities Company Ltd.,100,257.0,25700.0,2025-07-15 13:25:02.898927
2025-07-15,37152,2025071501012077,GBIME,Trishakti Securities Public Limited,Premier Securities Company Ltd.,500,257.0,128500.0,2025-07-15 13:25:02.899160
2025-07-15,37151,2025071501012078,GBIME,Trishakti Securities Public Limited,Hatemalo Financial Services Private Limited,400,257.0,102800.0,2025-07-15 13:25:02.899373
2025-07-15,37150,2025071501012079,GBIME,Trishakti Securities Public Limited,Sani Securities Company Ltd.,100,257.0,25700.0,2025-07-15 13:25:02.899577
2025-07-15,37149,2025071501012080,GBIME,Trishakti Securities Public Limited,Nepal Investment And Securities Trading Private Limited,500,257.0,128500.0,2025-07-15 13:25:02.899799
2025-07-15,37148,2025071501012081,GBIME,Trishakti Securities Public Limited,Aryatara Investment & Securities,300,257.0,77100.0,2025-07-15 13:25:02.900052
2025-07-15,37147,2025071501012082,GBIME,Trishakti Securities Public Limited,Premier Securities Company Ltd.,209,257.0,53713.0,2025-07-15 13:25:02.900271
2025-07-15,36275,2025071501012407,GBIME,Dakshinkali Investment & Securities Pvt. Ltd.,Premier Securities Company Ltd.,10,257.0,2570.0,2025-07-15 13:29:03.488254
2025-07-15,36267,2025071501012411,GBIME,APPLE SECURITIES PRIVATE LIMITED,Premier Securities Company Ltd.,708,257.0,181956.0,2025-07-15 13:29:05.641091
2025-07-15,36266,2025071501012412,GBIME,APPLE SECURITIES PRIVATE LIMITED,ABC Securities Private Limited,100,257.0,25700.0,2025-07-15 13:29:05.641523
2025-07-15,36265,2025071501012413,GBIME,APPLE SECURITIES PRIVATE LIMITED,Creative Securities Pvt Ltd,192,257.0,49344.0,2025-07-15 13:29:05.641734
2025-07-15,36261,2025071501012414,GBIME,Capital Hub P. Ltd,Creative Securities Pvt Ltd,78,257.0,20046.0,2025-07-15 13:29:07.283261
2025-07-15,36260,2025071501012415,GBIME,Capital Hub P. Ltd,Online Securities Pvt. Ltd.,18,257.0,4626.0,2025-07-15 13:29:07.284141
2025-07-15,36259,2025071501012416,GBIME,Capital Hub P. Ltd,Cristal Kanchanjanga Securites Pvt. Ltd.,500,257.0,128500.0,2025-07-15 13:29:07.284769
2025-07-15,36258,2025071501012417,GBIME,Capital Hub P. Ltd,Nepal Investment And Securities Trading Private Limited,200,257.0,51400.0,2025-07-15 13:29:07.285414
2025-07-15,36257,2025071501012418,GBIME,Capital Hub P. Ltd,Aryatara Investment & Securities,100,257.0,25700.0,2025-07-15 13:29:07.286037
2025-07-15,36256,2025071501012419,GBIME,Capital Hub P. Ltd,Sani Securities Company Ltd.,231,257.0,59367.0,2025-07-15 13:29:07.286637
2025-07-15,35580,2025071501012634,GBIME,Oxford Securities Pvt. Ltd.,Capital Hub P. Ltd,300,256.0,76800.0,2025-07-15 13:31:41.873601
2025-07-15,35065,2025071501012788,GBIME,Nepal Stock House (PVT) Ltd.,Sani Securities Company Ltd.,154,257.0,39578.0,2025-07-15 13:34:02.322326
2025-07-15,35064,2025071501012789,GBIME,Nepal Stock House (PVT) Ltd.,Oxford Securities Pvt. Ltd.,15,257.0,3855.0,2025-07-15 13:34:02.322888
2025-07-15,35063,2025071501012790,GBIME,Nepal Stock House (PVT) Ltd.,Investment Management Nepal Pvt. Ltd.,1000,257.0,257000.0,2025-07-15 13:34:02.323338
2025-07-15,35062,2025071501012791,GBIME,Nepal Stock House (PVT) Ltd.,Sweta Securities Private Limited,331,257.0,85067.0,2025-07-15 13:34:02.323672
2025-07-15,34919,2025071501012839,GBIME,Imperial Securities Company Pvt. Ltd.,Sweta Securities Private Limited,169,257.0,43433.0,2025-07-15 13:34:37.781874
2025-07-15,34918,2025071501012840,GBIME,Imperial Securities Company Pvt. Ltd.,ABC Securities Private Limited,21,257.0,5397.0,2025-07-15 13:34:37.782296
2025-07-15,34917,2025071501012841,GBIME,Imperial Securities Company Pvt. Ltd.,Imperial Securities Company Pvt. Ltd.,30,257.0,7710.0,2025-07-15 13:34:37.782516
2025-07-15,34872,2025071501012858,GBIME,Deevyaa Securities & Stock House Pvt. Ltd,Linch Stock Market Ltd.,100,257.7,25770.0,2025-07-15 13:34:46.437666
2025-07-15,34752,2025071501012887,GBIME,Deevyaa Securities & Stock House Pvt. Ltd,Thrive Brokerage House Pvt. Ltd,100,257.7,25770.0,2025-07-15 13:35:15.372958
2025-07-15,34150,2025071501013115,GBIME,SHUBHAKAMANA SECURITIES PVT. LTD,Dipshikha Dhitopatra Karobar Co. Pvt Ltd.,10,257.8,2578.0,2025-07-15 13:37:24.616502
2025-07-15,34149,2025071501013116,GBIME,SHUBHAKAMANA SECURITIES PVT. LTD,Naasa Securities Co. Ltd.,140,257.8,36092.0,2025-07-15 13:37:24.616937
2025-07-15,34008,2025071501013166,GBIME,ABC Securities Private Limited,Naasa Securities Co. Ltd.,64,257.8,16499.2,2025-07-15 13:37:52.557434
2025-07-15,34007,2025071501013167,GBIME,ABC Securities Private Limited,Primo Securities (PVT) Ltd.,2000,257.9,515800.0,2025-07-15 13:37:52.557842
2025-07-15,34006,2025071501013168,GBIME,ABC Securities Private Limited,Agrawal Securities (PVT) Ltd.,50,257.9,12895.0,2025-07-15 13:37:52.558050
2025-07-15,34005,2025071501013169,GBIME,ABC Securities Private Limited,Trishakti Securities Public Limited,295,257.9,76080.5,2025-07-15 13:37:52.558253
2025-07-15,34004,2025071501013170,GBIME,ABC Securities Private Limited,Sani Securities Company Ltd.,588,258.0,151704.0,2025-07-15 13:37:52.558467
2025-07-15,34003,2025071501013171,GBIME,ABC Securities Private Limited,ABC Securities Private Limited,1200,258.0,309600.0,2025-07-15 13:37:52.558669
2025-07-15,34002,2025071501013172,GBIME,ABC Securities Private Limited,Dipshikha Dhitopatra Karobar Co. Pvt Ltd.,225,258.0,58050.0,2025-07-15 13:37:52.558869
2025-07-15,34001,2025071501013173,GBIME,ABC Securities Private Limited,S.P.S.A. Securities Limited,50,258.0,12900.0,2025-07-15 13:37:52.559072
2025-07-15,34000,2025071501013174,GBIME,ABC Securities Private Limited,Malla & Malla Stock Broking Company Pvt. Limited,200,258.0,51600.0,2025-07-15 13:37:52.559270
2025-07-15,33999,2025071501013175,GBIME,ABC Securities Private Limited,Linch Stock Market Ltd.,50,258.0,12900.0,2025-07-15 13:37:52.559471
2025-07-15,33998,2025071501013176,GBIME,ABC Securities Private Limited,Naasa Securities Co. Ltd.,278,258.0,71724.0,2025-07-15 13:37:52.559677
2025-07-15,33896,2025071501013208,GBIME,ABC Securities Private Limited,Trishakti Securities Public Limited,45,257.7,11596.5,2025-07-15 13:38:12.010796
2025-07-15,33409,2025071501013374,GBIME,Neev Securities Pvt. Ltd.,Sweta Securities Private Limited,1,254.0,254.0,2025-07-15 13:40:11.228923
2025-07-15,33363,2025071501013388,GBIME,Thrive Brokerage House Pvt. Ltd,Naasa Securities Co. Ltd.,55,256.6,14113.0,2025-07-15 13:40:26.739940
2025-07-15,33212,2025071501013435,GBIME,Asian Securities Private Ltd.,Online Securities Pvt. Ltd.,67,257.0,17219.0,2025-07-15 13:41:06.813543
2025-07-15,33069,2025071501013513,GBIME,Imperial Securities Company Pvt. Ltd.,Online Securities Pvt. Ltd.,413,257.0,106141.0,2025-07-15 13:41:32.160960
2025-07-15,33068,2025071501013514,GBIME,Imperial Securities Company Pvt. Ltd.,Ashutosh Brokerage & Securities (PVT) Ltd.,11,257.0,2827.0,2025-07-15 13:41:32.161433
2025-07-15,33052,2025071501013523,GBIME,Imperial Securities Company Pvt. Ltd.,Nagarik Stock Dealer ,1356,257.0,348492.0,2025-07-15 13:41:39.335235
2025-07-15,33051,2025071501013524,GBIME,Sri Hari Securities Pvt. Ltd.,Nagarik Stock Dealer ,2000,257.0,514000.0,2025-07-15 13:41:39.335672
2025-07-15,33050,2025071501013525,GBIME,Thrive Brokerage House Pvt. Ltd,Nagarik Stock Dealer ,445,256.6,114187.0,2025-07-15 13:41:39.335884
2025-07-15,33049,2025071501013526,GBIME,Capital Max Securities Ltd,Nagarik Stock Dealer ,500,256.5,128250.0,2025-07-15 13:41:39.336108
2025-07-15,33048,2025071501013527,GBIME,Siprabi Securities Pvt. Ltd.,Nagarik Stock Dealer ,386,256.5,99009.0,2025-07-15 13:41:39.336308
2025-07-15,33047,2025071501013528,GBIME,J.F. Securites (PVT) Ltd.,Nagarik Stock Dealer ,115,256.5,29497.5,2025-07-15 13:41:39.336510
2025-07-15,33046,2025071501013529,GBIME,Deevyaa Securities & Stock House Pvt. Ltd,Nagarik Stock Dealer ,20,256.2,5124.0,2025-07-15 13:41:39.336711
2025-07-15,33045,2025071501013530,GBIME,Trishakti Securities Public Limited,Nagarik Stock Dealer ,1000,256.1,256100.0,2025-07-15 13:41:39.336914
2025-07-15,33044,2025071501013531,GBIME,Aryatara Investment & Securities,Nagarik Stock Dealer ,50,256.1,12805.0,2025-07-15 13:41:39.337123
2025-07-15,33043,2025071501013532,GBIME,Oxford Securities Pvt. Ltd.,Nagarik Stock Dealer ,700,256.0,179200.0,2025-07-15 13:41:39.337327
2025-07-15,33042,2025071501013533,GBIME,Oxford Securities Pvt. Ltd.,Nagarik Stock Dealer ,190,256.0,48640.0,2025-07-15 13:41:39.337530
2025-07-15,33041,2025071501013534,GBIME,Naasa Securities Co. Ltd.,Nagarik Stock Dealer ,10,256.0,2560.0,2025-07-15 13:41:39.337725
2025-07-15,33040,2025071501013535,GBIME,Aryatara Investment & Securities,Nagarik Stock Dealer ,1500,256.0,384000.0,2025-07-15 13:41:39.337919
2025-07-15,33039,2025071501013536,GBIME,Trisul Securities & Invt. Ltd.,Nagarik Stock Dealer ,2000,255.8,511600.0,2025-07-15 13:41:39.338124
2025-07-15,33038,2025071501013537,GBIME,Imperial Securities Company Pvt. Ltd.,Nagarik Stock Dealer ,5000,255.3,1276500.0,2025-07-15 13:41:39.338323
2025-07-15,33037,2025071501013538,GBIME,Imperial Securities Company Pvt. Ltd.,Nagarik Stock Dealer ,80,255.0,20400.0,2025-07-15 13:41:39.338520
2025-07-15,33036,2025071501013539,GBIME,Online Securities Pvt. Ltd.,Nagarik Stock Dealer ,350,255.0,89250.0,2025-07-15 13:41:39.338728
2025-07-15,33035,2025071501013540,GBIME,Dipshikha Dhitopatra Karobar Co. Pvt Ltd.,Nagarik Stock Dealer ,200,255.0,51000.0,2025-07-15 13:41:39.338925
2025-07-15,33034,2025071501013541,GBIME,Siprabi Securities Pvt. Ltd.,Nagarik Stock Dealer ,500,255.0,127500.0,2025-07-15 13:41:39.339161
2025-07-15,33033,2025071501013542,GBIME,Imperial Securities Company Pvt. Ltd.,Nagarik Stock Dealer ,100,255.0,25500.0,2025-07-15 13:41:39.339355
2025-07-15,33032,2025071501013543,GBIME,Dynamic Money Managers Securities Pvt. Ltd.,Nagarik Stock Dealer ,500,255.0,127500.0,2025-07-15 13:41:39.339553
2025-07-15,33031,2025071501013544,GBIME,Vision Securities Pvt. Ltd,Nagarik Stock Dealer ,100,255.0,25500.0,2025-07-15 13:41:39.339744
2025-07-15,33030,2025071501013545,GBIME,KALASH STOCK MARKET PVT. LTD.,Nagarik Stock Dealer ,500,255.0,127500.0,2025-07-15 13:41:39.339934
2025-07-15,33029,2025071501013546,GBIME,Imperial Securities Company Pvt. Ltd.,Nagarik Stock Dealer ,312,255.0,79560.0,2025-07-15 13:41:39.340137
2025-07-15,33028,2025071501013547,GBIME,Capital Max Securities Ltd,Nagarik Stock Dealer ,500,255.0,127500.0,2025-07-15 13:41:39.340333
2025-07-15,33027,2025071501013548,GBIME,Trishakti Securities Public Limited,Nagarik Stock Dealer ,500,255.0,127500.0,2025-07-15 13:41:39.340528
2025-07-15,32852,2025071501013616,GBIME,Aryatara Investment & Securities,Nagarik Stock Dealer ,2000,254.6,509200.0,2025-07-15 13:42:09.417784
2025-07-15,32851,2025071501013617,GBIME,Shree Krishna Securities Ltd.,Nagarik Stock Dealer ,4500,254.2,1143900.0,2025-07-15 13:42:09.418251
2025-07-15,32850,2025071501013618,GBIME,Aryatara Investment & Securities,Nagarik Stock Dealer ,1000,254.2,254200.0,2025-07-15 13:42:09.418495
2025-07-15,32849,2025071501013619,GBIME,Nepal Stock House (PVT) Ltd.,Nagarik Stock Dealer ,1000,254.1,254100.0,2025-07-15 13:42:09.418697
2025-07-15,32848,2025071501013620,GBIME,ABC Securities Private Limited,Nagarik Stock Dealer ,148,254.0,37592.0,2025-07-15 13:42:09.418898
2025-07-15,32847,2025071501013621,GBIME,Vision Securities Pvt. Ltd,Nagarik Stock Dealer ,2000,254.0,508000.0,2025-07-15 13:42:09.419121
2025-07-15,32846,2025071501013622,GBIME,Naasa Securities Co. Ltd.,Nagarik Stock Dealer ,50,254.0,12700.0,2025-07-15 13:42:09.419347
2025-07-15,32845,2025071501013623,GBIME,Kumari Securities Private Limited,Nagarik Stock Dealer ,100,254.0,25400.0,2025-07-15 13:42:09.419558
2025-07-15,32844,2025071501013624,GBIME,K.B.L. Securities Limited ,Nagarik Stock Dealer ,19202,254.0,4877308.0,2025-07-15 13:42:09.419768
2025-07-15,32540,2025071501013728,GBIME,ABC Securities Private Limited,Nagarik Stock Dealer ,1000,255.0,255000.0,2025-07-15 13:43:29.286591
2025-07-15,32337,2025071501013827,GBIME,Linch Stock Market Ltd.,Nagarik Stock Dealer ,900,255.0,229500.0,2025-07-15 13:44:13.597069
2025-07-15,32009,2025071501013960,GBIME,Secured Securities Ltd.,Nagarik Stock Dealer ,7500,255.0,1912500.0,2025-07-15 13:45:28.169206
2025-07-15,31738,2025071501014076,GBIME,Naasa Securities Co. Ltd.,Nagarik Stock Dealer ,100,255.0,25500.0,2025-07-15 13:46:32.286489
2025-07-15,31688,2025071501014103,GBIME,J.F. Securites (PVT) Ltd.,Nagarik Stock Dealer ,50,255.0,12750.0,2025-07-15 13:46:41.776345
2025-07-15,31617,2025071501014132,GBIME,Secured Securities Ltd.,Nagarik Stock Dealer ,100,255.0,25500.0,2025-07-15 13:46:55.921826
2025-07-15,31324,2025071501014243,GBIME,Premier Securities Company Ltd.,Naasa Securities Co. Ltd.,100,254.4,25440.0,2025-07-15 13:48:03.187040
2025-07-15,30969,2025071501014376,GBIME,K.B.L. Securities Limited ,Nagarik Stock Dealer ,21436,255.0,5466180.0,2025-07-15 13:49:32.795194
2025-07-15,30968,2025071501014377,GBIME,K.B.L. Securities Limited ,Dipshikha Dhitopatra Karobar Co. Pvt Ltd.,4564,255.0,1163820.0,2025-07-15 13:49:32.795662
2025-07-15,30537,2025071501014546,GBIME,Trishakti Securities Public Limited,Dipshikha Dhitopatra Karobar Co. Pvt Ltd.,20,255.0,5100.0,2025-07-15 13:51:08.771382
2025-07-15,30470,2025071501014566,GBIME,Premier Securities Company Ltd.,Dipshikha Dhitopatra Karobar Co. Pvt Ltd.,16,255.0,4080.0,2025-07-15 13:51:28.332464
2025-07-15,30469,2025071501014567,GBIME,Premier Securities Company Ltd.,Sumeru Securities Pvt. Ltd.,10,255.0,2550.0,2025-07-15 13:51:28.332968
2025-07-15,30468,2025071501014568,GBIME,Premier Securities Company Ltd.,Thrive Brokerage House Pvt. Ltd,60,255.0,15300.0,2025-07-15 13:51:28.333443
2025-07-15,30465,2025071501014571,GBIME,Premier Securities Company Ltd.,Sani Securities Company Ltd.,10,255.0,2550.0,2025-07-15 13:51:30.633447
2025-07-15,30421,2025071501014584,GBIME,Premier Securities Company Ltd.,Himalayan Brokerage Company Limited,604,255.0,154020.0,2025-07-15 13:51:42.946598
2025-07-15,30346,2025071501014604,GBIME,Sani Securities Company Ltd.,Himalayan Brokerage Company Limited,100,255.0,25500.0,2025-07-15 13:52:14.258792
2025-07-15,30318,2025071501014610,GBIME,APPLE SECURITIES PRIVATE LIMITED,Himalayan Brokerage Company Limited,496,255.0,126480.0,2025-07-15 13:52:16.812750
2025-07-15,30317,2025071501014611,GBIME,APPLE SECURITIES PRIVATE LIMITED,Aryatara Investment & Securities,205,255.0,52275.0,2025-07-15 13:52:16.813251
2025-07-15,29914,2025071501014807,GBIME,APPLE SECURITIES PRIVATE LIMITED,Linch Stock Market Ltd.,11,255.0,2805.0,2025-07-15 13:54:04.020471
2025-07-15,28431,2025071501015383,GBIME,Online Securities Pvt. Ltd.,Aryatara Investment & Securities,50,255.6,12780.0,2025-07-15 13:59:52.999716
2025-07-15,28341,2025071501015418,GBIME,Neev Securities Pvt. Ltd.,J.F. Securites (PVT) Ltd.,50,256.0,12800.0,2025-07-15 14:00:19.481839
2025-07-15,28168,2025071501015493,GBIME,Dipshikha Dhitopatra Karobar Co. Pvt Ltd.,Capital Max Securities Ltd,15,255.7,3835.5,2025-07-15 14:01:02.521206
2025-07-15,28040,2025071501015542,GBIME,Dipshikha Dhitopatra Karobar Co. Pvt Ltd.,Sani Securities Company Ltd.,985,255.7,251864.5,2025-07-15 14:01:26.007924
2025-07-15,28039,2025071501015543,GBIME,Online Securities Pvt. Ltd.,Sani Securities Company Ltd.,515,255.6,131634.0,2025-07-15 14:01:26.008906
2025-07-15,27926,2025071501015616,GBIME,Sundhara Securities Limited,Stoxkarts Securities Limited,100,255.8,25580.0,2025-07-15 14:01:51.395580
2025-07-15,27909,2025071501015627,GBIME,APPLE SECURITIES PRIVATE LIMITED,J.F. Securites (PVT) Ltd.,72,256.0,18432.0,2025-07-15 14:01:53.285293
2025-07-15,27908,2025071501015628,GBIME,APPLE SECURITIES PRIVATE LIMITED,Shree Krishna Securities Ltd.,216,256.0,55296.0,2025-07-15 14:01:53.285772
2025-07-15,27693,2025071501015711,GBIME,Naasa Securities Co. Ltd.,Shree Krishna Securities Ltd.,80,256.0,20480.0,2025-07-15 14:02:47.838006
2025-07-15,27644,2025071501015728,GBIME,Aryatara Investment & Securities,Shree Krishna Securities Ltd.,50,256.0,12800.0,2025-07-15 14:02:56.912536
2025-07-15,27620,2025071501015739,GBIME,Creative Securities Pvt Ltd,Shree Krishna Securities Ltd.,154,256.0,39424.0,2025-07-15 14:03:02.726750
2025-07-15,27619,2025071501015740,GBIME,Creative Securities Pvt Ltd,Vision Securities Pvt. Ltd,10,256.0,2560.0,2025-07-15 14:03:02.727281
2025-07-15,27436,2025071501015794,GBIME,Creative Securities Pvt Ltd,Naasa Securities Co. Ltd.,36,256.0,9216.0,2025-07-15 14:03:44.245590
2025-07-15,27435,2025071501015795,GBIME,Asian Securities Private Ltd.,Naasa Securities Co. Ltd.,100,256.0,25600.0,2025-07-15 14:03:44.246552
2025-07-15,27281,2025071501015848,GBIME,Secured Securities Ltd.,Naasa Securities Co. Ltd.,10,256.0,2560.0,2025-07-15 14:04:20.483329
2025-07-15,27174,2025071501015901,GBIME,Imperial Securities Company Pvt. Ltd.,Naasa Securities Co. Ltd.,10,256.0,2560.0,2025-07-15 14:04:47.023817
2025-07-15,26754,2025071501016054,GBIME,Imperial Securities Company Pvt. Ltd.,ABC Securities Private Limited,20,256.0,5120.0,2025-07-15 14:06:30.147497
2025-07-15,26639,2025071501016086,GBIME,Sani Securities Company Ltd.,Imperial Securities Company Pvt. Ltd.,22,257.0,5654.0,2025-07-15 14:07:02.756337
2025-07-15,26274,2025071501016213,GBIME,Market Securities & Exchange (PVT) Ltd.,Siprabi Securities Pvt. Ltd.,100,256.9,25690.0,2025-07-15 14:08:24.268962
2025-07-15,26148,2025071501016256,GBIME,Aryatara Investment & Securities,Siprabi Securities Pvt. Ltd.,50,256.9,12845.0,2025-07-15 14:08:58.593933
2025-07-15,25876,2025071501016355,GBIME,Aryatara Investment & Securities,Dipshikha Dhitopatra Karobar Co. Pvt Ltd.,41,256.9,10532.9,2025-07-15 14:09:59.506555
2025-07-15,25492,2025071501016509,GBIME,Agrawal Securities (PVT) Ltd.,Imperial Securities Company Pvt. Ltd.,33,257.0,8481.0,2025-07-15 14:11:19.471381
2025-07-15,25229,2025071501016589,GBIME,Online Securities Pvt. Ltd.,Imperial Securities Company Pvt. Ltd.,30,256.9,7707.0,2025-07-15 14:12:11.901207
2025-07-15,25134,2025071501016651,GBIME,Sani Securities Company Ltd.,Online Securities Pvt. Ltd.,400,256.5,102600.0,2025-07-15 14:12:25.009808
2025-07-15,24880,2025071501016792,GBIME,Sani Securities Company Ltd.,Aryatara Investment & Securities,100,256.5,25650.0,2025-07-15 14:13:02.382224
2025-07-15,24878,2025071501016793,GBIME,Vision Securities Pvt. Ltd,Aryatara Investment & Securities,10,256.0,2560.0,2025-07-15 14:13:02.383233
2025-07-15,24877,2025071501016794,GBIME,Siprabi Securities Pvt. Ltd.,Aryatara Investment & Securities,500,256.0,128000.0,2025-07-15 14:13:02.383982
2025-07-15,24876,2025071501016795,GBIME,Linch Stock Market Ltd.,Aryatara Investment & Securities,20,256.0,5120.0,2025-07-15 14:13:02.384724
2025-07-15,24875,2025071501016796,GBIME,Ashutosh Brokerage & Securities (PVT) Ltd.,Aryatara Investment & Securities,76,256.0,19456.0,2025-07-15 14:13:02.385477
2025-07-15,24874,2025071501016797,GBIME,South Asian Bulls Pvt. Ltd.,Aryatara Investment & Securities,20,256.0,5120.0,2025-07-15 14:13:02.386222
2025-07-15,24873,2025071501016798,GBIME,Investment Management Nepal Pvt. Ltd.,Aryatara Investment & Securities,1000,256.0,256000.0,2025-07-15 14:13:02.386974
2025-07-15,24830,2025071501016822,GBIME,Dakshinkali Investment & Securities Pvt. Ltd.,Aryatara Investment & Securities,104,256.0,26624.0,2025-07-15 14:13:11.043179
2025-07-15,24668,2025071501016911,GBIME,Dakshinkali Investment & Securities Pvt. Ltd.,Aryatara Investment & Securities,396,256.0,101376.0,2025-07-15 14:13:39.748608
2025-07-15,24667,2025071501016912,GBIME,Sani Securities Company Ltd.,Aryatara Investment & Securities,604,256.0,154624.0,2025-07-15 14:13:39.749100
2025-07-15,24443,2025071501017000,GBIME,Sani Securities Company Ltd.,Sani Securities Company Ltd.,60,256.0,15360.0,2025-07-15 14:14:19.231796
2025-07-15,23472,2025071501017399,GBIME,Elite Stock House Limited,Agrawal Securities (PVT) Ltd.,14,256.4,3589.6,2025-07-15 14:17:18.679396
2025-07-15,23420,2025071501017425,GBIME,Online Securities Pvt. Ltd.,Sri Hari Securities Pvt. Ltd.,325,256.1,83232.5,2025-07-15 14:17:25.512707
2025-07-15,23293,2025071501017493,GBIME,Sundhara Securities Limited,Sharepro Securities Private Limited,50,256.2,12810.0,2025-07-15 14:17:50.130527
2025-07-15,23272,2025071501017510,GBIME,Online Securities Pvt. Ltd.,Kohinoor Investment & Securities Pvt. Ltd.,40,256.5,10260.0,2025-07-15 14:17:53.367059
2025-07-15,23060,2025071501017610,GBIME,Asian Securities Private Ltd.,Kohinoor Investment & Securities Pvt. Ltd.,150,256.5,38475.0,2025-07-15 14:18:44.015396
2025-07-15,22958,2025071501017641,GBIME,Secured Securities Ltd.,Sani Securities Company Ltd.,20,256.3,5126.0,2025-07-15 14:19:02.070221
2025-07-15,22207,2025071501017955,GBIME,Secured Securities Ltd.,Online Securities Pvt. Ltd.,20,256.3,5126.0,2025-07-15 14:21:35.681581
2025-07-15,22177,2025071501017964,GBIME,Secured Securities Ltd.,Agrawal Securities (PVT) Ltd.,62,256.3,15890.6,2025-07-15 14:21:44.848127
2025-07-15,22049,2025071501018014,GBIME,Imperial Securities Company Pvt. Ltd.,Kohinoor Investment & Securities Pvt. Ltd.,10,256.5,2565.0,2025-07-15 14:22:13.549627
2025-07-15,21880,2025071501018064,GBIME,Secured Securities Ltd.,Sundhara Securities Limited,130,256.3,33319.0,2025-07-15 14:22:46.198258
2025-07-15,21672,2025071501018134,GBIME,Secured Securities Ltd.,Asian Securities Private Ltd.,368,256.3,94318.4,2025-07-15 14:23:25.138464
2025-07-15,21671,2025071501018135,GBIME,Deevyaa Securities & Stock House Pvt. Ltd,Asian Securities Private Ltd.,15,256.3,3844.5,2025-07-15 14:23:25.139817
2025-07-15,21670,2025071501018136,GBIME,Sundhara Securities Limited,Asian Securities Private Ltd.,1024,256.2,262348.8,2025-07-15 14:23:25.140950
2025-07-15,21669,2025071501018137,GBIME,Trishakti Securities Public Limited,Asian Securities Private Ltd.,1900,256.2,486780.0,2025-07-15 14:23:25.142050
2025-07-15,21668,2025071501018138,GBIME,Online Securities Pvt. Ltd.,Asian Securities Private Ltd.,675,256.1,172867.5,2025-07-15 14:23:25.143135
2025-07-15,21667,2025071501018139,GBIME,Sani Securities Company Ltd.,Asian Securities Private Ltd.,336,256.0,86016.0,2025-07-15 14:23:25.144226
2025-07-15,21231,2025071501018335,GBIME,Asian Securities Private Ltd.,Kohinoor Investment & Securities Pvt. Ltd.,78,256.5,20007.0,2025-07-15 14:24:37.088213
2025-07-15,20625,2025071501018575,GBIME,pahiinvestment,Kohinoor Investment & Securities Pvt. Ltd.,22,256.0,5632.0,2025-07-15 14:26:09.886487
2025-07-15,20073,2025071501018854,GBIME,pahiinvestment,Neev Securities Pvt. Ltd.,98,256.0,25088.0,2025-07-15 14:27:23.651423
2025-07-15,20072,2025071501018855,GBIME,Imperial Securities Company Pvt. Ltd.,Neev Securities Pvt. Ltd.,500,256.0,128000.0,2025-07-15 14:27:23.651933
2025-07-15,20071,2025071501018856,GBIME,ABC Securities Private Limited,Neev Securities Pvt. Ltd.,2000,256.0,512000.0,2025-07-15 14:27:23.652212
2025-07-15,20070,2025071501018857,GBIME,Vision Securities Pvt. Ltd,Neev Securities Pvt. Ltd.,50,256.0,12800.0,2025-07-15 14:27:23.652475
2025-07-15,20069,2025071501018858,GBIME,Siprabi Securities Pvt. Ltd.,Neev Securities Pvt. Ltd.,87,256.0,22272.0,2025-07-15 14:27:23.652793
2025-07-15,20068,2025071501018859,GBIME,Sharepro Securities Private Limited,Neev Securities Pvt. Ltd.,100,256.0,25600.0,2025-07-15 14:27:23.653082
2025-07-15,20067,2025071501018860,GBIME,Investment Management Nepal Pvt. Ltd.,Neev Securities Pvt. Ltd.,165,256.0,42240.0,2025-07-15 14:27:23.653342
2025-07-15,20006,2025071501018882,GBIME,Investment Management Nepal Pvt. Ltd.,Neev Securities Pvt. Ltd.,535,256.0,136960.0,2025-07-15 14:27:31.786382
2025-07-15,20005,2025071501018883,GBIME,KALASH STOCK MARKET PVT. LTD.,Neev Securities Pvt. Ltd.,200,256.0,51200.0,2025-07-15 14:27:31.786899
2025-07-15,19947,2025071501018910,GBIME,Sundhara Securities Limited,Neev Securities Pvt. Ltd.,1000,256.0,256000.0,2025-07-15 14:27:40.120788
2025-07-15,19928,2025071501018914,GBIME,Kalika Securities Pvt. Ltd.,Neev Securities Pvt. Ltd.,265,256.0,67840.0,2025-07-15 14:27:45.457018
2025-07-15,19927,2025071501018915,GBIME,Kalika Securities Pvt. Ltd.,Vision Securities Pvt. Ltd,135,256.4,34614.0,2025-07-15 14:27:45.458120
2025-07-15,19902,2025071501018926,GBIME,Online Securities Pvt. Ltd.,Neev Securities Pvt. Ltd.,435,255.6,111186.0,2025-07-15 14:27:49.942435
2025-07-15,19901,2025071501018927,GBIME,Online Securities Pvt. Ltd.,Neev Securities Pvt. Ltd.,10,255.6,2556.0,2025-07-15 14:27:49.942916
2025-07-15,19900,2025071501018928,GBIME,Trisul Securities & Invt. Ltd.,Neev Securities Pvt. Ltd.,350,255.2,89320.0,2025-07-15 14:27:49.943180
2025-07-15,19899,2025071501018929,GBIME,Siprabi Securities Pvt. Ltd.,Neev Securities Pvt. Ltd.,250,255.1,63775.0,2025-07-15 14:27:49.943443
2025-07-15,19898,2025071501018930,GBIME,Dipshikha Dhitopatra Karobar Co. Pvt Ltd.,Neev Securities Pvt. Ltd.,150,255.1,38265.0,2025-07-15 14:27:49.943693
2025-07-15,19897,2025071501018931,GBIME,Siprabi Securities Pvt. Ltd.,Neev Securities Pvt. Ltd.,81,255.0,20655.0,2025-07-15 14:27:49.943947
2025-07-15,19896,2025071501018932,GBIME,Kohinoor Investment & Securities Pvt. Ltd.,Neev Securities Pvt. Ltd.,50,255.0,12750.0,2025-07-15 14:27:49.944302
2025-07-15,19895,2025071501018933,GBIME,Naasa Securities Co. Ltd.,Neev Securities Pvt. Ltd.,500,255.0,127500.0,2025-07-15 14:27:49.944755
2025-07-15,19894,2025071501018934,GBIME,Imperial Securities Company Pvt. Ltd.,Neev Securities Pvt. Ltd.,174,255.0,44370.0,2025-07-15 14:27:49.945100
2025-07-15,19807,2025071501018966,GBIME,ABC Securities Private Limited,Vision Securities Pvt. Ltd,165,256.4,42306.0,2025-07-15 14:28:09.505373
2025-07-15,19806,2025071501018967,GBIME,ABC Securities Private Limited,Siprabi Securities Pvt. Ltd.,300,256.4,76920.0,2025-07-15 14:28:09.505494
2025-07-15,19805,2025071501018968,GBIME,ABC Securities Private Limited,Sweta Securities Private Limited,10,256.5,2565.0,2025-07-15 14:28:09.505574
2025-07-15,19804,2025071501018969,GBIME,ABC Securities Private Limited,Naasa Securities Co. Ltd.,20,256.5,5130.0,2025-07-15 14:28:09.505666
2025-07-15,19803,2025071501018970,GBIME,ABC Securities Private Limited,Investment Management Nepal Pvt. Ltd.,500,256.5,128250.0,2025-07-15 14:28:09.505723
2025-07-15,19143,2025071501019173,GBIME,Naasa Securities Co. Ltd.,Naasa Securities Co. Ltd.,10,255.7,2557.0,2025-07-15 14:29:51.485798
2025-07-15,18803,2025071501019292,GBIME,Oxford Securities Pvt. Ltd.,Siprabi Securities Pvt. Ltd.,60,256.7,15402.0,2025-07-15 14:30:50.617792
2025-07-15,18802,2025071501019293,GBIME,Oxford Securities Pvt. Ltd.,Deevyaa Securities & Stock House Pvt. Ltd,670,256.7,171989.0,2025-07-15 14:30:50.618279
2025-07-15,18615,2025071501019345,GBIME,Oxford Securities Pvt. Ltd.,Neev Securities Pvt. Ltd.,22,256.8,5649.6,2025-07-15 14:31:24.563984
2025-07-15,18614,2025071501019346,GBIME,Naasa Securities Co. Ltd.,Neev Securities Pvt. Ltd.,10,256.0,2560.0,2025-07-15 14:31:24.565012
2025-07-15,18279,2025071501019476,GBIME,Aryatara Investment & Securities,Neev Securities Pvt. Ltd.,50,256.0,12800.0,2025-07-15 14:32:15.430542
2025-07-15,17809,2025071501019644,GBIME,Primo Securities (PVT) Ltd.,Neev Securities Pvt. Ltd.,68,256.0,17408.0,2025-07-15 14:33:22.225529
2025-07-15,17162,2025071501019860,GBIME,Primo Securities (PVT) Ltd.,Kalika Securities Pvt. Ltd.,22,256.0,5632.0,2025-07-15 14:34:50.243150
2025-07-15,16807,2025071501019986,GBIME,Online Securities Pvt. Ltd.,Midas Stock Broking Company Private Limited,75,255.7,19177.5,2025-07-15 14:35:55.821567
2025-07-15,16674,2025071501020002,GBIME,Online Securities Pvt. Ltd.,Nagarik Stock Dealer ,125,255.7,31962.5,2025-07-15 14:36:07.173012
2025-07-15,16673,2025071501020003,GBIME,Vision Securities Pvt. Ltd,Nagarik Stock Dealer ,400,255.7,102280.0,2025-07-15 14:36:07.174073
2025-07-15,16672,2025071501020004,GBIME,Kohinoor Investment & Securities Pvt. Ltd.,Nagarik Stock Dealer ,100,255.7,25570.0,2025-07-15 14:36:07.174849
2025-07-15,16671,2025071501020005,GBIME,Deevyaa Securities & Stock House Pvt. Ltd,Nagarik Stock Dealer ,17,255.7,4346.9,2025-07-15 14:36:07.175625
2025-07-15,16670,2025071501020006,GBIME,Sundhara Securities Limited,Nagarik Stock Dealer ,500,255.3,127650.0,2025-07-15 14:36:07.176387
2025-07-15,16669,2025071501020007,GBIME,Naasa Securities Co. Ltd.,Nagarik Stock Dealer ,100,255.1,25510.0,2025-07-15 14:36:07.177176
2025-07-15,16668,2025071501020008,GBIME,Vision Securities Pvt. Ltd,Nagarik Stock Dealer ,570,255.1,145407.0,2025-07-15 14:36:07.177944
2025-07-15,16667,2025071501020009,GBIME,Imperial Securities Company Pvt. Ltd.,Nagarik Stock Dealer ,296,255.0,75480.0,2025-07-15 14:36:07.178307
2025-07-15,16666,2025071501020010,GBIME,Naasa Securities Co. Ltd.,Nagarik Stock Dealer ,20,255.0,5100.0,2025-07-15 14:36:07.178563
2025-07-15,16665,2025071501020011,GBIME,Dipshikha Dhitopatra Karobar Co. Pvt Ltd.,Nagarik Stock Dealer ,300,255.0,76500.0,2025-07-15 14:36:07.178813
2025-07-15,16664,2025071501020012,GBIME,Investment Management Nepal Pvt. Ltd.,Nagarik Stock Dealer ,50,255.0,12750.0,2025-07-15 14:36:07.179067
2025-07-15,16663,2025071501020013,GBIME,Online Securities Pvt. Ltd.,Nagarik Stock Dealer ,1000,255.0,255000.0,2025-07-15 14:36:07.179310
2025-07-15,16662,2025071501020014,GBIME,Nepal Investment And Securities Trading Private Limited,Nagarik Stock Dealer ,300,255.0,76500.0,2025-07-15 14:36:07.179559
2025-07-15,16661,2025071501020015,GBIME,Siprabi Securities Pvt. Ltd.,Nagarik Stock Dealer ,500,255.0,127500.0,2025-07-15 14:36:07.179813
2025-07-15,16660,2025071501020016,GBIME,Online Securities Pvt. Ltd.,Nagarik Stock Dealer ,102,255.0,26010.0,2025-07-15 14:36:07.180063
2025-07-15,16659,2025071501020017,GBIME,Online Securities Pvt. Ltd.,Nagarik Stock Dealer ,100,255.0,25500.0,2025-07-15 14:36:07.180311
2025-07-15,16658,2025071501020018,GBIME,Property Wiard Limited,Nagarik Stock Dealer ,177,255.0,45135.0,2025-07-15 14:36:07.180553
2025-07-15,16657,2025071501020019,GBIME,Nepal Stock House (PVT) Ltd.,Nagarik Stock Dealer ,2000,255.0,510000.0,2025-07-15 14:36:07.180799
2025-07-15,16656,2025071501020020,GBIME,Shree Krishna Securities Ltd.,Nagarik Stock Dealer ,1000,255.0,255000.0,2025-07-15 14:36:07.181070
2025-07-15,16655,2025071501020021,GBIME,Deevyaa Securities & Stock House Pvt. Ltd,Nagarik Stock Dealer ,1000,255.0,255000.0,2025-07-15 14:36:07.181314
2025-07-15,16654,2025071501020022,GBIME,Capital Hub P. Ltd,Nagarik Stock Dealer ,3000,255.0,765000.0,2025-07-15 14:36:07.181558
2025-07-15,16653,2025071501020023,GBIME,Naasa Securities Co. Ltd.,Nagarik Stock Dealer ,800,255.0,204000.0,2025-07-15 14:36:07.181797
2025-07-15,16479,2025071501020061,GBIME,Sani Securities Company Ltd.,Nagarik Stock Dealer ,200,255.0,51000.0,2025-07-15 14:36:24.882636
2025-07-15,16203,2025071501020218,GBIME,Opal Securities Investment (PVT) Ltd.,Nagarik Stock Dealer ,500,255.0,127500.0,2025-07-15 14:36:59.904399
2025-07-15,16180,2025071501020223,GBIME,Imperial Securities Company Pvt. Ltd.,Dynamic Money Managers Securities Pvt. Ltd.,500,254.8,127400.0,2025-07-15 14:37:02.609724
2025-07-15,16179,2025071501020224,GBIME,Dipshikha Dhitopatra Karobar Co. Pvt Ltd.,Dynamic Money Managers Securities Pvt. Ltd.,1500,254.7,382050.0,2025-07-15 14:37:02.610234
2025-07-15,15814,2025071501020376,GBIME,Ashutosh Brokerage & Securities (PVT) Ltd.,Nagarik Stock Dealer ,540,255.0,137700.0,2025-07-15 14:37:54.305924
2025-07-15,15809,2025071501020379,GBIME,Imperial Securities Company Pvt. Ltd.,Nepal Stock House (PVT) Ltd.,100,254.8,25480.0,2025-07-15 14:37:54.930936
2025-07-15,15776,2025071501020394,GBIME,Imperial Securities Company Pvt. Ltd.,Aryatara Investment & Securities,200,254.8,50960.0,2025-07-15 14:37:58.661894
2025-07-15,15775,2025071501020395,GBIME,Dipshikha Dhitopatra Karobar Co. Pvt Ltd.,Aryatara Investment & Securities,125,254.7,31837.5,2025-07-15 14:37:58.662452
2025-07-15,15462,2025071501020509,GBIME,ABC Securities Private Limited,Nagarik Stock Dealer ,300,255.0,76500.0,2025-07-15 14:38:50.319057
2025-07-15,15424,2025071501020521,GBIME,Opal Securities Investment (PVT) Ltd.,Dipshikha Dhitopatra Karobar Co. Pvt Ltd.,10,254.8,2548.0,2025-07-15 14:38:59.356840
2025-07-15,14756,2025071501020782,GBIME,Vision Securities Pvt. Ltd,Kumari Securities Private Limited,20,254.9,5098.0,2025-07-15 14:40:38.437491
2025-07-15,14755,2025071501020783,GBIME,Vision Securities Pvt. Ltd,Dipshikha Dhitopatra Karobar Co. Pvt Ltd.,10,254.9,2549.0,2025-07-15 14:40:38.438558
2025-07-15,14754,2025071501020784,GBIME,Vision Securities Pvt. Ltd,Nagarik Stock Dealer ,4970,255.0,1267350.0,2025-07-15 14:40:38.439324
2025-07-15,14619,2025071501020831,GBIME,Online Securities Pvt. Ltd.,Nagarik Stock Dealer ,200,255.0,51000.0,2025-07-15 14:40:56.720696
2025-07-15,14551,2025071501020853,GBIME,Opal Securities Investment (PVT) Ltd.,SHUBHAKAMANA SECURITIES PVT. LTD,490,254.8,124852.0,2025-07-15 14:41:05.989176
2025-07-15,14550,2025071501020854,GBIME,Dipshikha Dhitopatra Karobar Co. Pvt Ltd.,SHUBHAKAMANA SECURITIES PVT. LTD,375,254.7,95512.5,2025-07-15 14:41:05.989738
2025-07-15,14549,2025071501020855,GBIME,Aryatara Investment & Securities,SHUBHAKAMANA SECURITIES PVT. LTD,33,254.5,8398.5,2025-07-15 14:41:05.990060
2025-07-15,14548,2025071501020856,GBIME,Dipshikha Dhitopatra Karobar Co. Pvt Ltd.,SHUBHAKAMANA SECURITIES PVT. LTD,500,254.4,127200.0,2025-07-15 14:41:05.990345
2025-07-15,14547,2025071501020857,GBIME,South Asian Bulls Pvt. Ltd.,SHUBHAKAMANA SECURITIES PVT. LTD,150,254.2,38130.0,2025-07-15 14:41:05.990655
2025-07-15,14546,2025071501020858,GBIME,Nepal Stock House (PVT) Ltd.,SHUBHAKAMANA SECURITIES PVT. LTD,200,254.1,50820.0,2025-07-15 14:41:05.990964
2025-07-15,14545,2025071501020859,GBIME,Dipshikha Dhitopatra Karobar Co. Pvt Ltd.,SHUBHAKAMANA SECURITIES PVT. LTD,100,254.1,25410.0,2025-07-15 14:41:05.991246
2025-07-15,14544,2025071501020860,GBIME,Linch Stock Market Ltd.,SHUBHAKAMANA SECURITIES PVT. LTD,77,254.0,19558.0,2025-07-15 14:41:05.991555
2025-07-15,14335,2025071501020915,GBIME,Linch Stock Market Ltd.,SUN SECURITIES PVT LTD,200,254.0,50800.0,2025-07-15 14:41:38.009481
2025-07-15,13857,2025071501021090,GBIME,Agrawal Securities (PVT) Ltd.,KALASH STOCK MARKET PVT. LTD.,100,254.9,25490.0,2025-07-15 14:42:45.310678
2025-07-15,13556,2025071501021177,GBIME,Agrawal Securities (PVT) Ltd.,Nagarik Stock Dealer ,4000,255.0,1020000.0,2025-07-15 14:43:21.756732
2025-07-15,13393,2025071501021222,GBIME,Aryatara Investment & Securities,Nagarik Stock Dealer ,550,255.0,140250.0,2025-07-15 14:43:48.765087
2025-07-15,12661,2025071501021501,GBIME,Opal Securities Investment (PVT) Ltd.,Opal Securities Investment (PVT) Ltd.,100,254.5,25450.0,2025-07-15 14:45:04.923423
2025-07-15,12491,2025071501021555,GBIME,Arun Securities (PVT) Ltd.,Nagarik Stock Dealer ,140,255.0,35700.0,2025-07-15 14:45:23.710247
2025-07-15,12097,2025071501021686,GBIME,Opal Securities Investment (PVT) Ltd.,Naasa Securities Co. Ltd.,190,254.5,48355.0,2025-07-15 14:45:58.062817
2025-07-15,11895,2025071501021751,GBIME,Aryatara Investment & Securities,Nagarik Stock Dealer ,500,255.0,127500.0,2025-07-15 14:46:23.635841
2025-07-15,11754,2025071501021817,GBIME,Agrawal Securities (PVT) Ltd.,Dakshinkali Investment & Securities Pvt. Ltd.,10,254.6,2546.0,2025-07-15 14:46:40.604338
2025-07-15,11532,2025071501021900,GBIME,Agrawal Securities (PVT) Ltd.,Malla & Malla Stock Broking Company Pvt. Limited,266,254.6,67723.6,2025-07-15 14:47:05.376906
2025-07-15,11531,2025071501021901,GBIME,Capital Max Securities Ltd,Malla & Malla Stock Broking Company Pvt. Limited,296,254.6,75361.6,2025-07-15 14:47:05.377969
2025-07-15,11158,2025071501022004,GBIME,Capital Max Securities Ltd,Primo Securities (PVT) Ltd.,116,254.6,29533.6,2025-07-15 14:47:44.755770
2025-07-15,10985,2025071501022087,GBIME,Capital Max Securities Ltd,Naasa Securities Co. Ltd.,41,254.6,10438.6,2025-07-15 14:47:59.848523
2025-07-15,10707,2025071501022154,GBIME,Dynamic Money Managers Securities Pvt. Ltd.,Nagarik Stock Dealer ,10,255.0,2550.0,2025-07-15 14:48:33.835869
2025-07-15,10478,2025071501022224,GBIME,Bhrikuti Stock Broking Co. Pvt. Ltd.,Nagarik Stock Dealer ,200,255.0,51000.0,2025-07-15 14:48:56.863711
2025-07-15,10385,2025071501022251,GBIME,Midas Stock Broking Company Private Limited,Neev Securities Pvt. Ltd.,50,254.9,12745.0,2025-07-15 14:49:09.376338
2025-07-15,10068,2025071501022350,GBIME,Secured Securities Ltd.,Neev Securities Pvt. Ltd.,1470,254.9,374703.0,2025-07-15 14:49:43.255759
2025-07-15,10067,2025071501022351,GBIME,Secured Securities Ltd.,Himalayan Brokerage Company Limited,1000,254.9,254900.0,2025-07-15 14:49:43.256824
2025-07-15,10066,2025071501022352,GBIME,Secured Securities Ltd.,Nagarik Stock Dealer ,433,255.0,110415.0,2025-07-15 14:49:43.257616
2025-07-15,10065,2025071501022353,GBIME,Secured Securities Ltd.,Nagarik Stock Dealer ,25000,255.0,6375000.0,2025-07-15 14:49:43.258374
2025-07-15,10064,2025071501022354,GBIME,Secured Securities Ltd.,Kalika Securities Pvt. Ltd.,400,255.0,102000.0,2025-07-15 14:49:43.259165
2025-07-15,10063,2025071501022355,GBIME,Secured Securities Ltd.,Agrawal Securities (PVT) Ltd.,280,255.0,71400.0,2025-07-15 14:49:43.259899
2025-07-15,10062,2025071501022356,GBIME,Secured Securities Ltd.,Imperial Securities Company Pvt. Ltd.,100,255.0,25500.0,2025-07-15 14:49:43.260674
2025-07-15,10061,2025071501022357,GBIME,Secured Securities Ltd.,Capital Max Securities Ltd,10,255.0,2550.0,2025-07-15 14:49:43.261416
2025-07-15,10060,2025071501022358,GBIME,Secured Securities Ltd.,Primo Securities (PVT) Ltd.,150,255.0,38250.0,2025-07-15 14:49:43.262147
2025-07-15,9905,2025071501022437,GBIME,Secured Securities Ltd.,Imperial Securities Company Pvt. Ltd.,50,255.0,12750.0,2025-07-15 14:49:55.873781
2025-07-15,9840,2025071501022464,GBIME,Naasa Securities Co. Ltd.,Aryatara Investment & Securities,121,256.0,30976.0,2025-07-15 14:50:05.866862
2025-07-15,9839,2025071501022465,GBIME,Naasa Securities Co. Ltd.,Ashutosh Brokerage & Securities (PVT) Ltd.,100,256.0,25600.0,2025-07-15 14:50:05.867403
2025-07-15,9838,2025071501022466,GBIME,Naasa Securities Co. Ltd.,Global IME Securities Limited,40,256.5,10260.0,2025-07-15 14:50:05.867703
2025-07-15,9837,2025071501022467,GBIME,Naasa Securities Co. Ltd.,Sani Securities Company Ltd.,700,256.5,179550.0,2025-07-15 14:50:05.868054
2025-07-15,9836,2025071501022468,GBIME,Naasa Securities Co. Ltd.,Aryatara Investment & Securities,39,256.6,10007.4,2025-07-15 14:50:05.868409
2025-07-15,9816,2025071501022472,GBIME,Siprabi Securities Pvt. Ltd.,Imperial Securities Company Pvt. Ltd.,231,256.9,59343.9,2025-07-15 14:50:06.239396
2025-07-15,9434,2025071501022598,GBIME,Shree Krishna Securities Ltd.,Sipla Securities Private Limited,100,256.0,25600.0,2025-07-15 14:50:40.411246
2025-07-15,9433,2025071501022599,GBIME,Shree Krishna Securities Ltd.,Imperial Securities Company Pvt. Ltd.,184,256.9,47269.6,2025-07-15 14:50:40.411307
2025-07-15,9432,2025071501022600,GBIME,Shree Krishna Securities Ltd.,Arun Securities (PVT) Ltd.,1013,256.9,260239.7,2025-07-15 14:50:40.411331
2025-07-15,9431,2025071501022601,GBIME,Shree Krishna Securities Ltd.,NIMB Stock Markets Limited,10,257.0,2570.0,2025-07-15 14:50:40.411357
2025-07-15,9430,2025071501022602,GBIME,Shree Krishna Securities Ltd.,Sumeru Securities Pvt. Ltd.,290,257.0,74530.0,2025-07-15 14:50:40.411439
2025-07-15,9429,2025071501022603,GBIME,Shree Krishna Securities Ltd.,Kohinoor Investment & Securities Pvt. Ltd.,100,257.0,25700.0,2025-07-15 14:50:40.411465
2025-07-15,9428,2025071501022604,GBIME,Shree Krishna Securities Ltd.,ABC Securities Private Limited,158,257.0,40606.0,2025-07-15 14:50:40.411494
2025-07-15,9427,2025071501022605,GBIME,Shree Krishna Securities Ltd.,Sani Securities Company Ltd.,250,257.0,64250.0,2025-07-15 14:50:40.411515
2025-07-15,9426,2025071501022606,GBIME,Shree Krishna Securities Ltd.,Sewa Securities Pvt. Ltd.,200,257.0,51400.0,2025-07-15 14:50:40.411538
2025-07-15,9425,2025071501022607,GBIME,Shree Krishna Securities Ltd.,Ashutosh Brokerage & Securities (PVT) Ltd.,50,257.0,12850.0,2025-07-15 14:50:40.411564
2025-07-15,9424,2025071501022608,GBIME,Shree Krishna Securities Ltd.,Imperial Securities Company Pvt. Ltd.,60,257.0,15420.0,2025-07-15 14:50:40.411587
2025-07-15,9423,2025071501022609,GBIME,Shree Krishna Securities Ltd.,Trisul Securities & Invt. Ltd.,20,257.0,5140.0,2025-07-15 14:50:40.411609
2025-07-15,9422,2025071501022610,GBIME,Shree Krishna Securities Ltd.,Aryatara Investment & Securities,100,257.0,25700.0,2025-07-15 14:50:40.411630
2025-07-15,9421,2025071501022611,GBIME,Shree Krishna Securities Ltd.,Aryatara Investment & Securities,80,257.0,20560.0,2025-07-15 14:50:40.411654
2025-07-15,9420,2025071501022612,GBIME,Shree Krishna Securities Ltd.,Agrawal Securities (PVT) Ltd.,100,257.5,25750.0,2025-07-15 14:50:40.411680
