Date,S.N.,Contract ID,Symbol,Buyer Broker,Seller Broker,quantity,rate,amount,transaction_time
2025-07-15,73398,2025071505000071,NIFRA,Online Securities Pvt. Ltd.,Oxford Securities Pvt. Ltd.,10,279.9,2799.0,2025-07-15 11:04:44.386483
2025-07-15,73141,2025071505000093,NIFRA,Sharepro Securities Private Limited,Vision Securities Pvt. Ltd,64,278.0,17792.0,2025-07-15 11:06:01.466181
2025-07-15,73114,2025071505000101,NIFRA,Siprabi Securities Pvt. Ltd.,Himalayan Securities Limited,50,279.8,13990.0,2025-07-15 11:06:09.163648
2025-07-15,73038,2025071505000115,NIFRA,Dynamic Money Managers Securities Pvt. Ltd.,Oxford Securities Pvt. Ltd.,40,279.9,11196.0,2025-07-15 11:06:37.005294
2025-07-15,73037,2025071505000116,NIFRA,Dynamic Money Managers Securities Pvt. Ltd.,Dipshikha Dhitopatra Karobar Co. Pvt Ltd.,200,280.0,56000.0,2025-07-15 11:06:37.005496
2025-07-15,73036,2025071505000117,NIFRA,Dynamic Money Managers Securities Pvt. Ltd.,Bhrikuti Stock Broking Co. Pvt. Ltd.,300,280.0,84000.0,2025-07-15 11:06:37.005604
2025-07-15,73035,2025071505000118,NIFRA,Dynamic Money Managers Securities Pvt. Ltd.,Secured Securities Ltd.,32,280.0,8960.0,2025-07-15 11:06:37.005721
2025-07-15,73034,2025071505000119,NIFRA,Dynamic Money Managers Securities Pvt. Ltd.,Linch Stock Market Ltd.,54,280.0,15120.0,2025-07-15 11:06:37.005837
2025-07-15,73033,2025071505000120,NIFRA,Dynamic Money Managers Securities Pvt. Ltd.,Bhrikuti Stock Broking Co. Pvt. Ltd.,300,281.0,84300.0,2025-07-15 11:06:37.005957
2025-07-15,73032,2025071505000121,NIFRA,Dynamic Money Managers Securities Pvt. Ltd.,Sani Securities Company Ltd.,54,281.5,15201.0,2025-07-15 11:06:37.006105
2025-07-15,73031,2025071505000122,NIFRA,Dynamic Money Managers Securities Pvt. Ltd.,Sumeru Securities Pvt. Ltd.,500,281.8,140900.0,2025-07-15 11:06:37.006249
2025-07-15,73030,2025071505000123,NIFRA,Dynamic Money Managers Securities Pvt. Ltd.,Vision Securities Pvt. Ltd,64,282.0,18048.0,2025-07-15 11:06:37.006424
2025-07-15,73029,2025071505000124,NIFRA,Dynamic Money Managers Securities Pvt. Ltd.,Naasa Securities Co. Ltd.,110,282.0,31020.0,2025-07-15 11:06:37.006537
2025-07-15,73028,2025071505000125,NIFRA,Dynamic Money Managers Securities Pvt. Ltd.,Vision Securities Pvt. Ltd,300,282.0,84600.0,2025-07-15 11:06:37.006649
2025-07-15,73027,2025071505000126,NIFRA,Dynamic Money Managers Securities Pvt. Ltd.,MILKY WAY SHARE BROKER COMPANY LTD ,46,282.7,13004.2,2025-07-15 11:06:37.006770
2025-07-15,72902,2025071505000143,NIFRA,Dynamic Money Managers Securities Pvt. Ltd.,Trishakti Securities Public Limited,2000,282.0,564000.0,2025-07-15 11:07:21.476402
2025-07-15,72901,2025071505000144,NIFRA,Dynamic Money Managers Securities Pvt. Ltd.,Oxford Securities Pvt. Ltd.,30,282.5,8475.0,2025-07-15 11:07:21.476514
2025-07-15,72900,2025071505000145,NIFRA,Dynamic Money Managers Securities Pvt. Ltd.,Dynamic Money Managers Securities Pvt. Ltd.,47970,282.6,13556322.0,2025-07-15 11:07:21.476560
2025-07-15,72741,2025071505000170,NIFRA,Neev Securities Pvt. Ltd.,Aakashbhairab Securities Ltd.,80,279.9,22392.0,2025-07-15 11:08:17.353658
2025-07-15,72581,2025071505000201,NIFRA,Neev Securities Pvt. Ltd.,Kohinoor Investment & Securities Pvt. Ltd.,70,279.9,19593.0,2025-07-15 11:08:53.018110
2025-07-15,72534,2025071505000213,NIFRA,Creative Securities Pvt Ltd,Kohinoor Investment & Securities Pvt. Ltd.,430,278.5,119755.0,2025-07-15 11:09:07.768971
2025-07-15,72474,2025071505000233,NIFRA,Creative Securities Pvt Ltd,Sipla Securities Private Limited,10,278.5,2785.0,2025-07-15 11:09:24.564102
2025-07-15,72450,2025071505000234,NIFRA,Creative Securities Pvt Ltd,Online Securities Pvt. Ltd.,64,278.5,17824.0,2025-07-15 11:09:34.721168
2025-07-15,72030,2025071505000264,NIFRA,Siprabi Securities Pvt. Ltd.,Naasa Securities Co. Ltd.,55,279.0,15345.0,2025-07-15 11:11:28.889098
2025-07-15,72012,2025071505000269,NIFRA,Siprabi Securities Pvt. Ltd.,Sani Securities Company Ltd.,10,279.0,2790.0,2025-07-15 11:11:38.324052
2025-07-15,71954,2025071505000289,NIFRA,Kalika Securities Pvt. Ltd.,Market Securities & Exchange (PVT) Ltd.,64,279.5,17888.0,2025-07-15 11:11:56.716725
2025-07-15,71894,2025071505000301,NIFRA,Kalika Securities Pvt. Ltd.,Sri Hari Securities Pvt. Ltd.,54,279.5,15093.0,2025-07-15 11:12:21.753699
2025-07-15,71786,2025071505000322,NIFRA,Oxford Securities Pvt. Ltd.,Agrawal Securities (PVT) Ltd.,44,281.0,12364.0,2025-07-15 11:12:51.708092
2025-07-15,71652,2025071505000340,NIFRA,Dynamic Money Managers Securities Pvt. Ltd.,Linch Stock Market Ltd.,32,282.0,9024.0,2025-07-15 11:13:21.577162
2025-07-15,71651,2025071505000341,NIFRA,Dynamic Money Managers Securities Pvt. Ltd.,Sani Securities Company Ltd.,54,282.0,15228.0,2025-07-15 11:13:21.577460
2025-07-15,71650,2025071505000342,NIFRA,Dynamic Money Managers Securities Pvt. Ltd.,Oxford Securities Pvt. Ltd.,20,282.3,5646.0,2025-07-15 11:13:21.577631
2025-07-15,71649,2025071505000343,NIFRA,Dynamic Money Managers Securities Pvt. Ltd.,Vision Securities Pvt. Ltd,24,282.3,6775.2,2025-07-15 11:13:21.577792
2025-07-15,71587,2025071505000358,NIFRA,Sani Securities Company Ltd.,Nagarik Stock Dealer ,1000,280.0,280000.0,2025-07-15 11:13:35.379353
2025-07-15,71582,2025071505000362,NIFRA,Sani Securities Company Ltd.,J.F. Securites (PVT) Ltd.,329,280.0,92120.0,2025-07-15 11:13:36.070912
2025-07-15,71551,2025071505000367,NIFRA,Sani Securities Company Ltd.,Agrawal Securities (PVT) Ltd.,54,280.0,15120.0,2025-07-15 11:13:43.197222
2025-07-15,71541,2025071505000368,NIFRA,Sani Securities Company Ltd.,Secured Securities Ltd.,21,280.0,5880.0,2025-07-15 11:13:45.073152
2025-07-15,71479,2025071505000374,NIFRA,Sani Securities Company Ltd.,Trishakti Securities Public Limited,96,280.0,26880.0,2025-07-15 11:14:00.936464
2025-07-15,71463,2025071505000377,NIFRA,Asian Securities Private Ltd.,Naasa Securities Co. Ltd.,54,280.0,15120.0,2025-07-15 11:14:06.611862
2025-07-15,71448,2025071505000380,NIFRA,Asian Securities Private Ltd.,Premier Securities Company Ltd.,10,280.0,2800.0,2025-07-15 11:14:09.515886
2025-07-15,71406,2025071505000386,NIFRA,Asian Securities Private Ltd.,Trishakti Securities Public Limited,36,280.0,10080.0,2025-07-15 11:14:20.130087
2025-07-15,71335,2025071505000398,NIFRA,Oxford Securities Pvt. Ltd.,Trishakti Securities Public Limited,12,280.0,3360.0,2025-07-15 11:14:35.354234
2025-07-15,71264,2025071505000403,NIFRA,Kohinoor Investment & Securities Pvt. Ltd.,Trishakti Securities Public Limited,10,280.0,2800.0,2025-07-15 11:14:50.665665
2025-07-15,71224,2025071505000406,NIFRA,Dynamic Money Managers Securities Pvt. Ltd.,Trishakti Securities Public Limited,350,279.6,97860.0,2025-07-15 11:14:57.342731
2025-07-15,71120,2025071505000421,NIFRA,Dynamic Money Managers Securities Pvt. Ltd.,Nepal Investment And Securities Trading Private Limited,54,279.6,15098.4,2025-07-15 11:15:27.392274
2025-07-15,71076,2025071505000424,NIFRA,Kohinoor Investment & Securities Pvt. Ltd.,Trishakti Securities Public Limited,42,280.0,11760.0,2025-07-15 11:15:38.889432
2025-07-15,71075,2025071505000425,NIFRA,Kohinoor Investment & Securities Pvt. Ltd.,Secured Securities Ltd.,24,280.0,6720.0,2025-07-15 11:15:38.889578
2025-07-15,71065,2025071505000426,NIFRA,Kohinoor Investment & Securities Pvt. Ltd.,Malla & Malla Stock Broking Company Pvt. Limited,34,280.0,9520.0,2025-07-15 11:15:40.596502
2025-07-15,70824,2025071505000469,NIFRA,Indira securities pvt. ltd,Malla & Malla Stock Broking Company Pvt. Limited,216,280.0,60480.0,2025-07-15 11:16:31.649241
2025-07-15,70823,2025071505000470,NIFRA,Indira securities pvt. ltd,Online Securities Pvt. Ltd.,64,280.0,17920.0,2025-07-15 11:16:31.649403
2025-07-15,70822,2025071505000471,NIFRA,Indira securities pvt. ltd,Prabhu Stock Market Limited,1000,281.0,281000.0,2025-07-15 11:16:31.649475
2025-07-15,70821,2025071505000472,NIFRA,Indira securities pvt. ltd,Vision Securities Pvt. Ltd,76,282.3,21454.8,2025-07-15 11:16:31.649551
2025-07-15,70820,2025071505000473,NIFRA,Indira securities pvt. ltd,Creative Securities Pvt Ltd,500,282.3,141150.0,2025-07-15 11:16:31.649609
2025-07-15,70819,2025071505000474,NIFRA,Indira securities pvt. ltd,Vision Securities Pvt. Ltd,944,282.4,266585.6,2025-07-15 11:16:31.649666
2025-07-15,70747,2025071505000486,NIFRA,Indira securities pvt. ltd,ABC Securities Private Limited,150,281.0,42150.0,2025-07-15 11:16:55.711456
2025-07-15,70724,2025071505000489,NIFRA,Online Securities Pvt. Ltd.,ABC Securities Private Limited,175,281.0,49175.0,2025-07-15 11:17:00.824227
2025-07-15,70315,2025071505000539,NIFRA,Kohinoor Investment & Securities Pvt. Ltd.,Dipshikha Dhitopatra Karobar Co. Pvt Ltd.,100,280.0,28000.0,2025-07-15 11:18:29.393256
2025-07-15,70012,2025071505000590,NIFRA,Sani Securities Company Ltd.,Naasa Securities Co. Ltd.,500,280.0,140000.0,2025-07-15 11:19:34.171893
2025-07-15,69734,2025071505000617,NIFRA,Sani Securities Company Ltd.,Nagarik Stock Dealer ,1000,280.0,280000.0,2025-07-15 11:20:22.020644
2025-07-15,69439,2025071505000635,NIFRA,Sani Securities Company Ltd.,Naasa Securities Co. Ltd.,100,280.0,28000.0,2025-07-15 11:21:22.658468
2025-07-15,69348,2025071505000641,NIFRA,Siprabi Securities Pvt. Ltd.,ABC Securities Private Limited,10,281.0,2810.0,2025-07-15 11:21:38.714856
2025-07-15,69271,2025071505000654,NIFRA,Premier Securities Company Ltd.,ABC Securities Private Limited,200,281.0,56200.0,2025-07-15 11:21:57.982531
2025-07-15,69239,2025071505000658,NIFRA,Siprabi Securities Pvt. Ltd.,Opal Securities Investment (PVT) Ltd.,18,280.0,5040.0,2025-07-15 11:22:06.145847
2025-07-15,69160,2025071505000664,NIFRA,Sani Securities Company Ltd.,ABC Securities Private Limited,100,281.0,28100.0,2025-07-15 11:22:21.031269
2025-07-15,69055,2025071505000684,NIFRA,Siprabi Securities Pvt. Ltd.,Linch Stock Market Ltd.,282,280.0,78960.0,2025-07-15 11:22:46.973228
2025-07-15,69015,2025071505000686,NIFRA,Siprabi Securities Pvt. Ltd.,J.F. Securites (PVT) Ltd.,21,280.0,5880.0,2025-07-15 11:22:52.739205
2025-07-15,68944,2025071505000699,NIFRA,Siprabi Securities Pvt. Ltd.,Naasa Securities Co. Ltd.,179,280.0,50120.0,2025-07-15 11:23:04.129250
2025-07-15,68943,2025071505000700,NIFRA,Opal Securities Investment (PVT) Ltd.,Naasa Securities Co. Ltd.,10,280.0,2800.0,2025-07-15 11:23:04.129472
2025-07-15,68942,2025071505000701,NIFRA,Siprabi Securities Pvt. Ltd.,Naasa Securities Co. Ltd.,11,280.0,3080.0,2025-07-15 11:23:04.129546
2025-07-15,68681,2025071505000738,NIFRA,Creative Securities Pvt Ltd,Naasa Securities Co. Ltd.,100,279.8,27980.0,2025-07-15 11:24:04.434115
2025-07-15,68152,2025071505000809,NIFRA,Creative Securities Pvt Ltd,MILKY WAY SHARE BROKER COMPANY LTD ,10,279.8,2798.0,2025-07-15 11:26:16.254226
2025-07-15,68112,2025071505000819,NIFRA,Sajilo Broker Limited,Primo Securities (PVT) Ltd.,54,279.9,15114.6,2025-07-15 11:26:25.705611
2025-07-15,68068,2025071505000825,NIFRA,Thrive Brokerage House Pvt. Ltd,Vision Securities Pvt. Ltd,10,280.0,2800.0,2025-07-15 11:26:37.843237
2025-07-15,67951,2025071505000848,NIFRA,Thrive Brokerage House Pvt. Ltd,Sipla Securities Private Limited,40,280.0,11200.0,2025-07-15 11:27:09.482414
2025-07-15,67950,2025071505000849,NIFRA,Aryatara Investment & Securities,Sipla Securities Private Limited,14,280.0,3920.0,2025-07-15 11:27:09.482596
2025-07-15,67668,2025071505000882,NIFRA,Aryatara Investment & Securities,ABC Securities Private Limited,250,281.0,70250.0,2025-07-15 11:28:26.255649
2025-07-15,67667,2025071505000883,NIFRA,Indira securities pvt. ltd,ABC Securities Private Limited,10,281.0,2810.0,2025-07-15 11:28:26.653924
2025-07-15,67497,2025071505000937,NIFRA,Aryatara Investment & Securities,MILKY WAY SHARE BROKER COMPANY LTD ,486,280.0,136080.0,2025-07-15 11:29:07.744012
2025-07-15,67496,2025071505000938,NIFRA,Sani Securities Company Ltd.,MILKY WAY SHARE BROKER COMPANY LTD ,100,280.0,28000.0,2025-07-15 11:29:07.744203
2025-07-15,67316,2025071505000960,NIFRA,Sajilo Broker Limited,Secured Securities Ltd.,46,279.9,12875.4,2025-07-15 11:29:58.447073
2025-07-15,67315,2025071505000961,NIFRA,Himalayan Brokerage Company Limited,Secured Securities Ltd.,134,279.9,37506.6,2025-07-15 11:29:58.447341
2025-07-15,66739,2025071505001069,NIFRA,Naasa Securities Co. Ltd.,MILKY WAY SHARE BROKER COMPANY LTD ,368,280.0,103040.0,2025-07-15 11:32:41.996704
2025-07-15,66738,2025071505001070,NIFRA,Naasa Securities Co. Ltd.,Sani Securities Company Ltd.,64,280.0,17920.0,2025-07-15 11:32:41.996933
2025-07-15,66737,2025071505001071,NIFRA,Naasa Securities Co. Ltd.,Pragyan Securities (PVT) Ltd.,43,280.0,12040.0,2025-07-15 11:32:41.997052
2025-07-15,66736,2025071505001072,NIFRA,Naasa Securities Co. Ltd.,Online Securities Pvt. Ltd.,14,280.0,3920.0,2025-07-15 11:32:41.997139
2025-07-15,66658,2025071505001086,NIFRA,Naasa Securities Co. Ltd.,Sundhara Securities Limited,189,280.0,52920.0,2025-07-15 11:33:08.108425
2025-07-15,66644,2025071505001091,NIFRA,Naasa Securities Co. Ltd.,Malla & Malla Stock Broking Company Pvt. Limited,43,280.0,12040.0,2025-07-15 11:33:12.267423
2025-07-15,66455,2025071505001107,NIFRA,Naasa Securities Co. Ltd.,Aryatara Investment & Securities,54,280.0,15120.0,2025-07-15 11:33:58.429336
2025-07-15,66339,2025071505001118,NIFRA,Naasa Securities Co. Ltd.,Sunrise Securities Limited,54,280.0,15120.0,2025-07-15 11:34:25.794018
2025-07-15,66338,2025071505001119,NIFRA,Naasa Securities Co. Ltd.,Trishakti Securities Public Limited,171,280.0,47880.0,2025-07-15 11:34:26.333985
2025-07-15,66337,2025071505001120,NIFRA,Online Securities Pvt. Ltd.,Trishakti Securities Public Limited,40,280.0,11200.0,2025-07-15 11:34:26.334402
2025-07-15,66336,2025071505001121,NIFRA,Dipshikha Dhitopatra Karobar Co. Pvt Ltd.,Trishakti Securities Public Limited,205,280.0,57400.0,2025-07-15 11:34:26.334656
2025-07-15,66224,2025071505001142,NIFRA,Sewa Securities Pvt. Ltd.,Trishakti Securities Public Limited,94,280.0,26320.0,2025-07-15 11:34:48.357406
2025-07-15,65885,2025071505001188,NIFRA,Sewa Securities Pvt. Ltd.,Vision Securities Pvt. Ltd,54,280.0,15120.0,2025-07-15 11:36:03.021537
2025-07-15,65877,2025071505001189,NIFRA,Indira securities pvt. ltd,ABC Securities Private Limited,10,281.0,2810.0,2025-07-15 11:36:07.825775
2025-07-15,65766,2025071505001215,NIFRA,Trisul Securities & Invt. Ltd.,ABC Securities Private Limited,95,281.0,26695.0,2025-07-15 11:36:35.182154
2025-07-15,65205,2025071505001308,NIFRA,Thrive Brokerage House Pvt. Ltd,Linch Stock Market Ltd.,100,280.0,28000.0,2025-07-15 11:38:57.454024
2025-07-15,65008,2025071505001346,NIFRA,Trisul Securities & Invt. Ltd.,Sunrise Securities Limited,64,281.0,17984.0,2025-07-15 11:39:39.016676
2025-07-15,65007,2025071505001347,NIFRA,Trisul Securities & Invt. Ltd.,Thrive Brokerage House Pvt. Ltd,64,281.0,17984.0,2025-07-15 11:39:39.016897
2025-07-15,64870,2025071505001359,NIFRA,Trisul Securities & Invt. Ltd.,Online Securities Pvt. Ltd.,250,281.0,70250.0,2025-07-15 11:40:04.210441
2025-07-15,64846,2025071505001362,NIFRA,Trisul Securities & Invt. Ltd.,Sumeru Securities Pvt. Ltd.,20,281.0,5620.0,2025-07-15 11:40:13.765272
2025-07-15,64842,2025071505001363,NIFRA,Premier Securities Company Ltd.,Sumeru Securities Pvt. Ltd.,300,281.5,84450.0,2025-07-15 11:40:15.584126
2025-07-15,64784,2025071505001367,NIFRA,Trisul Securities & Invt. Ltd.,Deevyaa Securities & Stock House Pvt. Ltd,54,281.0,15174.0,2025-07-15 11:40:30.400604
2025-07-15,64696,2025071505001383,NIFRA,Trisul Securities & Invt. Ltd.,Sumeru Securities Pvt. Ltd.,500,281.0,140500.0,2025-07-15 11:40:55.941715
2025-07-15,64357,2025071505001419,NIFRA,Trisul Securities & Invt. Ltd.,Aryatara Investment & Securities,50,281.0,14050.0,2025-07-15 11:42:26.445330
2025-07-15,64060,2025071505001470,NIFRA,Trisul Securities & Invt. Ltd.,KALASH STOCK MARKET PVT. LTD.,178,281.0,50018.0,2025-07-15 11:43:49.215187
2025-07-15,63980,2025071505001474,NIFRA,Trisul Securities & Invt. Ltd.,Deevyaa Securities & Stock House Pvt. Ltd,16,280.1,4481.6,2025-07-15 11:44:06.828985
2025-07-15,63866,2025071505001521,NIFRA,Trisul Securities & Invt. Ltd.,Aryatara Investment & Securities,984,280.1,275618.4,2025-07-15 11:44:27.538947
2025-07-15,63865,2025071505001522,NIFRA,Neev Securities Pvt. Ltd.,Aryatara Investment & Securities,500,280.0,140000.0,2025-07-15 11:44:27.538996
2025-07-15,63864,2025071505001523,NIFRA,South Asian Bulls Pvt. Ltd.,Aryatara Investment & Securities,516,280.0,144480.0,2025-07-15 11:44:27.539020
2025-07-15,63503,2025071505001592,NIFRA,South Asian Bulls Pvt. Ltd.,Premier Securities Company Ltd.,54,280.0,15120.0,2025-07-15 11:45:58.031591
2025-07-15,63452,2025071505001596,NIFRA,South Asian Bulls Pvt. Ltd.,Premier Securities Company Ltd.,10,280.0,2800.0,2025-07-15 11:46:05.067233
2025-07-15,63342,2025071505001613,NIFRA,South Asian Bulls Pvt. Ltd.,Premier Securities Company Ltd.,44,280.0,12320.0,2025-07-15 11:46:35.197752
2025-07-15,63331,2025071505001617,NIFRA,South Asian Bulls Pvt. Ltd.,Premier Securities Company Ltd.,10,280.0,2800.0,2025-07-15 11:46:39.221678
2025-07-15,63304,2025071505001620,NIFRA,South Asian Bulls Pvt. Ltd.,Market Securities & Exchange (PVT) Ltd.,54,280.0,15120.0,2025-07-15 11:46:43.959803
2025-07-15,63272,2025071505001625,NIFRA,South Asian Bulls Pvt. Ltd.,Trisul Securities & Invt. Ltd.,24,280.0,6720.0,2025-07-15 11:46:51.238163
2025-07-15,63143,2025071505001647,NIFRA,South Asian Bulls Pvt. Ltd.,Imperial Securities Company Pvt. Ltd.,64,280.0,17920.0,2025-07-15 11:47:22.868951
2025-07-15,63072,2025071505001662,NIFRA,South Asian Bulls Pvt. Ltd.,Premier Securities Company Ltd.,64,280.0,17920.0,2025-07-15 11:47:41.660083
2025-07-15,63017,2025071505001667,NIFRA,South Asian Bulls Pvt. Ltd.,Ashutosh Brokerage & Securities (PVT) Ltd.,29,280.0,8120.0,2025-07-15 11:48:02.211258
2025-07-15,62988,2025071505001668,NIFRA,South Asian Bulls Pvt. Ltd.,Premier Securities Company Ltd.,54,280.0,15120.0,2025-07-15 11:48:08.827072
2025-07-15,62849,2025071505001699,NIFRA,South Asian Bulls Pvt. Ltd.,Premier Securities Company Ltd.,54,280.0,15120.0,2025-07-15 11:48:39.970946
2025-07-15,62787,2025071505001724,NIFRA,South Asian Bulls Pvt. Ltd.,Premier Securities Company Ltd.,23,280.0,6440.0,2025-07-15 11:48:55.038534
2025-07-15,62786,2025071505001725,NIFRA,Cristal Kanchanjanga Securites Pvt. Ltd.,Premier Securities Company Ltd.,41,280.0,11480.0,2025-07-15 11:48:55.038614
2025-07-15,62682,2025071505001752,NIFRA,Cristal Kanchanjanga Securites Pvt. Ltd.,Premier Securities Company Ltd.,59,280.0,16520.0,2025-07-15 11:49:17.140791
2025-07-15,62588,2025071505001770,NIFRA,Naasa Securities Co. Ltd.,Agrawal Securities (PVT) Ltd.,54,280.0,15120.0,2025-07-15 11:49:44.686036
2025-07-15,62568,2025071505001777,NIFRA,Naasa Securities Co. Ltd.,Premier Securities Company Ltd.,54,280.0,15120.0,2025-07-15 11:49:52.310213
2025-07-15,62529,2025071505001784,NIFRA,Naasa Securities Co. Ltd.,Naasa Securities Co. Ltd.,64,280.0,17920.0,2025-07-15 11:49:59.324026
2025-07-15,62092,2025071505001912,NIFRA,Naasa Securities Co. Ltd.,Midas Stock Broking Company Private Limited,23,280.0,6440.0,2025-07-15 11:51:29.001798
2025-07-15,62091,2025071505001913,NIFRA,Linch Stock Market Ltd.,Midas Stock Broking Company Private Limited,31,280.0,8680.0,2025-07-15 11:51:29.002289
2025-07-15,61957,2025071505001954,NIFRA,Linch Stock Market Ltd.,Kalika Securities Pvt. Ltd.,20,280.0,5600.0,2025-07-15 11:52:06.573548
2025-07-15,61757,2025071505001987,NIFRA,Secured Securities Ltd.,Trisul Securities & Invt. Ltd.,54,280.1,15125.4,2025-07-15 11:52:59.261809
2025-07-15,61236,2025071505002099,NIFRA,Secured Securities Ltd.,Sani Securities Company Ltd.,54,280.1,15125.4,2025-07-15 11:54:48.259498
2025-07-15,60857,2025071505002222,NIFRA,Secured Securities Ltd.,Aryatara Investment & Securities,54,280.1,15125.4,2025-07-15 11:55:50.052209
2025-07-15,60803,2025071505002231,NIFRA,Secured Securities Ltd.,Creative Securities Pvt Ltd,2838,280.1,794923.8,2025-07-15 11:55:59.642774
2025-07-15,60802,2025071505002232,NIFRA,J.F. Securites (PVT) Ltd.,Creative Securities Pvt Ltd,50,280.1,14005.0,2025-07-15 11:55:59.642900
2025-07-15,60749,2025071505002241,NIFRA,Linch Stock Market Ltd.,Kalika Securities Pvt. Ltd.,54,280.0,15120.0,2025-07-15 11:56:07.195914
2025-07-15,60733,2025071505002243,NIFRA,Linch Stock Market Ltd.,Creative Securities Pvt Ltd,395,280.0,110600.0,2025-07-15 11:56:14.708027
2025-07-15,60732,2025071505002244,NIFRA,Capital Max Securities Ltd,Creative Securities Pvt Ltd,1000,280.0,280000.0,2025-07-15 11:56:14.708136
2025-07-15,60731,2025071505002245,NIFRA,Dipshikha Dhitopatra Karobar Co. Pvt Ltd.,Creative Securities Pvt Ltd,11,280.0,3080.0,2025-07-15 11:56:14.708199
2025-07-15,60730,2025071505002246,NIFRA,Himalayan Brokerage Company Limited,Creative Securities Pvt Ltd,54,279.9,15114.6,2025-07-15 11:56:14.708262
2025-07-15,60729,2025071505002247,NIFRA,Kohinoor Investment & Securities Pvt. Ltd.,Linch Stock Market Ltd.,54,280.1,15125.4,2025-07-15 11:56:14.829026
2025-07-15,60728,2025071505002248,NIFRA,Kohinoor Investment & Securities Pvt. Ltd.,KALASH STOCK MARKET PVT. LTD.,72,281.0,20232.0,2025-07-15 11:56:14.829535
2025-07-15,60727,2025071505002249,NIFRA,Kohinoor Investment & Securities Pvt. Ltd.,Siprabi Securities Pvt. Ltd.,10,281.0,2810.0,2025-07-15 11:56:14.829897
2025-07-15,60726,2025071505002250,NIFRA,Kohinoor Investment & Securities Pvt. Ltd.,Sumeru Securities Pvt. Ltd.,54,281.0,15174.0,2025-07-15 11:56:14.830208
2025-07-15,60725,2025071505002251,NIFRA,Kohinoor Investment & Securities Pvt. Ltd.,Trisul Securities & Invt. Ltd.,100,281.0,28100.0,2025-07-15 11:56:14.830561
2025-07-15,60724,2025071505002252,NIFRA,Kohinoor Investment & Securities Pvt. Ltd.,Infinity Securities Limited,40,281.0,11240.0,2025-07-15 11:56:14.830882
2025-07-15,60669,2025071505002276,NIFRA,Himalayan Brokerage Company Limited,Online Securities Pvt. Ltd.,54,279.9,15114.6,2025-07-15 11:56:22.797211
2025-07-15,60548,2025071505002293,NIFRA,Himalayan Brokerage Company Limited,Creative Securities Pvt Ltd,258,279.9,72214.2,2025-07-15 11:56:41.803104
2025-07-15,60547,2025071505002294,NIFRA,Creative Securities Pvt Ltd,Creative Securities Pvt Ltd,842,279.8,235591.6,2025-07-15 11:56:41.803232
2025-07-15,60438,2025071505002322,NIFRA,Creative Securities Pvt Ltd,Creative Securities Pvt Ltd,48,279.8,13430.4,2025-07-15 11:57:05.902303
2025-07-15,60437,2025071505002323,NIFRA,Malla & Malla Stock Broking Company Pvt. Limited,Creative Securities Pvt Ltd,1202,279.6,336079.2,2025-07-15 11:57:05.902491
2025-07-15,60419,2025071505002328,NIFRA,Naasa Securities Co. Ltd.,Infinity Securities Limited,30,281.0,8430.0,2025-07-15 11:57:10.379657
2025-07-15,59652,2025071505002428,NIFRA,Malla & Malla Stock Broking Company Pvt. Limited,Online Securities Pvt. Ltd.,18,279.6,5032.8,2025-07-15 11:59:47.619374
2025-07-15,59651,2025071505002429,NIFRA,Dynamic Money Managers Securities Pvt. Ltd.,Online Securities Pvt. Ltd.,36,279.0,10044.0,2025-07-15 11:59:47.619431
2025-07-15,59578,2025071505002445,NIFRA,Dynamic Money Managers Securities Pvt. Ltd.,Creative Securities Pvt Ltd,164,279.0,45756.0,2025-07-15 12:00:04.786554
2025-07-15,59577,2025071505002446,NIFRA,Naasa Securities Co. Ltd.,Creative Securities Pvt Ltd,225,279.0,62775.0,2025-07-15 12:00:04.786883
2025-07-15,59576,2025071505002447,NIFRA,Shree Krishna Securities Ltd.,Creative Securities Pvt Ltd,100,279.0,27900.0,2025-07-15 12:00:04.786997
2025-07-15,59575,2025071505002448,NIFRA,Trisul Securities & Invt. Ltd.,Creative Securities Pvt Ltd,191,279.0,53289.0,2025-07-15 12:00:04.787111
2025-07-15,59463,2025071505002473,NIFRA,Oxford Securities Pvt. Ltd.,Kalika Securities Pvt. Ltd.,20,278.8,5576.0,2025-07-15 12:00:31.129288
2025-07-15,59462,2025071505002474,NIFRA,Sipla Securities Private Limited,Kalika Securities Pvt. Ltd.,146,278.8,40704.8,2025-07-15 12:00:31.129602
2025-07-15,59461,2025071505002475,NIFRA,Himalayan Brokerage Company Limited,Kalika Securities Pvt. Ltd.,34,278.8,9479.2,2025-07-15 12:00:31.129749
2025-07-15,59353,2025071505002490,NIFRA,Himalayan Brokerage Company Limited,Dipshikha Dhitopatra Karobar Co. Pvt Ltd.,146,278.8,40704.8,2025-07-15 12:00:51.275143
2025-07-15,59206,2025071505002508,NIFRA,South Asian Bulls Pvt. Ltd.,Dipshikha Dhitopatra Karobar Co. Pvt Ltd.,477,278.7,132939.9,2025-07-15 12:01:20.509138
2025-07-15,58768,2025071505002572,NIFRA,South Asian Bulls Pvt. Ltd.,Sewa Securities Pvt. Ltd.,23,278.7,6410.1,2025-07-15 12:02:59.468345
2025-07-15,58681,2025071505002587,NIFRA,Ashutosh Brokerage & Securities (PVT) Ltd.,Himalayan Securities Limited,12,278.6,3343.2,2025-07-15 12:03:16.938142
2025-07-15,58604,2025071505002591,NIFRA,Ashutosh Brokerage & Securities (PVT) Ltd.,Siprabi Securities Pvt. Ltd.,54,278.6,15044.4,2025-07-15 12:03:32.946930
2025-07-15,58602,2025071505002592,NIFRA,Ashutosh Brokerage & Securities (PVT) Ltd.,Midas Stock Broking Company Private Limited,115,278.6,32039.0,2025-07-15 12:03:33.751673
2025-07-15,58414,2025071505002611,NIFRA,Ashutosh Brokerage & Securities (PVT) Ltd.,Sharepro Securities Private Limited,600,278.6,167160.0,2025-07-15 12:04:23.996730
2025-07-15,58324,2025071505002632,NIFRA,Ashutosh Brokerage & Securities (PVT) Ltd.,Naasa Securities Co. Ltd.,54,278.6,15044.4,2025-07-15 12:04:52.729407
2025-07-15,58306,2025071505002642,NIFRA,Ashutosh Brokerage & Securities (PVT) Ltd.,Himalayan Securities Limited,20,278.6,5572.0,2025-07-15 12:05:00.206637
2025-07-15,58237,2025071505002652,NIFRA,Ashutosh Brokerage & Securities (PVT) Ltd.,Sani Securities Company Ltd.,10,278.6,2786.0,2025-07-15 12:05:08.683222
2025-07-15,58179,2025071505002663,NIFRA,Ashutosh Brokerage & Securities (PVT) Ltd.,Sri Hari Securities Pvt. Ltd.,54,278.6,15044.4,2025-07-15 12:05:27.016117
2025-07-15,58065,2025071505002678,NIFRA,Ashutosh Brokerage & Securities (PVT) Ltd.,Deevyaa Securities & Stock House Pvt. Ltd,54,278.6,15044.4,2025-07-15 12:05:52.355015
2025-07-15,57777,2025071505002708,NIFRA,Ashutosh Brokerage & Securities (PVT) Ltd.,Online Securities Pvt. Ltd.,10,278.6,2786.0,2025-07-15 12:06:55.537265
2025-07-15,57764,2025071505002713,NIFRA,Oxford Securities Pvt. Ltd.,Sewa Securities Pvt. Ltd.,20,278.7,5574.0,2025-07-15 12:07:01.944037
2025-07-15,57653,2025071505002752,NIFRA,Secured Securities Ltd.,Pragyan Securities (PVT) Ltd.,10,279.0,2790.0,2025-07-15 12:07:31.128422
2025-07-15,57652,2025071505002753,NIFRA,Secured Securities Ltd.,Primo Securities (PVT) Ltd.,90,279.9,25191.0,2025-07-15 12:07:31.128981
2025-07-15,57241,2025071505002807,NIFRA,Sumeru Securities Pvt. Ltd.,Primo Securities (PVT) Ltd.,10,279.9,2799.0,2025-07-15 12:09:13.070215
2025-07-15,57240,2025071505002808,NIFRA,Sumeru Securities Pvt. Ltd.,Imperial Securities Company Pvt. Ltd.,10,280.0,2800.0,2025-07-15 12:09:13.070834
2025-07-15,57239,2025071505002809,NIFRA,Sumeru Securities Pvt. Ltd.,Sri Hari Securities Pvt. Ltd.,54,280.0,15120.0,2025-07-15 12:09:13.071196
2025-07-15,57238,2025071505002810,NIFRA,Sumeru Securities Pvt. Ltd.,Sweta Securities Private Limited,300,280.0,84000.0,2025-07-15 12:09:13.071554
2025-07-15,57237,2025071505002811,NIFRA,Sumeru Securities Pvt. Ltd.,Premier Securities Company Ltd.,54,280.0,15120.0,2025-07-15 12:09:13.071901
2025-07-15,57236,2025071505002812,NIFRA,Sumeru Securities Pvt. Ltd.,Online Securities Pvt. Ltd.,364,280.0,101920.0,2025-07-15 12:09:13.072243
2025-07-15,57235,2025071505002813,NIFRA,Sumeru Securities Pvt. Ltd.,Creative Securities Pvt Ltd,208,280.0,58240.0,2025-07-15 12:09:13.072595
2025-07-15,57200,2025071505002816,NIFRA,Ashutosh Brokerage & Securities (PVT) Ltd.,Dakshinkali Investment & Securities Pvt. Ltd.,10,278.6,2786.0,2025-07-15 12:09:21.511727
2025-07-15,57176,2025071505002820,NIFRA,Creative Securities Pvt Ltd,Dakshinkali Investment & Securities Pvt. Ltd.,40,278.5,11140.0,2025-07-15 12:09:29.694026
2025-07-15,56997,2025071505002846,NIFRA,Creative Securities Pvt Ltd,Sri Hari Securities Pvt. Ltd.,54,278.5,15039.0,2025-07-15 12:10:36.399584
2025-07-15,56871,2025071505002871,NIFRA,Creative Securities Pvt Ltd,Sanima Securities Limited,402,278.5,111957.0,2025-07-15 12:11:11.427629
2025-07-15,56870,2025071505002872,NIFRA,Dipshikha Dhitopatra Karobar Co. Pvt Ltd.,Sanima Securities Limited,50,278.5,13925.0,2025-07-15 12:11:11.427929
2025-07-15,56869,2025071505002873,NIFRA,Sumeru Securities Pvt. Ltd.,Sanima Securities Limited,350,278.5,97475.0,2025-07-15 12:11:11.428064
2025-07-15,56868,2025071505002874,NIFRA,Oxford Securities Pvt. Ltd.,Sanima Securities Limited,30,278.3,8349.0,2025-07-15 12:11:11.428188
2025-07-15,56867,2025071505002875,NIFRA,Vision Securities Pvt. Ltd,Sanima Securities Limited,200,278.2,55640.0,2025-07-15 12:11:11.428362
2025-07-15,56866,2025071505002876,NIFRA,Linch Stock Market Ltd.,Sanima Securities Limited,200,278.1,55620.0,2025-07-15 12:11:11.428560
2025-07-15,56865,2025071505002877,NIFRA,Trishakti Securities Public Limited,Sanima Securities Limited,500,278.1,139050.0,2025-07-15 12:11:11.428680
2025-07-15,56864,2025071505002878,NIFRA,Sharepro Securities Private Limited,Sanima Securities Limited,268,278.0,74504.0,2025-07-15 12:11:11.428797
2025-07-15,56831,2025071505002883,NIFRA,South Asian Bulls Pvt. Ltd.,Naasa Securities Co. Ltd.,1000,278.6,278600.0,2025-07-15 12:11:27.096198
2025-07-15,56830,2025071505002884,NIFRA,Sharepro Securities Private Limited,Naasa Securities Co. Ltd.,500,278.0,139000.0,2025-07-15 12:11:27.096485
2025-07-15,56778,2025071505002902,NIFRA,Sharepro Securities Private Limited,Bhrikuti Stock Broking Co. Pvt. Ltd.,54,278.0,15012.0,2025-07-15 12:11:37.204638
2025-07-15,56735,2025071505002904,NIFRA,Sharepro Securities Private Limited,Naasa Securities Co. Ltd.,40,278.0,11120.0,2025-07-15 12:11:54.355882
2025-07-15,56410,2025071505002953,NIFRA,Sharepro Securities Private Limited,Thrive Brokerage House Pvt. Ltd,54,278.0,15012.0,2025-07-15 12:13:06.416035
2025-07-15,55568,2025071505003045,NIFRA,Bhrikuti Stock Broking Co. Pvt. Ltd.,Bhrikuti Stock Broking Co. Pvt. Ltd.,44,279.0,12276.0,2025-07-15 12:16:21.790371
2025-07-15,55567,2025071505003046,NIFRA,Bhrikuti Stock Broking Co. Pvt. Ltd.,Imperial Securities Company Pvt. Ltd.,10,279.8,2798.0,2025-07-15 12:16:21.790436
2025-07-15,55399,2025071505003060,NIFRA,Sweta Securities Private Limited,Capital Max Securities Ltd,54,278.3,15028.2,2025-07-15 12:17:04.470248
2025-07-15,55391,2025071505003062,NIFRA,Naasa Securities Co. Ltd.,Thrive Brokerage House Pvt. Ltd,340,279.9,95166.0,2025-07-15 12:17:06.049925
2025-07-15,55338,2025071505003076,NIFRA,J.F. Securites (PVT) Ltd.,Aryatara Investment & Securities,54,278.4,15033.6,2025-07-15 12:17:14.982234
2025-07-15,54601,2025071505003238,NIFRA,Sweta Securities Private Limited,Ashutosh Brokerage & Securities (PVT) Ltd.,100,278.3,27830.0,2025-07-15 12:20:04.028442
2025-07-15,53981,2025071505003300,NIFRA,Deevyaa Securities & Stock House Pvt. Ltd,Deevyaa Securities & Stock House Pvt. Ltd,40,279.1,11164.0,2025-07-15 12:22:28.195844
2025-07-15,53980,2025071505003301,NIFRA,Nepal Stock House (PVT) Ltd.,Deevyaa Securities & Stock House Pvt. Ltd,14,279.0,3906.0,2025-07-15 12:22:28.196176
2025-07-15,53872,2025071505003309,NIFRA,Nepal Stock House (PVT) Ltd.,Naasa Securities Co. Ltd.,54,279.0,15066.0,2025-07-15 12:22:53.151021
2025-07-15,53849,2025071505003310,NIFRA,Nepal Stock House (PVT) Ltd.,Imperial Securities Company Pvt. Ltd.,54,279.0,15066.0,2025-07-15 12:22:59.288983
2025-07-15,53847,2025071505003311,NIFRA,Nepal Stock House (PVT) Ltd.,Thrive Brokerage House Pvt. Ltd,878,279.0,244962.0,2025-07-15 12:23:02.546008
2025-07-15,53825,2025071505003327,NIFRA,Nepal Investment And Securities Trading Private Limited,Thrive Brokerage House Pvt. Ltd,150,279.0,41850.0,2025-07-15 12:23:07.654980
2025-07-15,53754,2025071505003335,NIFRA,Bhrikuti Stock Broking Co. Pvt. Ltd.,Thrive Brokerage House Pvt. Ltd,632,279.0,176328.0,2025-07-15 12:23:27.261825
2025-07-15,52726,2025071505003439,NIFRA,Hatemalo Financial Services Private Limited,Asian Securities Private Ltd.,54,278.5,15039.0,2025-07-15 12:26:57.510107
2025-07-15,52688,2025071505003449,NIFRA,Hatemalo Financial Services Private Limited,Online Securities Pvt. Ltd.,10,278.5,2785.0,2025-07-15 12:27:09.200668
2025-07-15,52666,2025071505003451,NIFRA,Online Securities Pvt. Ltd.,Sundhara Securities Limited,50,279.8,13990.0,2025-07-15 12:27:13.265818
2025-07-15,52503,2025071505003470,NIFRA,Online Securities Pvt. Ltd.,Cristal Kanchanjanga Securites Pvt. Ltd.,10,279.0,2790.0,2025-07-15 12:28:04.182211
2025-07-15,52307,2025071505003514,NIFRA,Kalika Securities Pvt. Ltd.,Cristal Kanchanjanga Securites Pvt. Ltd.,17,279.0,4743.0,2025-07-15 12:28:48.870087
2025-07-15,52227,2025071505003529,NIFRA,Kalika Securities Pvt. Ltd.,Vision Securities Pvt. Ltd,40,279.0,11160.0,2025-07-15 12:29:02.611954
2025-07-15,52194,2025071505003539,NIFRA,Kalika Securities Pvt. Ltd.,Pragyan Securities (PVT) Ltd.,64,279.0,17856.0,2025-07-15 12:29:13.326214
2025-07-15,52122,2025071505003565,NIFRA,Kalika Securities Pvt. Ltd.,K.B.L. Securities Limited ,11,279.0,3069.0,2025-07-15 12:29:25.797684
2025-07-15,52121,2025071505003566,NIFRA,Hatemalo Financial Services Private Limited,K.B.L. Securities Limited ,32,278.5,8912.0,2025-07-15 12:29:25.797981
2025-07-15,51827,2025071505003606,NIFRA,Hatemalo Financial Services Private Limited,Bhrikuti Stock Broking Co. Pvt. Ltd.,54,278.5,15039.0,2025-07-15 12:30:34.718916
2025-07-15,51716,2025071505003615,NIFRA,Hatemalo Financial Services Private Limited,Secured Securities Ltd.,350,278.5,97475.0,2025-07-15 12:31:02.298156
2025-07-15,51715,2025071505003616,NIFRA,J.F. Securites (PVT) Ltd.,Secured Securities Ltd.,200,278.5,55700.0,2025-07-15 12:31:02.298497
2025-07-15,51627,2025071505003623,NIFRA,Sweta Securities Private Limited,Secured Securities Ltd.,846,278.3,235441.8,2025-07-15 12:31:26.215879
2025-07-15,51626,2025071505003624,NIFRA,Trishakti Securities Public Limited,Secured Securities Ltd.,79,278.3,21985.7,2025-07-15 12:31:26.216550
2025-07-15,51394,2025071505003656,NIFRA,Kohinoor Investment & Securities Pvt. Ltd.,Sewa Securities Pvt. Ltd.,25,278.5,6962.5,2025-07-15 12:32:33.527250
2025-07-15,51374,2025071505003660,NIFRA,Sumeru Securities Pvt. Ltd.,Trishakti Securities Public Limited,100,278.4,27840.0,2025-07-15 12:32:40.778731
2025-07-15,51063,2025071505003699,NIFRA,Bhrikuti Stock Broking Co. Pvt. Ltd.,Trishakti Securities Public Limited,14,278.4,3897.6,2025-07-15 12:33:55.876861
2025-07-15,51062,2025071505003700,NIFRA,Bhrikuti Stock Broking Co. Pvt. Ltd.,Sundhara Securities Limited,64,279.0,17856.0,2025-07-15 12:33:55.876924
2025-07-15,51061,2025071505003701,NIFRA,Bhrikuti Stock Broking Co. Pvt. Ltd.,Arun Securities (PVT) Ltd.,42,279.5,11739.0,2025-07-15 12:33:55.876946
2025-07-15,51052,2025071505003702,NIFRA,Agrawal Securities (PVT) Ltd.,Arun Securities (PVT) Ltd.,12,279.5,3354.0,2025-07-15 12:34:01.082108
2025-07-15,51051,2025071505003703,NIFRA,Agrawal Securities (PVT) Ltd.,Sundhara Securities Limited,450,279.8,125910.0,2025-07-15 12:34:01.082480
2025-07-15,51047,2025071505003704,NIFRA,Agrawal Securities (PVT) Ltd.,Vision Securities Pvt. Ltd,21,279.8,5875.8,2025-07-15 12:34:02.043442
2025-07-15,50922,2025071505003717,NIFRA,Agrawal Securities (PVT) Ltd.,Imperial Securities Company Pvt. Ltd.,54,278.4,15033.6,2025-07-15 12:34:42.934492
2025-07-15,50375,2025071505003780,NIFRA,Agrawal Securities (PVT) Ltd.,Shree Krishna Securities Ltd.,43,278.4,11971.2,2025-07-15 12:37:08.869902
2025-07-15,49925,2025071505003823,NIFRA,J.F. Securites (PVT) Ltd.,Premier Securities Company Ltd.,50,278.5,13925.0,2025-07-15 12:39:04.433172
2025-07-15,49762,2025071505003837,NIFRA,Agrawal Securities (PVT) Ltd.,Imperial Securities Company Pvt. Ltd.,20,278.4,5568.0,2025-07-15 12:39:42.654422
2025-07-15,49761,2025071505003838,NIFRA,Vision Securities Pvt. Ltd,Imperial Securities Company Pvt. Ltd.,34,278.4,9465.6,2025-07-15 12:39:42.655106
2025-07-15,49519,2025071505003879,NIFRA,Vision Securities Pvt. Ltd,NIMB Stock Markets Limited,54,278.4,15033.6,2025-07-15 12:40:38.370147
2025-07-15,49138,2025071505003917,NIFRA,Vision Securities Pvt. Ltd,Online Securities Pvt. Ltd.,12,278.4,3340.8,2025-07-15 12:42:00.340066
2025-07-15,49137,2025071505003918,NIFRA,Sani Securities Company Ltd.,Online Securities Pvt. Ltd.,20,278.4,5568.0,2025-07-15 12:42:00.340736
2025-07-15,48854,2025071505003951,NIFRA,Oxford Securities Pvt. Ltd.,Online Securities Pvt. Ltd.,49,278.4,13641.6,2025-07-15 12:42:51.877625
2025-07-15,48759,2025071505003962,NIFRA,Agrawal Securities (PVT) Ltd.,BHOLE GANESH SECURITIES LTD,315,279.0,87885.0,2025-07-15 12:43:11.050045
2025-07-15,48758,2025071505003963,NIFRA,Agrawal Securities (PVT) Ltd.,Creative Securities Pvt Ltd,314,280.0,87920.0,2025-07-15 12:43:11.050163
2025-07-15,48757,2025071505003964,NIFRA,Agrawal Securities (PVT) Ltd.,Linch Stock Market Ltd.,10,280.0,2800.0,2025-07-15 12:43:11.050272
2025-07-15,48756,2025071505003965,NIFRA,Agrawal Securities (PVT) Ltd.,Premier Securities Company Ltd.,361,280.0,101080.0,2025-07-15 12:43:11.050366
2025-07-15,48693,2025071505003970,NIFRA,Neev Securities Pvt. Ltd.,Dipshikha Dhitopatra Karobar Co. Pvt Ltd.,74,278.3,20594.2,2025-07-15 12:43:27.483976
2025-07-15,48667,2025071505003971,NIFRA,Sri Hari Securities Pvt. Ltd.,Sri Hari Securities Pvt. Ltd.,54,279.0,15066.0,2025-07-15 12:43:33.482148
2025-07-15,48629,2025071505003976,NIFRA,Neev Securities Pvt. Ltd.,Deevyaa Securities & Stock House Pvt. Ltd,64,278.3,17811.2,2025-07-15 12:43:42.390380
2025-07-15,48333,2025071505004036,NIFRA,Roadshow securities limited,Premier Securities Company Ltd.,149,280.0,41720.0,2025-07-15 12:44:52.664157
2025-07-15,48332,2025071505004037,NIFRA,Roadshow securities limited,Sweta Securities Private Limited,64,280.0,17920.0,2025-07-15 12:44:52.664555
2025-07-15,48331,2025071505004038,NIFRA,Roadshow securities limited,Online Securities Pvt. Ltd.,54,280.0,15120.0,2025-07-15 12:44:52.664713
2025-07-15,48330,2025071505004039,NIFRA,Roadshow securities limited,Sweta Securities Private Limited,54,280.0,15120.0,2025-07-15 12:44:52.664873
2025-07-15,48329,2025071505004040,NIFRA,Roadshow securities limited,Bhrikuti Stock Broking Co. Pvt. Ltd.,54,280.0,15120.0,2025-07-15 12:44:52.665018
2025-07-15,48328,2025071505004041,NIFRA,Roadshow securities limited,Sani Securities Company Ltd.,14,280.0,3920.0,2025-07-15 12:44:52.665174
2025-07-15,48327,2025071505004042,NIFRA,Roadshow securities limited,Imperial Securities Company Pvt. Ltd.,10,280.0,2800.0,2025-07-15 12:44:52.665322
2025-07-15,48326,2025071505004043,NIFRA,Roadshow securities limited,Linch Stock Market Ltd.,250,280.0,70000.0,2025-07-15 12:44:52.665487
2025-07-15,48325,2025071505004044,NIFRA,Roadshow securities limited,Siprabi Securities Pvt. Ltd.,10,280.0,2800.0,2025-07-15 12:44:52.665622
2025-07-15,48324,2025071505004045,NIFRA,Roadshow securities limited,Malla & Malla Stock Broking Company Pvt. Limited,54,280.0,15120.0,2025-07-15 12:44:52.665794
2025-07-15,48323,2025071505004046,NIFRA,Roadshow securities limited,Swarna Laxmi Securities Pvt. Ltd.,162,280.0,45360.0,2025-07-15 12:44:52.665936
2025-07-15,48322,2025071505004047,NIFRA,Roadshow securities limited,Imperial Securities Company Pvt. Ltd.,43,280.0,12040.0,2025-07-15 12:44:52.666082
2025-07-15,48321,2025071505004048,NIFRA,Roadshow securities limited,Dynamic Money Managers Securities Pvt. Ltd.,82,280.0,22960.0,2025-07-15 12:44:52.666226
2025-07-15,48244,2025071505004061,NIFRA,Siprabi Securities Pvt. Ltd.,Dynamic Money Managers Securities Pvt. Ltd.,40,280.0,11200.0,2025-07-15 12:45:09.283974
2025-07-15,47675,2025071505004138,NIFRA,Sumeru Securities Pvt. Ltd.,Dynamic Money Managers Securities Pvt. Ltd.,78,280.0,21840.0,2025-07-15 12:47:27.808128
2025-07-15,47674,2025071505004139,NIFRA,Sumeru Securities Pvt. Ltd.,Sani Securities Company Ltd.,22,280.0,6160.0,2025-07-15 12:47:27.808802
2025-07-15,47664,2025071505004140,NIFRA,Swarna Laxmi Securities Pvt. Ltd.,Sani Securities Company Ltd.,32,280.0,8960.0,2025-07-15 12:47:29.750094
2025-07-15,47663,2025071505004141,NIFRA,Swarna Laxmi Securities Pvt. Ltd.,Kalika Securities Pvt. Ltd.,24,280.0,6720.0,2025-07-15 12:47:29.750428
2025-07-15,47662,2025071505004142,NIFRA,Swarna Laxmi Securities Pvt. Ltd.,Linch Stock Market Ltd.,64,280.0,17920.0,2025-07-15 12:47:29.750592
2025-07-15,47429,2025071505004176,NIFRA,Aryatara Investment & Securities,Dipshikha Dhitopatra Karobar Co. Pvt Ltd.,24,280.2,6724.8,2025-07-15 12:48:19.756380
2025-07-15,47428,2025071505004177,NIFRA,Aryatara Investment & Securities,MILKY WAY SHARE BROKER COMPANY LTD ,476,280.9,133708.4,2025-07-15 12:48:19.756780
2025-07-15,47043,2025071505004213,NIFRA,Premier Securities Company Ltd.,Naasa Securities Co. Ltd.,20,280.0,5600.0,2025-07-15 12:49:18.580902
2025-07-15,46826,2025071505004251,NIFRA,Naasa Securities Co. Ltd.,Deevyaa Securities & Stock House Pvt. Ltd,8,278.5,2228.0,2025-07-15 12:50:18.816854
2025-07-15,46800,2025071505004252,NIFRA,South Asian Bulls Pvt. Ltd.,Naasa Securities Co. Ltd.,30,280.0,8400.0,2025-07-15 12:50:25.170364
2025-07-15,46799,2025071505004253,NIFRA,South Asian Bulls Pvt. Ltd.,MILKY WAY SHARE BROKER COMPANY LTD ,470,280.9,132023.0,2025-07-15 12:50:25.170741
2025-07-15,46311,2025071505004291,NIFRA,Sumeru Securities Pvt. Ltd.,Online Securities Pvt. Ltd.,53,279.6,14818.8,2025-07-15 12:52:10.882360
2025-07-15,46185,2025071505004303,NIFRA,Shree Krishna Securities Ltd.,Kohinoor Investment & Securities Pvt. Ltd.,100,280.0,28000.0,2025-07-15 12:52:36.645937
2025-07-15,46093,2025071505004313,NIFRA,Sumeru Securities Pvt. Ltd.,Sumeru Securities Pvt. Ltd.,47,279.6,13141.2,2025-07-15 12:52:52.192923
2025-07-15,46092,2025071505004314,NIFRA,Vision Securities Pvt. Ltd,Sumeru Securities Pvt. Ltd.,20,279.5,5590.0,2025-07-15 12:52:52.193282
2025-07-15,45865,2025071505004377,NIFRA,Dynamic Money Managers Securities Pvt. Ltd.,ABC Securities Private Limited,10,279.1,2791.0,2025-07-15 12:53:40.963414
2025-07-15,45677,2025071505004410,NIFRA,Dynamic Money Managers Securities Pvt. Ltd.,Opal Securities Investment (PVT) Ltd.,90,279.1,25119.0,2025-07-15 12:54:22.514654
2025-07-15,45676,2025071505004411,NIFRA,Swarna Laxmi Securities Pvt. Ltd.,Opal Securities Investment (PVT) Ltd.,18,279.1,5023.8,2025-07-15 12:54:22.514722
2025-07-15,45292,2025071505004449,NIFRA,Aryatara Investment & Securities,Naasa Securities Co. Ltd.,64,279.0,17856.0,2025-07-15 12:55:49.479713
2025-07-15,45196,2025071505004470,NIFRA,Aryatara Investment & Securities,Linch Stock Market Ltd.,64,279.0,17856.0,2025-07-15 12:56:19.566942
2025-07-15,45047,2025071505004491,NIFRA,Aryatara Investment & Securities,Trisul Securities & Invt. Ltd.,157,279.0,43803.0,2025-07-15 12:57:12.365859
2025-07-15,44092,2025071505004598,NIFRA,Aryatara Investment & Securities,Naasa Securities Co. Ltd.,54,279.0,15066.0,2025-07-15 13:00:17.384485
2025-07-15,43966,2025071505004619,NIFRA,Aryatara Investment & Securities,Sumeru Securities Pvt. Ltd.,64,279.0,17856.0,2025-07-15 13:00:46.239919
2025-07-15,43890,2025071505004628,NIFRA,Online Securities Pvt. Ltd.,Sumeru Securities Pvt. Ltd.,182,279.5,50869.0,2025-07-15 13:01:03.331039
2025-07-15,43889,2025071505004629,NIFRA,Online Securities Pvt. Ltd.,Kohinoor Investment & Securities Pvt. Ltd.,790,280.0,221200.0,2025-07-15 13:01:03.331726
2025-07-15,43888,2025071505004630,NIFRA,Online Securities Pvt. Ltd.,Dipshikha Dhitopatra Karobar Co. Pvt Ltd.,28,280.0,7840.0,2025-07-15 13:01:03.332214
2025-07-15,43504,2025071505004673,NIFRA,Vision Securities Pvt. Ltd,Kumari Securities Private Limited,54,279.9,15114.6,2025-07-15 13:02:22.028266
2025-07-15,43484,2025071505004675,NIFRA,Premier Securities Company Ltd.,Dipshikha Dhitopatra Karobar Co. Pvt Ltd.,10,280.0,2800.0,2025-07-15 13:02:26.940029
2025-07-15,43280,2025071505004710,NIFRA,Sundhara Securities Limited,Dipshikha Dhitopatra Karobar Co. Pvt Ltd.,62,280.0,17360.0,2025-07-15 13:03:19.237652
2025-07-15,43279,2025071505004711,NIFRA,Sundhara Securities Limited,Sani Securities Company Ltd.,54,280.0,15120.0,2025-07-15 13:03:19.238127
2025-07-15,43046,2025071505004736,NIFRA,Nepal Stock House (PVT) Ltd.,MILKY WAY SHARE BROKER COMPANY LTD ,54,280.9,15168.6,2025-07-15 13:04:00.282123
2025-07-15,43045,2025071505004737,NIFRA,Nepal Stock House (PVT) Ltd.,Oxford Securities Pvt. Ltd.,1260,280.9,353934.0,2025-07-15 13:04:00.282541
2025-07-15,43044,2025071505004738,NIFRA,Nepal Stock House (PVT) Ltd.,Infinity Securities Limited,930,281.0,261330.0,2025-07-15 13:04:00.282693
2025-07-15,43043,2025071505004739,NIFRA,Nepal Stock House (PVT) Ltd.,Agrawal Securities (PVT) Ltd.,54,281.0,15174.0,2025-07-15 13:04:00.282836
2025-07-15,43042,2025071505004740,NIFRA,Nepal Stock House (PVT) Ltd.,Magnet Securities and Investment Company Private Limited,500,281.0,140500.0,2025-07-15 13:04:00.282976
2025-07-15,43041,2025071505004741,NIFRA,Nepal Stock House (PVT) Ltd.,Imperial Securities Company Pvt. Ltd.,14,281.0,3934.0,2025-07-15 13:04:00.283116
2025-07-15,43040,2025071505004742,NIFRA,Nepal Stock House (PVT) Ltd.,Thrive Brokerage House Pvt. Ltd,54,281.0,15174.0,2025-07-15 13:04:00.283354
2025-07-15,43039,2025071505004743,NIFRA,Nepal Stock House (PVT) Ltd.,Kumari Securities Private Limited,64,281.0,17984.0,2025-07-15 13:04:00.283499
2025-07-15,43038,2025071505004744,NIFRA,Nepal Stock House (PVT) Ltd.,Aryatara Investment & Securities,54,281.0,15174.0,2025-07-15 13:04:00.283639
2025-07-15,43037,2025071505004745,NIFRA,Nepal Stock House (PVT) Ltd.,Oxford Securities Pvt. Ltd.,250,281.0,70250.0,2025-07-15 13:04:00.283778
2025-07-15,42671,2025071505004780,NIFRA,Nepal Stock House (PVT) Ltd.,Aryatara Investment & Securities,30,281.0,8430.0,2025-07-15 13:05:16.989332
2025-07-15,42594,2025071505004785,NIFRA,Nepal Stock House (PVT) Ltd.,Sani Securities Company Ltd.,36,281.0,10116.0,2025-07-15 13:05:36.518014
2025-07-15,42593,2025071505004786,NIFRA,Imperial Securities Company Pvt. Ltd.,Sani Securities Company Ltd.,18,281.0,5058.0,2025-07-15 13:05:36.518422
2025-07-15,41806,2025071505004883,NIFRA,Imperial Securities Company Pvt. Ltd.,Cristal Kanchanjanga Securites Pvt. Ltd.,182,281.0,51142.0,2025-07-15 13:08:11.303585
2025-07-15,41805,2025071505004884,NIFRA,Vision Securities Pvt. Ltd,Cristal Kanchanjanga Securites Pvt. Ltd.,118,281.0,33158.0,2025-07-15 13:08:11.304381
2025-07-15,41349,2025071505004941,NIFRA,Vision Securities Pvt. Ltd,Naasa Securities Co. Ltd.,54,281.0,15174.0,2025-07-15 13:09:49.379365
2025-07-15,41275,2025071505004944,NIFRA,Vision Securities Pvt. Ltd,ABC Securities Private Limited,35,281.0,9835.0,2025-07-15 13:10:04.042564
2025-07-15,41274,2025071505004945,NIFRA,Sumeru Securities Pvt. Ltd.,ABC Securities Private Limited,10,281.0,2810.0,2025-07-15 13:10:04.042622
2025-07-15,41273,2025071505004946,NIFRA,Sundhara Securities Limited,ABC Securities Private Limited,19,280.0,5320.0,2025-07-15 13:10:04.042648
2025-07-15,40591,2025071505005024,NIFRA,Nepal Investment And Securities Trading Private Limited,Kohinoor Investment & Securities Pvt. Ltd.,50,281.0,14050.0,2025-07-15 13:12:13.438947
2025-07-15,40046,2025071505005093,NIFRA,Vision Securities Pvt. Ltd,Thrive Brokerage House Pvt. Ltd,16,281.3,4500.8,2025-07-15 13:14:07.952240
2025-07-15,40045,2025071505005094,NIFRA,Vision Securities Pvt. Ltd,Sundhara Securities Limited,16,281.3,4500.8,2025-07-15 13:14:07.952606
2025-07-15,40044,2025071505005095,NIFRA,Vision Securities Pvt. Ltd,Global IME Securities Limited,100,281.4,28140.0,2025-07-15 13:14:07.952788
2025-07-15,40043,2025071505005096,NIFRA,Vision Securities Pvt. Ltd,Oxford Securities Pvt. Ltd.,100,281.7,28170.0,2025-07-15 13:14:07.952937
2025-07-15,40042,2025071505005097,NIFRA,Vision Securities Pvt. Ltd,ABC Securities Private Limited,25,281.8,7045.0,2025-07-15 13:14:07.953163
2025-07-15,40041,2025071505005098,NIFRA,Vision Securities Pvt. Ltd,Oxford Securities Pvt. Ltd.,743,281.8,209377.4,2025-07-15 13:14:07.953341
2025-07-15,39683,2025071505005145,NIFRA,Capital Max Securities Ltd,Naasa Securities Co. Ltd.,30,280.2,8406.0,2025-07-15 13:15:12.286927
2025-07-15,39503,2025071505005163,NIFRA,Capital Max Securities Ltd,Aryatara Investment & Securities,54,280.2,15130.8,2025-07-15 13:15:44.597272
2025-07-15,39459,2025071505005172,NIFRA,Capital Max Securities Ltd,Bhrikuti Stock Broking Co. Pvt. Ltd.,54,280.2,15130.8,2025-07-15 13:15:50.035624
2025-07-15,39426,2025071505005174,NIFRA,Capital Max Securities Ltd,Trisul Securities & Invt. Ltd.,64,280.2,17932.8,2025-07-15 13:16:02.900017
2025-07-15,39256,2025071505005202,NIFRA,Capital Max Securities Ltd,Sani Securities Company Ltd.,486,280.2,136177.2,2025-07-15 13:16:39.665696
2025-07-15,39227,2025071505005209,NIFRA,Capital Max Securities Ltd,Naasa Securities Co. Ltd.,54,280.2,15130.8,2025-07-15 13:16:45.927077
2025-07-15,38803,2025071505005263,NIFRA,Sani Securities Company Ltd.,Naasa Securities Co. Ltd.,54,280.3,15136.2,2025-07-15 13:17:57.572655
2025-07-15,38653,2025071505005315,NIFRA,Vision Securities Pvt. Ltd,Magnet Securities and Investment Company Private Limited,500,280.4,140200.0,2025-07-15 13:18:22.708715
2025-07-15,38501,2025071505005339,NIFRA,Dipshikha Dhitopatra Karobar Co. Pvt Ltd.,Linch Stock Market Ltd.,50,280.5,14025.0,2025-07-15 13:19:09.482967
2025-07-15,37524,2025071505005488,NIFRA,Kohinoor Investment & Securities Pvt. Ltd.,Cristal Kanchanjanga Securites Pvt. Ltd.,100,280.8,28080.0,2025-07-15 13:23:31.267823
2025-07-15,37417,2025071505005503,NIFRA,Sani Securities Company Ltd.,Trisul Securities & Invt. Ltd.,54,280.3,15136.2,2025-07-15 13:24:02.971217
2025-07-15,37238,2025071505005541,NIFRA,Sani Securities Company Ltd.,Premier Securities Company Ltd.,290,280.3,81287.0,2025-07-15 13:24:41.632670
2025-07-15,36866,2025071505005588,NIFRA,Sumeru Securities Pvt. Ltd.,Naasa Securities Co. Ltd.,54,280.4,15141.6,2025-07-15 13:26:18.980444
2025-07-15,36794,2025071505005602,NIFRA,Imperial Securities Company Pvt. Ltd.,Malla & Malla Stock Broking Company Pvt. Limited,65,281.0,18265.0,2025-07-15 13:26:42.642256
2025-07-15,36793,2025071505005603,NIFRA,Imperial Securities Company Pvt. Ltd.,Opal Securities Investment (PVT) Ltd.,35,281.0,9835.0,2025-07-15 13:26:42.642663
2025-07-15,36433,2025071505005650,NIFRA,Imperial Securities Company Pvt. Ltd.,Opal Securities Investment (PVT) Ltd.,19,281.0,5339.0,2025-07-15 13:28:16.651931
2025-07-15,36432,2025071505005651,NIFRA,Imperial Securities Company Pvt. Ltd.,Imperial Securities Company Pvt. Ltd.,31,281.0,8711.0,2025-07-15 13:28:16.652274
2025-07-15,36314,2025071505005672,NIFRA,Kalika Securities Pvt. Ltd.,Oxford Securities Pvt. Ltd.,100,281.7,28170.0,2025-07-15 13:28:49.458371
2025-07-15,36297,2025071505005674,NIFRA,J.F. Securites (PVT) Ltd.,MILKY WAY SHARE BROKER COMPANY LTD ,50,281.7,14085.0,2025-07-15 13:28:54.700744
2025-07-15,36225,2025071505005681,NIFRA,Elite Stock House Limited,Trisul Securities & Invt. Ltd.,54,280.5,15147.0,2025-07-15 13:29:13.539555
2025-07-15,35869,2025071505005765,NIFRA,Aryatara Investment & Securities,Sani Securities Company Ltd.,10,281.0,2810.0,2025-07-15 13:30:33.466481
2025-07-15,35868,2025071505005766,NIFRA,Aryatara Investment & Securities,MILKY WAY SHARE BROKER COMPANY LTD ,14,281.7,3943.8,2025-07-15 13:30:33.466584
2025-07-15,35867,2025071505005767,NIFRA,Aryatara Investment & Securities,MILKY WAY SHARE BROKER COMPANY LTD ,26,281.8,7326.8,2025-07-15 13:30:33.466654
2025-07-15,35800,2025071505005781,NIFRA,Sani Securities Company Ltd.,Sani Securities Company Ltd.,10,280.6,2806.0,2025-07-15 13:30:56.022485
2025-07-15,35715,2025071505005793,NIFRA,Arun Securities (PVT) Ltd.,Online Securities Pvt. Ltd.,54,280.7,15157.8,2025-07-15 13:31:11.484287
2025-07-15,35457,2025071505005849,NIFRA,Sumeru Securities Pvt. Ltd.,Market Securities & Exchange (PVT) Ltd.,54,281.7,15211.8,2025-07-15 13:32:21.561024
2025-07-15,35456,2025071505005850,NIFRA,Sumeru Securities Pvt. Ltd.,MILKY WAY SHARE BROKER COMPANY LTD ,692,281.8,195005.6,2025-07-15 13:32:21.561409
2025-07-15,35359,2025071505005866,NIFRA,KALASH STOCK MARKET PVT. LTD.,MILKY WAY SHARE BROKER COMPANY LTD ,282,281.8,79467.6,2025-07-15 13:32:54.094620
2025-07-15,35358,2025071505005867,NIFRA,KALASH STOCK MARKET PVT. LTD.,Oxford Securities Pvt. Ltd.,1257,281.8,354222.6,2025-07-15 13:32:54.095349
2025-07-15,35357,2025071505005868,NIFRA,KALASH STOCK MARKET PVT. LTD.,Primo Securities (PVT) Ltd.,461,281.9,129955.9,2025-07-15 13:32:54.095841
2025-07-15,35272,2025071505005882,NIFRA,KALASH STOCK MARKET PVT. LTD.,Primo Securities (PVT) Ltd.,539,281.9,151944.1,2025-07-15 13:33:15.153847
2025-07-15,35271,2025071505005883,NIFRA,KALASH STOCK MARKET PVT. LTD.,Trishakti Securities Public Limited,40,281.9,11276.0,2025-07-15 13:33:15.154230
2025-07-15,35270,2025071505005884,NIFRA,KALASH STOCK MARKET PVT. LTD.,Nagarik Stock Dealer ,1000,281.9,281900.0,2025-07-15 13:33:15.154401
2025-07-15,35269,2025071505005885,NIFRA,KALASH STOCK MARKET PVT. LTD.,Online Securities Pvt. Ltd.,54,282.0,15228.0,2025-07-15 13:33:15.154558
2025-07-15,35268,2025071505005886,NIFRA,KALASH STOCK MARKET PVT. LTD.,Linch Stock Market Ltd.,54,282.0,15228.0,2025-07-15 13:33:15.154725
2025-07-15,35267,2025071505005887,NIFRA,KALASH STOCK MARKET PVT. LTD.,J.F. Securites (PVT) Ltd.,44,282.0,12408.0,2025-07-15 13:33:15.154877
2025-07-15,35266,2025071505005888,NIFRA,KALASH STOCK MARKET PVT. LTD.,Asian Securities Private Ltd.,1269,282.0,357858.0,2025-07-15 13:33:15.155360
2025-07-15,35231,2025071505005910,NIFRA,Vision Securities Pvt. Ltd,Asian Securities Private Ltd.,631,282.0,177942.0,2025-07-15 13:33:17.155157
2025-07-15,35230,2025071505005911,NIFRA,Vision Securities Pvt. Ltd,Naasa Securities Co. Ltd.,30,282.0,8460.0,2025-07-15 13:33:17.155874
2025-07-15,35229,2025071505005912,NIFRA,Vision Securities Pvt. Ltd,Naasa Securities Co. Ltd.,54,282.0,15228.0,2025-07-15 13:33:17.156356
2025-07-15,35228,2025071505005913,NIFRA,Vision Securities Pvt. Ltd,Linch Stock Market Ltd.,64,282.0,18048.0,2025-07-15 13:33:17.156815
2025-07-15,35227,2025071505005914,NIFRA,Vision Securities Pvt. Ltd,Aryatara Investment & Securities,460,282.0,129720.0,2025-07-15 13:33:17.157300
2025-07-15,35226,2025071505005915,NIFRA,Vision Securities Pvt. Ltd,Nagarik Stock Dealer ,1000,282.0,282000.0,2025-07-15 13:33:17.157818
2025-07-15,35225,2025071505005916,NIFRA,Vision Securities Pvt. Ltd,Vision Securities Pvt. Ltd,32,282.0,9024.0,2025-07-15 13:33:17.158265
2025-07-15,35224,2025071505005917,NIFRA,Vision Securities Pvt. Ltd,Vision Securities Pvt. Ltd,100,282.0,28200.0,2025-07-15 13:33:17.158732
2025-07-15,35223,2025071505005918,NIFRA,Vision Securities Pvt. Ltd,Naasa Securities Co. Ltd.,64,282.0,18048.0,2025-07-15 13:33:17.159207
2025-07-15,35222,2025071505005919,NIFRA,Vision Securities Pvt. Ltd,Online Securities Pvt. Ltd.,64,282.0,18048.0,2025-07-15 13:33:17.159677
2025-07-15,35221,2025071505005920,NIFRA,Vision Securities Pvt. Ltd,Secured Securities Ltd.,54,282.0,15228.0,2025-07-15 13:33:17.160123
2025-07-15,35220,2025071505005921,NIFRA,Vision Securities Pvt. Ltd,Malla & Malla Stock Broking Company Pvt. Limited,300,282.0,84600.0,2025-07-15 13:33:17.160605
2025-07-15,35219,2025071505005922,NIFRA,Vision Securities Pvt. Ltd,Cristal Kanchanjanga Securites Pvt. Ltd.,147,282.0,41454.0,2025-07-15 13:33:17.161070
2025-07-15,35212,2025071505005924,NIFRA,Blue Chip Securities Ltd,Himalayan Securities Limited,100,281.1,28110.0,2025-07-15 13:33:17.853504
2025-07-15,35211,2025071505005925,NIFRA,Dynamic Money Managers Securities Pvt. Ltd.,Himalayan Securities Limited,400,281.0,112400.0,2025-07-15 13:33:17.853844
2025-07-15,35174,2025071505005931,NIFRA,Asian Securities Private Ltd.,Cristal Kanchanjanga Securites Pvt. Ltd.,153,282.0,43146.0,2025-07-15 13:33:26.847394
2025-07-15,35173,2025071505005932,NIFRA,Asian Securities Private Ltd.,Naasa Securities Co. Ltd.,14,282.0,3948.0,2025-07-15 13:33:26.847773
2025-07-15,35172,2025071505005933,NIFRA,Asian Securities Private Ltd.,Kohinoor Investment & Securities Pvt. Ltd.,256,282.0,72192.0,2025-07-15 13:33:26.847924
2025-07-15,35171,2025071505005934,NIFRA,Asian Securities Private Ltd.,Online Securities Pvt. Ltd.,64,282.0,18048.0,2025-07-15 13:33:26.848072
2025-07-15,35170,2025071505005935,NIFRA,Asian Securities Private Ltd.,Premier Securities Company Ltd.,64,282.0,18048.0,2025-07-15 13:33:26.848219
2025-07-15,35169,2025071505005936,NIFRA,Asian Securities Private Ltd.,Trishakti Securities Public Limited,449,282.0,126618.0,2025-07-15 13:33:26.848369
2025-07-15,35049,2025071505005951,NIFRA,Dynamic Money Managers Securities Pvt. Ltd.,Trisul Securities & Invt. Ltd.,54,281.0,15174.0,2025-07-15 13:34:05.232769
2025-07-15,34959,2025071505005962,NIFRA,Dynamic Money Managers Securities Pvt. Ltd.,Linch Stock Market Ltd.,254,281.0,71374.0,2025-07-15 13:34:28.619831
2025-07-15,34688,2025071505006003,NIFRA,Dynamic Money Managers Securities Pvt. Ltd.,Kumari Securities Private Limited,64,281.0,17984.0,2025-07-15 13:35:25.797111
2025-07-15,34260,2025071505006062,NIFRA,Imperial Securities Company Pvt. Ltd.,Primo Securities (PVT) Ltd.,100,281.5,28150.0,2025-07-15 13:37:05.848086
2025-07-15,34239,2025071505006065,NIFRA,Sani Securities Company Ltd.,Midas Stock Broking Company Private Limited,54,281.1,15179.4,2025-07-15 13:37:11.556788
2025-07-15,34091,2025071505006087,NIFRA,Shree Krishna Securities Ltd.,Trisul Securities & Invt. Ltd.,54,281.5,15201.0,2025-07-15 13:37:32.449612
2025-07-15,33885,2025071505006104,NIFRA,Shree Krishna Securities Ltd.,Imperial Securities Company Pvt. Ltd.,26,281.5,7319.0,2025-07-15 13:38:15.883327
2025-07-15,33884,2025071505006105,NIFRA,Sani Securities Company Ltd.,Imperial Securities Company Pvt. Ltd.,446,281.1,125370.6,2025-07-15 13:38:15.883718
2025-07-15,33883,2025071505006106,NIFRA,Dynamic Money Managers Securities Pvt. Ltd.,Imperial Securities Company Pvt. Ltd.,228,281.0,64068.0,2025-07-15 13:38:15.883874
2025-07-15,33882,2025071505006107,NIFRA,Sweta Securities Private Limited,Imperial Securities Company Pvt. Ltd.,300,281.0,84300.0,2025-07-15 13:38:15.884021
2025-07-15,33844,2025071505006110,NIFRA,Sweta Securities Private Limited,Capital Max Securities Ltd,64,281.0,17984.0,2025-07-15 13:38:23.892997
2025-07-15,33437,2025071505006172,NIFRA,Sri Hari Securities Pvt. Ltd.,Shree Krishna Securities Ltd.,40,281.9,11276.0,2025-07-15 13:40:02.372023
2025-07-15,33332,2025071505006190,NIFRA,Sani Securities Company Ltd.,Shree Krishna Securities Ltd.,50,281.9,14095.0,2025-07-15 13:40:35.356211
2025-07-15,33283,2025071505006208,NIFRA,Imperial Securities Company Pvt. Ltd.,Shree Krishna Securities Ltd.,250,281.9,70475.0,2025-07-15 13:40:50.684142
2025-07-15,33083,2025071505006245,NIFRA,Arun Securities (PVT) Ltd.,Trishakti Securities Public Limited,54,281.2,15184.8,2025-07-15 13:41:29.724047
2025-07-15,32724,2025071505006306,NIFRA,Arun Securities (PVT) Ltd.,Nagarik Stock Dealer ,200,281.2,56240.0,2025-07-15 13:42:34.487403
2025-07-15,32689,2025071505006310,NIFRA,Arun Securities (PVT) Ltd.,KALASH STOCK MARKET PVT. LTD.,64,281.2,17996.8,2025-07-15 13:42:46.796109
2025-07-15,32535,2025071505006364,NIFRA,Arun Securities (PVT) Ltd.,Sumeru Securities Pvt. Ltd.,628,281.2,176593.6,2025-07-15 13:43:30.080155
2025-07-15,32534,2025071505006365,NIFRA,Nepal Stock House (PVT) Ltd.,Sumeru Securities Pvt. Ltd.,372,281.1,104569.2,2025-07-15 13:43:30.080244
2025-07-15,32477,2025071505006376,NIFRA,Arun Securities (PVT) Ltd.,Opal Securities Investment (PVT) Ltd.,500,281.8,140900.0,2025-07-15 13:43:46.236303
2025-07-15,32371,2025071505006385,NIFRA,Dipshikha Dhitopatra Karobar Co. Pvt Ltd.,Shree Krishna Securities Ltd.,50,281.9,14095.0,2025-07-15 13:44:05.188730
2025-07-15,31918,2025071505006459,NIFRA,Dipshikha Dhitopatra Karobar Co. Pvt Ltd.,Shree Krishna Securities Ltd.,190,281.9,53561.0,2025-07-15 13:45:38.932257
2025-07-15,31917,2025071505006460,NIFRA,Dipshikha Dhitopatra Karobar Co. Pvt Ltd.,Trishakti Securities Public Limited,110,281.9,31009.0,2025-07-15 13:45:38.932653
2025-07-15,31779,2025071505006485,NIFRA,Cristal Kanchanjanga Securites Pvt. Ltd.,Kumari Securities Private Limited,10,281.8,2818.0,2025-07-15 13:46:15.900100
2025-07-15,31687,2025071505006495,NIFRA,Arun Securities (PVT) Ltd.,Kumari Securities Private Limited,490,281.8,138082.0,2025-07-15 13:46:43.028677
2025-07-15,31686,2025071505006496,NIFRA,Arun Securities (PVT) Ltd.,Trishakti Securities Public Limited,10,281.9,2819.0,2025-07-15 13:46:43.029085
2025-07-15,31579,2025071505006503,NIFRA,Shree Krishna Securities Ltd.,Trisul Securities & Invt. Ltd.,54,281.5,15201.0,2025-07-15 13:47:01.766989
2025-07-15,31572,2025071505006504,NIFRA,Aryatara Investment & Securities,Trishakti Securities Public Limited,399,281.9,112478.1,2025-07-15 13:47:04.864441
2025-07-15,31571,2025071505006505,NIFRA,Aryatara Investment & Securities,J.F. Securites (PVT) Ltd.,64,282.0,18048.0,2025-07-15 13:47:04.865214
2025-07-15,31570,2025071505006506,NIFRA,Aryatara Investment & Securities,Opal Securities Investment (PVT) Ltd.,37,282.0,10434.0,2025-07-15 13:47:04.865708
2025-07-15,31315,2025071505006548,NIFRA,Stoxkarts Securities Limited,Opal Securities Investment (PVT) Ltd.,463,282.0,130566.0,2025-07-15 13:48:11.147266
2025-07-15,31314,2025071505006549,NIFRA,Stoxkarts Securities Limited,Kohinoor Investment & Securities Pvt. Ltd.,200,282.0,56400.0,2025-07-15 13:48:11.147660
2025-07-15,31313,2025071505006550,NIFRA,Stoxkarts Securities Limited,Siprabi Securities Pvt. Ltd.,54,282.0,15228.0,2025-07-15 13:48:11.147820
2025-07-15,31312,2025071505006551,NIFRA,Stoxkarts Securities Limited,Naasa Securities Co. Ltd.,64,282.0,18048.0,2025-07-15 13:48:11.147975
2025-07-15,31311,2025071505006552,NIFRA,Stoxkarts Securities Limited,Deevyaa Securities & Stock House Pvt. Ltd,48,282.0,13536.0,2025-07-15 13:48:11.148137
2025-07-15,31310,2025071505006553,NIFRA,Stoxkarts Securities Limited,Imperial Securities Company Pvt. Ltd.,64,282.0,18048.0,2025-07-15 13:48:11.148293
2025-07-15,31309,2025071505006554,NIFRA,Stoxkarts Securities Limited,Siprabi Securities Pvt. Ltd.,64,282.0,18048.0,2025-07-15 13:48:11.148455
2025-07-15,31308,2025071505006555,NIFRA,Stoxkarts Securities Limited,Sundhara Securities Limited,43,282.0,12126.0,2025-07-15 13:48:11.148613
2025-07-15,31281,2025071505006558,NIFRA,Ashutosh Brokerage & Securities (PVT) Ltd.,Cristal Kanchanjanga Securites Pvt. Ltd.,200,281.6,56320.0,2025-07-15 13:48:16.486495
2025-07-15,31280,2025071505006559,NIFRA,Shree Krishna Securities Ltd.,Cristal Kanchanjanga Securites Pvt. Ltd.,246,281.5,69249.0,2025-07-15 13:48:16.486896
2025-07-15,31279,2025071505006560,NIFRA,Naasa Securities Co. Ltd.,Cristal Kanchanjanga Securites Pvt. Ltd.,20,281.5,5630.0,2025-07-15 13:48:16.487057
2025-07-15,31278,2025071505006561,NIFRA,Naasa Securities Co. Ltd.,Cristal Kanchanjanga Securites Pvt. Ltd.,34,281.5,9571.0,2025-07-15 13:48:16.487212
2025-07-15,30853,2025071505006616,NIFRA,Dipshikha Dhitopatra Karobar Co. Pvt Ltd.,Nepal Investment And Securities Trading Private Limited,54,281.3,15190.2,2025-07-15 13:49:57.082413
2025-07-15,30610,2025071505006659,NIFRA,Swarna Laxmi Securities Pvt. Ltd.,Creative Securities Pvt Ltd,64,281.4,18009.6,2025-07-15 13:50:50.970159
2025-07-15,30604,2025071505006660,NIFRA,Swarna Laxmi Securities Pvt. Ltd.,Naasa Securities Co. Ltd.,250,281.4,70350.0,2025-07-15 13:50:53.638410
2025-07-15,30043,2025071505006774,NIFRA,Swarna Laxmi Securities Pvt. Ltd.,Linch Stock Market Ltd.,24,281.4,6753.6,2025-07-15 13:53:29.662487
2025-07-15,29888,2025071505006795,NIFRA,Swarna Laxmi Securities Pvt. Ltd.,Vision Securities Pvt. Ltd,64,281.4,18009.6,2025-07-15 13:54:10.887364
2025-07-15,28939,2025071505006948,NIFRA,Capital Hub P. Ltd,Aryatara Investment & Securities,320,281.9,90208.0,2025-07-15 13:58:04.189877
2025-07-15,28777,2025071505006964,NIFRA,Kumari Securities Private Limited,Sundhara Securities Limited,22,282.0,6204.0,2025-07-15 13:58:44.618489
2025-07-15,28776,2025071505006965,NIFRA,Kumari Securities Private Limited,Primo Securities (PVT) Ltd.,478,282.0,134796.0,2025-07-15 13:58:44.618948
2025-07-15,28503,2025071505007006,NIFRA,Capital Hub P. Ltd,Primo Securities (PVT) Ltd.,22,282.0,6204.0,2025-07-15 13:59:45.541338
2025-07-15,28499,2025071505007007,NIFRA,Swarna Laxmi Securities Pvt. Ltd.,Deevyaa Securities & Stock House Pvt. Ltd,54,282.0,15228.0,2025-07-15 13:59:46.108764
2025-07-15,28498,2025071505007008,NIFRA,Swarna Laxmi Securities Pvt. Ltd.,Imperial Securities Company Pvt. Ltd.,10,282.0,2820.0,2025-07-15 13:59:46.109174
2025-07-15,28497,2025071505007009,NIFRA,Swarna Laxmi Securities Pvt. Ltd.,Sundhara Securities Limited,14,282.0,3948.0,2025-07-15 13:59:46.109359
2025-07-15,28496,2025071505007010,NIFRA,Swarna Laxmi Securities Pvt. Ltd.,Sri Hari Securities Pvt. Ltd.,108,282.0,30456.0,2025-07-15 13:59:46.109522
2025-07-15,28495,2025071505007011,NIFRA,Swarna Laxmi Securities Pvt. Ltd.,Vision Securities Pvt. Ltd,108,282.0,30456.0,2025-07-15 13:59:46.109693
2025-07-15,28494,2025071505007012,NIFRA,Swarna Laxmi Securities Pvt. Ltd.,Vision Securities Pvt. Ltd,34,282.0,9588.0,2025-07-15 13:59:46.109870
2025-07-15,28367,2025071505007062,NIFRA,Capital Hub P. Ltd,Trishakti Securities Public Limited,54,281.6,15206.4,2025-07-15 14:00:13.358879
2025-07-15,28109,2025071505007106,NIFRA,Imperial Securities Company Pvt. Ltd.,Deevyaa Securities & Stock House Pvt. Ltd,10,281.7,2817.0,2025-07-15 14:01:14.235853
2025-07-15,28108,2025071505007107,NIFRA,Capital Hub P. Ltd,Deevyaa Securities & Stock House Pvt. Ltd,446,281.6,125593.6,2025-07-15 14:01:14.236658
2025-07-15,28107,2025071505007108,NIFRA,Nepal Investment And Securities Trading Private Limited,Deevyaa Securities & Stock House Pvt. Ltd,200,281.5,56300.0,2025-07-15 14:01:14.237204
2025-07-15,28106,2025071505007109,NIFRA,Dipshikha Dhitopatra Karobar Co. Pvt Ltd.,Deevyaa Securities & Stock House Pvt. Ltd,246,281.3,69199.8,2025-07-15 14:01:14.237738
2025-07-15,28105,2025071505007110,NIFRA,Creative Securities Pvt Ltd,Deevyaa Securities & Stock House Pvt. Ltd,200,281.3,56260.0,2025-07-15 14:01:14.238374
2025-07-15,28104,2025071505007111,NIFRA,Sani Securities Company Ltd.,Deevyaa Securities & Stock House Pvt. Ltd,392,281.2,110230.4,2025-07-15 14:01:14.239015
2025-07-15,28103,2025071505007112,NIFRA,Agrawal Securities (PVT) Ltd.,Deevyaa Securities & Stock House Pvt. Ltd,35,281.2,9842.0,2025-07-15 14:01:14.239670
2025-07-15,28102,2025071505007113,NIFRA,Creative Securities Pvt Ltd,Deevyaa Securities & Stock House Pvt. Ltd,200,281.2,56240.0,2025-07-15 14:01:14.240270
2025-07-15,28101,2025071505007114,NIFRA,Sweta Securities Private Limited,Deevyaa Securities & Stock House Pvt. Ltd,636,281.2,178843.2,2025-07-15 14:01:14.241065
2025-07-15,28100,2025071505007115,NIFRA,Nepal Stock House (PVT) Ltd.,Deevyaa Securities & Stock House Pvt. Ltd,278,281.1,78145.8,2025-07-15 14:01:14.241813
2025-07-15,28099,2025071505007116,NIFRA,Aryatara Investment & Securities,Deevyaa Securities & Stock House Pvt. Ltd,2000,281.1,562200.0,2025-07-15 14:01:14.242527
2025-07-15,28098,2025071505007117,NIFRA,Creative Securities Pvt Ltd,Deevyaa Securities & Stock House Pvt. Ltd,200,281.1,56220.0,2025-07-15 14:01:14.243226
2025-07-15,28097,2025071505007118,NIFRA,Nepal Investment And Securities Trading Private Limited,Deevyaa Securities & Stock House Pvt. Ltd,157,281.0,44117.0,2025-07-15 14:01:14.243868
2025-07-15,27994,2025071505007134,NIFRA,Indira securities pvt. ltd,Vision Securities Pvt. Ltd,10,282.0,2820.0,2025-07-15 14:01:40.424307
2025-07-15,27859,2025071505007150,NIFRA,Nepal Investment And Securities Trading Private Limited,KALASH STOCK MARKET PVT. LTD.,54,281.0,15174.0,2025-07-15 14:02:06.089619
2025-07-15,27639,2025071505007177,NIFRA,Nepal Investment And Securities Trading Private Limited,Sani Securities Company Ltd.,54,281.0,15174.0,2025-07-15 14:02:58.046811
2025-07-15,27320,2025071505007236,NIFRA,Midas Stock Broking Company Private Limited,ABC Securities Private Limited,54,281.2,15184.8,2025-07-15 14:04:13.953604
2025-07-15,27207,2025071505007241,NIFRA,J.F. Securites (PVT) Ltd.,Nagarik Stock Dealer ,50,281.4,14070.0,2025-07-15 14:04:38.430472
2025-07-15,27080,2025071505007261,NIFRA,Nepal Investment And Securities Trading Private Limited,Sharepro Securities Private Limited,735,281.0,206535.0,2025-07-15 14:05:10.320584
2025-07-15,27079,2025071505007262,NIFRA,Sani Securities Company Ltd.,Sharepro Securities Private Limited,50,281.0,14050.0,2025-07-15 14:05:10.321001
2025-07-15,27078,2025071505007263,NIFRA,Aryatara Investment & Securities,Sharepro Securities Private Limited,180,281.0,50580.0,2025-07-15 14:05:10.321174
2025-07-15,27077,2025071505007264,NIFRA,South Asian Bulls Pvt. Ltd.,Sharepro Securities Private Limited,1000,281.0,281000.0,2025-07-15 14:05:10.321371
2025-07-15,27076,2025071505007265,NIFRA,Vision Securities Pvt. Ltd,Sharepro Securities Private Limited,200,281.0,56200.0,2025-07-15 14:05:10.321543
2025-07-15,27075,2025071505007266,NIFRA,Aryatara Investment & Securities,Sharepro Securities Private Limited,200,281.0,56200.0,2025-07-15 14:05:10.321722
2025-07-15,27074,2025071505007267,NIFRA,Opal Securities Investment (PVT) Ltd.,Sharepro Securities Private Limited,2000,281.0,562000.0,2025-07-15 14:05:10.321899
2025-07-15,27073,2025071505007268,NIFRA,Secured Securities Ltd.,Sharepro Securities Private Limited,500,281.0,140500.0,2025-07-15 14:05:10.322084
2025-07-15,27072,2025071505007269,NIFRA,ABC Securities Private Limited,Sharepro Securities Private Limited,100,281.0,28100.0,2025-07-15 14:05:10.469139
2025-07-15,26922,2025071505007298,NIFRA,Shree Krishna Securities Ltd.,Property Wiard Limited,64,280.9,17977.6,2025-07-15 14:05:49.413206
2025-07-15,26294,2025071505007420,NIFRA,Shree Krishna Securities Ltd.,Vision Securities Pvt. Ltd,21,280.9,5898.9,2025-07-15 14:08:16.872540
2025-07-15,26220,2025071505007425,NIFRA,Vision Securities Pvt. Ltd,Sharepro Securities Private Limited,35,281.0,9835.0,2025-07-15 14:08:41.160772
2025-07-15,25748,2025071505007525,NIFRA,Vision Securities Pvt. Ltd,Imperial Securities Company Pvt. Ltd.,300,281.0,84300.0,2025-07-15 14:10:15.883824
2025-07-15,25602,2025071505007547,NIFRA,Vision Securities Pvt. Ltd,Online Securities Pvt. Ltd.,64,281.0,17984.0,2025-07-15 14:10:52.996275
2025-07-15,25319,2025071505007599,NIFRA,Vision Securities Pvt. Ltd,Neev Securities Pvt. Ltd.,64,281.0,17984.0,2025-07-15 14:11:53.118980
2025-07-15,25048,2025071505007619,NIFRA,Nepal Investment And Securities Trading Private Limited,Nagarik Stock Dealer ,10,281.4,2814.0,2025-07-15 14:12:35.498212
2025-07-15,25025,2025071505007630,NIFRA,Sewa Securities Pvt. Ltd.,Dynamic Money Managers Securities Pvt. Ltd.,2,280.0,560.0,2025-07-15 14:12:39.296419
2025-07-15,24823,2025071505007646,NIFRA,Vision Securities Pvt. Ltd,ABC Securities Private Limited,37,281.0,10397.0,2025-07-15 14:13:13.785208
2025-07-15,24822,2025071505007647,NIFRA,Shree Krishna Securities Ltd.,ABC Securities Private Limited,15,280.9,4213.5,2025-07-15 14:13:13.785758
2025-07-15,24821,2025071505007648,NIFRA,Naasa Securities Co. Ltd.,ABC Securities Private Limited,12,280.8,3369.6,2025-07-15 14:13:13.786054
2025-07-15,24505,2025071505007681,NIFRA,Naasa Securities Co. Ltd.,Vision Securities Pvt. Ltd,48,280.8,13478.4,2025-07-15 14:14:03.927744
2025-07-15,24348,2025071505007703,NIFRA,Midas Stock Broking Company Private Limited,Malla & Malla Stock Broking Company Pvt. Limited,64,280.6,17958.4,2025-07-15 14:14:33.026262
2025-07-15,24073,2025071505007741,NIFRA,ABC Securities Private Limited,Investment Management Nepal Pvt. Ltd.,128,281.0,35968.0,2025-07-15 14:15:15.860207
2025-07-15,24072,2025071505007742,NIFRA,ABC Securities Private Limited,Sundhara Securities Limited,10,281.0,2810.0,2025-07-15 14:15:15.860581
2025-07-15,24071,2025071505007743,NIFRA,ABC Securities Private Limited,Kohinoor Investment & Securities Pvt. Ltd.,10,281.0,2810.0,2025-07-15 14:15:15.860753
2025-07-15,24070,2025071505007744,NIFRA,ABC Securities Private Limited,Nagarik Stock Dealer ,179,281.4,50370.6,2025-07-15 14:15:15.860925
2025-07-15,24069,2025071505007745,NIFRA,ABC Securities Private Limited,Sundhara Securities Limited,10,281.5,2815.0,2025-07-15 14:15:15.861101
2025-07-15,24068,2025071505007746,NIFRA,ABC Securities Private Limited,Midas Stock Broking Company Private Limited,54,281.9,15222.6,2025-07-15 14:15:15.861269
2025-07-15,24067,2025071505007747,NIFRA,ABC Securities Private Limited,ABC Securities Private Limited,25,281.9,7047.5,2025-07-15 14:15:15.861440
2025-07-15,24066,2025071505007748,NIFRA,ABC Securities Private Limited,Oxford Securities Pvt. Ltd.,100,281.9,28190.0,2025-07-15 14:15:15.861607
2025-07-15,24065,2025071505007749,NIFRA,ABC Securities Private Limited,MILKY WAY SHARE BROKER COMPANY LTD ,984,281.9,277389.6,2025-07-15 14:15:15.861793
2025-07-15,23362,2025071505007875,NIFRA,Siprabi Securities Pvt. Ltd.,Kalika Securities Pvt. Ltd.,54,280.7,15157.8,2025-07-15 14:17:34.739184
2025-07-15,23019,2025071505007917,NIFRA,Linch Stock Market Ltd.,Kumari Securities Private Limited,100,280.8,28080.0,2025-07-15 14:18:49.087112
2025-07-15,22973,2025071505007925,NIFRA,Sani Securities Company Ltd.,Opal Securities Investment (PVT) Ltd.,102,281.0,28662.0,2025-07-15 14:18:58.019942
2025-07-15,22680,2025071505007972,NIFRA,Sani Securities Company Ltd.,Malla & Malla Stock Broking Company Pvt. Limited,18,281.0,5058.0,2025-07-15 14:20:00.659587
2025-07-15,22361,2025071505008019,NIFRA,Deevyaa Securities & Stock House Pvt. Ltd,Infinity Securities Limited,102,281.0,28662.0,2025-07-15 14:21:03.770990
2025-07-15,22208,2025071505008056,NIFRA,Online Securities Pvt. Ltd.,Nepal Stock House (PVT) Ltd.,500,280.9,140450.0,2025-07-15 14:21:35.633301
2025-07-15,22141,2025071505008061,NIFRA,Linch Stock Market Ltd.,Infinity Securities Limited,900,280.8,252720.0,2025-07-15 14:21:52.913205
2025-07-15,22140,2025071505008062,NIFRA,Imperial Securities Company Pvt. Ltd.,Infinity Securities Limited,55,280.8,15444.0,2025-07-15 14:21:52.914124
2025-07-15,22087,2025071505008068,NIFRA,Siprabi Securities Pvt. Ltd.,Creative Securities Pvt Ltd,54,280.7,15157.8,2025-07-15 14:22:04.206622
2025-07-15,22040,2025071505008072,NIFRA,ABC Securities Private Limited,Infinity Securities Limited,1243,280.8,349034.4,2025-07-15 14:22:15.909665
2025-07-15,22039,2025071505008073,NIFRA,ABC Securities Private Limited,Nepal Stock House (PVT) Ltd.,300,280.9,84270.0,2025-07-15 14:22:15.910599
2025-07-15,22038,2025071505008074,NIFRA,ABC Securities Private Limited,Aryatara Investment & Securities,362,280.9,101685.8,2025-07-15 14:22:15.911190
2025-07-15,22027,2025071505008075,NIFRA,ABC Securities Private Limited,Imperial Securities Company Pvt. Ltd.,14,281.0,3934.0,2025-07-15 14:22:16.594239
2025-07-15,21827,2025071505008093,NIFRA,Midas Stock Broking Company Private Limited,Kohinoor Investment & Securities Pvt. Ltd.,555,281.8,156399.0,2025-07-15 14:23:01.035295
2025-07-15,21767,2025071505008114,NIFRA,Dakshinkali Investment & Securities Pvt. Ltd.,Kohinoor Investment & Securities Pvt. Ltd.,360,281.8,101448.0,2025-07-15 14:23:13.113236
2025-07-15,21361,2025071505008150,NIFRA,ABC Securities Private Limited,Siprabi Securities Pvt. Ltd.,10,281.0,2810.0,2025-07-15 14:24:14.244996
2025-07-15,21136,2025071505008171,NIFRA,ABC Securities Private Limited,Midas Stock Broking Company Private Limited,71,281.0,19951.0,2025-07-15 14:24:49.603877
2025-07-15,21135,2025071505008172,NIFRA,Capital Hub P. Ltd,Midas Stock Broking Company Private Limited,10,281.0,2810.0,2025-07-15 14:24:49.604417
2025-07-15,21134,2025071505008173,NIFRA,Online Securities Pvt. Ltd.,Midas Stock Broking Company Private Limited,10,281.0,2810.0,2025-07-15 14:24:49.604736
2025-07-15,21133,2025071505008174,NIFRA,Siprabi Securities Pvt. Ltd.,Midas Stock Broking Company Private Limited,392,280.7,110034.4,2025-07-15 14:24:49.604994
2025-07-15,21132,2025071505008175,NIFRA,Midas Stock Broking Company Private Limited,Midas Stock Broking Company Private Limited,17,280.6,4770.2,2025-07-15 14:24:49.605258
2025-07-15,20354,2025071505008251,NIFRA,Sundhara Securities Limited,Nepal Stock House (PVT) Ltd.,54,280.7,15157.8,2025-07-15 14:26:50.770182
2025-07-15,19990,2025071505008285,NIFRA,Cristal Kanchanjanga Securites Pvt. Ltd.,Kohinoor Investment & Securities Pvt. Ltd.,1000,281.0,281000.0,2025-07-15 14:27:32.939161
2025-07-15,19979,2025071505008290,NIFRA,Swarna Laxmi Securities Pvt. Ltd.,Kohinoor Investment & Securities Pvt. Ltd.,80,281.0,22480.0,2025-07-15 14:27:35.027640
2025-07-15,19954,2025071505008291,NIFRA,Swarna Laxmi Securities Pvt. Ltd.,Nabil Stock Dealer Ltd.,54,281.0,15174.0,2025-07-15 14:27:38.641891
2025-07-15,19767,2025071505008315,NIFRA,Swarna Laxmi Securities Pvt. Ltd.,Creative Securities Pvt Ltd,54,281.0,15174.0,2025-07-15 14:28:14.543638
2025-07-15,19714,2025071505008321,NIFRA,Swarna Laxmi Securities Pvt. Ltd.,Sunrise Securities Limited,547,281.0,153707.0,2025-07-15 14:28:27.527681
2025-07-15,19713,2025071505008322,NIFRA,Dynamic Money Managers Securities Pvt. Ltd.,Sunrise Securities Limited,453,281.0,127293.0,2025-07-15 14:28:27.528159
2025-07-15,19564,2025071505008340,NIFRA,Dynamic Money Managers Securities Pvt. Ltd.,Sharepro Securities Private Limited,47,281.0,13207.0,2025-07-15 14:28:51.165191
2025-07-15,19563,2025071505008341,NIFRA,Midas Stock Broking Company Private Limited,Sharepro Securities Private Limited,500,281.0,140500.0,2025-07-15 14:28:51.165652
2025-07-15,19427,2025071505008355,NIFRA,Imperial Securities Company Pvt. Ltd.,Sharepro Securities Private Limited,131,281.0,36811.0,2025-07-15 14:29:13.166332
2025-07-15,19062,2025071505008452,NIFRA,Naasa Securities Co. Ltd.,Sharepro Securities Private Limited,322,281.0,90482.0,2025-07-15 14:30:06.762513
2025-07-15,19061,2025071505008453,NIFRA,Naasa Securities Co. Ltd.,Primo Securities (PVT) Ltd.,64,281.0,17984.0,2025-07-15 14:30:06.763309
2025-07-15,18829,2025071505008474,NIFRA,Naasa Securities Co. Ltd.,J.F. Securites (PVT) Ltd.,54,281.0,15174.0,2025-07-15 14:30:47.552451
2025-07-15,18600,2025071505008507,NIFRA,Naasa Securities Co. Ltd.,Nepal Stock House (PVT) Ltd.,54,281.0,15174.0,2025-07-15 14:31:26.119386
2025-07-15,18599,2025071505008508,NIFRA,Naasa Securities Co. Ltd.,Imperial Securities Company Pvt. Ltd.,6,281.0,1686.0,2025-07-15 14:31:26.119590
2025-07-15,18490,2025071505008518,NIFRA,Sajilo Broker Limited,Neev Securities Pvt. Ltd.,50,281.0,14050.0,2025-07-15 14:31:40.684711
2025-07-15,18443,2025071505008524,NIFRA,Sajilo Broker Limited,Neev Securities Pvt. Ltd.,50,281.0,14050.0,2025-07-15 14:31:48.981494
2025-07-15,18403,2025071505008540,NIFRA,BHOLE GANESH SECURITIES LTD,Neev Securities Pvt. Ltd.,29,281.0,8149.0,2025-07-15 14:31:53.278991
2025-07-15,18402,2025071505008541,NIFRA,BHOLE GANESH SECURITIES LTD,Investment Management Nepal Pvt. Ltd.,171,281.6,48153.6,2025-07-15 14:31:53.279140
2025-07-15,18177,2025071505008558,NIFRA,Trishakti Securities Public Limited,Investment Management Nepal Pvt. Ltd.,500,281.6,140800.0,2025-07-15 14:32:31.486565
2025-07-15,18135,2025071505008567,NIFRA,Sajilo Broker Limited,Kohinoor Investment & Securities Pvt. Ltd.,10,281.0,2810.0,2025-07-15 14:32:38.000529
2025-07-15,18049,2025071505008579,NIFRA,Naasa Securities Co. Ltd.,Dipshikha Dhitopatra Karobar Co. Pvt Ltd.,10,281.5,2815.0,2025-07-15 14:32:51.502898
2025-07-15,17925,2025071505008596,NIFRA,Sajilo Broker Limited,Bhrikuti Stock Broking Co. Pvt. Ltd.,40,281.0,11240.0,2025-07-15 14:33:07.203603
2025-07-15,17924,2025071505008597,NIFRA,Capital Max Securities Ltd,Bhrikuti Stock Broking Co. Pvt. Ltd.,14,281.0,3934.0,2025-07-15 14:33:07.204483
2025-07-15,17839,2025071505008614,NIFRA,Capital Max Securities Ltd,Sundhara Securities Limited,300,281.0,84300.0,2025-07-15 14:33:17.190584
2025-07-15,17798,2025071505008619,NIFRA,Capital Max Securities Ltd,Kohinoor Investment & Securities Pvt. Ltd.,36,281.0,10116.0,2025-07-15 14:33:23.316729
2025-07-15,17728,2025071505008629,NIFRA,Elite Stock House Limited,Aryatara Investment & Securities,100,281.4,28140.0,2025-07-15 14:33:28.420055
2025-07-15,17727,2025071505008630,NIFRA,Elite Stock House Limited,Dipshikha Dhitopatra Karobar Co. Pvt Ltd.,490,281.5,137935.0,2025-07-15 14:33:28.420474
2025-07-15,17726,2025071505008631,NIFRA,Elite Stock House Limited,Aryatara Investment & Securities,200,281.5,56300.0,2025-07-15 14:33:28.420664
2025-07-15,17611,2025071505008651,NIFRA,Elite Stock House Limited,Premier Securities Company Ltd.,54,281.5,15201.0,2025-07-15 14:33:45.092287
2025-07-15,17444,2025071505008665,NIFRA,Sajilo Broker Limited,Investment Management Nepal Pvt. Ltd.,200,281.6,56320.0,2025-07-15 14:34:07.386713
2025-07-15,17227,2025071505008688,NIFRA,Elite Stock House Limited,Sri Hari Securities Pvt. Ltd.,108,281.5,30402.0,2025-07-15 14:34:40.211460
2025-07-15,17033,2025071505008715,NIFRA,Capital Max Securities Ltd,Sharepro Securities Private Limited,650,281.7,183105.0,2025-07-15 14:35:11.996973
2025-07-15,16853,2025071505008740,NIFRA,Elite Stock House Limited,Nabil Stock Dealer Ltd.,54,281.5,15201.0,2025-07-15 14:35:49.008939
2025-07-15,16851,2025071505008742,NIFRA,Elite Stock House Limited,Aryatara Investment & Securities,240,281.5,67560.0,2025-07-15 14:35:49.321302
2025-07-15,16761,2025071505008764,NIFRA,Elite Stock House Limited,MILKY WAY SHARE BROKER COMPANY LTD ,700,281.5,197050.0,2025-07-15 14:35:59.874306
2025-07-15,16760,2025071505008765,NIFRA,Asian Securities Private Ltd.,MILKY WAY SHARE BROKER COMPANY LTD ,316,281.0,88796.0,2025-07-15 14:35:59.875153
2025-07-15,16720,2025071505008772,NIFRA,Secured Securities Ltd.,Sharepro Securities Private Limited,350,281.7,98595.0,2025-07-15 14:36:02.798765
2025-07-15,16719,2025071505008773,NIFRA,Secured Securities Ltd.,Global IME Securities Limited,100,281.7,28170.0,2025-07-15 14:36:02.799164
2025-07-15,15994,2025071505008820,NIFRA,Vision Securities Pvt. Ltd,Vision Securities Pvt. Ltd,40,281.1,11244.0,2025-07-15 14:37:31.754068
2025-07-15,15627,2025071505008886,NIFRA,Vision Securities Pvt. Ltd,Dipshikha Dhitopatra Karobar Co. Pvt Ltd.,14,281.1,3935.4,2025-07-15 14:38:20.717603
2025-07-15,15305,2025071505008940,NIFRA,Vision Securities Pvt. Ltd,Oxford Securities Pvt. Ltd.,146,281.1,41040.6,2025-07-15 14:39:16.995330
2025-07-15,15304,2025071505008941,NIFRA,Asian Securities Private Ltd.,Oxford Securities Pvt. Ltd.,184,281.0,51704.0,2025-07-15 14:39:16.995767
2025-07-15,15303,2025071505008942,NIFRA,Siprabi Securities Pvt. Ltd.,Oxford Securities Pvt. Ltd.,50,281.0,14050.0,2025-07-15 14:39:16.995985
2025-07-15,15302,2025071505008943,NIFRA,Himalayan Brokerage Company Limited,Oxford Securities Pvt. Ltd.,200,281.0,56200.0,2025-07-15 14:39:16.996185
2025-07-15,15301,2025071505008944,NIFRA,Sani Securities Company Ltd.,Oxford Securities Pvt. Ltd.,420,281.0,118020.0,2025-07-15 14:39:16.996388
2025-07-15,15277,2025071505008945,NIFRA,Sani Securities Company Ltd.,J.F. Securites (PVT) Ltd.,50,281.0,14050.0,2025-07-15 14:39:20.102567
2025-07-15,15205,2025071505008957,NIFRA,Sani Securities Company Ltd.,Sundhara Securities Limited,108,281.0,30348.0,2025-07-15 14:39:31.200786
2025-07-15,15188,2025071505008962,NIFRA,Sani Securities Company Ltd.,Oxford Securities Pvt. Ltd.,122,281.0,34282.0,2025-07-15 14:39:34.089498
2025-07-15,15187,2025071505008963,NIFRA,Sri Hari Securities Pvt. Ltd.,Oxford Securities Pvt. Ltd.,878,281.0,246718.0,2025-07-15 14:39:34.089939
2025-07-15,15147,2025071505008964,NIFRA,Sri Hari Securities Pvt. Ltd.,Online Securities Pvt. Ltd.,100,281.0,28100.0,2025-07-15 14:39:38.524963
2025-07-15,14686,2025071505009020,NIFRA,South Asian Bulls Pvt. Ltd.,Naasa Securities Co. Ltd.,1000,281.2,281200.0,2025-07-15 14:40:47.529078
2025-07-15,13678,2025071505009167,NIFRA,ABC Securities Private Limited,Sharepro Securities Private Limited,28,281.4,7879.2,2025-07-15 14:43:05.804050
2025-07-15,13677,2025071505009168,NIFRA,Sri Hari Securities Pvt. Ltd.,Sharepro Securities Private Limited,22,281.2,6186.4,2025-07-15 14:43:05.804896
2025-07-15,13676,2025071505009169,NIFRA,Sani Securities Company Ltd.,Sharepro Securities Private Limited,650,281.2,182780.0,2025-07-15 14:43:05.805486
2025-07-15,13675,2025071505009170,NIFRA,Kalika Securities Pvt. Ltd.,Sharepro Securities Private Limited,350,281.1,98385.0,2025-07-15 14:43:05.806038
2025-07-15,13674,2025071505009171,NIFRA,Vision Securities Pvt. Ltd,Sharepro Securities Private Limited,400,281.0,112400.0,2025-07-15 14:43:05.806604
2025-07-15,13673,2025071505009172,NIFRA,Nepal Stock House (PVT) Ltd.,Sharepro Securities Private Limited,102,281.0,28662.0,2025-07-15 14:43:05.807163
2025-07-15,13672,2025071505009173,NIFRA,Sri Hari Securities Pvt. Ltd.,Sharepro Securities Private Limited,200,281.0,56200.0,2025-07-15 14:43:05.807718
2025-07-15,13671,2025071505009174,NIFRA,Siprabi Securities Pvt. Ltd.,Sharepro Securities Private Limited,50,281.0,14050.0,2025-07-15 14:43:05.808272
2025-07-15,13670,2025071505009175,NIFRA,Premier Securities Company Ltd.,Sharepro Securities Private Limited,80,281.0,22480.0,2025-07-15 14:43:05.808837
2025-07-15,13589,2025071505009190,NIFRA,Creative Securities Pvt Ltd,Sharepro Securities Private Limited,118,281.0,33158.0,2025-07-15 14:43:16.015916
2025-07-15,13565,2025071505009198,NIFRA,Creative Securities Pvt Ltd,Online Securities Pvt. Ltd.,54,281.0,15174.0,2025-07-15 14:43:19.646419
2025-07-15,13273,2025071505009251,NIFRA,Trisul Securities & Invt. Ltd.,Naasa Securities Co. Ltd.,10,281.5,2815.0,2025-07-15 14:44:10.545282
2025-07-15,13025,2025071505009279,NIFRA,Sundhara Securities Limited,Naasa Securities Co. Ltd.,44,281.5,12386.0,2025-07-15 14:44:42.843659
2025-07-15,13024,2025071505009280,NIFRA,Sundhara Securities Limited,Investment Management Nepal Pvt. Ltd.,629,281.7,177189.3,2025-07-15 14:44:42.844110
2025-07-15,12845,2025071505009370,NIFRA,Trisul Securities & Invt. Ltd.,Kohinoor Investment & Securities Pvt. Ltd.,85,281.8,23953.0,2025-07-15 14:44:52.825074
2025-07-15,12844,2025071505009371,NIFRA,Trisul Securities & Invt. Ltd.,Sharepro Securities Private Limited,915,281.8,257847.0,2025-07-15 14:44:52.825880
2025-07-15,12228,2025071505009431,NIFRA,Sundhara Securities Limited,Dipshikha Dhitopatra Karobar Co. Pvt Ltd.,64,281.7,18028.8,2025-07-15 14:45:45.729233
2025-07-15,11994,2025071505009446,NIFRA,Sundhara Securities Limited,Deevyaa Securities & Stock House Pvt. Ltd,64,281.7,18028.8,2025-07-15 14:46:09.438141
2025-07-15,11658,2025071505009506,NIFRA,Sundhara Securities Limited,Dipshikha Dhitopatra Karobar Co. Pvt Ltd.,54,281.7,15211.8,2025-07-15 14:46:50.532378
2025-07-15,11461,2025071505009539,NIFRA,Naasa Securities Co. Ltd.,Sharepro Securities Private Limited,35,281.8,9863.0,2025-07-15 14:47:14.546608
2025-07-15,11196,2025071505009632,NIFRA,Sweta Securities Private Limited,Sharepro Securities Private Limited,50,281.8,14090.0,2025-07-15 14:47:39.928233
2025-07-15,11195,2025071505009633,NIFRA,Sweta Securities Private Limited,Kohinoor Investment & Securities Pvt. Ltd.,100,281.8,28180.0,2025-07-15 14:47:39.929013
2025-07-15,10783,2025071505009688,NIFRA,SUN SECURITIES PVT LTD,Sharepro Securities Private Limited,610,281.9,171959.0,2025-07-15 14:48:23.586894
2025-07-15,10484,2025071505009729,NIFRA,Sweta Securities Private Limited,Siprabi Securities Pvt. Ltd.,35,281.8,9863.0,2025-07-15 14:48:55.850492
2025-07-15,10483,2025071505009730,NIFRA,Online Securities Pvt. Ltd.,Siprabi Securities Pvt. Ltd.,19,281.8,5354.2,2025-07-15 14:48:55.851301
2025-07-15,10126,2025071505009814,NIFRA,Creative Securities Pvt Ltd,Sharepro Securities Private Limited,390,281.9,109941.0,2025-07-15 14:49:37.654515
2025-07-15,10125,2025071505009815,NIFRA,Creative Securities Pvt Ltd,Vision Securities Pvt. Ltd,106,282.0,29892.0,2025-07-15 14:49:37.654615
2025-07-15,10124,2025071505009816,NIFRA,Creative Securities Pvt Ltd,Linch Stock Market Ltd.,12,282.0,3384.0,2025-07-15 14:49:37.654696
2025-07-15,10123,2025071505009817,NIFRA,Creative Securities Pvt Ltd,Aryatara Investment & Securities,64,282.0,18048.0,2025-07-15 14:49:37.654796
2025-07-15,10122,2025071505009818,NIFRA,Creative Securities Pvt Ltd,Sewa Securities Pvt. Ltd.,54,282.0,15228.0,2025-07-15 14:49:37.654870
2025-07-15,10121,2025071505009819,NIFRA,Creative Securities Pvt Ltd,Siprabi Securities Pvt. Ltd.,54,282.0,15228.0,2025-07-15 14:49:37.654943
2025-07-15,10120,2025071505009820,NIFRA,Creative Securities Pvt Ltd,Shree Krishna Securities Ltd.,40,282.0,11280.0,2025-07-15 14:49:37.655015
2025-07-15,10119,2025071505009821,NIFRA,Creative Securities Pvt Ltd,Sani Securities Company Ltd.,500,282.0,141000.0,2025-07-15 14:49:37.655089
2025-07-15,10118,2025071505009822,NIFRA,Creative Securities Pvt Ltd,Trisul Securities & Invt. Ltd.,40,282.0,11280.0,2025-07-15 14:49:37.655161
2025-07-15,10117,2025071505009823,NIFRA,Creative Securities Pvt Ltd,Aryatara Investment & Securities,100,282.0,28200.0,2025-07-15 14:49:37.655238
2025-07-15,10116,2025071505009824,NIFRA,Creative Securities Pvt Ltd,Naasa Securities Co. Ltd.,422,282.0,119004.0,2025-07-15 14:49:37.655339
2025-07-15,10115,2025071505009825,NIFRA,Creative Securities Pvt Ltd,Aryatara Investment & Securities,46,282.0,12972.0,2025-07-15 14:49:37.655430
2025-07-15,9762,2025071505009874,NIFRA,Creative Securities Pvt Ltd,Sagarmatha Securities Private Limited,54,281.9,15222.6,2025-07-15 14:50:11.912941
2025-07-15,9761,2025071505009875,NIFRA,Creative Securities Pvt Ltd,Naasa Securities Co. Ltd.,20,282.0,5640.0,2025-07-15 14:50:11.913041
2025-07-15,9760,2025071505009876,NIFRA,Creative Securities Pvt Ltd,Dipshikha Dhitopatra Karobar Co. Pvt Ltd.,200,282.0,56400.0,2025-07-15 14:50:11.913116
2025-07-15,9759,2025071505009877,NIFRA,Creative Securities Pvt Ltd,Elite Stock House Limited,150,282.0,42300.0,2025-07-15 14:50:11.913190
2025-07-15,9758,2025071505009878,NIFRA,Creative Securities Pvt Ltd,Citizens Share Broker Limited,500,282.0,141000.0,2025-07-15 14:50:11.913276
2025-07-15,9757,2025071505009879,NIFRA,Creative Securities Pvt Ltd,Imperial Securities Company Pvt. Ltd.,20,282.0,5640.0,2025-07-15 14:50:11.913389
2025-07-15,9756,2025071505009880,NIFRA,Creative Securities Pvt Ltd,Swarna Laxmi Securities Pvt. Ltd.,56,282.0,15792.0,2025-07-15 14:50:11.913463
2025-07-15,9718,2025071505009884,NIFRA,Online Securities Pvt. Ltd.,Online Securities Pvt. Ltd.,1481,281.8,417345.8,2025-07-15 14:50:16.544188
2025-07-15,9717,2025071505009885,NIFRA,Vision Securities Pvt. Ltd,Online Securities Pvt. Ltd.,210,281.8,59178.0,2025-07-15 14:50:16.544644
2025-07-15,9716,2025071505009886,NIFRA,Sundhara Securities Limited,Online Securities Pvt. Ltd.,91,281.7,25634.7,2025-07-15 14:50:16.544977
2025-07-15,9715,2025071505009887,NIFRA,Cristal Kanchanjanga Securites Pvt. Ltd.,Online Securities Pvt. Ltd.,20,281.4,5628.0,2025-07-15 14:50:16.545162
2025-07-15,9714,2025071505009888,NIFRA,SUN SECURITIES PVT LTD,Online Securities Pvt. Ltd.,300,281.3,84390.0,2025-07-15 14:50:16.545356
2025-07-15,9713,2025071505009889,NIFRA,Deevyaa Securities & Stock House Pvt. Ltd,Online Securities Pvt. Ltd.,200,281.1,56220.0,2025-07-15 14:50:16.545544
2025-07-15,9712,2025071505009890,NIFRA,Sri Hari Securities Pvt. Ltd.,Online Securities Pvt. Ltd.,1000,281.1,281100.0,2025-07-15 14:50:16.545731
2025-07-15,9711,2025071505009891,NIFRA,Himalayan Brokerage Company Limited,Online Securities Pvt. Ltd.,212,281.1,59593.2,2025-07-15 14:50:16.545927
2025-07-15,9710,2025071505009892,NIFRA,Opal Securities Investment (PVT) Ltd.,Online Securities Pvt. Ltd.,27,281.0,7587.0,2025-07-15 14:50:16.546096
2025-07-15,9656,2025071505009902,NIFRA,Creative Securities Pvt Ltd,Ashutosh Brokerage & Securities (PVT) Ltd.,20,282.0,5640.0,2025-07-15 14:50:23.995606
2025-07-15,9655,2025071505009903,NIFRA,Creative Securities Pvt Ltd,Sani Securities Company Ltd.,500,282.0,141000.0,2025-07-15 14:50:23.995703
2025-07-15,9654,2025071505009904,NIFRA,Creative Securities Pvt Ltd,Sundhara Securities Limited,64,282.0,18048.0,2025-07-15 14:50:23.995792
2025-07-15,9653,2025071505009905,NIFRA,Creative Securities Pvt Ltd,Linch Stock Market Ltd.,416,282.0,117312.0,2025-07-15 14:50:23.995900
2025-07-15,9363,2025071505009942,NIFRA,Opal Securities Investment (PVT) Ltd.,Naasa Securities Co. Ltd.,43,281.0,12083.0,2025-07-15 14:50:43.688522
2025-07-15,9362,2025071505009943,NIFRA,Bhrikuti Stock Broking Co. Pvt. Ltd.,Naasa Securities Co. Ltd.,21,281.0,5901.0,2025-07-15 14:50:43.688875
2025-07-15,9331,2025071505009947,NIFRA,Creative Securities Pvt Ltd,Linch Stock Market Ltd.,584,282.0,164688.0,2025-07-15 14:50:46.141542
2025-07-15,9330,2025071505009948,NIFRA,Creative Securities Pvt Ltd,Premier Securities Company Ltd.,10,282.0,2820.0,2025-07-15 14:50:46.141598
2025-07-15,9329,2025071505009949,NIFRA,Creative Securities Pvt Ltd,Thrive Brokerage House Pvt. Ltd,54,282.0,15228.0,2025-07-15 14:50:46.141629
2025-07-15,9328,2025071505009950,NIFRA,Creative Securities Pvt Ltd,Online Securities Pvt. Ltd.,54,282.0,15228.0,2025-07-15 14:50:46.141653
2025-07-15,9327,2025071505009951,NIFRA,Creative Securities Pvt Ltd,Kalika Securities Pvt. Ltd.,150,282.0,42300.0,2025-07-15 14:50:46.141689
2025-07-15,9326,2025071505009952,NIFRA,Creative Securities Pvt Ltd,Opal Securities Investment (PVT) Ltd.,148,282.0,41736.0,2025-07-15 14:50:46.141717
2025-07-15,7696,2025071505010201,NIFRA,Dipshikha Dhitopatra Karobar Co. Pvt Ltd.,Premier Securities Company Ltd.,4,276.4,1105.6,2025-07-15 14:52:48.824086
2025-07-15,7544,2025071505010215,NIFRA,Sri Hari Securities Pvt. Ltd.,Dipshikha Dhitopatra Karobar Co. Pvt Ltd.,54,281.1,15179.4,2025-07-15 14:52:58.924168
2025-07-15,6142,2025071505010419,NIFRA,Sri Hari Securities Pvt. Ltd.,Midas Stock Broking Company Private Limited,11,281.1,3092.1,2025-07-15 14:54:56.590918
2025-07-15,5975,2025071505010448,NIFRA,Sri Hari Securities Pvt. Ltd.,Nabil Stock Dealer Ltd.,10,281.1,2811.0,2025-07-15 14:55:11.740083
2025-07-15,5549,2025071505010495,NIFRA,Sweta Securities Private Limited,Nepal Stock House (PVT) Ltd.,178,281.2,50053.6,2025-07-15 14:55:42.199749
2025-07-15,5490,2025071505010504,NIFRA,Sri Hari Securities Pvt. Ltd.,Oxford Securities Pvt. Ltd.,225,281.1,63247.5,2025-07-15 14:55:48.261767
2025-07-15,5489,2025071505010505,NIFRA,Oxford Securities Pvt. Ltd.,Oxford Securities Pvt. Ltd.,500,281.1,140550.0,2025-07-15 14:55:48.262186
2025-07-15,5488,2025071505010506,NIFRA,Cristal Kanchanjanga Securites Pvt. Ltd.,Oxford Securities Pvt. Ltd.,50,281.1,14055.0,2025-07-15 14:55:48.262382
2025-07-15,5487,2025071505010507,NIFRA,Midas Stock Broking Company Private Limited,Oxford Securities Pvt. Ltd.,68,281.1,19114.8,2025-07-15 14:55:48.262550
2025-07-15,5474,2025071505010508,NIFRA,Imperial Securities Company Pvt. Ltd.,Oxford Securities Pvt. Ltd.,157,281.1,44132.7,2025-07-15 14:55:49.734737
2025-07-15,5427,2025071505010511,NIFRA,Imperial Securities Company Pvt. Ltd.,Online Securities Pvt. Ltd.,1343,281.1,377517.3,2025-07-15 14:55:52.804780
2025-07-15,5426,2025071505010512,NIFRA,Bhrikuti Stock Broking Co. Pvt. Ltd.,Online Securities Pvt. Ltd.,729,281.0,204849.0,2025-07-15 14:55:52.805217
2025-07-15,5425,2025071505010513,NIFRA,Siprabi Securities Pvt. Ltd.,Online Securities Pvt. Ltd.,50,281.0,14050.0,2025-07-15 14:55:52.805411
2025-07-15,5424,2025071505010514,NIFRA,Imperial Securities Company Pvt. Ltd.,Online Securities Pvt. Ltd.,378,281.0,106218.0,2025-07-15 14:55:52.805600
2025-07-15,5385,2025071505010520,NIFRA,Naasa Securities Co. Ltd.,Nepal Stock House (PVT) Ltd.,100,281.2,28120.0,2025-07-15 14:55:57.414359
2025-07-15,5261,2025071505010538,NIFRA,Imperial Securities Company Pvt. Ltd.,Naasa Securities Co. Ltd.,622,281.0,174782.0,2025-07-15 14:56:04.784653
2025-07-15,5260,2025071505010539,NIFRA,Premier Securities Company Ltd.,Naasa Securities Co. Ltd.,30,281.0,8430.0,2025-07-15 14:56:04.785060
2025-07-15,5259,2025071505010540,NIFRA,Sri Hari Securities Pvt. Ltd.,Naasa Securities Co. Ltd.,848,281.0,238288.0,2025-07-15 14:56:04.785255
2025-07-15,4889,2025071505010595,NIFRA,Sundhara Securities Limited,Nepal Stock House (PVT) Ltd.,300,281.2,84360.0,2025-07-15 14:56:33.071954
2025-07-15,4864,2025071505010597,NIFRA,Sri Hari Securities Pvt. Ltd.,Agrawal Securities (PVT) Ltd.,152,281.0,42712.0,2025-07-15 14:56:33.891472
2025-07-15,4863,2025071505010598,NIFRA,Sri Hari Securities Pvt. Ltd.,Agrawal Securities (PVT) Ltd.,1000,281.0,281000.0,2025-07-15 14:56:33.891881
2025-07-15,4862,2025071505010599,NIFRA,Naasa Securities Co. Ltd.,Agrawal Securities (PVT) Ltd.,55,281.0,15455.0,2025-07-15 14:56:33.892054
2025-07-15,4861,2025071505010600,NIFRA,Sani Securities Company Ltd.,Agrawal Securities (PVT) Ltd.,200,281.0,56200.0,2025-07-15 14:56:33.892228
2025-07-15,4860,2025071505010601,NIFRA,Vision Securities Pvt. Ltd,Agrawal Securities (PVT) Ltd.,14,281.0,3934.0,2025-07-15 14:56:33.892415
2025-07-15,4859,2025071505010602,NIFRA,Dipshikha Dhitopatra Karobar Co. Pvt Ltd.,Agrawal Securities (PVT) Ltd.,300,281.0,84300.0,2025-07-15 14:56:33.892580
2025-07-15,4858,2025071505010603,NIFRA,Sajilo Broker Limited,Agrawal Securities (PVT) Ltd.,279,281.0,78399.0,2025-07-15 14:56:33.892751
2025-07-15,4532,2025071505010637,NIFRA,Shree Krishna Securities Ltd.,Nepal Stock House (PVT) Ltd.,100,281.2,28120.0,2025-07-15 14:56:59.600264
2025-07-15,4188,2025071505010693,NIFRA,Siprabi Securities Pvt. Ltd.,Nepal Stock House (PVT) Ltd.,500,281.2,140600.0,2025-07-15 14:57:24.208260
2025-07-15,4109,2025071505010714,NIFRA,Sajilo Broker Limited,Premier Securities Company Ltd.,21,281.0,5901.0,2025-07-15 14:57:29.393123
2025-07-15,4108,2025071505010715,NIFRA,Sajilo Broker Limited,Premier Securities Company Ltd.,279,281.0,78399.0,2025-07-15 14:57:29.393530
2025-07-15,4107,2025071505010716,NIFRA,Sajilo Broker Limited,ABC Securities Private Limited,90,281.0,25290.0,2025-07-15 14:57:29.637568
2025-07-15,4019,2025071505010723,NIFRA,Sajilo Broker Limited,Aryatara Investment & Securities,54,281.0,15174.0,2025-07-15 14:57:37.157893
2025-07-15,3983,2025071505010732,NIFRA,Sajilo Broker Limited,Aryatara Investment & Securities,129,281.0,36249.0,2025-07-15 14:57:39.190975
2025-07-15,3792,2025071505010747,NIFRA,Sajilo Broker Limited,Kohinoor Investment & Securities Pvt. Ltd.,64,281.0,17984.0,2025-07-15 14:57:48.634721
2025-07-15,3712,2025071505010760,NIFRA,Sajilo Broker Limited,Premier Securities Company Ltd.,200,281.0,56200.0,2025-07-15 14:57:52.608813
2025-07-15,3420,2025071505010819,NIFRA,Sajilo Broker Limited,Ashutosh Brokerage & Securities (PVT) Ltd.,54,281.0,15174.0,2025-07-15 14:58:06.841909
2025-07-15,3245,2025071505010829,NIFRA,Agrawal Securities (PVT) Ltd.,Nepal Stock House (PVT) Ltd.,2822,281.2,793546.4,2025-07-15 14:58:15.617919
2025-07-15,2851,2025071505010874,NIFRA,Sajilo Broker Limited,Aryatara Investment & Securities,630,281.0,177030.0,2025-07-15 14:58:36.259558
2025-07-15,2850,2025071505010875,NIFRA,Nepal Stock House (PVT) Ltd.,Aryatara Investment & Securities,10,281.0,2810.0,2025-07-15 14:58:36.259611
2025-07-15,2772,2025071505010883,NIFRA,Nepal Stock House (PVT) Ltd.,Aryatara Investment & Securities,64,281.0,17984.0,2025-07-15 14:58:38.294790
2025-07-15,2575,2025071505010938,NIFRA,Nepal Stock House (PVT) Ltd.,Sharepro Securities Private Limited,26,281.0,7306.0,2025-07-15 14:58:46.253838
2025-07-15,2574,2025071505010939,NIFRA,Agrawal Securities (PVT) Ltd.,Sharepro Securities Private Limited,280,281.0,78680.0,2025-07-15 14:58:46.254232
2025-07-15,2354,2025071505010991,NIFRA,South Asian Bulls Pvt. Ltd.,Sharepro Securities Private Limited,694,281.0,195014.0,2025-07-15 14:58:54.822054
2025-07-15,2353,2025071505010992,NIFRA,South Asian Bulls Pvt. Ltd.,Nepal Stock House (PVT) Ltd.,306,281.2,86047.2,2025-07-15 14:58:54.822499
2025-07-15,2180,2025071505011013,NIFRA,Sri Hari Securities Pvt. Ltd.,Nepal Stock House (PVT) Ltd.,256,281.2,71987.2,2025-07-15 14:59:00.915249
2025-07-15,2013,2025071505011038,NIFRA,Agrawal Securities (PVT) Ltd.,Linch Stock Market Ltd.,10,281.0,2810.0,2025-07-15 14:59:05.723429
2025-07-15,1848,2025071505011079,NIFRA,Trishakti Securities Public Limited,Nepal Stock House (PVT) Ltd.,1000,281.2,281200.0,2025-07-15 14:59:12.469144
2025-07-15,1794,2025071505011086,NIFRA,Vision Securities Pvt. Ltd,Nepal Stock House (PVT) Ltd.,1000,281.2,281200.0,2025-07-15 14:59:14.642020
2025-07-15,615,2025071505011183,NIFRA,Naasa Securities Co. Ltd.,Nepal Stock House (PVT) Ltd.,30,281.2,8436.0,2025-07-15 14:59:45.346294
2025-07-15,611,2025071505011184,NIFRA,Cristal Kanchanjanga Securites Pvt. Ltd.,Nepal Stock House (PVT) Ltd.,50,281.2,14060.0,2025-07-15 14:59:45.454524
2025-07-15,544,2025071505011196,NIFRA,Agrawal Securities (PVT) Ltd.,Nepal Stock House (PVT) Ltd.,200,281.0,56200.0,2025-07-15 14:59:47.575660
2025-07-15,535,2025071505011197,NIFRA,Agrawal Securities (PVT) Ltd.,Sunrise Securities Limited,64,281.0,17984.0,2025-07-15 14:59:48.010089
2025-07-15,161,2025071505011245,NIFRA,Sani Securities Company Ltd.,Nepal Stock House (PVT) Ltd.,10,281.2,2812.0,2025-07-15 14:59:57.533705
