Date,S.N.,Contract ID,Symbol,Buyer Broker,Seller Broker,quantity,rate,amount,transaction_time
2025-07-15,74032,2025071504000006,SPDL,Naasa Securities Co. Ltd.,Capital Hub P. Ltd,10,404.7,4047.0,2025-07-15 10:46:00.039485
2025-07-15,74031,2025071504000007,SPDL,Naasa Securities Co. Ltd.,KALASH STOCK MARKET PVT. LTD.,236,404.7,95509.2,2025-07-15 10:46:00.039513
2025-07-15,74030,2025071504000008,SPDL,South Asian Bulls Pvt. Ltd.,KALASH STOCK MARKET PVT. LTD.,500,404.7,202350.0,2025-07-15 10:46:00.039537
2025-07-15,74029,2025071504000009,SPDL,Naasa Securities Co. Ltd.,KALASH STOCK MARKET PVT. LTD.,100,404.7,40470.0,2025-07-15 10:46:00.039563
2025-07-15,74028,2025071504000010,SPDL,Aryatara Investment & Securities,KALASH STOCK MARKET PVT. LTD.,164,404.7,66370.8,2025-07-15 10:46:00.039581
2025-07-15,73847,2025071504000080,SPDL,Online Securities Pvt. Ltd.,Vision Securities Pvt. Ltd,10,412.7,4127.0,2025-07-15 11:01:38.470867
2025-07-15,73797,2025071504000094,SPDL,Trademow Securities Private Limited,ABC Securities Private Limited,50,420.0,21000.0,2025-07-15 11:02:06.406778
2025-07-15,73718,2025071504000131,SPDL,Online Securities Pvt. Ltd.,Kohinoor Investment & Securities Pvt. Ltd.,20,419.0,8380.0,2025-07-15 11:02:49.683441
2025-07-15,73717,2025071504000132,SPDL,Online Securities Pvt. Ltd.,Dakshinkali Investment & Securities Pvt. Ltd.,300,420.0,126000.0,2025-07-15 11:02:49.683533
2025-07-15,73716,2025071504000133,SPDL,Online Securities Pvt. Ltd.,Himalayan Brokerage Company Limited,20,420.0,8400.0,2025-07-15 11:02:49.683596
2025-07-15,73715,2025071504000134,SPDL,Online Securities Pvt. Ltd.,Agrawal Securities (PVT) Ltd.,100,420.0,42000.0,2025-07-15 11:02:49.683640
2025-07-15,73714,2025071504000135,SPDL,Online Securities Pvt. Ltd.,Asian Securities Private Ltd.,500,420.0,210000.0,2025-07-15 11:02:49.683684
2025-07-15,73713,2025071504000136,SPDL,Online Securities Pvt. Ltd.,SUN SECURITIES PVT LTD,60,420.8,25248.0,2025-07-15 11:02:49.683727
2025-07-15,73639,2025071504000161,SPDL,Naasa Securities Co. Ltd.,Sani Securities Company Ltd.,10,419.0,4190.0,2025-07-15 11:03:23.026991
2025-07-15,73636,2025071504000163,SPDL,Secured Securities Ltd.,Sani Securities Company Ltd.,12,419.0,5028.0,2025-07-15 11:03:24.414486
2025-07-15,73531,2025071504000208,SPDL,Online Securities Pvt. Ltd.,Sweta Securities Private Limited,200,415.0,83000.0,2025-07-15 11:04:01.057382
2025-07-15,73528,2025071504000211,SPDL,Kohinoor Investment & Securities Pvt. Ltd.,Deevyaa Securities & Stock House Pvt. Ltd,40,417.9,16716.0,2025-07-15 11:04:02.836477
2025-07-15,73510,2025071504000218,SPDL,Asian Securities Private Ltd.,Aryatara Investment & Securities,300,417.8,125340.0,2025-07-15 11:04:10.209577
2025-07-15,73509,2025071504000219,SPDL,Asian Securities Private Ltd.,Deevyaa Securities & Stock House Pvt. Ltd,55,417.9,22984.5,2025-07-15 11:04:10.209815
2025-07-15,73393,2025071504000247,SPDL,Pragyan Securities (PVT) Ltd.,South Asian Bulls Pvt. Ltd.,150,415.0,62250.0,2025-07-15 11:04:47.688878
2025-07-15,73385,2025071504000248,SPDL,Pragyan Securities (PVT) Ltd.,Naasa Securities Co. Ltd.,100,415.0,41500.0,2025-07-15 11:04:48.100906
2025-07-15,73384,2025071504000249,SPDL,Aryatara Investment & Securities,Naasa Securities Co. Ltd.,400,414.1,165640.0,2025-07-15 11:04:48.101037
2025-07-15,73327,2025071504000273,SPDL,Online Securities Pvt. Ltd.,Aryatara Investment & Securities,10,414.5,4145.0,2025-07-15 11:05:05.702070
2025-07-15,72972,2025071504000353,SPDL,Trademow Securities Private Limited,Sweta Securities Private Limited,80,417.0,33360.0,2025-07-15 11:06:55.659753
2025-07-15,72969,2025071504000354,SPDL,Trademow Securities Private Limited,Naasa Securities Co. Ltd.,40,417.0,16680.0,2025-07-15 11:06:57.196288
2025-07-15,72875,2025071504000380,SPDL,Naasa Securities Co. Ltd.,Naasa Securities Co. Ltd.,26,416.1,10818.6,2025-07-15 11:07:28.618904
2025-07-15,72874,2025071504000381,SPDL,Shree Krishna Securities Ltd.,Naasa Securities Co. Ltd.,34,416.0,14144.0,2025-07-15 11:07:28.619192
2025-07-15,72857,2025071504000387,SPDL,Aryatara Investment & Securities,South Asian Bulls Pvt. Ltd.,120,417.0,50040.0,2025-07-15 11:07:36.541833
2025-07-15,72856,2025071504000388,SPDL,Aryatara Investment & Securities,Sweta Securities Private Limited,30,417.0,12510.0,2025-07-15 11:07:36.542020
2025-07-15,72855,2025071504000389,SPDL,Aryatara Investment & Securities,Vision Securities Pvt. Ltd,90,417.0,37530.0,2025-07-15 11:07:36.542079
2025-07-15,72769,2025071504000423,SPDL,Aryatara Investment & Securities,Kohinoor Investment & Securities Pvt. Ltd.,10,417.0,4170.0,2025-07-15 11:08:07.820627
2025-07-15,72750,2025071504000429,SPDL,Aryatara Investment & Securities,South Asian Bulls Pvt. Ltd.,186,417.0,77562.0,2025-07-15 11:08:13.981466
2025-07-15,72749,2025071504000430,SPDL,Linch Stock Market Ltd.,South Asian Bulls Pvt. Ltd.,33,417.0,13761.0,2025-07-15 11:08:13.981749
2025-07-15,72611,2025071504000468,SPDL,Linch Stock Market Ltd.,Kohinoor Investment & Securities Pvt. Ltd.,500,417.0,208500.0,2025-07-15 11:08:46.981755
2025-07-15,72541,2025071504000489,SPDL,Linch Stock Market Ltd.,Sharepro Securities Private Limited,70,417.0,29190.0,2025-07-15 11:09:06.119662
2025-07-15,72499,2025071504000500,SPDL,Linch Stock Market Ltd.,Sumeru Securities Pvt. Ltd.,300,417.0,125100.0,2025-07-15 11:09:17.933652
2025-07-15,72452,2025071504000509,SPDL,Linch Stock Market Ltd.,Imperial Securities Company Pvt. Ltd.,88,417.0,36696.0,2025-07-15 11:09:34.074292
2025-07-15,72319,2025071504000566,SPDL,Shree Krishna Securities Ltd.,Naasa Securities Co. Ltd.,56,416.0,23296.0,2025-07-15 11:10:14.572735
2025-07-15,72318,2025071504000567,SPDL,Online Securities Pvt. Ltd.,Naasa Securities Co. Ltd.,344,416.0,143104.0,2025-07-15 11:10:14.572902
2025-07-15,72163,2025071504000620,SPDL,Online Securities Pvt. Ltd.,INDEX SECURITIES LIMITED,25,416.0,10400.0,2025-07-15 11:10:53.194024
2025-07-15,71725,2025071504000746,SPDL,Naasa Securities Co. Ltd.,MILKY WAY SHARE BROKER COMPANY LTD ,1120,417.0,467040.0,2025-07-15 11:13:03.215691
2025-07-15,71694,2025071504000756,SPDL,Aryatara Investment & Securities,Dakshinkali Investment & Securities Pvt. Ltd.,40,417.8,16712.0,2025-07-15 11:13:10.775744
2025-07-15,71693,2025071504000757,SPDL,Aryatara Investment & Securities,Pragyan Securities (PVT) Ltd.,60,417.9,25074.0,2025-07-15 11:13:10.775966
2025-07-15,71665,2025071504000763,SPDL,Online Securities Pvt. Ltd.,Pragyan Securities (PVT) Ltd.,300,417.9,125370.0,2025-07-15 11:13:16.432227
2025-07-15,71524,2025071504000795,SPDL,Naasa Securities Co. Ltd.,Prabhu Stock Market Limited,500,417.0,208500.0,2025-07-15 11:13:50.868696
2025-07-15,71504,2025071504000807,SPDL,Dynamic Money Managers Securities Pvt. Ltd.,Pragyan Securities (PVT) Ltd.,640,417.9,267456.0,2025-07-15 11:13:58.029857
2025-07-15,71503,2025071504000808,SPDL,Dynamic Money Managers Securities Pvt. Ltd.,Imperial Securities Company Pvt. Ltd.,215,418.8,90042.0,2025-07-15 11:13:58.030175
2025-07-15,71502,2025071504000809,SPDL,Dynamic Money Managers Securities Pvt. Ltd.,Indira securities pvt. ltd,10,418.8,4188.0,2025-07-15 11:13:58.030399
2025-07-15,71501,2025071504000810,SPDL,Dynamic Money Managers Securities Pvt. Ltd.,Vision Securities Pvt. Ltd,135,418.9,56551.5,2025-07-15 11:13:58.030598
2025-07-15,71482,2025071504000826,SPDL,Naasa Securities Co. Ltd.,Sweta Securities Private Limited,90,417.0,37530.0,2025-07-15 11:14:00.420020
2025-07-15,71455,2025071504000835,SPDL,Online Securities Pvt. Ltd.,Bhrikuti Stock Broking Co. Pvt. Ltd.,111,418.0,46398.0,2025-07-15 11:14:08.215256
2025-07-15,71454,2025071504000836,SPDL,Naasa Securities Co. Ltd.,Bhrikuti Stock Broking Co. Pvt. Ltd.,139,417.0,57963.0,2025-07-15 11:14:08.215461
2025-07-15,71397,2025071504000858,SPDL,Midas Stock Broking Company Private Limited,Vision Securities Pvt. Ltd,265,418.9,111008.5,2025-07-15 11:14:22.103752
2025-07-15,71396,2025071504000859,SPDL,Midas Stock Broking Company Private Limited,Trishakti Securities Public Limited,500,419.0,209500.0,2025-07-15 11:14:22.103908
2025-07-15,71395,2025071504000860,SPDL,Midas Stock Broking Company Private Limited,K.B.L. Securities Limited ,500,419.0,209500.0,2025-07-15 11:14:22.103979
2025-07-15,71336,2025071504000889,SPDL,Midas Stock Broking Company Private Limited,Sumeru Securities Pvt. Ltd.,500,419.0,209500.0,2025-07-15 11:14:35.070428
2025-07-15,71267,2025071504000926,SPDL,Sani Securities Company Ltd.,Sweta Securities Private Limited,50,419.8,20990.0,2025-07-15 11:14:49.571923
2025-07-15,71266,2025071504000927,SPDL,Sani Securities Company Ltd.,ABC Securities Private Limited,50,419.9,20995.0,2025-07-15 11:14:49.572077
2025-07-15,71265,2025071504000928,SPDL,Sani Securities Company Ltd.,Sani Securities Company Ltd.,330,419.9,138567.0,2025-07-15 11:14:49.572161
2025-07-15,71245,2025071504000937,SPDL,Secured Securities Ltd.,Sani Securities Company Ltd.,148,419.9,62145.2,2025-07-15 11:14:54.248155
2025-07-15,71244,2025071504000938,SPDL,Secured Securities Ltd.,Asian Securities Private Ltd.,500,420.0,210000.0,2025-07-15 11:14:54.248342
2025-07-15,71243,2025071504000939,SPDL,Secured Securities Ltd.,Trademow Securities Private Limited,2500,420.0,1050000.0,2025-07-15 11:14:54.248417
2025-07-15,71242,2025071504000940,SPDL,Secured Securities Ltd.,Siprabi Securities Pvt. Ltd.,31,420.0,13020.0,2025-07-15 11:14:54.248485
2025-07-15,71241,2025071504000941,SPDL,Secured Securities Ltd.,Thrive Brokerage House Pvt. Ltd,500,420.0,210000.0,2025-07-15 11:14:54.248551
2025-07-15,71240,2025071504000942,SPDL,Secured Securities Ltd.,Imperial Securities Company Pvt. Ltd.,50,420.0,21000.0,2025-07-15 11:14:54.248616
2025-07-15,71239,2025071504000943,SPDL,Secured Securities Ltd.,Sani Securities Company Ltd.,100,420.0,42000.0,2025-07-15 11:14:54.248683
2025-07-15,71238,2025071504000944,SPDL,Secured Securities Ltd.,Himalayan Brokerage Company Limited,400,420.0,168000.0,2025-07-15 11:14:54.248871
2025-07-15,71237,2025071504000945,SPDL,Secured Securities Ltd.,Asian Securities Private Ltd.,200,420.0,84000.0,2025-07-15 11:14:54.249166
2025-07-15,71236,2025071504000946,SPDL,Secured Securities Ltd.,Sani Securities Company Ltd.,42,420.0,17640.0,2025-07-15 11:14:54.249385
2025-07-15,71231,2025071504000947,SPDL,Secured Securities Ltd.,Sweta Securities Private Limited,100,420.0,42000.0,2025-07-15 11:14:55.919842
2025-07-15,71204,2025071504000958,SPDL,Trisul Securities & Invt. Ltd.,J.F. Securites (PVT) Ltd.,100,420.5,42050.0,2025-07-15 11:15:03.369194
2025-07-15,71203,2025071504000959,SPDL,Trisul Securities & Invt. Ltd.,SUN SECURITIES PVT LTD,40,420.8,16832.0,2025-07-15 11:15:03.369366
2025-07-15,71202,2025071504000960,SPDL,Trisul Securities & Invt. Ltd.,Dipshikha Dhitopatra Karobar Co. Pvt Ltd.,15,420.8,6312.0,2025-07-15 11:15:03.369430
2025-07-15,71201,2025071504000961,SPDL,Trisul Securities & Invt. Ltd.,Vision Securities Pvt. Ltd,45,421.0,18945.0,2025-07-15 11:15:03.369491
2025-07-15,71119,2025071504000985,SPDL,Kohinoor Investment & Securities Pvt. Ltd.,Vision Securities Pvt. Ltd,455,421.0,191555.0,2025-07-15 11:15:27.824632
2025-07-15,71109,2025071504000986,SPDL,Kohinoor Investment & Securities Pvt. Ltd.,Kohinoor Investment & Securities Pvt. Ltd.,30,421.0,12630.0,2025-07-15 11:15:29.837201
2025-07-15,71047,2025071504001004,SPDL,Midas Stock Broking Company Private Limited,Sweta Securities Private Limited,100,421.9,42190.0,2025-07-15 11:15:46.428032
2025-07-15,71046,2025071504001005,SPDL,Midas Stock Broking Company Private Limited,Linch Stock Market Ltd.,135,421.9,56956.5,2025-07-15 11:15:46.428208
2025-07-15,71025,2025071504001015,SPDL,Kohinoor Investment & Securities Pvt. Ltd.,Arun Securities (PVT) Ltd.,515,421.0,216815.0,2025-07-15 11:15:51.974640
2025-07-15,71020,2025071504001019,SPDL,KALASH STOCK MARKET PVT. LTD.,Arun Securities (PVT) Ltd.,485,421.0,204185.0,2025-07-15 11:15:54.325296
2025-07-15,71016,2025071504001020,SPDL,KALASH STOCK MARKET PVT. LTD.,Vision Securities Pvt. Ltd,15,421.0,6315.0,2025-07-15 11:15:54.609458
2025-07-15,70976,2025071504001038,SPDL,Dakshinkali Investment & Securities Pvt. Ltd.,Vision Securities Pvt. Ltd,50,421.0,21050.0,2025-07-15 11:16:03.157749
2025-07-15,70923,2025071504001055,SPDL,Secured Securities Ltd.,Arun Securities (PVT) Ltd.,429,420.0,180180.0,2025-07-15 11:16:13.188162
2025-07-15,70922,2025071504001056,SPDL,Trisul Securities & Invt. Ltd.,Arun Securities (PVT) Ltd.,651,420.0,273420.0,2025-07-15 11:16:13.188389
2025-07-15,70908,2025071504001062,SPDL,Linch Stock Market Ltd.,Arun Securities (PVT) Ltd.,100,421.0,42100.0,2025-07-15 11:16:17.151525
2025-07-15,70870,2025071504001077,SPDL,Oxford Securities Pvt. Ltd.,Kohinoor Investment & Securities Pvt. Ltd.,20,421.0,8420.0,2025-07-15 11:16:22.117543
2025-07-15,70818,2025071504001095,SPDL,Oxford Securities Pvt. Ltd.,Sharepro Securities Private Limited,35,421.0,14735.0,2025-07-15 11:16:31.833574
2025-07-15,70752,2025071504001121,SPDL,Trisul Securities & Invt. Ltd.,J.F. Securites (PVT) Ltd.,250,420.0,105000.0,2025-07-15 11:16:52.748677
2025-07-15,70739,2025071504001126,SPDL,Vision Securities Pvt. Ltd,SHUBHAKAMANA SECURITIES PVT. LTD,50,421.0,21050.0,2025-07-15 11:16:56.959530
2025-07-15,70736,2025071504001128,SPDL,Trisul Securities & Invt. Ltd.,Bhrikuti Stock Broking Co. Pvt. Ltd.,599,420.0,251580.0,2025-07-15 11:16:58.332373
2025-07-15,70735,2025071504001129,SPDL,Opal Securities Investment (PVT) Ltd.,Bhrikuti Stock Broking Co. Pvt. Ltd.,250,420.0,105000.0,2025-07-15 11:16:58.332544
2025-07-15,70734,2025071504001130,SPDL,Vision Securities Pvt. Ltd,Bhrikuti Stock Broking Co. Pvt. Ltd.,151,420.0,63420.0,2025-07-15 11:16:58.332616
2025-07-15,70728,2025071504001132,SPDL,Vision Securities Pvt. Ltd,Swarna Laxmi Securities Pvt. Ltd.,49,420.0,20580.0,2025-07-15 11:17:00.473606
2025-07-15,70721,2025071504001136,SPDL,Kohinoor Investment & Securities Pvt. Ltd.,Swarna Laxmi Securities Pvt. Ltd.,451,420.0,189420.0,2025-07-15 11:17:01.395661
2025-07-15,70720,2025071504001137,SPDL,Kohinoor Investment & Securities Pvt. Ltd.,Imperial Securities Company Pvt. Ltd.,319,420.9,134267.1,2025-07-15 11:17:01.395829
2025-07-15,70352,2025071504001270,SPDL,Oxford Securities Pvt. Ltd.,Dakshinkali Investment & Securities Pvt. Ltd.,10,418.0,4180.0,2025-07-15 11:18:18.511810
2025-07-15,70351,2025071504001271,SPDL,Primo Securities (PVT) Ltd.,Dakshinkali Investment & Securities Pvt. Ltd.,390,417.8,162942.0,2025-07-15 11:18:18.511852
2025-07-15,70321,2025071504001274,SPDL,SUN SECURITIES PVT LTD,Vision Securities Pvt. Ltd,90,419.9,37791.0,2025-07-15 11:18:25.605607
2025-07-15,70320,2025071504001275,SPDL,SUN SECURITIES PVT LTD,Asian Securities Private Ltd.,340,420.0,142800.0,2025-07-15 11:18:25.605820
2025-07-15,70319,2025071504001276,SPDL,SUN SECURITIES PVT LTD,Capital Max Securities Ltd,370,420.0,155400.0,2025-07-15 11:18:25.605951
2025-07-15,70247,2025071504001292,SPDL,Dakshinkali Investment & Securities Pvt. Ltd.,Capital Max Securities Ltd,300,420.0,126000.0,2025-07-15 11:18:44.656251
2025-07-15,69978,2025071504001379,SPDL,Primo Securities (PVT) Ltd.,MILKY WAY SHARE BROKER COMPANY LTD ,200,418.1,83620.0,2025-07-15 11:19:46.740033
2025-07-15,69881,2025071504001403,SPDL,Indira securities pvt. ltd,Capital Max Securities Ltd,50,420.0,21000.0,2025-07-15 11:20:04.248097
2025-07-15,69729,2025071504001463,SPDL,SUN SECURITIES PVT LTD,Capital Max Securities Ltd,500,420.0,210000.0,2025-07-15 11:20:22.949606
2025-07-15,69720,2025071504001465,SPDL,Aryatara Investment & Securities,Capital Max Securities Ltd,280,420.0,117600.0,2025-07-15 11:20:24.149372
2025-07-15,69719,2025071504001466,SPDL,Aryatara Investment & Securities,Himalayan Brokerage Company Limited,220,420.0,92400.0,2025-07-15 11:20:24.149572
2025-07-15,69603,2025071504001518,SPDL,Dakshinkali Investment & Securities Pvt. Ltd.,Kumari Securities Private Limited,50,419.9,20995.0,2025-07-15 11:20:45.745354
2025-07-15,69600,2025071504001520,SPDL,Trademow Securities Private Limited,Deevyaa Securities & Stock House Pvt. Ltd,25,418.2,10455.0,2025-07-15 11:20:47.037392
2025-07-15,69346,2025071504001657,SPDL,Sri Hari Securities Pvt. Ltd.,Kumari Securities Private Limited,200,419.9,83980.0,2025-07-15 11:21:39.206576
2025-07-15,69238,2025071504001721,SPDL,Sani Securities Company Ltd.,Imperial Securities Company Pvt. Ltd.,100,418.8,41880.0,2025-07-15 11:22:06.884742
2025-07-15,69168,2025071504001739,SPDL,Sani Securities Company Ltd.,Himalayan Brokerage Company Limited,200,419.0,83800.0,2025-07-15 11:22:19.595785
2025-07-15,68903,2025071504001841,SPDL,Trishakti Securities Public Limited,Kumari Securities Private Limited,200,419.9,83980.0,2025-07-15 11:23:12.566105
2025-07-15,68895,2025071504001846,SPDL,Naasa Securities Co. Ltd.,Kumari Securities Private Limited,30,419.9,12597.0,2025-07-15 11:23:17.523739
2025-07-15,68725,2025071504001924,SPDL,Trademow Securities Private Limited,Aryatara Investment & Securities,129,419.1,54063.9,2025-07-15 11:23:56.100406
2025-07-15,68515,2025071504002004,SPDL,Aakashbhairab Securities Ltd.,Kumari Securities Private Limited,20,419.9,8398.0,2025-07-15 11:24:43.282670
2025-07-15,68514,2025071504002005,SPDL,Aakashbhairab Securities Ltd.,Deevyaa Securities & Stock House Pvt. Ltd,25,419.9,10497.5,2025-07-15 11:24:43.283032
2025-07-15,68513,2025071504002006,SPDL,Aakashbhairab Securities Ltd.,Primo Securities (PVT) Ltd.,100,420.0,42000.0,2025-07-15 11:24:43.283278
2025-07-15,68512,2025071504002007,SPDL,Aakashbhairab Securities Ltd.,Linch Stock Market Ltd.,855,420.0,359100.0,2025-07-15 11:24:43.283547
2025-07-15,68486,2025071504002018,SPDL,Trademow Securities Private Limited,R.B.B. Securities Company Ltd,146,419.1,61188.6,2025-07-15 11:24:49.937871
2025-07-15,68458,2025071504002031,SPDL,Sani Securities Company Ltd.,R.B.B. Securities Company Ltd,200,419.0,83800.0,2025-07-15 11:24:55.954501
2025-07-15,68207,2025071504002130,SPDL,Primo Securities (PVT) Ltd.,Deevyaa Securities & Stock House Pvt. Ltd,105,418.6,43953.0,2025-07-15 11:26:01.126235
2025-07-15,68124,2025071504002162,SPDL,Primo Securities (PVT) Ltd.,Trisul Securities & Invt. Ltd.,18,418.6,7534.8,2025-07-15 11:26:24.725326
2025-07-15,68098,2025071504002180,SPDL,Primo Securities (PVT) Ltd.,Capital Max Securities Ltd,287,418.6,120138.2,2025-07-15 11:26:28.495614
2025-07-15,68097,2025071504002181,SPDL,Vision Securities Pvt. Ltd,Capital Max Securities Ltd,150,418.5,62775.0,2025-07-15 11:26:28.496059
2025-07-15,68096,2025071504002182,SPDL,Nepal Investment And Securities Trading Private Limited,Capital Max Securities Ltd,100,418.2,41820.0,2025-07-15 11:26:28.496386
2025-07-15,68095,2025071504002183,SPDL,Secured Securities Ltd.,Capital Max Securities Ltd,1463,418.1,611680.3,2025-07-15 11:26:28.496637
2025-07-15,68055,2025071504002187,SPDL,Secured Securities Ltd.,Sumeru Securities Pvt. Ltd.,537,418.1,224519.7,2025-07-15 11:26:41.972219
2025-07-15,67462,2025071504002392,SPDL,Dynamic Money Managers Securities Pvt. Ltd.,Imperial Securities Company Pvt. Ltd.,500,418.0,209000.0,2025-07-15 11:29:20.032402
2025-07-15,67461,2025071504002393,SPDL,Cristal Kanchanjanga Securites Pvt. Ltd.,Imperial Securities Company Pvt. Ltd.,100,418.0,41800.0,2025-07-15 11:29:20.032782
2025-07-15,67460,2025071504002394,SPDL,Naasa Securities Co. Ltd.,Imperial Securities Company Pvt. Ltd.,60,418.0,25080.0,2025-07-15 11:29:20.033052
2025-07-15,67459,2025071504002395,SPDL,Dipshikha Dhitopatra Karobar Co. Pvt Ltd.,Imperial Securities Company Pvt. Ltd.,1000,418.0,418000.0,2025-07-15 11:29:20.033306
2025-07-15,67357,2025071504002437,SPDL,Sweta Securities Private Limited,Deevyaa Securities & Stock House Pvt. Ltd,25,418.1,10452.5,2025-07-15 11:29:51.277965
2025-07-15,67300,2025071504002464,SPDL,Vision Securities Pvt. Ltd,ABC Securities Private Limited,10,417.6,4176.0,2025-07-15 11:30:03.120083
2025-07-15,66927,2025071504002568,SPDL,Kalika Securities Pvt. Ltd.,ABC Securities Private Limited,10,417.7,4177.0,2025-07-15 11:31:47.754933
2025-07-15,66781,2025071504002598,SPDL,Naasa Securities Co. Ltd.,Imperial Securities Company Pvt. Ltd.,50,419.0,20950.0,2025-07-15 11:32:32.263956
2025-07-15,66753,2025071504002607,SPDL,Prabhu Stock Market Limited,ABC Securities Private Limited,10,418.0,4180.0,2025-07-15 11:32:39.072070
2025-07-15,66424,2025071504002708,SPDL,Secured Securities Ltd.,Imperial Securities Company Pvt. Ltd.,290,419.0,121510.0,2025-07-15 11:34:06.656153
2025-07-15,66423,2025071504002709,SPDL,Secured Securities Ltd.,Deevyaa Securities & Stock House Pvt. Ltd,20,419.0,8380.0,2025-07-15 11:34:06.656376
2025-07-15,66422,2025071504002710,SPDL,Secured Securities Ltd.,ABC Securities Private Limited,10,419.0,4190.0,2025-07-15 11:34:06.656468
2025-07-15,66388,2025071504002724,SPDL,Sri Hari Securities Pvt. Ltd.,Imperial Securities Company Pvt. Ltd.,100,419.4,41940.0,2025-07-15 11:34:15.023453
2025-07-15,66346,2025071504002743,SPDL,Sri Hari Securities Pvt. Ltd.,Capital Max Securities Ltd,100,419.4,41940.0,2025-07-15 11:34:24.396517
2025-07-15,66345,2025071504002744,SPDL,Secured Securities Ltd.,Capital Max Securities Ltd,180,419.0,75420.0,2025-07-15 11:34:24.396761
2025-07-15,66344,2025071504002745,SPDL,Aryatara Investment & Securities,Capital Max Securities Ltd,300,418.2,125460.0,2025-07-15 11:34:24.396875
2025-07-15,66343,2025071504002746,SPDL,Cristal Kanchanjanga Securites Pvt. Ltd.,Capital Max Securities Ltd,19,418.1,7943.9,2025-07-15 11:34:24.396973
2025-07-15,66342,2025071504002747,SPDL,Prabhu Stock Market Limited,Capital Max Securities Ltd,1401,418.0,585618.0,2025-07-15 11:34:24.397062
2025-07-15,66203,2025071504002773,SPDL,Prabhu Stock Market Limited,Nagarik Stock Dealer ,589,418.0,246202.0,2025-07-15 11:34:54.100382
2025-07-15,66202,2025071504002774,SPDL,Premier Securities Company Ltd.,Nagarik Stock Dealer ,241,418.0,100738.0,2025-07-15 11:34:54.100600
2025-07-15,66092,2025071504002818,SPDL,Premier Securities Company Ltd.,Agrawal Securities (PVT) Ltd.,100,418.0,41800.0,2025-07-15 11:35:22.596461
2025-07-15,66091,2025071504002819,SPDL,Premier Securities Company Ltd.,Sani Securities Company Ltd.,250,418.0,104500.0,2025-07-15 11:35:22.721582
2025-07-15,65776,2025071504002885,SPDL,Premier Securities Company Ltd.,Thrive Brokerage House Pvt. Ltd,405,418.0,169290.0,2025-07-15 11:36:30.916408
2025-07-15,65527,2025071504002949,SPDL,Naasa Securities Co. Ltd.,Thrive Brokerage House Pvt. Ltd,95,417.8,39691.0,2025-07-15 11:37:33.127398
2025-07-15,65489,2025071504002965,SPDL,Naasa Securities Co. Ltd.,Nagarik Stock Dealer ,20,417.8,8356.0,2025-07-15 11:37:49.555406
2025-07-15,65474,2025071504002968,SPDL,Naasa Securities Co. Ltd.,R.B.B. Securities Company Ltd,385,417.8,160853.0,2025-07-15 11:37:55.141116
2025-07-15,65473,2025071504002969,SPDL,Dynamic Money Managers Securities Pvt. Ltd.,R.B.B. Securities Company Ltd,500,417.8,208900.0,2025-07-15 11:37:55.141372
2025-07-15,65435,2025071504002975,SPDL,Kalika Securities Pvt. Ltd.,Asian Securities Private Ltd.,165,417.7,68920.5,2025-07-15 11:38:02.992327
2025-07-15,65434,2025071504002976,SPDL,Dipshikha Dhitopatra Karobar Co. Pvt Ltd.,Asian Securities Private Ltd.,335,417.7,139929.5,2025-07-15 11:38:02.992576
2025-07-15,65391,2025071504002984,SPDL,Dipshikha Dhitopatra Karobar Co. Pvt Ltd.,ABC Securities Private Limited,60,417.7,25062.0,2025-07-15 11:38:11.210636
2025-07-15,65382,2025071504002988,SPDL,Dipshikha Dhitopatra Karobar Co. Pvt Ltd.,R.B.B. Securities Company Ltd,20,417.7,8354.0,2025-07-15 11:38:14.197626
2025-07-15,65340,2025071504002997,SPDL,Dipshikha Dhitopatra Karobar Co. Pvt Ltd.,Market Securities & Exchange (PVT) Ltd.,15,417.7,6265.5,2025-07-15 11:38:22.682926
2025-07-15,65339,2025071504002998,SPDL,Swarna Laxmi Securities Pvt. Ltd.,Market Securities & Exchange (PVT) Ltd.,10,417.4,4174.0,2025-07-15 11:38:22.683381
2025-07-15,65338,2025071504002999,SPDL,Vision Securities Pvt. Ltd,Market Securities & Exchange (PVT) Ltd.,195,417.3,81373.5,2025-07-15 11:38:22.683673
2025-07-15,65264,2025071504003018,SPDL,Vision Securities Pvt. Ltd,R.B.B. Securities Company Ltd,200,417.3,83460.0,2025-07-15 11:38:39.263384
2025-07-15,65222,2025071504003031,SPDL,Vision Securities Pvt. Ltd,Vision Securities Pvt. Ltd,250,417.3,104325.0,2025-07-15 11:38:51.989691
2025-07-15,65178,2025071504003048,SPDL,Vision Securities Pvt. Ltd,Midas Stock Broking Company Private Limited,150,417.3,62595.0,2025-07-15 11:39:04.117344
2025-07-15,65176,2025071504003050,SPDL,Vision Securities Pvt. Ltd,Neev Securities Pvt. Ltd.,195,417.3,81373.5,2025-07-15 11:39:04.234459
2025-07-15,64996,2025071504003137,SPDL,Malla & Malla Stock Broking Company Pvt. Limited,Neev Securities Pvt. Ltd.,55,417.1,22940.5,2025-07-15 11:39:40.437672
2025-07-15,64933,2025071504003171,SPDL,Malla & Malla Stock Broking Company Pvt. Limited,Secured Securities Ltd.,95,417.1,39624.5,2025-07-15 11:39:50.223231
2025-07-15,64932,2025071504003172,SPDL,Naasa Securities Co. Ltd.,Secured Securities Ltd.,100,417.1,41710.0,2025-07-15 11:39:50.223510
2025-07-15,64716,2025071504003256,SPDL,Online Securities Pvt. Ltd.,Sani Securities Company Ltd.,250,417.2,104300.0,2025-07-15 11:40:49.578952
2025-07-15,64665,2025071504003270,SPDL,Global IME Securities Limited,Secured Securities Ltd.,200,418.8,83760.0,2025-07-15 11:41:05.551003
2025-07-15,64664,2025071504003271,SPDL,Global IME Securities Limited,Deevyaa Securities & Stock House Pvt. Ltd,100,418.8,41880.0,2025-07-15 11:41:05.551229
2025-07-15,64109,2025071504003461,SPDL,Sani Securities Company Ltd.,Imperial Securities Company Pvt. Ltd.,500,418.0,209000.0,2025-07-15 11:43:34.270377
2025-07-15,63902,2025071504003498,SPDL,Neev Securities Pvt. Ltd.,Naasa Securities Co. Ltd.,20,418.0,8360.0,2025-07-15 11:44:17.578955
2025-07-15,63901,2025071504003499,SPDL,Neev Securities Pvt. Ltd.,Linch Stock Market Ltd.,480,418.0,200640.0,2025-07-15 11:44:17.579252
2025-07-15,63852,2025071504003516,SPDL,Vision Securities Pvt. Ltd,Vision Securities Pvt. Ltd,8,411.0,3288.0,2025-07-15 11:44:30.280013
2025-07-15,63824,2025071504003526,SPDL,Sweta Securities Private Limited,Linch Stock Market Ltd.,30,418.0,12540.0,2025-07-15 11:44:37.239190
2025-07-15,63823,2025071504003527,SPDL,Sweta Securities Private Limited,ABC Securities Private Limited,70,418.0,29260.0,2025-07-15 11:44:37.239461
2025-07-15,63760,2025071504003548,SPDL,Dakshinkali Investment & Securities Pvt. Ltd.,ABC Securities Private Limited,30,418.0,12540.0,2025-07-15 11:44:50.718047
2025-07-15,63054,2025071504003718,SPDL,Trishakti Securities Public Limited,Arun Securities (PVT) Ltd.,100,417.5,41750.0,2025-07-15 11:47:52.590077
2025-07-15,63053,2025071504003719,SPDL,Trishakti Securities Public Limited,Dynamic Money Managers Securities Pvt. Ltd.,75,418.5,31387.5,2025-07-15 11:47:52.590569
2025-07-15,63052,2025071504003720,SPDL,Trishakti Securities Public Limited,Deevyaa Securities & Stock House Pvt. Ltd,100,418.8,41880.0,2025-07-15 11:47:52.590871
2025-07-15,63051,2025071504003721,SPDL,Trishakti Securities Public Limited,Vision Securities Pvt. Ltd,225,418.9,94252.5,2025-07-15 11:47:52.591158
2025-07-15,62897,2025071504003782,SPDL,Sweta Securities Private Limited,Dakshinkali Investment & Securities Pvt. Ltd.,92,417.4,38400.8,2025-07-15 11:48:30.228451
2025-07-15,62585,2025071504003870,SPDL,Neev Securities Pvt. Ltd.,Nepal Stock House (PVT) Ltd.,400,417.5,167000.0,2025-07-15 11:49:45.230127
2025-07-15,62513,2025071504003893,SPDL,Capital Max Securities Ltd,Vision Securities Pvt. Ltd,100,418.9,41890.0,2025-07-15 11:50:02.937667
2025-07-15,62461,2025071504003896,SPDL,Capital Max Securities Ltd,Vision Securities Pvt. Ltd,100,418.9,41890.0,2025-07-15 11:50:13.969791
2025-07-15,62313,2025071504003970,SPDL,Capital Max Securities Ltd,Vision Securities Pvt. Ltd,50,418.9,20945.0,2025-07-15 11:50:38.048848
2025-07-15,61755,2025071504004131,SPDL,Swarna Laxmi Securities Pvt. Ltd.,Prabhu Stock Market Limited,150,418.0,62700.0,2025-07-15 11:52:59.293010
2025-07-15,61527,2025071504004194,SPDL,Swarna Laxmi Securities Pvt. Ltd.,Vision Securities Pvt. Ltd,25,418.9,10472.5,2025-07-15 11:53:53.053048
2025-07-15,61526,2025071504004195,SPDL,Swarna Laxmi Securities Pvt. Ltd.,Linch Stock Market Ltd.,500,418.9,209450.0,2025-07-15 11:53:53.053371
2025-07-15,60874,2025071504004367,SPDL,Naasa Securities Co. Ltd.,Online Securities Pvt. Ltd.,300,419.0,125700.0,2025-07-15 11:55:46.406413
2025-07-15,60744,2025071504004396,SPDL,Sweta Securities Private Limited,Online Securities Pvt. Ltd.,500,419.0,209500.0,2025-07-15 11:56:09.715246
2025-07-15,60743,2025071504004397,SPDL,Sweta Securities Private Limited,Magnet Securities and Investment Company Private Limited,297,419.0,124443.0,2025-07-15 11:56:09.715516
2025-07-15,60742,2025071504004398,SPDL,Sweta Securities Private Limited,Trishakti Securities Public Limited,20,419.0,8380.0,2025-07-15 11:56:09.715625
2025-07-15,60463,2025071504004432,SPDL,Sweta Securities Private Limited,Naasa Securities Co. Ltd.,51,419.0,21369.0,2025-07-15 11:57:01.151038
2025-07-15,60093,2025071504004529,SPDL,Sweta Securities Private Limited,Imperial Securities Company Pvt. Ltd.,40,419.0,16760.0,2025-07-15 11:58:12.531071
2025-07-15,59670,2025071504004663,SPDL,Kumari Securities Private Limited,Primo Securities (PVT) Ltd.,100,419.2,41920.0,2025-07-15 11:59:46.015880
2025-07-15,59499,2025071504004700,SPDL,Sani Securities Company Ltd.,Sumeru Securities Pvt. Ltd.,50,419.2,20960.0,2025-07-15 12:00:19.964895
2025-07-15,59481,2025071504004703,SPDL,Sani Securities Company Ltd.,R.B.B. Securities Company Ltd,250,419.2,104800.0,2025-07-15 12:00:24.238306
2025-07-15,59455,2025071504004708,SPDL,Sweta Securities Private Limited,R.B.B. Securities Company Ltd,92,419.0,38548.0,2025-07-15 12:00:32.262044
2025-07-15,59454,2025071504004709,SPDL,Kumari Securities Private Limited,R.B.B. Securities Company Ltd,100,419.0,41900.0,2025-07-15 12:00:32.262294
2025-07-15,59345,2025071504004748,SPDL,Dakshinkali Investment & Securities Pvt. Ltd.,Elite Stock House Limited,100,419.0,41900.0,2025-07-15 12:00:54.855732
2025-07-15,59292,2025071504004758,SPDL,Sani Securities Company Ltd.,R.B.B. Securities Company Ltd,50,418.3,20915.0,2025-07-15 12:01:04.348475
2025-07-15,59291,2025071504004759,SPDL,Sumeru Securities Pvt. Ltd.,R.B.B. Securities Company Ltd,1000,418.1,418100.0,2025-07-15 12:01:04.348735
2025-07-15,59269,2025071504004767,SPDL,Swarna Laxmi Securities Pvt. Ltd.,Imperial Securities Company Pvt. Ltd.,50,418.1,20905.0,2025-07-15 12:01:10.928677
2025-07-15,59041,2025071504004871,SPDL,Aakashbhairab Securities Ltd.,Dipshikha Dhitopatra Karobar Co. Pvt Ltd.,25,418.0,10450.0,2025-07-15 12:01:52.835931
2025-07-15,58738,2025071504004968,SPDL,Aryatara Investment & Securities,Dipshikha Dhitopatra Karobar Co. Pvt Ltd.,75,418.0,31350.0,2025-07-15 12:03:02.522416
2025-07-15,58737,2025071504004969,SPDL,Aryatara Investment & Securities,Creative Securities Pvt Ltd,100,418.0,41800.0,2025-07-15 12:03:02.522738
2025-07-15,58736,2025071504004970,SPDL,Aryatara Investment & Securities,Aryatara Investment & Securities,200,418.0,83600.0,2025-07-15 12:03:02.524452
2025-07-15,58486,2025071504005031,SPDL,Aryatara Investment & Securities,Online Securities Pvt. Ltd.,500,418.0,209000.0,2025-07-15 12:04:00.442208
2025-07-15,58335,2025071504005074,SPDL,Aryatara Investment & Securities,ABC Securities Private Limited,100,418.0,41800.0,2025-07-15 12:04:49.344287
2025-07-15,58303,2025071504005079,SPDL,Aryatara Investment & Securities,Prabhu Stock Market Limited,325,418.0,135850.0,2025-07-15 12:05:01.423586
2025-07-15,58302,2025071504005080,SPDL,Linch Stock Market Ltd.,Prabhu Stock Market Limited,20,418.0,8360.0,2025-07-15 12:05:01.423886
2025-07-15,57022,2025071504005427,SPDL,Siprabi Securities Pvt. Ltd.,Kohinoor Investment & Securities Pvt. Ltd.,52,418.0,21736.0,2025-07-15 12:10:25.380465
2025-07-15,56850,2025071504005477,SPDL,Neev Securities Pvt. Ltd.,Sweta Securities Private Limited,300,418.8,125640.0,2025-07-15 12:11:21.072089
2025-07-15,56748,2025071504005501,SPDL,Sweta Securities Private Limited,R.B.B. Securities Company Ltd,100,418.1,41810.0,2025-07-15 12:11:49.353177
2025-07-15,56712,2025071504005514,SPDL,Naasa Securities Co. Ltd.,R.B.B. Securities Company Ltd,30,418.0,12540.0,2025-07-15 12:11:59.388481
2025-07-15,56711,2025071504005515,SPDL,Sundhara Securities Limited,R.B.B. Securities Company Ltd,1000,418.0,418000.0,2025-07-15 12:11:59.388774
2025-07-15,56710,2025071504005516,SPDL,Midas Stock Broking Company Private Limited,R.B.B. Securities Company Ltd,100,418.0,41800.0,2025-07-15 12:11:59.388883
2025-07-15,56663,2025071504005532,SPDL,J.F. Securites (PVT) Ltd.,Premier Securities Company Ltd.,10,418.9,4189.0,2025-07-15 12:12:15.528173
2025-07-15,56662,2025071504005533,SPDL,J.F. Securites (PVT) Ltd.,Dakshinkali Investment & Securities Pvt. Ltd.,200,419.0,83800.0,2025-07-15 12:12:15.528500
2025-07-15,56661,2025071504005534,SPDL,J.F. Securites (PVT) Ltd.,Agrawal Securities (PVT) Ltd.,390,419.0,163410.0,2025-07-15 12:12:15.528609
2025-07-15,55697,2025071504005840,SPDL,Oxford Securities Pvt. Ltd.,Premier Securities Company Ltd.,10,418.7,4187.0,2025-07-15 12:16:01.790217
2025-07-15,55696,2025071504005841,SPDL,Oxford Securities Pvt. Ltd.,Agrawal Securities (PVT) Ltd.,610,419.0,255590.0,2025-07-15 12:16:01.790544
2025-07-15,55695,2025071504005842,SPDL,Oxford Securities Pvt. Ltd.,Sewa Securities Pvt. Ltd.,480,419.0,201120.0,2025-07-15 12:16:01.790657
2025-07-15,55563,2025071504005891,SPDL,Swarna Laxmi Securities Pvt. Ltd.,Sewa Securities Pvt. Ltd.,20,419.0,8380.0,2025-07-15 12:16:24.050357
2025-07-15,55542,2025071504005901,SPDL,Midas Stock Broking Company Private Limited,R.B.B. Securities Company Ltd,100,418.1,41810.0,2025-07-15 12:16:30.072130
2025-07-15,55541,2025071504005902,SPDL,Siprabi Securities Pvt. Ltd.,R.B.B. Securities Company Ltd,10,418.0,4180.0,2025-07-15 12:16:30.072696
2025-07-15,55540,2025071504005903,SPDL,Naasa Securities Co. Ltd.,R.B.B. Securities Company Ltd,428,418.0,178904.0,2025-07-15 12:16:30.073028
2025-07-15,55453,2025071504005923,SPDL,Naasa Securities Co. Ltd.,Premier Securities Company Ltd.,500,418.0,209000.0,2025-07-15 12:16:53.919187
2025-07-15,54401,2025071504006250,SPDL,Sewa Securities Pvt. Ltd.,Imperial Securities Company Pvt. Ltd.,20,419.4,8388.0,2025-07-15 12:20:39.349140
2025-07-15,54395,2025071504006252,SPDL,Blue Chip Securities Ltd,Sumeru Securities Pvt. Ltd.,100,419.0,41900.0,2025-07-15 12:20:40.963327
2025-07-15,54394,2025071504006253,SPDL,Blue Chip Securities Ltd,Imperial Securities Company Pvt. Ltd.,80,419.4,33552.0,2025-07-15 12:20:41.059278
2025-07-15,54187,2025071504006349,SPDL,Online Securities Pvt. Ltd.,Trademow Securities Private Limited,100,419.5,41950.0,2025-07-15 12:21:36.068317
2025-07-15,54186,2025071504006350,SPDL,Online Securities Pvt. Ltd.,Linch Stock Market Ltd.,50,419.5,20975.0,2025-07-15 12:21:36.068577
2025-07-15,54164,2025071504006359,SPDL,ABC Securities Private Limited,Arun Securities (PVT) Ltd.,100,419.6,41960.0,2025-07-15 12:21:38.986181
2025-07-15,54163,2025071504006360,SPDL,ABC Securities Private Limited,Sumeru Securities Pvt. Ltd.,100,419.8,41980.0,2025-07-15 12:21:38.986501
2025-07-15,54162,2025071504006361,SPDL,ABC Securities Private Limited,South Asian Bulls Pvt. Ltd.,100,419.9,41990.0,2025-07-15 12:21:38.986639
2025-07-15,54161,2025071504006362,SPDL,ABC Securities Private Limited,Deevyaa Securities & Stock House Pvt. Ltd,200,419.9,83980.0,2025-07-15 12:21:38.986747
2025-07-15,54160,2025071504006363,SPDL,ABC Securities Private Limited,Magnet Securities and Investment Company Private Limited,200,419.9,83980.0,2025-07-15 12:21:38.986851
2025-07-15,54111,2025071504006380,SPDL,Blue Chip Securities Ltd,Trisul Securities & Invt. Ltd.,200,420.0,84000.0,2025-07-15 12:21:51.267399
2025-07-15,54110,2025071504006381,SPDL,Blue Chip Securities Ltd,Deevyaa Securities & Stock House Pvt. Ltd,30,420.0,12600.0,2025-07-15 12:21:51.267683
2025-07-15,54109,2025071504006382,SPDL,Blue Chip Securities Ltd,Sharepro Securities Private Limited,20,420.0,8400.0,2025-07-15 12:21:51.267794
2025-07-15,54108,2025071504006383,SPDL,Blue Chip Securities Ltd,Thrive Brokerage House Pvt. Ltd,150,420.0,63000.0,2025-07-15 12:21:51.267900
2025-07-15,54059,2025071504006401,SPDL,Secured Securities Ltd.,Thrive Brokerage House Pvt. Ltd,410,420.0,172200.0,2025-07-15 12:22:03.388830
2025-07-15,54058,2025071504006402,SPDL,Secured Securities Ltd.,Online Securities Pvt. Ltd.,361,420.0,151620.0,2025-07-15 12:22:03.389106
2025-07-15,54057,2025071504006403,SPDL,Secured Securities Ltd.,Aryatara Investment & Securities,500,420.0,210000.0,2025-07-15 12:22:03.389231
2025-07-15,54056,2025071504006404,SPDL,Secured Securities Ltd.,Aryatara Investment & Securities,250,420.0,105000.0,2025-07-15 12:22:03.389346
2025-07-15,54055,2025071504006405,SPDL,Secured Securities Ltd.,Magnet Securities and Investment Company Private Limited,200,420.0,84000.0,2025-07-15 12:22:03.389448
2025-07-15,53889,2025071504006461,SPDL,Secured Securities Ltd.,R.B.B. Securities Company Ltd,279,420.0,117180.0,2025-07-15 12:22:49.011075
2025-07-15,53888,2025071504006462,SPDL,Kumari Securities Private Limited,R.B.B. Securities Company Ltd,221,420.0,92820.0,2025-07-15 12:22:49.011560
2025-07-15,53823,2025071504006481,SPDL,KALASH STOCK MARKET PVT. LTD.,Aryatara Investment & Securities,250,420.5,105125.0,2025-07-15 12:23:08.561035
2025-07-15,53822,2025071504006482,SPDL,KALASH STOCK MARKET PVT. LTD.,Primo Securities (PVT) Ltd.,25,420.8,10520.0,2025-07-15 12:23:08.561337
2025-07-15,53821,2025071504006483,SPDL,KALASH STOCK MARKET PVT. LTD.,ABC Securities Private Limited,225,421.0,94725.0,2025-07-15 12:23:08.561447
2025-07-15,53584,2025071504006570,SPDL,Kumari Securities Private Limited,ABC Securities Private Limited,279,420.0,117180.0,2025-07-15 12:24:06.367802
2025-07-15,53583,2025071504006571,SPDL,Sani Securities Company Ltd.,ABC Securities Private Limited,200,420.0,84000.0,2025-07-15 12:24:06.368088
2025-07-15,53328,2025071504006621,SPDL,Trishakti Securities Public Limited,ABC Securities Private Limited,150,419.5,62925.0,2025-07-15 12:24:43.710974
2025-07-15,53327,2025071504006622,SPDL,Blue Chip Securities Ltd,ABC Securities Private Limited,20,419.4,8388.0,2025-07-15 12:24:43.711244
2025-07-15,53326,2025071504006623,SPDL,Bhrikuti Stock Broking Co. Pvt. Ltd.,ABC Securities Private Limited,126,419.4,52844.4,2025-07-15 12:24:43.711369
2025-07-15,52738,2025071504006886,SPDL,Naasa Securities Co. Ltd.,Premier Securities Company Ltd.,10,420.3,4203.0,2025-07-15 12:26:57.286017
2025-07-15,52737,2025071504006887,SPDL,Naasa Securities Co. Ltd.,Sani Securities Company Ltd.,500,420.3,210150.0,2025-07-15 12:26:57.286284
2025-07-15,52736,2025071504006888,SPDL,Naasa Securities Co. Ltd.,Deevyaa Securities & Stock House Pvt. Ltd,250,420.4,105100.0,2025-07-15 12:26:57.286400
2025-07-15,52735,2025071504006889,SPDL,Naasa Securities Co. Ltd.,Primo Securities (PVT) Ltd.,101,421.0,42521.0,2025-07-15 12:26:57.286521
2025-07-15,52734,2025071504006890,SPDL,Naasa Securities Co. Ltd.,Arun Securities (PVT) Ltd.,100,421.7,42170.0,2025-07-15 12:26:57.286660
2025-07-15,52733,2025071504006891,SPDL,Naasa Securities Co. Ltd.,Sweta Securities Private Limited,49,421.8,20668.2,2025-07-15 12:26:57.286778
2025-07-15,52312,2025071504006975,SPDL,Linch Stock Market Ltd.,Siprabi Securities Pvt. Ltd.,20,420.0,8400.0,2025-07-15 12:28:48.630746
2025-07-15,52163,2025071504007027,SPDL,Magnet Securities and Investment Company Private Limited,South Asian Bulls Pvt. Ltd.,50,421.7,21085.0,2025-07-15 12:29:20.734235
2025-07-15,52162,2025071504007028,SPDL,Magnet Securities and Investment Company Private Limited,Kumari Securities Private Limited,100,421.8,42180.0,2025-07-15 12:29:20.734579
2025-07-15,52161,2025071504007029,SPDL,Magnet Securities and Investment Company Private Limited,Sani Securities Company Ltd.,50,421.9,21095.0,2025-07-15 12:29:20.734700
2025-07-15,51979,2025071504007058,SPDL,Investment Management Nepal Pvt. Ltd.,Sani Securities Company Ltd.,100,421.9,42190.0,2025-07-15 12:29:59.561101
2025-07-15,51685,2025071504007158,SPDL,Aryatara Investment & Securities,Sani Securities Company Ltd.,70,421.9,29533.0,2025-07-15 12:31:10.273754
2025-07-15,51457,2025071504007227,SPDL,Dynamic Money Managers Securities Pvt. Ltd.,Sani Securities Company Ltd.,280,421.9,118132.0,2025-07-15 12:32:16.760069
2025-07-15,51456,2025071504007228,SPDL,Dynamic Money Managers Securities Pvt. Ltd.,Secured Securities Ltd.,420,421.9,177198.0,2025-07-15 12:32:16.760635
2025-07-15,51367,2025071504007256,SPDL,Opal Securities Investment (PVT) Ltd.,Indira securities pvt. ltd,10,420.1,4201.0,2025-07-15 12:32:42.444447
2025-07-15,51107,2025071504007367,SPDL,Investment Management Nepal Pvt. Ltd.,Naasa Securities Co. Ltd.,70,420.2,29414.0,2025-07-15 12:33:41.975907
2025-07-15,51106,2025071504007368,SPDL,Linch Stock Market Ltd.,Naasa Securities Co. Ltd.,26,420.0,10920.0,2025-07-15 12:33:41.976208
2025-07-15,51066,2025071504007385,SPDL,Online Securities Pvt. Ltd.,Sani Securities Company Ltd.,61,421.4,25705.4,2025-07-15 12:33:54.184247
2025-07-15,51050,2025071504007393,SPDL,Linch Stock Market Ltd.,Naasa Securities Co. Ltd.,54,420.0,22680.0,2025-07-15 12:34:01.218848
2025-07-15,51049,2025071504007394,SPDL,Vision Securities Pvt. Ltd,Naasa Securities Co. Ltd.,146,420.0,61320.0,2025-07-15 12:34:01.219381
2025-07-15,50327,2025071504007629,SPDL,Midas Stock Broking Company Private Limited,Agrawal Securities (PVT) Ltd.,100,420.2,42020.0,2025-07-15 12:37:24.485273
2025-07-15,50326,2025071504007630,SPDL,Dipshikha Dhitopatra Karobar Co. Pvt Ltd.,Agrawal Securities (PVT) Ltd.,100,420.1,42010.0,2025-07-15 12:37:24.485823
2025-07-15,50325,2025071504007631,SPDL,Vision Securities Pvt. Ltd,Agrawal Securities (PVT) Ltd.,92,420.0,38640.0,2025-07-15 12:37:24.486182
2025-07-15,50324,2025071504007632,SPDL,Dipshikha Dhitopatra Karobar Co. Pvt Ltd.,Agrawal Securities (PVT) Ltd.,208,420.0,87360.0,2025-07-15 12:37:24.486516
2025-07-15,49940,2025071504007837,SPDL,Dipshikha Dhitopatra Karobar Co. Pvt Ltd.,Midas Stock Broking Company Private Limited,100,420.0,42000.0,2025-07-15 12:38:59.581009
2025-07-15,49550,2025071504007991,SPDL,Midas Stock Broking Company Private Limited,Naasa Securities Co. Ltd.,50,420.1,21005.0,2025-07-15 12:40:29.654337
2025-07-15,49549,2025071504007992,SPDL,Dipshikha Dhitopatra Karobar Co. Pvt Ltd.,Naasa Securities Co. Ltd.,85,420.0,35700.0,2025-07-15 12:40:29.654895
2025-07-15,49378,2025071504008076,SPDL,Dipshikha Dhitopatra Karobar Co. Pvt Ltd.,Sani Securities Company Ltd.,100,420.0,42000.0,2025-07-15 12:41:06.068407
2025-07-15,49206,2025071504008154,SPDL,Bhrikuti Stock Broking Co. Pvt. Ltd.,Naasa Securities Co. Ltd.,80,420.0,33600.0,2025-07-15 12:41:47.426902
2025-07-15,49205,2025071504008155,SPDL,Midas Stock Broking Company Private Limited,Naasa Securities Co. Ltd.,50,420.0,21000.0,2025-07-15 12:41:47.427189
2025-07-15,49204,2025071504008156,SPDL,Midas Stock Broking Company Private Limited,Naasa Securities Co. Ltd.,50,420.0,21000.0,2025-07-15 12:41:47.427304
2025-07-15,49203,2025071504008157,SPDL,J.F. Securites (PVT) Ltd.,Naasa Securities Co. Ltd.,120,420.0,50400.0,2025-07-15 12:41:47.427427
2025-07-15,49161,2025071504008190,SPDL,Sani Securities Company Ltd.,Deevyaa Securities & Stock House Pvt. Ltd,200,421.8,84360.0,2025-07-15 12:41:55.500899
2025-07-15,49160,2025071504008191,SPDL,Sani Securities Company Ltd.,Secured Securities Ltd.,80,421.9,33752.0,2025-07-15 12:41:55.501222
2025-07-15,49159,2025071504008192,SPDL,Sani Securities Company Ltd.,Sani Securities Company Ltd.,145,421.9,61175.5,2025-07-15 12:41:55.501350
2025-07-15,48553,2025071504008494,SPDL,Kumari Securities Private Limited,Linch Stock Market Ltd.,27,420.1,11342.7,2025-07-15 12:44:00.644695
2025-07-15,48302,2025071504008565,SPDL,Deevyaa Securities & Stock House Pvt. Ltd,Sani Securities Company Ltd.,294,421.9,124038.6,2025-07-15 12:44:57.880545
2025-07-15,48301,2025071504008566,SPDL,Deevyaa Securities & Stock House Pvt. Ltd,ABC Securities Private Limited,50,421.9,21095.0,2025-07-15 12:44:57.881048
2025-07-15,48300,2025071504008567,SPDL,Deevyaa Securities & Stock House Pvt. Ltd,Naasa Securities Co. Ltd.,500,421.9,210950.0,2025-07-15 12:44:57.881412
2025-07-15,48299,2025071504008568,SPDL,Deevyaa Securities & Stock House Pvt. Ltd,Linch Stock Market Ltd.,10,422.0,4220.0,2025-07-15 12:44:57.881778
2025-07-15,48298,2025071504008569,SPDL,Deevyaa Securities & Stock House Pvt. Ltd,Deevyaa Securities & Stock House Pvt. Ltd,55,422.0,23210.0,2025-07-15 12:44:57.882231
2025-07-15,48297,2025071504008570,SPDL,Deevyaa Securities & Stock House Pvt. Ltd,Linch Stock Market Ltd.,200,422.0,84400.0,2025-07-15 12:44:57.882728
2025-07-15,48296,2025071504008571,SPDL,Deevyaa Securities & Stock House Pvt. Ltd,Sharepro Securities Private Limited,250,422.0,105500.0,2025-07-15 12:44:57.883210
2025-07-15,48295,2025071504008572,SPDL,Deevyaa Securities & Stock House Pvt. Ltd,Swarna Laxmi Securities Pvt. Ltd.,500,422.0,211000.0,2025-07-15 12:44:57.883618
2025-07-15,48294,2025071504008573,SPDL,Deevyaa Securities & Stock House Pvt. Ltd,Shree Krishna Securities Ltd.,100,422.0,42200.0,2025-07-15 12:44:57.884031
2025-07-15,48293,2025071504008574,SPDL,Deevyaa Securities & Stock House Pvt. Ltd,Magnet Securities and Investment Company Private Limited,41,422.0,17302.0,2025-07-15 12:44:57.884484
2025-07-15,48143,2025071504008627,SPDL,Asian Securities Private Ltd.,Magnet Securities and Investment Company Private Limited,300,422.0,126600.0,2025-07-15 12:45:35.586136
2025-07-15,47990,2025071504008671,SPDL,Swarna Laxmi Securities Pvt. Ltd.,Magnet Securities and Investment Company Private Limited,59,422.0,24898.0,2025-07-15 12:46:11.437779
2025-07-15,47989,2025071504008672,SPDL,Swarna Laxmi Securities Pvt. Ltd.,Dynamic Money Managers Securities Pvt. Ltd.,10,422.2,4222.0,2025-07-15 12:46:11.438098
2025-07-15,47560,2025071504008853,SPDL,ABC Securities Private Limited,Sani Securities Company Ltd.,10,420.4,4204.0,2025-07-15 12:47:55.374023
2025-07-15,46868,2025071504009108,SPDL,Sundhara Securities Limited,South Asian Bulls Pvt. Ltd.,300,421.0,126300.0,2025-07-15 12:50:07.095465
2025-07-15,46735,2025071504009166,SPDL,Swarna Laxmi Securities Pvt. Ltd.,Sani Securities Company Ltd.,11,422.0,4642.0,2025-07-15 12:50:42.805828
2025-07-15,46638,2025071504009184,SPDL,Sri Hari Securities Pvt. Ltd.,Sani Securities Company Ltd.,489,422.0,206358.0,2025-07-15 12:50:58.749859
2025-07-15,46637,2025071504009185,SPDL,Sri Hari Securities Pvt. Ltd.,Secured Securities Ltd.,1000,422.0,422000.0,2025-07-15 12:50:58.750183
2025-07-15,46636,2025071504009186,SPDL,Sri Hari Securities Pvt. Ltd.,Secured Securities Ltd.,11,422.0,4642.0,2025-07-15 12:50:58.750297
2025-07-15,46606,2025071504009199,SPDL,Midas Stock Broking Company Private Limited,Secured Securities Ltd.,200,422.0,84400.0,2025-07-15 12:51:07.531487
2025-07-15,46499,2025071504009266,SPDL,Sundhara Securities Limited,Secured Securities Ltd.,200,422.0,84400.0,2025-07-15 12:51:24.025785
2025-07-15,46453,2025071504009292,SPDL,Midas Stock Broking Company Private Limited,Secured Securities Ltd.,90,422.0,37980.0,2025-07-15 12:51:30.611032
2025-07-15,46315,2025071504009342,SPDL,Sundhara Securities Limited,Secured Securities Ltd.,450,422.0,189900.0,2025-07-15 12:52:09.169354
2025-07-15,45467,2025071504009649,SPDL,Naasa Securities Co. Ltd.,Secured Securities Ltd.,49,422.0,20678.0,2025-07-15 12:55:15.782226
2025-07-15,45466,2025071504009650,SPDL,Naasa Securities Co. Ltd.,Neev Securities Pvt. Ltd.,51,422.0,21522.0,2025-07-15 12:55:15.782515
2025-07-15,45063,2025071504009831,SPDL,Online Securities Pvt. Ltd.,Neev Securities Pvt. Ltd.,49,422.0,20678.0,2025-07-15 12:57:08.893048
2025-07-15,45062,2025071504009832,SPDL,Online Securities Pvt. Ltd.,Dynamic Money Managers Securities Pvt. Ltd.,51,422.0,21522.0,2025-07-15 12:57:08.893364
2025-07-15,45025,2025071504009843,SPDL,Dakshinkali Investment & Securities Pvt. Ltd.,Dynamic Money Managers Securities Pvt. Ltd.,40,422.0,16880.0,2025-07-15 12:57:20.347053
2025-07-15,44384,2025071504009996,SPDL,Neev Securities Pvt. Ltd.,South Asian Bulls Pvt. Ltd.,300,421.0,126300.0,2025-07-15 12:59:09.137177
2025-07-15,44383,2025071504009997,SPDL,Online Securities Pvt. Ltd.,South Asian Bulls Pvt. Ltd.,100,421.0,42100.0,2025-07-15 12:59:09.137775
2025-07-15,44213,2025071504010065,SPDL,Dynamic Money Managers Securities Pvt. Ltd.,Linch Stock Market Ltd.,500,422.0,211000.0,2025-07-15 12:59:44.756582
2025-07-15,43901,2025071504010226,SPDL,Online Securities Pvt. Ltd.,Linch Stock Market Ltd.,60,422.0,25320.0,2025-07-15 13:00:59.213011
2025-07-15,43887,2025071504010232,SPDL,Swarna Laxmi Securities Pvt. Ltd.,Linch Stock Market Ltd.,19,422.0,8018.0,2025-07-15 13:01:03.731469
2025-07-15,43886,2025071504010233,SPDL,Swarna Laxmi Securities Pvt. Ltd.,Dynamic Money Managers Securities Pvt. Ltd.,71,422.2,29976.2,2025-07-15 13:01:03.731770
2025-07-15,43786,2025071504010257,SPDL,Dynamic Money Managers Securities Pvt. Ltd.,Dynamic Money Managers Securities Pvt. Ltd.,1000,422.2,422200.0,2025-07-15 13:01:21.296100
2025-07-15,43774,2025071504010267,SPDL,Cristal Kanchanjanga Securites Pvt. Ltd.,Ashutosh Brokerage & Securities (PVT) Ltd.,180,421.0,75780.0,2025-07-15 13:01:23.657714
2025-07-15,43773,2025071504010268,SPDL,ABC Securities Private Limited,Ashutosh Brokerage & Securities (PVT) Ltd.,1000,421.0,421000.0,2025-07-15 13:01:23.657826
2025-07-15,43772,2025071504010269,SPDL,Naasa Securities Co. Ltd.,Ashutosh Brokerage & Securities (PVT) Ltd.,1000,420.7,420700.0,2025-07-15 13:01:23.657923
2025-07-15,43771,2025071504010270,SPDL,Swarna Laxmi Securities Pvt. Ltd.,Ashutosh Brokerage & Securities (PVT) Ltd.,44,420.7,18510.8,2025-07-15 13:01:23.657995
2025-07-15,43770,2025071504010271,SPDL,Sharepro Securities Private Limited,Ashutosh Brokerage & Securities (PVT) Ltd.,200,420.6,84120.0,2025-07-15 13:01:23.658063
2025-07-15,43769,2025071504010272,SPDL,Deevyaa Securities & Stock House Pvt. Ltd,Ashutosh Brokerage & Securities (PVT) Ltd.,1000,420.6,420600.0,2025-07-15 13:01:23.658134
2025-07-15,43768,2025071504010273,SPDL,Swarna Laxmi Securities Pvt. Ltd.,Ashutosh Brokerage & Securities (PVT) Ltd.,13,420.6,5467.8,2025-07-15 13:01:23.658213
2025-07-15,43767,2025071504010274,SPDL,Sumeru Securities Pvt. Ltd.,Ashutosh Brokerage & Securities (PVT) Ltd.,193,420.5,81156.5,2025-07-15 13:01:23.658280
2025-07-15,43545,2025071504010331,SPDL,KALASH STOCK MARKET PVT. LTD.,J.F. Securites (PVT) Ltd.,30,421.8,12654.0,2025-07-15 13:02:10.780630
2025-07-15,43539,2025071504010332,SPDL,KALASH STOCK MARKET PVT. LTD.,Agrawal Securities (PVT) Ltd.,76,422.0,32072.0,2025-07-15 13:02:11.093636
2025-07-15,43337,2025071504010430,SPDL,KALASH STOCK MARKET PVT. LTD.,Sundhara Securities Limited,94,422.0,39668.0,2025-07-15 13:03:03.154916
2025-07-15,42803,2025071504010613,SPDL,Sweta Securities Private Limited,Deevyaa Securities & Stock House Pvt. Ltd,20,421.0,8420.0,2025-07-15 13:04:54.103230
2025-07-15,42392,2025071504010769,SPDL,Sweta Securities Private Limited,Capital Hub P. Ltd,30,422.0,12660.0,2025-07-15 13:06:24.316268
2025-07-15,42391,2025071504010770,SPDL,Sweta Securities Private Limited,Trishakti Securities Public Limited,20,422.0,8440.0,2025-07-15 13:06:24.316632
2025-07-15,42390,2025071504010771,SPDL,Sweta Securities Private Limited,Dynamic Money Managers Securities Pvt. Ltd.,150,422.2,63330.0,2025-07-15 13:06:24.316782
2025-07-15,41850,2025071504010963,SPDL,Sani Securities Company Ltd.,Elite Stock House Limited,20,421.1,8422.0,2025-07-15 13:08:01.150285
2025-07-15,41308,2025071504011132,SPDL,Sumeru Securities Pvt. Ltd.,Secured Securities Ltd.,4,420.0,1680.0,2025-07-15 13:09:55.109755
2025-07-15,41245,2025071504011156,SPDL,Naasa Securities Co. Ltd.,Thrive Brokerage House Pvt. Ltd,100,421.2,42120.0,2025-07-15 13:10:09.783913
2025-07-15,41244,2025071504011157,SPDL,Sani Securities Company Ltd.,Thrive Brokerage House Pvt. Ltd,280,421.1,117908.0,2025-07-15 13:10:09.784292
2025-07-15,40797,2025071504011307,SPDL,Sweta Securities Private Limited,Arun Securities (PVT) Ltd.,220,422.0,92840.0,2025-07-15 13:11:26.105711
2025-07-15,40658,2025071504011371,SPDL,Sani Securities Company Ltd.,R.B.B. Securities Company Ltd,100,421.1,42110.0,2025-07-15 13:12:00.703837
2025-07-15,40615,2025071504011392,SPDL,Sweta Securities Private Limited,R.B.B. Securities Company Ltd,100,421.0,42100.0,2025-07-15 13:12:07.723984
2025-07-15,40227,2025071504011540,SPDL,Agrawal Securities (PVT) Ltd.,SUN SECURITIES PVT LTD,100,421.0,42100.0,2025-07-15 13:13:27.285001
2025-07-15,39730,2025071504011749,SPDL,Vision Securities Pvt. Ltd,Kohinoor Investment & Securities Pvt. Ltd.,100,421.9,42190.0,2025-07-15 13:15:01.485531
2025-07-15,39729,2025071504011750,SPDL,Vision Securities Pvt. Ltd,Imperial Securities Company Pvt. Ltd.,100,421.9,42190.0,2025-07-15 13:15:01.485855
2025-07-15,39634,2025071504011788,SPDL,Naasa Securities Co. Ltd.,Arun Securities (PVT) Ltd.,280,422.0,118160.0,2025-07-15 13:15:20.941260
2025-07-15,39633,2025071504011789,SPDL,Naasa Securities Co. Ltd.,ABC Securities Private Limited,50,422.0,21100.0,2025-07-15 13:15:20.941945
2025-07-15,39632,2025071504011790,SPDL,Naasa Securities Co. Ltd.,Naasa Securities Co. Ltd.,330,422.0,139260.0,2025-07-15 13:15:20.942403
2025-07-15,39415,2025071504011869,SPDL,Naasa Securities Co. Ltd.,Imperial Securities Company Pvt. Ltd.,30,422.0,12660.0,2025-07-15 13:16:03.853489
2025-07-15,39319,2025071504011906,SPDL,Naasa Securities Co. Ltd.,SUN SECURITIES PVT LTD,300,422.0,126600.0,2025-07-15 13:16:25.826605
2025-07-15,39185,2025071504011944,SPDL,Naasa Securities Co. Ltd.,Trishakti Securities Public Limited,450,422.0,189900.0,2025-07-15 13:16:54.331533
2025-07-15,38976,2025071504011987,SPDL,Naasa Securities Co. Ltd.,SUN SECURITIES PVT LTD,2060,422.0,869320.0,2025-07-15 13:17:23.007684
2025-07-15,38975,2025071504011988,SPDL,Neev Securities Pvt. Ltd.,SUN SECURITIES PVT LTD,440,422.0,185680.0,2025-07-15 13:17:23.007984
2025-07-15,38969,2025071504011991,SPDL,J.F. Securites (PVT) Ltd.,Dynamic Money Managers Securities Pvt. Ltd.,100,422.2,42220.0,2025-07-15 13:17:24.455331
2025-07-15,38956,2025071504011999,SPDL,Trishakti Securities Public Limited,Dynamic Money Managers Securities Pvt. Ltd.,500,422.2,211100.0,2025-07-15 13:17:27.532040
2025-07-15,38611,2025071504012112,SPDL,Neev Securities Pvt. Ltd.,Nepal Investment And Securities Trading Private Limited,20,422.0,8440.0,2025-07-15 13:18:36.919083
2025-07-15,38610,2025071504012113,SPDL,Naasa Securities Co. Ltd.,Nepal Investment And Securities Trading Private Limited,80,420.8,33664.0,2025-07-15 13:18:36.919449
2025-07-15,38490,2025071504012149,SPDL,Naasa Securities Co. Ltd.,Bhrikuti Stock Broking Co. Pvt. Ltd.,17,420.8,7153.6,2025-07-15 13:19:15.328029
2025-07-15,38409,2025071504012175,SPDL,Sumeru Securities Pvt. Ltd.,Shree Krishna Securities Ltd.,807,420.5,339343.5,2025-07-15 13:19:39.225808
2025-07-15,38408,2025071504012176,SPDL,Agrawal Securities (PVT) Ltd.,Shree Krishna Securities Ltd.,1000,420.3,420300.0,2025-07-15 13:19:39.226155
2025-07-15,38407,2025071504012177,SPDL,Market Securities & Exchange (PVT) Ltd.,Shree Krishna Securities Ltd.,1000,420.2,420200.0,2025-07-15 13:19:39.226280
2025-07-15,38406,2025071504012178,SPDL,KALASH STOCK MARKET PVT. LTD.,Shree Krishna Securities Ltd.,300,420.2,126060.0,2025-07-15 13:19:39.226414
2025-07-15,38405,2025071504012179,SPDL,Naasa Securities Co. Ltd.,Shree Krishna Securities Ltd.,3000,420.2,1260600.0,2025-07-15 13:19:39.226535
2025-07-15,38404,2025071504012180,SPDL,Naasa Securities Co. Ltd.,Shree Krishna Securities Ltd.,893,420.1,375149.3,2025-07-15 13:19:39.226653
2025-07-15,37961,2025071504012345,SPDL,Naasa Securities Co. Ltd.,Agrawal Securities (PVT) Ltd.,107,420.1,44950.7,2025-07-15 13:21:46.132474
2025-07-15,37960,2025071504012346,SPDL,Kohinoor Investment & Securities Pvt. Ltd.,Agrawal Securities (PVT) Ltd.,100,420.1,42010.0,2025-07-15 13:21:46.132537
2025-07-15,37959,2025071504012347,SPDL,Naasa Securities Co. Ltd.,Agrawal Securities (PVT) Ltd.,100,420.1,42010.0,2025-07-15 13:21:46.132564
2025-07-15,37958,2025071504012348,SPDL,J.F. Securites (PVT) Ltd.,Agrawal Securities (PVT) Ltd.,180,420.0,75600.0,2025-07-15 13:21:46.132587
2025-07-15,37957,2025071504012349,SPDL,Kumari Securities Private Limited,Agrawal Securities (PVT) Ltd.,1000,420.0,420000.0,2025-07-15 13:21:46.132609
2025-07-15,37956,2025071504012350,SPDL,Dynamic Money Managers Securities Pvt. Ltd.,Agrawal Securities (PVT) Ltd.,150,420.0,63000.0,2025-07-15 13:21:46.132632
2025-07-15,37955,2025071504012351,SPDL,Sumeru Securities Pvt. Ltd.,Agrawal Securities (PVT) Ltd.,500,420.0,210000.0,2025-07-15 13:21:46.132656
2025-07-15,37954,2025071504012352,SPDL,Sumeru Securities Pvt. Ltd.,Agrawal Securities (PVT) Ltd.,300,420.0,126000.0,2025-07-15 13:21:46.132677
2025-07-15,37953,2025071504012353,SPDL,Kohinoor Investment & Securities Pvt. Ltd.,Agrawal Securities (PVT) Ltd.,100,420.0,42000.0,2025-07-15 13:21:46.132699
2025-07-15,37952,2025071504012354,SPDL,Citizens Share Broker Limited,Agrawal Securities (PVT) Ltd.,100,420.0,42000.0,2025-07-15 13:21:46.132727
2025-07-15,37951,2025071504012355,SPDL,Imperial Securities Company Pvt. Ltd.,Agrawal Securities (PVT) Ltd.,70,420.0,29400.0,2025-07-15 13:21:46.132787
2025-07-15,37950,2025071504012356,SPDL,Dakshinkali Investment & Securities Pvt. Ltd.,Agrawal Securities (PVT) Ltd.,293,420.0,123060.0,2025-07-15 13:21:46.132826
2025-07-15,37696,2025071504012465,SPDL,Dipshikha Dhitopatra Karobar Co. Pvt Ltd.,Vision Securities Pvt. Ltd,140,420.2,58828.0,2025-07-15 13:22:46.764180
2025-07-15,37695,2025071504012466,SPDL,Dakshinkali Investment & Securities Pvt. Ltd.,Vision Securities Pvt. Ltd,207,420.0,86940.0,2025-07-15 13:22:46.764497
2025-07-15,37694,2025071504012467,SPDL,Imperial Securities Company Pvt. Ltd.,Vision Securities Pvt. Ltd,153,420.0,64260.0,2025-07-15 13:22:46.764618
2025-07-15,37555,2025071504012511,SPDL,Imperial Securities Company Pvt. Ltd.,Trishakti Securities Public Limited,147,420.0,61740.0,2025-07-15 13:23:23.970909
2025-07-15,37554,2025071504012512,SPDL,Kohinoor Investment & Securities Pvt. Ltd.,Trishakti Securities Public Limited,50,420.0,21000.0,2025-07-15 13:23:23.971009
2025-07-15,37553,2025071504012513,SPDL,J.F. Securites (PVT) Ltd.,Trishakti Securities Public Limited,200,420.0,84000.0,2025-07-15 13:23:23.971053
2025-07-15,37552,2025071504012514,SPDL,J.F. Securites (PVT) Ltd.,Trishakti Securities Public Limited,280,420.0,117600.0,2025-07-15 13:23:23.971081
2025-07-15,37551,2025071504012515,SPDL,Naasa Securities Co. Ltd.,Trishakti Securities Public Limited,200,420.0,84000.0,2025-07-15 13:23:23.971105
2025-07-15,37550,2025071504012516,SPDL,Capital Hub P. Ltd,Trishakti Securities Public Limited,50,420.0,21000.0,2025-07-15 13:23:23.971141
2025-07-15,37549,2025071504012517,SPDL,Aryatara Investment & Securities,Trishakti Securities Public Limited,73,420.0,30660.0,2025-07-15 13:23:23.971175
2025-07-15,37512,2025071504012531,SPDL,SUN SECURITIES PVT LTD,Creative Securities Pvt Ltd,250,422.0,105500.0,2025-07-15 13:23:34.272882
2025-07-15,37487,2025071504012540,SPDL,SUN SECURITIES PVT LTD,Indira securities pvt. ltd,10,422.0,4220.0,2025-07-15 13:23:43.444681
2025-07-15,37453,2025071504012557,SPDL,SUN SECURITIES PVT LTD,Capital Hub P. Ltd,740,422.0,312280.0,2025-07-15 13:23:52.113997
2025-07-15,37140,2025071504012640,SPDL,Aryatara Investment & Securities,Elite Stock House Limited,27,420.0,11340.0,2025-07-15 13:25:03.949211
2025-07-15,37139,2025071504012641,SPDL,Trishakti Securities Public Limited,Elite Stock House Limited,50,419.5,20975.0,2025-07-15 13:25:03.949690
2025-07-15,37138,2025071504012642,SPDL,Cristal Kanchanjanga Securites Pvt. Ltd.,Elite Stock House Limited,923,419.0,386737.0,2025-07-15 13:25:03.950038
2025-07-15,36746,2025071504012742,SPDL,Cristal Kanchanjanga Securites Pvt. Ltd.,Siprabi Securities Pvt. Ltd.,165,419.0,69135.0,2025-07-15 13:27:00.415789
2025-07-15,36711,2025071504012747,SPDL,Cristal Kanchanjanga Securites Pvt. Ltd.,R.B.B. Securities Company Ltd,300,419.0,125700.0,2025-07-15 13:27:06.319274
2025-07-15,35505,2025071504013096,SPDL,Secured Securities Ltd.,Online Securities Pvt. Ltd.,100,420.0,42000.0,2025-07-15 13:32:05.469849
2025-07-15,35504,2025071504013097,SPDL,Secured Securities Ltd.,Online Securities Pvt. Ltd.,100,420.0,42000.0,2025-07-15 13:32:05.470221
2025-07-15,35449,2025071504013113,SPDL,ABC Securities Private Limited,Online Securities Pvt. Ltd.,50,420.0,21000.0,2025-07-15 13:32:23.511928
2025-07-15,35002,2025071504013243,SPDL,ABC Securities Private Limited,Kumari Securities Private Limited,200,420.0,84000.0,2025-07-15 13:34:19.133029
2025-07-15,34697,2025071504013322,SPDL,ABC Securities Private Limited,Aryatara Investment & Securities,200,420.0,84000.0,2025-07-15 13:35:23.363790
2025-07-15,34519,2025071504013366,SPDL,ABC Securities Private Limited,Sweta Securities Private Limited,11,420.0,4620.0,2025-07-15 13:36:05.111928
2025-07-15,34137,2025071504013495,SPDL,ABC Securities Private Limited,Sani Securities Company Ltd.,39,420.0,16380.0,2025-07-15 13:37:25.863096
2025-07-15,34136,2025071504013496,SPDL,Naasa Securities Co. Ltd.,Sani Securities Company Ltd.,32,420.0,13440.0,2025-07-15 13:37:25.863771
2025-07-15,33787,2025071504013622,SPDL,Naasa Securities Co. Ltd.,Sajilo Broker Limited,68,420.0,28560.0,2025-07-15 13:38:40.181566
2025-07-15,33786,2025071504013623,SPDL,Hatemalo Financial Services Private Limited,Sajilo Broker Limited,232,420.0,97440.0,2025-07-15 13:38:40.181882
2025-07-15,33721,2025071504013642,SPDL,Hatemalo Financial Services Private Limited,Imperial Securities Company Pvt. Ltd.,200,420.0,84000.0,2025-07-15 13:38:59.502194
2025-07-15,33631,2025071504013676,SPDL,Hatemalo Financial Services Private Limited,Nepal Investment And Securities Trading Private Limited,50,420.0,21000.0,2025-07-15 13:39:23.146288
2025-07-15,33260,2025071504013802,SPDL,Hatemalo Financial Services Private Limited,Sewa Securities Pvt. Ltd.,360,420.0,151200.0,2025-07-15 13:40:59.721235
2025-07-15,33001,2025071504013856,SPDL,Dipshikha Dhitopatra Karobar Co. Pvt Ltd.,Thrive Brokerage House Pvt. Ltd,120,420.9,50508.0,2025-07-15 13:41:42.683611
2025-07-15,33000,2025071504013857,SPDL,Dipshikha Dhitopatra Karobar Co. Pvt Ltd.,Online Securities Pvt. Ltd.,260,421.0,109460.0,2025-07-15 13:41:42.683690
2025-07-15,32999,2025071504013858,SPDL,Dipshikha Dhitopatra Karobar Co. Pvt Ltd.,Capital Hub P. Ltd,10,422.0,4220.0,2025-07-15 13:41:42.683726
2025-07-15,32998,2025071504013859,SPDL,Dipshikha Dhitopatra Karobar Co. Pvt Ltd.,Deevyaa Securities & Stock House Pvt. Ltd,30,422.0,12660.0,2025-07-15 13:41:42.683755
2025-07-15,32997,2025071504013860,SPDL,Dipshikha Dhitopatra Karobar Co. Pvt Ltd.,Elite Stock House Limited,180,422.0,75960.0,2025-07-15 13:41:42.683783
2025-07-15,32951,2025071504013878,SPDL,Hatemalo Financial Services Private Limited,Thrive Brokerage House Pvt. Ltd,14,420.0,5880.0,2025-07-15 13:41:57.106896
2025-07-15,32769,2025071504013919,SPDL,Hatemalo Financial Services Private Limited,Arun Securities (PVT) Ltd.,144,420.0,60480.0,2025-07-15 13:42:25.777178
2025-07-15,32768,2025071504013920,SPDL,Investment Management Nepal Pvt. Ltd.,Arun Securities (PVT) Ltd.,50,420.0,21000.0,2025-07-15 13:42:25.777530
2025-07-15,32767,2025071504013921,SPDL,Hatemalo Financial Services Private Limited,Arun Securities (PVT) Ltd.,106,420.0,44520.0,2025-07-15 13:42:25.777656
2025-07-15,31674,2025071504014191,SPDL,SUN SECURITIES PVT LTD,Dynamic Money Managers Securities Pvt. Ltd.,500,421.0,210500.0,2025-07-15 13:46:44.961391
2025-07-15,31154,2025071504014391,SPDL,Aryatara Investment & Securities,Trisul Securities & Invt. Ltd.,100,420.5,42050.0,2025-07-15 13:48:47.233974
2025-07-15,31153,2025071504014392,SPDL,Agrawal Securities (PVT) Ltd.,Trisul Securities & Invt. Ltd.,100,420.5,42050.0,2025-07-15 13:48:47.234336
2025-07-15,31152,2025071504014393,SPDL,Hatemalo Financial Services Private Limited,Trisul Securities & Invt. Ltd.,800,420.0,336000.0,2025-07-15 13:48:47.234465
2025-07-15,31129,2025071504014399,SPDL,Hatemalo Financial Services Private Limited,Sumeru Securities Pvt. Ltd.,94,420.0,39480.0,2025-07-15 13:48:55.667961
2025-07-15,31128,2025071504014400,SPDL,Hatemalo Financial Services Private Limited,Sumeru Securities Pvt. Ltd.,406,420.0,170520.0,2025-07-15 13:48:55.668304
2025-07-15,31079,2025071504014423,SPDL,Hatemalo Financial Services Private Limited,Sumeru Securities Pvt. Ltd.,500,420.0,210000.0,2025-07-15 13:49:06.723919
2025-07-15,31018,2025071504014429,SPDL,Capital Max Securities Ltd,Naasa Securities Co. Ltd.,10,421.0,4210.0,2025-07-15 13:49:22.621004
2025-07-15,30985,2025071504014434,SPDL,Capital Max Securities Ltd,Pragyan Securities (PVT) Ltd.,510,421.0,214710.0,2025-07-15 13:49:29.792362
2025-07-15,30984,2025071504014435,SPDL,Hatemalo Financial Services Private Limited,Pragyan Securities (PVT) Ltd.,94,420.0,39480.0,2025-07-15 13:49:29.792688
2025-07-15,30983,2025071504014436,SPDL,Kohinoor Investment & Securities Pvt. Ltd.,Pragyan Securities (PVT) Ltd.,330,420.0,138600.0,2025-07-15 13:49:29.792811
2025-07-15,30612,2025071504014551,SPDL,Cristal Kanchanjanga Securites Pvt. Ltd.,Pragyan Securities (PVT) Ltd.,300,419.0,125700.0,2025-07-15 13:50:50.264212
2025-07-15,30425,2025071504014605,SPDL,Imperial Securities Company Pvt. Ltd.,Thrive Brokerage House Pvt. Ltd,300,419.9,125970.0,2025-07-15 13:51:41.721645
2025-07-15,30424,2025071504014606,SPDL,Imperial Securities Company Pvt. Ltd.,Pragyan Securities (PVT) Ltd.,566,420.0,237720.0,2025-07-15 13:51:41.721961
2025-07-15,29587,2025071504014844,SPDL,Imperial Securities Company Pvt. Ltd.,Sumeru Securities Pvt. Ltd.,50,420.0,21000.0,2025-07-15 13:55:26.591675
2025-07-15,29517,2025071504014857,SPDL,Imperial Securities Company Pvt. Ltd.,Secured Securities Ltd.,1000,420.0,420000.0,2025-07-15 13:55:43.244667
2025-07-15,29352,2025071504014900,SPDL,Imperial Securities Company Pvt. Ltd.,Vision Securities Pvt. Ltd,26,420.0,10920.0,2025-07-15 13:56:28.086043
2025-07-15,29036,2025071504014997,SPDL,Imperial Securities Company Pvt. Ltd.,Secured Securities Ltd.,58,420.0,24360.0,2025-07-15 13:57:46.939205
2025-07-15,28798,2025071504015086,SPDL,Capital Max Securities Ltd,Dipshikha Dhitopatra Karobar Co. Pvt Ltd.,95,419.5,39852.5,2025-07-15 13:58:39.557198
2025-07-15,28797,2025071504015087,SPDL,Vision Securities Pvt. Ltd,Dipshikha Dhitopatra Karobar Co. Pvt Ltd.,105,419.1,44005.5,2025-07-15 13:58:39.557871
2025-07-15,28199,2025071504015248,SPDL,Vision Securities Pvt. Ltd,Dipshikha Dhitopatra Karobar Co. Pvt Ltd.,100,419.1,41910.0,2025-07-15 14:00:53.571780
2025-07-15,28155,2025071504015255,SPDL,Vision Securities Pvt. Ltd,Capital Hub P. Ltd,295,419.1,123634.5,2025-07-15 14:01:05.812600
2025-07-15,28154,2025071504015256,SPDL,Midas Stock Broking Company Private Limited,Capital Hub P. Ltd,532,419.1,222961.2,2025-07-15 14:01:05.812927
2025-07-15,28153,2025071504015257,SPDL,Cristal Kanchanjanga Securites Pvt. Ltd.,Capital Hub P. Ltd,312,419.0,130728.0,2025-07-15 14:01:05.813046
2025-07-15,28152,2025071504015258,SPDL,J.F. Securites (PVT) Ltd.,Capital Hub P. Ltd,100,419.0,41900.0,2025-07-15 14:01:05.813167
2025-07-15,28151,2025071504015259,SPDL,Primo Securities (PVT) Ltd.,Capital Hub P. Ltd,100,419.0,41900.0,2025-07-15 14:01:05.813284
2025-07-15,28150,2025071504015260,SPDL,Hatemalo Financial Services Private Limited,Capital Hub P. Ltd,1000,419.0,419000.0,2025-07-15 14:01:05.813420
2025-07-15,28149,2025071504015261,SPDL,Dynamic Money Managers Securities Pvt. Ltd.,Capital Hub P. Ltd,20,419.0,8380.0,2025-07-15 14:01:05.813538
2025-07-15,28076,2025071504015275,SPDL,Trisul Securities & Invt. Ltd.,Capital Hub P. Ltd,141,419.0,59079.0,2025-07-15 14:01:17.397340
2025-07-15,27814,2025071504015344,SPDL,Imperial Securities Company Pvt. Ltd.,Nepal Investment And Securities Trading Private Limited,500,419.1,209550.0,2025-07-15 14:02:21.401272
2025-07-15,27767,2025071504015356,SPDL,Kumari Securities Private Limited,Secured Securities Ltd.,442,420.0,185640.0,2025-07-15 14:02:31.176188
2025-07-15,27766,2025071504015357,SPDL,Kumari Securities Private Limited,Capital Max Securities Ltd,1000,420.0,420000.0,2025-07-15 14:02:31.176257
2025-07-15,27765,2025071504015358,SPDL,Kumari Securities Private Limited,Secured Securities Ltd.,558,420.9,234862.2,2025-07-15 14:02:31.176291
2025-07-15,27731,2025071504015364,SPDL,Trisul Securities & Invt. Ltd.,Nepal Investment And Securities Trading Private Limited,207,419.0,86733.0,2025-07-15 14:02:40.544008
2025-07-15,27730,2025071504015365,SPDL,Hatemalo Financial Services Private Limited,Nepal Investment And Securities Trading Private Limited,1000,419.0,419000.0,2025-07-15 14:02:40.544308
2025-07-15,27264,2025071504015547,SPDL,Hatemalo Financial Services Private Limited,KALASH STOCK MARKET PVT. LTD.,100,419.0,41900.0,2025-07-15 14:04:25.607030
2025-07-15,26997,2025071504015632,SPDL,Hatemalo Financial Services Private Limited,Nepal Investment And Securities Trading Private Limited,589,419.0,246791.0,2025-07-15 14:05:29.702240
2025-07-15,25697,2025071504016025,SPDL,Online Securities Pvt. Ltd.,Property Wiard Limited,26,419.2,10899.2,2025-07-15 14:10:26.327402
2025-07-15,25547,2025071504016059,SPDL,Online Securities Pvt. Ltd.,Dynamic Money Managers Securities Pvt. Ltd.,474,419.2,198700.8,2025-07-15 14:11:05.658681
2025-07-15,25546,2025071504016060,SPDL,Sumeru Securities Pvt. Ltd.,Dynamic Money Managers Securities Pvt. Ltd.,400,419.1,167640.0,2025-07-15 14:11:05.659023
2025-07-15,25545,2025071504016061,SPDL,Hatemalo Financial Services Private Limited,Dynamic Money Managers Securities Pvt. Ltd.,311,419.0,130309.0,2025-07-15 14:11:05.659143
2025-07-15,25544,2025071504016062,SPDL,Online Securities Pvt. Ltd.,Dynamic Money Managers Securities Pvt. Ltd.,500,419.0,209500.0,2025-07-15 14:11:05.659260
2025-07-15,25543,2025071504016063,SPDL,Hatemalo Financial Services Private Limited,Dynamic Money Managers Securities Pvt. Ltd.,315,419.0,131985.0,2025-07-15 14:11:05.659389
2025-07-15,25369,2025071504016102,SPDL,Hatemalo Financial Services Private Limited,Dynamic Money Managers Securities Pvt. Ltd.,100,419.0,41900.0,2025-07-15 14:11:42.313649
2025-07-15,25040,2025071504016189,SPDL,Dynamic Money Managers Securities Pvt. Ltd.,Swarna Laxmi Securities Pvt. Ltd.,100,419.8,41980.0,2025-07-15 14:12:38.308409
2025-07-15,25039,2025071504016190,SPDL,Dynamic Money Managers Securities Pvt. Ltd.,Secured Securities Ltd.,400,419.9,167960.0,2025-07-15 14:12:38.308706
2025-07-15,24960,2025071504016194,SPDL,Hatemalo Financial Services Private Limited,Nepal Stock House (PVT) Ltd.,500,419.0,209500.0,2025-07-15 14:12:46.026480
2025-07-15,24872,2025071504016210,SPDL,Dynamic Money Managers Securities Pvt. Ltd.,Secured Securities Ltd.,42,419.9,17635.8,2025-07-15 14:13:02.482006
2025-07-15,24871,2025071504016211,SPDL,Dynamic Money Managers Securities Pvt. Ltd.,Nepal Investment And Securities Trading Private Limited,958,420.0,402360.0,2025-07-15 14:13:02.482352
2025-07-15,24618,2025071504016270,SPDL,Hatemalo Financial Services Private Limited,Blue Chip Securities Ltd,85,419.0,35615.0,2025-07-15 14:13:47.819161
2025-07-15,24617,2025071504016271,SPDL,Arun Securities (PVT) Ltd.,Blue Chip Securities Ltd,19,419.0,7961.0,2025-07-15 14:13:47.819526
2025-07-15,23922,2025071504016484,SPDL,Arun Securities (PVT) Ltd.,Secured Securities Ltd.,31,419.0,12989.0,2025-07-15 14:15:52.369559
2025-07-15,23921,2025071504016485,SPDL,Online Securities Pvt. Ltd.,Secured Securities Ltd.,100,419.0,41900.0,2025-07-15 14:15:52.369878
2025-07-15,23920,2025071504016486,SPDL,Linch Stock Market Ltd.,Secured Securities Ltd.,138,419.0,57822.0,2025-07-15 14:15:52.369994
2025-07-15,23919,2025071504016487,SPDL,Deevyaa Securities & Stock House Pvt. Ltd,Secured Securities Ltd.,500,418.6,209300.0,2025-07-15 14:15:52.370118
2025-07-15,23918,2025071504016488,SPDL,Imperial Securities Company Pvt. Ltd.,Secured Securities Ltd.,100,418.6,41860.0,2025-07-15 14:15:52.370235
2025-07-15,23917,2025071504016489,SPDL,Naasa Securities Co. Ltd.,Secured Securities Ltd.,1000,418.5,418500.0,2025-07-15 14:15:52.370392
2025-07-15,23916,2025071504016490,SPDL,Hatemalo Financial Services Private Limited,Secured Securities Ltd.,1000,418.3,418300.0,2025-07-15 14:15:52.370510
2025-07-15,23915,2025071504016491,SPDL,Premier Securities Company Ltd.,Secured Securities Ltd.,100,418.1,41810.0,2025-07-15 14:15:52.370627
2025-07-15,23914,2025071504016492,SPDL,Cristal Kanchanjanga Securites Pvt. Ltd.,Secured Securities Ltd.,100,418.1,41810.0,2025-07-15 14:15:52.370744
2025-07-15,23913,2025071504016493,SPDL,Imperial Securities Company Pvt. Ltd.,Secured Securities Ltd.,295,418.0,123310.0,2025-07-15 14:15:52.370889
2025-07-15,23912,2025071504016494,SPDL,Kumari Securities Private Limited,Secured Securities Ltd.,100,418.0,41800.0,2025-07-15 14:15:52.371007
2025-07-15,23911,2025071504016495,SPDL,Dipshikha Dhitopatra Karobar Co. Pvt Ltd.,Secured Securities Ltd.,370,418.0,154660.0,2025-07-15 14:15:52.371125
2025-07-15,23714,2025071504016553,SPDL,Cristal Kanchanjanga Securites Pvt. Ltd.,Capital Hub P. Ltd,2000,419.0,838000.0,2025-07-15 14:16:28.252646
2025-07-15,23670,2025071504016557,SPDL,Dipshikha Dhitopatra Karobar Co. Pvt Ltd.,Midas Stock Broking Company Private Limited,630,418.0,263340.0,2025-07-15 14:16:36.146606
2025-07-15,23669,2025071504016558,SPDL,Online Securities Pvt. Ltd.,Midas Stock Broking Company Private Limited,220,418.0,91960.0,2025-07-15 14:16:36.146710
2025-07-15,23668,2025071504016559,SPDL,Online Securities Pvt. Ltd.,Midas Stock Broking Company Private Limited,130,418.0,54340.0,2025-07-15 14:16:36.146779
2025-07-15,23667,2025071504016560,SPDL,Vision Securities Pvt. Ltd,Midas Stock Broking Company Private Limited,20,418.0,8360.0,2025-07-15 14:16:36.146849
2025-07-15,23226,2025071504016637,SPDL,Vision Securities Pvt. Ltd,Secured Securities Ltd.,30,418.0,12540.0,2025-07-15 14:18:02.794298
2025-07-15,23225,2025071504016638,SPDL,Vision Securities Pvt. Ltd,Secured Securities Ltd.,500,418.0,209000.0,2025-07-15 14:18:02.794910
2025-07-15,23224,2025071504016639,SPDL,SUN SECURITIES PVT LTD,Secured Securities Ltd.,500,418.0,209000.0,2025-07-15 14:18:02.795267
2025-07-15,23223,2025071504016640,SPDL,Online Securities Pvt. Ltd.,Secured Securities Ltd.,20,418.0,8360.0,2025-07-15 14:18:02.795674
2025-07-15,22201,2025071504016894,SPDL,Sundhara Securities Limited,Neev Securities Pvt. Ltd.,100,417.5,41750.0,2025-07-15 14:21:37.855038
2025-07-15,22200,2025071504016895,SPDL,Sewa Securities Pvt. Ltd.,Neev Securities Pvt. Ltd.,150,417.2,62580.0,2025-07-15 14:21:37.855328
2025-07-15,21933,2025071504016986,SPDL,Hatemalo Financial Services Private Limited,Sharepro Securities Private Limited,400,417.5,167000.0,2025-07-15 14:22:33.561243
2025-07-15,21852,2025071504017011,SPDL,Sewa Securities Pvt. Ltd.,Ashutosh Brokerage & Securities (PVT) Ltd.,50,417.2,20860.0,2025-07-15 14:22:53.460569
2025-07-15,21851,2025071504017012,SPDL,Sweta Securities Private Limited,Ashutosh Brokerage & Securities (PVT) Ltd.,82,417.1,34202.2,2025-07-15 14:22:53.460871
2025-07-15,21732,2025071504017040,SPDL,Sweta Securities Private Limited,Nepal Investment And Securities Trading Private Limited,26,417.1,10844.6,2025-07-15 14:23:20.116928
2025-07-15,21731,2025071504017041,SPDL,Deevyaa Securities & Stock House Pvt. Ltd,Nepal Investment And Securities Trading Private Limited,200,417.1,83420.0,2025-07-15 14:23:20.117255
2025-07-15,21730,2025071504017042,SPDL,J.F. Securites (PVT) Ltd.,Nepal Investment And Securities Trading Private Limited,450,417.0,187650.0,2025-07-15 14:23:20.117391
2025-07-15,21496,2025071504017093,SPDL,J.F. Securites (PVT) Ltd.,Imperial Securities Company Pvt. Ltd.,50,417.0,20850.0,2025-07-15 14:23:46.165397
2025-07-15,21495,2025071504017094,SPDL,Aryatara Investment & Securities,Imperial Securities Company Pvt. Ltd.,10,417.0,4170.0,2025-07-15 14:23:46.165468
2025-07-15,21494,2025071504017095,SPDL,J.F. Securites (PVT) Ltd.,Imperial Securities Company Pvt. Ltd.,20,417.0,8340.0,2025-07-15 14:23:46.165490
2025-07-15,21493,2025071504017096,SPDL,Online Securities Pvt. Ltd.,Imperial Securities Company Pvt. Ltd.,120,417.0,50040.0,2025-07-15 14:23:46.165516
2025-07-15,20980,2025071504017200,SPDL,Online Securities Pvt. Ltd.,Miyo Securities Pvt Ltd,10,417.0,4170.0,2025-07-15 14:25:19.074667
2025-07-15,20749,2025071504017301,SPDL,Kohinoor Investment & Securities Pvt. Ltd.,Sani Securities Company Ltd.,100,417.2,41720.0,2025-07-15 14:25:48.671002
2025-07-15,20748,2025071504017302,SPDL,Kohinoor Investment & Securities Pvt. Ltd.,Naasa Securities Co. Ltd.,100,417.9,41790.0,2025-07-15 14:25:48.671338
2025-07-15,20747,2025071504017303,SPDL,Kohinoor Investment & Securities Pvt. Ltd.,Secured Securities Ltd.,100,418.0,41800.0,2025-07-15 14:25:48.671458
2025-07-15,20618,2025071504017323,SPDL,Online Securities Pvt. Ltd.,Ashutosh Brokerage & Securities (PVT) Ltd.,370,417.0,154290.0,2025-07-15 14:26:10.924704
2025-07-15,20617,2025071504017324,SPDL,Oxford Securities Pvt. Ltd.,Ashutosh Brokerage & Securities (PVT) Ltd.,130,416.3,54119.0,2025-07-15 14:26:10.924777
2025-07-15,20213,2025071504017393,SPDL,Oxford Securities Pvt. Ltd.,Midas Stock Broking Company Private Limited,70,416.3,29141.0,2025-07-15 14:27:05.322592
2025-07-15,20212,2025071504017394,SPDL,Secured Securities Ltd.,Midas Stock Broking Company Private Limited,120,416.2,49944.0,2025-07-15 14:27:05.322702
2025-07-15,20211,2025071504017395,SPDL,Siprabi Securities Pvt. Ltd.,Midas Stock Broking Company Private Limited,310,416.2,129022.0,2025-07-15 14:27:05.322800
2025-07-15,19607,2025071504017578,SPDL,Premier Securities Company Ltd.,Midas Stock Broking Company Private Limited,300,416.7,125010.0,2025-07-15 14:28:42.626389
2025-07-15,19438,2025071504017640,SPDL,Online Securities Pvt. Ltd.,Market Securities & Exchange (PVT) Ltd.,1000,417.0,417000.0,2025-07-15 14:29:10.750594
2025-07-15,18787,2025071504017801,SPDL,Online Securities Pvt. Ltd.,Secured Securities Ltd.,50,418.0,20900.0,2025-07-15 14:30:56.301162
2025-07-15,18768,2025071504017815,SPDL,Sani Securities Company Ltd.,Midas Stock Broking Company Private Limited,50,416.3,20815.0,2025-07-15 14:30:58.525255
2025-07-15,18236,2025071504017992,SPDL,Oxford Securities Pvt. Ltd.,Primo Securities (PVT) Ltd.,400,417.1,166840.0,2025-07-15 14:32:22.892155
2025-07-15,17799,2025071504018145,SPDL,Sani Securities Company Ltd.,Dipshikha Dhitopatra Karobar Co. Pvt Ltd.,450,417.2,187740.0,2025-07-15 14:33:23.298887
2025-07-15,17692,2025071504018166,SPDL,Sumeru Securities Pvt. Ltd.,Dipshikha Dhitopatra Karobar Co. Pvt Ltd.,50,417.2,20860.0,2025-07-15 14:33:33.862674
2025-07-15,17691,2025071504018167,SPDL,Sumeru Securities Pvt. Ltd.,Midas Stock Broking Company Private Limited,200,417.9,83580.0,2025-07-15 14:33:33.862990
2025-07-15,17690,2025071504018168,SPDL,Sumeru Securities Pvt. Ltd.,Secured Securities Ltd.,750,418.0,313500.0,2025-07-15 14:33:33.863145
2025-07-15,17600,2025071504018205,SPDL,Aryatara Investment & Securities,Secured Securities Ltd.,1050,418.0,438900.0,2025-07-15 14:33:45.652745
2025-07-15,17599,2025071504018206,SPDL,Aryatara Investment & Securities,Linch Stock Market Ltd.,100,418.0,41800.0,2025-07-15 14:33:45.653056
2025-07-15,17420,2025071504018274,SPDL,Online Securities Pvt. Ltd.,Linch Stock Market Ltd.,300,419.0,125700.0,2025-07-15 14:34:10.796186
2025-07-15,17419,2025071504018275,SPDL,Online Securities Pvt. Ltd.,Nepal Investment And Securities Trading Private Limited,100,419.0,41900.0,2025-07-15 14:34:10.796508
2025-07-15,17339,2025071504018294,SPDL,Online Securities Pvt. Ltd.,Deevyaa Securities & Stock House Pvt. Ltd,25,419.0,10475.0,2025-07-15 14:34:22.749874
2025-07-15,17159,2025071504018375,SPDL,Online Securities Pvt. Ltd.,South Asian Bulls Pvt. Ltd.,50,419.5,20975.0,2025-07-15 14:34:51.278245
2025-07-15,16103,2025071504018747,SPDL,Online Securities Pvt. Ltd.,Deevyaa Securities & Stock House Pvt. Ltd,90,419.6,37764.0,2025-07-15 14:37:18.225798
2025-07-15,16043,2025071504018768,SPDL,Primo Securities (PVT) Ltd.,Nepal Investment And Securities Trading Private Limited,200,418.1,83620.0,2025-07-15 14:37:23.559173
2025-07-15,15979,2025071504018779,SPDL,Primo Securities (PVT) Ltd.,Midas Stock Broking Company Private Limited,500,418.1,209050.0,2025-07-15 14:37:34.444112
2025-07-15,15521,2025071504018913,SPDL,Nepal Investment And Securities Trading Private Limited,Deevyaa Securities & Stock House Pvt. Ltd,10,419.6,4196.0,2025-07-15 14:38:43.099391
2025-07-15,15520,2025071504018914,SPDL,Nepal Investment And Securities Trading Private Limited,Aryatara Investment & Securities,90,419.6,37764.0,2025-07-15 14:38:43.099730
2025-07-15,15458,2025071504018928,SPDL,Sani Securities Company Ltd.,Midas Stock Broking Company Private Limited,50,419.0,20950.0,2025-07-15 14:38:50.817027
2025-07-15,15457,2025071504018929,SPDL,Shree Krishna Securities Ltd.,Midas Stock Broking Company Private Limited,25,418.2,10455.0,2025-07-15 14:38:50.817123
2025-07-15,15456,2025071504018930,SPDL,Primo Securities (PVT) Ltd.,Midas Stock Broking Company Private Limited,300,418.1,125430.0,2025-07-15 14:38:50.817179
2025-07-15,15455,2025071504018931,SPDL,Aryatara Investment & Securities,Midas Stock Broking Company Private Limited,125,418.0,52250.0,2025-07-15 14:38:50.817206
2025-07-15,15039,2025071504019074,SPDL,Investment Management Nepal Pvt. Ltd.,Hatemalo Financial Services Private Limited,500,419.5,209750.0,2025-07-15 14:39:49.675493
2025-07-15,14944,2025071504019100,SPDL,Trisul Securities & Invt. Ltd.,Sri Hari Securities Pvt. Ltd.,500,419.0,209500.0,2025-07-15 14:40:07.853556
2025-07-15,14836,2025071504019140,SPDL,Dynamic Money Managers Securities Pvt. Ltd.,Sri Hari Securities Pvt. Ltd.,500,419.0,209500.0,2025-07-15 14:40:24.211478
2025-07-15,14777,2025071504019147,SPDL,Aryatara Investment & Securities,Indira securities pvt. ltd,166,418.0,69388.0,2025-07-15 14:40:35.015844
2025-07-15,14616,2025071504019186,SPDL,Aryatara Investment & Securities,Indira securities pvt. ltd,20,418.0,8360.0,2025-07-15 14:40:58.080630
2025-07-15,13820,2025071504019429,SPDL,Aryatara Investment & Securities,Sri Hari Securities Pvt. Ltd.,100,419.0,41900.0,2025-07-15 14:42:49.129782
2025-07-15,13262,2025071504019623,SPDL,Property Wiard Limited,Sri Hari Securities Pvt. Ltd.,500,419.0,209500.0,2025-07-15 14:44:12.650456
2025-07-15,13150,2025071504019644,SPDL,Online Securities Pvt. Ltd.,Premier Securities Company Ltd.,500,418.2,209100.0,2025-07-15 14:44:26.224659
2025-07-15,13149,2025071504019645,SPDL,Linch Stock Market Ltd.,Premier Securities Company Ltd.,500,418.1,209050.0,2025-07-15 14:44:26.225464
2025-07-15,13148,2025071504019646,SPDL,Linch Stock Market Ltd.,Premier Securities Company Ltd.,300,418.1,125430.0,2025-07-15 14:44:26.225993
2025-07-15,13147,2025071504019647,SPDL,Dynamic Money Managers Securities Pvt. Ltd.,Premier Securities Company Ltd.,200,418.0,83600.0,2025-07-15 14:44:26.226451
2025-07-15,13146,2025071504019648,SPDL,Midas Stock Broking Company Private Limited,Premier Securities Company Ltd.,230,418.0,96140.0,2025-07-15 14:44:26.226944
2025-07-15,13145,2025071504019649,SPDL,Dynamic Money Managers Securities Pvt. Ltd.,Premier Securities Company Ltd.,270,418.0,112860.0,2025-07-15 14:44:26.227426
2025-07-15,12700,2025071504019710,SPDL,Dynamic Money Managers Securities Pvt. Ltd.,SUN SECURITIES PVT LTD,259,418.0,108262.0,2025-07-15 14:45:01.802568
2025-07-15,12626,2025071504019738,SPDL,Aryatara Investment & Securities,Sri Hari Securities Pvt. Ltd.,100,419.0,41900.0,2025-07-15 14:45:08.127681
2025-07-15,12593,2025071504019744,SPDL,Infinity Securities Limited,Sri Hari Securities Pvt. Ltd.,12,419.0,5028.0,2025-07-15 14:45:12.861779
2025-07-15,12345,2025071504019820,SPDL,Siprabi Securities Pvt. Ltd.,Deevyaa Securities & Stock House Pvt. Ltd,150,418.1,62715.0,2025-07-15 14:45:34.393181
2025-07-15,11946,2025071504019933,SPDL,Infinity Securities Limited,Sri Hari Securities Pvt. Ltd.,11,419.0,4609.0,2025-07-15 14:46:17.039414
2025-07-15,11914,2025071504019940,SPDL,Siprabi Securities Pvt. Ltd.,Trishakti Securities Public Limited,1850,418.1,773485.0,2025-07-15 14:46:20.842301
2025-07-15,11913,2025071504019941,SPDL,Dynamic Money Managers Securities Pvt. Ltd.,Trishakti Securities Public Limited,71,418.0,29678.0,2025-07-15 14:46:20.842356
2025-07-15,11912,2025071504019942,SPDL,KALASH STOCK MARKET PVT. LTD.,Trishakti Securities Public Limited,79,418.0,33022.0,2025-07-15 14:46:20.842387
2025-07-15,11909,2025071504019943,SPDL,Imperial Securities Company Pvt. Ltd.,Sri Hari Securities Pvt. Ltd.,25,419.0,10475.0,2025-07-15 14:46:21.084578
2025-07-15,11822,2025071504019960,SPDL,Naasa Securities Co. Ltd.,Sri Hari Securities Pvt. Ltd.,252,419.0,105588.0,2025-07-15 14:46:34.999808
2025-07-15,11821,2025071504019961,SPDL,Naasa Securities Co. Ltd.,Sri Hari Securities Pvt. Ltd.,500,419.0,209500.0,2025-07-15 14:46:35.000149
2025-07-15,11820,2025071504019962,SPDL,Naasa Securities Co. Ltd.,Sri Hari Securities Pvt. Ltd.,248,419.0,103912.0,2025-07-15 14:46:35.000277
2025-07-15,11304,2025071504020112,SPDL,Secured Securities Ltd.,Sundhara Securities Limited,10,418.9,4189.0,2025-07-15 14:47:28.672502
2025-07-15,11303,2025071504020113,SPDL,Secured Securities Ltd.,Kumari Securities Private Limited,226,418.9,94671.4,2025-07-15 14:47:28.672861
2025-07-15,11302,2025071504020114,SPDL,Secured Securities Ltd.,Sri Hari Securities Pvt. Ltd.,552,419.0,231288.0,2025-07-15 14:47:28.672993
2025-07-15,11301,2025071504020115,SPDL,Secured Securities Ltd.,Aryatara Investment & Securities,500,419.0,209500.0,2025-07-15 14:47:28.673123
2025-07-15,11300,2025071504020116,SPDL,Secured Securities Ltd.,Sewa Securities Pvt. Ltd.,30,419.0,12570.0,2025-07-15 14:47:28.673242
2025-07-15,11299,2025071504020117,SPDL,Secured Securities Ltd.,Sanima Securities Limited,500,419.0,209500.0,2025-07-15 14:47:28.673374
2025-07-15,11298,2025071504020118,SPDL,Secured Securities Ltd.,Nepal Stock House (PVT) Ltd.,432,419.0,181008.0,2025-07-15 14:47:28.673501
2025-07-15,11208,2025071504020143,SPDL,Nepal Investment And Securities Trading Private Limited,Vision Securities Pvt. Ltd,18,418.6,7534.8,2025-07-15 14:47:39.068348
2025-07-15,11207,2025071504020144,SPDL,Naasa Securities Co. Ltd.,Vision Securities Pvt. Ltd,82,418.2,34292.4,2025-07-15 14:47:39.068712
2025-07-15,11038,2025071504020173,SPDL,Blue Chip Securities Ltd,Nepal Stock House (PVT) Ltd.,18,419.0,7542.0,2025-07-15 14:47:54.735243
2025-07-15,11037,2025071504020174,SPDL,Blue Chip Securities Ltd,Primo Securities (PVT) Ltd.,282,419.0,118158.0,2025-07-15 14:47:54.735881
2025-07-15,10918,2025071504020201,SPDL,Dakshinkali Investment & Securities Pvt. Ltd.,Primo Securities (PVT) Ltd.,15,419.0,6285.0,2025-07-15 14:48:08.477791
2025-07-15,10606,2025071504020336,SPDL,Naasa Securities Co. Ltd.,Sri Hari Securities Pvt. Ltd.,200,419.0,83800.0,2025-07-15 14:48:44.773253
2025-07-15,10510,2025071504020390,SPDL,Aryatara Investment & Securities,Arun Securities (PVT) Ltd.,30,419.3,12579.0,2025-07-15 14:48:52.394949
2025-07-15,10509,2025071504020391,SPDL,Aryatara Investment & Securities,Sweta Securities Private Limited,90,419.5,37755.0,2025-07-15 14:48:52.395013
2025-07-15,10508,2025071504020392,SPDL,Aryatara Investment & Securities,Aryatara Investment & Securities,380,419.6,159448.0,2025-07-15 14:48:52.395046
2025-07-15,10326,2025071504020429,SPDL,Secured Securities Ltd.,Aryatara Investment & Securities,130,419.6,54548.0,2025-07-15 14:49:15.251340
2025-07-15,10325,2025071504020430,SPDL,Secured Securities Ltd.,Imperial Securities Company Pvt. Ltd.,30,419.6,12588.0,2025-07-15 14:49:15.251671
2025-07-15,9812,2025071504020532,SPDL,Deevyaa Securities & Stock House Pvt. Ltd,Arun Securities (PVT) Ltd.,20,419.8,8396.0,2025-07-15 14:50:07.229421
2025-07-15,9548,2025071504020593,SPDL,Secured Securities Ltd.,Deevyaa Securities & Stock House Pvt. Ltd,200,420.0,84000.0,2025-07-15 14:50:29.432777
2025-07-15,9220,2025071504020678,SPDL,Secured Securities Ltd.,Dynamic Money Managers Securities Pvt. Ltd.,47,420.0,19740.0,2025-07-15 14:50:54.845907
2025-07-15,9154,2025071504020697,SPDL,Imperial Securities Company Pvt. Ltd.,Dynamic Money Managers Securities Pvt. Ltd.,415,420.0,174300.0,2025-07-15 14:51:01.093493
2025-07-15,8662,2025071504020796,SPDL,Deevyaa Securities & Stock House Pvt. Ltd,Siprabi Securities Pvt. Ltd.,26,419.8,10914.8,2025-07-15 14:51:32.553171
2025-07-15,7915,2025071504021021,SPDL,Primo Securities (PVT) Ltd.,Dynamic Money Managers Securities Pvt. Ltd.,38,420.0,15960.0,2025-07-15 14:52:30.503458
2025-07-15,7914,2025071504021022,SPDL,Primo Securities (PVT) Ltd.,Sweta Securities Private Limited,242,420.0,101640.0,2025-07-15 14:52:30.503794
2025-07-15,7866,2025071504021033,SPDL,Aryatara Investment & Securities,Sweta Securities Private Limited,258,420.0,108360.0,2025-07-15 14:52:35.779304
2025-07-15,7865,2025071504021034,SPDL,Aryatara Investment & Securities,J.F. Securites (PVT) Ltd.,300,420.0,126000.0,2025-07-15 14:52:35.779655
2025-07-15,7864,2025071504021035,SPDL,Aryatara Investment & Securities,Imperial Securities Company Pvt. Ltd.,50,420.0,21000.0,2025-07-15 14:52:35.779784
2025-07-15,7863,2025071504021036,SPDL,Aryatara Investment & Securities,Ashutosh Brokerage & Securities (PVT) Ltd.,492,420.0,206640.0,2025-07-15 14:52:35.779903
2025-07-15,7800,2025071504021051,SPDL,Vision Securities Pvt. Ltd,Ashutosh Brokerage & Securities (PVT) Ltd.,18,420.0,7560.0,2025-07-15 14:52:39.507751
2025-07-15,7691,2025071504021074,SPDL,Shree Krishna Securities Ltd.,Ashutosh Brokerage & Securities (PVT) Ltd.,90,420.0,37800.0,2025-07-15 14:52:49.157958
2025-07-15,7690,2025071504021075,SPDL,Shree Krishna Securities Ltd.,Trishakti Securities Public Limited,50,420.0,21000.0,2025-07-15 14:52:49.158555
2025-07-15,7689,2025071504021076,SPDL,Shree Krishna Securities Ltd.,Premier Securities Company Ltd.,26,420.0,10920.0,2025-07-15 14:52:49.158921
2025-07-15,7688,2025071504021077,SPDL,Shree Krishna Securities Ltd.,Premier Securities Company Ltd.,101,420.0,42420.0,2025-07-15 14:52:49.159276
2025-07-15,7388,2025071504021169,SPDL,Deevyaa Securities & Stock House Pvt. Ltd,Trishakti Securities Public Limited,174,421.8,73393.2,2025-07-15 14:53:13.613458
2025-07-15,7384,2025071504021171,SPDL,Infinity Securities Limited,Trishakti Securities Public Limited,11,421.8,4639.8,2025-07-15 14:53:14.220469
2025-07-15,7208,2025071504021222,SPDL,Cristal Kanchanjanga Securites Pvt. Ltd.,Trishakti Securities Public Limited,180,421.8,75924.0,2025-07-15 14:53:29.756682
2025-07-15,6859,2025071504021304,SPDL,Nepal Investment And Securities Trading Private Limited,Premier Securities Company Ltd.,190,421.0,79990.0,2025-07-15 14:53:56.195578
2025-07-15,6671,2025071504021356,SPDL,Imperial Securities Company Pvt. Ltd.,Trishakti Securities Public Limited,135,421.8,56943.0,2025-07-15 14:54:12.743280
2025-07-15,6670,2025071504021357,SPDL,Imperial Securities Company Pvt. Ltd.,Sweta Securities Private Limited,50,421.9,21095.0,2025-07-15 14:54:12.743577
2025-07-15,6669,2025071504021358,SPDL,Imperial Securities Company Pvt. Ltd.,Vision Securities Pvt. Ltd,200,421.9,84380.0,2025-07-15 14:54:12.743704
2025-07-15,6668,2025071504021359,SPDL,Imperial Securities Company Pvt. Ltd.,Elite Stock House Limited,115,422.0,48530.0,2025-07-15 14:54:12.743824
2025-07-15,6521,2025071504021405,SPDL,Dipshikha Dhitopatra Karobar Co. Pvt Ltd.,Elite Stock House Limited,318,422.0,134196.0,2025-07-15 14:54:27.093534
2025-07-15,6520,2025071504021406,SPDL,Dipshikha Dhitopatra Karobar Co. Pvt Ltd.,Sani Securities Company Ltd.,10,422.0,4220.0,2025-07-15 14:54:27.093645
2025-07-15,6519,2025071504021407,SPDL,Dipshikha Dhitopatra Karobar Co. Pvt Ltd.,Imperial Securities Company Pvt. Ltd.,272,422.0,114784.0,2025-07-15 14:54:27.093678
2025-07-15,6339,2025071504021486,SPDL,Dakshinkali Investment & Securities Pvt. Ltd.,Imperial Securities Company Pvt. Ltd.,728,422.0,307216.0,2025-07-15 14:54:37.141582
2025-07-15,6338,2025071504021487,SPDL,Dakshinkali Investment & Securities Pvt. Ltd.,Imperial Securities Company Pvt. Ltd.,172,422.0,72584.0,2025-07-15 14:54:37.142133
2025-07-15,6023,2025071504021587,SPDL,Nepal Investment And Securities Trading Private Limited,Sani Securities Company Ltd.,30,421.0,12630.0,2025-07-15 14:55:06.468074
2025-07-15,5967,2025071504021620,SPDL,Nepal Investment And Securities Trading Private Limited,SUN SECURITIES PVT LTD,200,421.0,84200.0,2025-07-15 14:55:13.266303
2025-07-15,5619,2025071504021754,SPDL,Nepal Investment And Securities Trading Private Limited,Aryatara Investment & Securities,104,421.0,43784.0,2025-07-15 14:55:37.799774
2025-07-15,5611,2025071504021759,SPDL,Nepal Investment And Securities Trading Private Limited,J.F. Securites (PVT) Ltd.,1476,421.0,621396.0,2025-07-15 14:55:38.496692
2025-07-15,5610,2025071504021760,SPDL,Nepal Investment And Securities Trading Private Limited,J.F. Securites (PVT) Ltd.,308,421.0,129668.0,2025-07-15 14:55:38.496981
2025-07-15,5526,2025071504021793,SPDL,Nepal Investment And Securities Trading Private Limited,Midas Stock Broking Company Private Limited,500,421.0,210500.0,2025-07-15 14:55:44.971131
2025-07-15,5502,2025071504021804,SPDL,Nepal Investment And Securities Trading Private Limited,Hatemalo Financial Services Private Limited,192,421.0,80832.0,2025-07-15 14:55:46.849929
2025-07-15,5501,2025071504021805,SPDL,Naasa Securities Co. Ltd.,Hatemalo Financial Services Private Limited,808,421.0,340168.0,2025-07-15 14:55:46.850227
2025-07-15,5493,2025071504021806,SPDL,South Asian Bulls Pvt. Ltd.,Pragyan Securities (PVT) Ltd.,50,421.8,21090.0,2025-07-15 14:55:47.825207
2025-07-15,5255,2025071504021889,SPDL,Agrawal Securities (PVT) Ltd.,Pragyan Securities (PVT) Ltd.,50,421.8,21090.0,2025-07-15 14:56:05.527211
2025-07-15,5254,2025071504021890,SPDL,Agrawal Securities (PVT) Ltd.,J.F. Securites (PVT) Ltd.,100,421.9,42190.0,2025-07-15 14:56:05.527593
2025-07-15,5253,2025071504021891,SPDL,Agrawal Securities (PVT) Ltd.,Imperial Securities Company Pvt. Ltd.,533,422.0,224926.0,2025-07-15 14:56:05.527735
2025-07-15,5252,2025071504021892,SPDL,Agrawal Securities (PVT) Ltd.,Opal Securities Investment (PVT) Ltd.,150,422.0,63300.0,2025-07-15 14:56:05.527854
2025-07-15,5251,2025071504021893,SPDL,Agrawal Securities (PVT) Ltd.,Primo Securities (PVT) Ltd.,10,422.0,4220.0,2025-07-15 14:56:05.527970
2025-07-15,5250,2025071504021894,SPDL,Agrawal Securities (PVT) Ltd.,Siprabi Securities Pvt. Ltd.,57,422.0,24054.0,2025-07-15 14:56:05.528084
2025-07-15,5106,2025071504021955,SPDL,Imperial Securities Company Pvt. Ltd.,Sewa Securities Pvt. Ltd.,10,422.0,4220.0,2025-07-15 14:56:17.295173
2025-07-15,4954,2025071504022013,SPDL,Nepal Stock House (PVT) Ltd.,Miyo Securities Pvt Ltd,250,421.9,105475.0,2025-07-15 14:56:27.124307
2025-07-15,4620,2025071504022110,SPDL,Dynamic Money Managers Securities Pvt. Ltd.,Sewa Securities Pvt. Ltd.,385,422.0,162470.0,2025-07-15 14:56:53.854559
2025-07-15,4619,2025071504022111,SPDL,Dynamic Money Managers Securities Pvt. Ltd.,Imperial Securities Company Pvt. Ltd.,40,422.0,16880.0,2025-07-15 14:56:53.855147
2025-07-15,4618,2025071504022112,SPDL,Dynamic Money Managers Securities Pvt. Ltd.,Dipshikha Dhitopatra Karobar Co. Pvt Ltd.,75,422.0,31650.0,2025-07-15 14:56:53.855679
2025-07-15,4524,2025071504022139,SPDL,Nepal Stock House (PVT) Ltd.,Arun Securities (PVT) Ltd.,250,421.9,105475.0,2025-07-15 14:57:00.872748
2025-07-15,4449,2025071504022166,SPDL,Vision Securities Pvt. Ltd,Dipshikha Dhitopatra Karobar Co. Pvt Ltd.,10,422.0,4220.0,2025-07-15 14:57:09.489760
2025-07-15,4432,2025071504022169,SPDL,Dynamic Money Managers Securities Pvt. Ltd.,South Asian Bulls Pvt. Ltd.,10,421.8,4218.0,2025-07-15 14:57:10.821935
2025-07-15,4431,2025071504022170,SPDL,Naasa Securities Co. Ltd.,South Asian Bulls Pvt. Ltd.,1990,421.0,837790.0,2025-07-15 14:57:10.821978
2025-07-15,4376,2025071504022185,SPDL,Naasa Securities Co. Ltd.,Naasa Securities Co. Ltd.,575,421.0,242075.0,2025-07-15 14:57:13.489920
2025-07-15,4192,2025071504022247,SPDL,Naasa Securities Co. Ltd.,Capital Hub P. Ltd,1000,421.0,421000.0,2025-07-15 14:57:24.025391
2025-07-15,4091,2025071504022281,SPDL,Naasa Securities Co. Ltd.,Nepal Investment And Securities Trading Private Limited,500,421.0,210500.0,2025-07-15 14:57:31.051513
2025-07-15,4076,2025071504022282,SPDL,K.B.L. Securities Limited ,Dipshikha Dhitopatra Karobar Co. Pvt Ltd.,15,422.0,6330.0,2025-07-15 14:57:32.052742
2025-07-15,4075,2025071504022283,SPDL,K.B.L. Securities Limited ,J.F. Securites (PVT) Ltd.,235,422.0,99170.0,2025-07-15 14:57:32.053069
2025-07-15,3845,2025071504022329,SPDL,Naasa Securities Co. Ltd.,Imperial Securities Company Pvt. Ltd.,500,421.0,210500.0,2025-07-15 14:57:46.068453
2025-07-15,3799,2025071504022354,SPDL,Naasa Securities Co. Ltd.,Imperial Securities Company Pvt. Ltd.,500,421.0,210500.0,2025-07-15 14:57:48.108535
2025-07-15,3321,2025071504022519,SPDL,Online Securities Pvt. Ltd.,Arun Securities (PVT) Ltd.,100,421.1,42110.0,2025-07-15 14:58:12.281881
2025-07-15,3239,2025071504022536,SPDL,Online Securities Pvt. Ltd.,Naasa Securities Co. Ltd.,100,421.1,42110.0,2025-07-15 14:58:16.491687
2025-07-15,3238,2025071504022537,SPDL,Naasa Securities Co. Ltd.,Naasa Securities Co. Ltd.,98,421.0,41258.0,2025-07-15 14:58:16.491979
2025-07-15,3225,2025071504022546,SPDL,Naasa Securities Co. Ltd.,Investment Management Nepal Pvt. Ltd.,300,421.0,126300.0,2025-07-15 14:58:17.245384
2025-07-15,3199,2025071504022553,SPDL,Naasa Securities Co. Ltd.,Asian Securities Private Ltd.,500,421.0,210500.0,2025-07-15 14:58:19.060266
2025-07-15,3095,2025071504022591,SPDL,Naasa Securities Co. Ltd.,Aryatara Investment & Securities,500,421.0,210500.0,2025-07-15 14:58:25.031662
2025-07-15,3043,2025071504022600,SPDL,Naasa Securities Co. Ltd.,Sweta Securities Private Limited,100,421.0,42100.0,2025-07-15 14:58:28.438295
2025-07-15,2931,2025071504022631,SPDL,Naasa Securities Co. Ltd.,Naasa Securities Co. Ltd.,755,421.0,317855.0,2025-07-15 14:58:32.951225
2025-07-15,2865,2025071504022645,SPDL,Naasa Securities Co. Ltd.,Market Securities & Exchange (PVT) Ltd.,674,421.0,283754.0,2025-07-15 14:58:35.959069
2025-07-15,2864,2025071504022646,SPDL,Imperial Securities Company Pvt. Ltd.,Market Securities & Exchange (PVT) Ltd.,200,421.0,84200.0,2025-07-15 14:58:35.959628
2025-07-15,2863,2025071504022647,SPDL,Thrive Brokerage House Pvt. Ltd,Market Securities & Exchange (PVT) Ltd.,30,420.5,12615.0,2025-07-15 14:58:35.959982
2025-07-15,2862,2025071504022648,SPDL,Thrive Brokerage House Pvt. Ltd,Market Securities & Exchange (PVT) Ltd.,10,420.3,4203.0,2025-07-15 14:58:35.960337
2025-07-15,2861,2025071504022649,SPDL,Thrive Brokerage House Pvt. Ltd,Market Securities & Exchange (PVT) Ltd.,10,420.2,4202.0,2025-07-15 14:58:35.960680
2025-07-15,2860,2025071504022650,SPDL,Thrive Brokerage House Pvt. Ltd,Market Securities & Exchange (PVT) Ltd.,10,420.1,4201.0,2025-07-15 14:58:35.961038
2025-07-15,2859,2025071504022651,SPDL,Shree Krishna Securities Ltd.,Market Securities & Exchange (PVT) Ltd.,233,420.0,97860.0,2025-07-15 14:58:35.961391
2025-07-15,2858,2025071504022652,SPDL,Cristal Kanchanjanga Securites Pvt. Ltd.,Market Securities & Exchange (PVT) Ltd.,333,420.0,139860.0,2025-07-15 14:58:35.961740
2025-07-15,2806,2025071504022656,SPDL,Cristal Kanchanjanga Securites Pvt. Ltd.,Midas Stock Broking Company Private Limited,500,420.0,210000.0,2025-07-15 14:58:37.217035
2025-07-15,2479,2025071504022730,SPDL,Kohinoor Investment & Securities Pvt. Ltd.,Hatemalo Financial Services Private Limited,50,421.0,21050.0,2025-07-15 14:58:49.590604
2025-07-15,2028,2025071504022803,SPDL,Sani Securities Company Ltd.,Hatemalo Financial Services Private Limited,50,421.0,21050.0,2025-07-15 14:59:05.597623
2025-07-15,1945,2025071504022816,SPDL,Cristal Kanchanjanga Securites Pvt. Ltd.,Capital Hub P. Ltd,2000,420.0,840000.0,2025-07-15 14:59:09.326377
2025-07-15,1724,2025071504022878,SPDL,Trishakti Securities Public Limited,Hatemalo Financial Services Private Limited,48,421.0,20208.0,2025-07-15 14:59:18.514507
2025-07-15,1432,2025071504022965,SPDL,Cristal Kanchanjanga Securites Pvt. Ltd.,Capital Max Securities Ltd,2167,420.0,910140.0,2025-07-15 14:59:24.849585
2025-07-15,1431,2025071504022966,SPDL,Ashutosh Brokerage & Securities (PVT) Ltd.,Capital Max Securities Ltd,250,420.0,105000.0,2025-07-15 14:59:24.849866
2025-07-15,1430,2025071504022967,SPDL,KALASH STOCK MARKET PVT. LTD.,Capital Max Securities Ltd,83,420.0,34860.0,2025-07-15 14:59:24.849999
