Date,S.N.,Contract ID,Symbol,Buyer Broker,Seller Broker,volume,rate,amount,transaction_time
2025-09-02,85150,2025090204000113,BPCL,Kumari Securities Private Limited,ABC Securities Private Limited,30,822.0,24660.0,2025-09-02 11:06:46.027454
2025-09-02,85149,2025090204000114,BPCL,Neev Securities Pvt. Ltd.,ABC Securities Private Limited,97,821.7,79704.9,2025-09-02 11:06:46.027609
2025-09-02,84986,2025090204000118,BPCL,Neev Securities Pvt. Ltd.,SUN SECURITIES PVT LTD,200,821.7,164340.0,2025-09-02 11:06:58.864279
2025-09-02,84538,2025090204000142,BPCL,Trishakti Securities Public Limited,Prabhu Stock Market Limited,10,828.9,8289.0,2025-09-02 11:07:37.681593
2025-09-02,84160,2025090204000167,BPCL,Shree Krishna Securities Ltd.,Prabhu Stock Market Limited,990,828.9,820611.0,2025-09-02 11:08:21.149919
2025-09-02,84159,2025090204000168,BPCL,Shree Krishna Securities Ltd.,Cristal Kanchanjanga Securites Pvt. Ltd.,10,829.0,8290.0,2025-09-02 11:08:21.150090
2025-09-02,83976,2025090204000173,BPCL,S.P.S.A. Securities Limited,Cristal Kanchanjanga Securites Pvt. Ltd.,100,829.0,82900.0,2025-09-02 11:08:46.371513
2025-09-02,83348,2025090204000192,BPCL,Cristal Kanchanjanga Securites Pvt. Ltd.,Naasa Securities Co. Ltd.,500,828.0,414000.0,2025-09-02 11:09:40.241297
2025-09-02,82890,2025090204000202,BPCL,Midas Stock Broking Company Private Limited,Shree Krishna Securities Ltd.,50,822.0,41100.0,2025-09-02 11:10:32.778579
2025-09-02,81742,2025090204000238,BPCL,Imperial Securities Company Pvt. Ltd.,Roadshow securities limited,30,823.0,24690.0,2025-09-02 11:12:45.760951
2025-09-02,81741,2025090204000239,BPCL,Midas Stock Broking Company Private Limited,Roadshow securities limited,450,822.0,369900.0,2025-09-02 11:12:45.761031
2025-09-02,81740,2025090204000240,BPCL,Neev Securities Pvt. Ltd.,Roadshow securities limited,220,821.7,180774.0,2025-09-02 11:12:45.761077
2025-09-02,81455,2025090204000249,BPCL,Neev Securities Pvt. Ltd.,Sri Hari Securities Pvt. Ltd.,91,821.7,74774.7,2025-09-02 11:13:14.774238
2025-09-02,79606,2025090204000307,BPCL,Sajilo Broker Limited,Premier Securities Company Ltd.,1,805.6,805.6,2025-09-02 11:17:18.043096
2025-09-02,78626,2025090204000346,BPCL,Secured Securities Ltd.,Himalayan Brokerage Company Limited,10,824.0,8240.0,2025-09-02 11:18:56.670081
2025-09-02,78625,2025090204000347,BPCL,Naasa Securities Co. Ltd.,Himalayan Brokerage Company Limited,350,821.0,287350.0,2025-09-02 11:18:56.670260
2025-09-02,78624,2025090204000348,BPCL,Dipshikha Dhitopatra Karobar Co. Pvt Ltd.,Himalayan Brokerage Company Limited,30,816.2,24486.0,2025-09-02 11:18:56.670362
2025-09-02,78623,2025090204000349,BPCL,R.B.B. Securities Company Ltd,Himalayan Brokerage Company Limited,555,816.1,452935.5,2025-09-02 11:18:56.670418
2025-09-02,78622,2025090204000350,BPCL,Roadshow securities limited,Himalayan Brokerage Company Limited,55,816.1,44885.5,2025-09-02 11:18:56.670467
2025-09-02,70649,2025090204000889,BPCL,SUN SECURITIES PVT LTD,N.I.M.B. Stock Markets Limited,15,820.0,12300.0,2025-09-02 11:37:39.635278
2025-09-02,67135,2025090204001142,BPCL,Agrawal Securities (PVT) Ltd.,Secured Securities Ltd.,500,820.2,410100.0,2025-09-02 11:45:59.329805
2025-09-02,66413,2025090204001219,BPCL,Trademow Securities Private Limited,SUN SECURITIES PVT LTD,50,820.1,41005.0,2025-09-02 11:48:00.439612
2025-09-02,66412,2025090204001220,BPCL,SUN SECURITIES PVT LTD,SUN SECURITIES PVT LTD,335,820.0,274700.0,2025-09-02 11:48:00.439959
2025-09-02,66411,2025090204001221,BPCL,Online Securities Pvt. Ltd.,SUN SECURITIES PVT LTD,20,820.0,16400.0,2025-09-02 11:48:00.440171
2025-09-02,66334,2025090204001232,BPCL,SUN SECURITIES PVT LTD,SUN SECURITIES PVT LTD,500,817.7,408850.0,2025-09-02 11:48:11.463468
2025-09-02,65904,2025090204001257,BPCL,Trishakti Securities Public Limited,SUN SECURITIES PVT LTD,400,820.0,328000.0,2025-09-02 11:48:54.567610
2025-09-02,62281,2025090204001528,BPCL,Agrawal Securities (PVT) Ltd.,Elite Stock House Limited,100,818.0,81800.0,2025-09-02 11:57:27.376800
2025-09-02,62280,2025090204001529,BPCL,Agrawal Securities (PVT) Ltd.,Linch Stock Market Ltd.,15,818.0,12270.0,2025-09-02 11:57:27.377047
2025-09-02,62279,2025090204001530,BPCL,Agrawal Securities (PVT) Ltd.,Premier Securities Company Ltd.,500,818.0,409000.0,2025-09-02 11:57:27.377122
2025-09-02,60156,2025090204001727,BPCL,Linch Stock Market Ltd.,Aryatara Investment & Securities,200,817.3,163460.0,2025-09-02 12:03:01.656187
2025-09-02,60155,2025090204001728,BPCL,Sri Hari Securities Pvt. Ltd.,Aryatara Investment & Securities,100,817.1,81710.0,2025-09-02 12:03:01.656395
2025-09-02,57684,2025090204002025,BPCL,Kumari Securities Private Limited,Imperial Securities Company Pvt. Ltd.,3,815.0,2445.0,2025-09-02 12:09:43.082285
2025-09-02,57599,2025090204002029,BPCL,Kumari Securities Private Limited,Imperial Securities Company Pvt. Ltd.,7,815.0,5705.0,2025-09-02 12:10:07.231523
2025-09-02,56344,2025090204002209,BPCL,Agrawal Securities (PVT) Ltd.,N.M.B. SECURITIES LIMITED,50,820.0,41000.0,2025-09-02 12:14:16.223224
2025-09-02,56343,2025090204002210,BPCL,Agrawal Securities (PVT) Ltd.,N.M.B. SECURITIES LIMITED,20,820.0,16400.0,2025-09-02 12:14:16.223641
2025-09-02,56008,2025090204002259,BPCL,Sri Hari Securities Pvt. Ltd.,Kumari Securities Private Limited,200,817.1,163420.0,2025-09-02 12:15:20.357193
2025-09-02,55061,2025090204002330,BPCL,K.B.L. Securities Limited ,Trishakti Securities Public Limited,15,818.0,12270.0,2025-09-02 12:18:42.126324
2025-09-02,54725,2025090204002349,BPCL,Capital Max Securities Ltd,Kumari Securities Private Limited,15,817.2,12258.0,2025-09-02 12:19:55.403499
2025-09-02,54693,2025090204002362,BPCL,Capital Max Securities Ltd,Sri Hari Securities Pvt. Ltd.,361,817.2,295009.2,2025-09-02 12:20:02.402393
2025-09-02,54179,2025090204002421,BPCL,Agrawal Securities (PVT) Ltd.,Aryatara Investment & Securities,100,819.9,81990.0,2025-09-02 12:21:55.856484
2025-09-02,54178,2025090204002422,BPCL,Agrawal Securities (PVT) Ltd.,Trisul Securities & Invt. Ltd.,500,820.0,410000.0,2025-09-02 12:21:55.856843
2025-09-02,53261,2025090204002506,BPCL,Agrawal Securities (PVT) Ltd.,SUN SECURITIES PVT LTD,295,817.3,241103.5,2025-09-02 12:24:48.073028
2025-09-02,53032,2025090204002517,BPCL,Agrawal Securities (PVT) Ltd.,SUN SECURITIES PVT LTD,200,817.3,163460.0,2025-09-02 12:25:38.197211
2025-09-02,52727,2025090204002545,BPCL,Agrawal Securities (PVT) Ltd.,Nepal Investment And Securities Trading Private Limited,21,820.0,17220.0,2025-09-02 12:26:44.138647
2025-09-02,52726,2025090204002546,BPCL,Agrawal Securities (PVT) Ltd.,Midas Stock Broking Company Private Limited,99,820.0,81180.0,2025-09-02 12:26:44.138870
2025-09-02,52646,2025090204002553,BPCL,Property Wiard Limited,Dynamic Money Managers Securities Pvt. Ltd.,19,821.0,15599.0,2025-09-02 12:27:03.480750
2025-09-02,49793,2025090204002909,BPCL,Agrawal Securities (PVT) Ltd.,Capital Hub P. Ltd,200,818.2,163640.0,2025-09-02 12:36:44.295859
2025-09-02,49792,2025090204002910,BPCL,Sri Hari Securities Pvt. Ltd.,Capital Hub P. Ltd,300,818.1,245430.0,2025-09-02 12:36:44.296088
2025-09-02,49791,2025090204002911,BPCL,Stoxkarts Securities Limited,Capital Hub P. Ltd,70,818.0,57260.0,2025-09-02 12:36:44.296170
2025-09-02,49790,2025090204002912,BPCL,Sani Securities Company Ltd.,Capital Hub P. Ltd,200,818.0,163600.0,2025-09-02 12:36:44.296246
2025-09-02,49789,2025090204002913,BPCL,Capital Max Securities Ltd,Capital Hub P. Ltd,124,817.2,101332.8,2025-09-02 12:36:44.296343
2025-09-02,49788,2025090204002914,BPCL,Cristal Kanchanjanga Securites Pvt. Ltd.,Capital Hub P. Ltd,11,817.2,8989.2,2025-09-02 12:36:44.296413
2025-09-02,49787,2025090204002915,BPCL,Sri Hari Securities Pvt. Ltd.,Capital Hub P. Ltd,200,817.1,163420.0,2025-09-02 12:36:44.296483
2025-09-02,49786,2025090204002916,BPCL,Sri Hari Securities Pvt. Ltd.,Capital Hub P. Ltd,500,817.0,408500.0,2025-09-02 12:36:44.296572
2025-09-02,49785,2025090204002917,BPCL,Sri Hari Securities Pvt. Ltd.,Capital Hub P. Ltd,500,817.0,408500.0,2025-09-02 12:36:44.296664
2025-09-02,49784,2025090204002918,BPCL,Himalayan Brokerage Company Limited,Capital Hub P. Ltd,31,817.0,25327.0,2025-09-02 12:36:44.296737
2025-09-02,47388,2025090204003241,BPCL,INDEX SECURITIES LIMITED,N.M.B. SECURITIES LIMITED,10,820.0,8200.0,2025-09-02 12:45:19.865050
2025-09-02,46953,2025090204003280,BPCL,Trademow Securities Private Limited,INDEX SECURITIES LIMITED,145,817.2,118494.0,2025-09-02 12:47:16.147520
2025-09-02,46477,2025090204003318,BPCL,Trademow Securities Private Limited,Dynamic Money Managers Securities Pvt. Ltd.,490,817.2,400428.0,2025-09-02 12:49:16.828498
2025-09-02,46364,2025090204003335,BPCL,INDEX SECURITIES LIMITED,N.M.B. SECURITIES LIMITED,20,820.0,16400.0,2025-09-02 12:49:43.509718
2025-09-02,46363,2025090204003336,BPCL,INDEX SECURITIES LIMITED,Dynamic Money Managers Securities Pvt. Ltd.,30,820.0,24600.0,2025-09-02 12:49:43.509798
2025-09-02,46331,2025090204003339,BPCL,Trademow Securities Private Limited,INDEX SECURITIES LIMITED,31,817.2,25333.2,2025-09-02 12:49:49.526947
2025-09-02,46330,2025090204003340,BPCL,Agrawal Securities (PVT) Ltd.,INDEX SECURITIES LIMITED,19,817.1,15524.9,2025-09-02 12:49:49.526991
2025-09-02,46110,2025090204003363,BPCL,Agrawal Securities (PVT) Ltd.,Sri Hari Securities Pvt. Ltd.,181,817.1,147895.1,2025-09-02 12:50:37.149975
2025-09-02,46109,2025090204003364,BPCL,Himalayan Brokerage Company Limited,Sri Hari Securities Pvt. Ltd.,269,817.0,219773.0,2025-09-02 12:50:37.150186
2025-09-02,46108,2025090204003365,BPCL,Kohinoor Investment & Securities Pvt. Ltd.,Sri Hari Securities Pvt. Ltd.,122,817.0,99674.0,2025-09-02 12:50:37.150264
2025-09-02,46107,2025090204003366,BPCL,Cristal Kanchanjanga Securites Pvt. Ltd.,Sri Hari Securities Pvt. Ltd.,11,817.0,8987.0,2025-09-02 12:50:37.150346
2025-09-02,46012,2025090204003373,BPCL,S.P.S.A. Securities Limited,Sri Hari Securities Pvt. Ltd.,100,816.0,81600.0,2025-09-02 12:50:59.234737
2025-09-02,46011,2025090204003374,BPCL,Himalayan Brokerage Company Limited,Sri Hari Securities Pvt. Ltd.,1000,816.0,816000.0,2025-09-02 12:50:59.234952
2025-09-02,46010,2025090204003375,BPCL,Himalayan Brokerage Company Limited,Sri Hari Securities Pvt. Ltd.,917,816.0,748272.0,2025-09-02 12:50:59.235035
2025-09-02,45984,2025090204003377,BPCL,Himalayan Brokerage Company Limited,Sri Hari Securities Pvt. Ltd.,200,816.0,163200.0,2025-09-02 12:51:10.347251
2025-09-02,43319,2025090204003690,BPCL,Nepal Stock House (PVT) Ltd.,Bhrikuti Stock Broking Co. Pvt. Ltd.,100,817.0,81700.0,2025-09-02 13:01:39.744839
2025-09-02,43318,2025090204003691,BPCL,Agrawal Securities (PVT) Ltd.,Bhrikuti Stock Broking Co. Pvt. Ltd.,200,816.1,163220.0,2025-09-02 13:01:39.745070
2025-09-02,43317,2025090204003692,BPCL,R.B.B. Securities Company Ltd,Bhrikuti Stock Broking Co. Pvt. Ltd.,17,816.1,13873.7,2025-09-02 13:01:39.745151
2025-09-02,42293,2025090204003820,BPCL,Agrawal Securities (PVT) Ltd.,Naasa Securities Co. Ltd.,200,816.2,163240.0,2025-09-02 13:06:07.390071
2025-09-02,42292,2025090204003821,BPCL,R.B.B. Securities Company Ltd,Naasa Securities Co. Ltd.,11,816.1,8977.1,2025-09-02 13:06:07.390335
2025-09-02,42291,2025090204003822,BPCL,Himalayan Brokerage Company Limited,Naasa Securities Co. Ltd.,83,816.0,67728.0,2025-09-02 13:06:07.390533
2025-09-02,42290,2025090204003823,BPCL,Cristal Kanchanjanga Securites Pvt. Ltd.,Naasa Securities Co. Ltd.,11,816.0,8976.0,2025-09-02 13:06:07.390643
2025-09-02,42289,2025090204003824,BPCL,Cristal Kanchanjanga Securites Pvt. Ltd.,Naasa Securities Co. Ltd.,11,816.0,8976.0,2025-09-02 13:06:07.390753
2025-09-02,42288,2025090204003825,BPCL,Naasa Securities Co. Ltd.,Naasa Securities Co. Ltd.,50,816.0,40800.0,2025-09-02 13:06:07.390992
2025-09-02,42287,2025090204003826,BPCL,Himalayan Securities Limited,Naasa Securities Co. Ltd.,500,816.0,408000.0,2025-09-02 13:06:07.391123
2025-09-02,42246,2025090204003834,BPCL,Imperial Securities Company Pvt. Ltd.,Naasa Securities Co. Ltd.,20,815.4,16308.0,2025-09-02 13:06:17.515994
2025-09-02,42245,2025090204003835,BPCL,SUN SECURITIES PVT LTD,Naasa Securities Co. Ltd.,34,815.3,27720.2,2025-09-02 13:06:17.516202
2025-09-02,41306,2025090204003935,BPCL,Vision Securities Pvt. Ltd,Nepal Investment And Securities Trading Private Limited,250,815.4,203850.0,2025-09-02 13:10:02.546077
2025-09-02,38172,2025090204004350,BPCL,Agrawal Securities (PVT) Ltd.,SUN SECURITIES PVT LTD,300,818.9,245670.0,2025-09-02 13:22:56.296342
2025-09-02,37611,2025090204004412,BPCL,N.I.M.B. Stock Markets Limited,Imperial Securities Company Pvt. Ltd.,1000,816.0,816000.0,2025-09-02 13:25:10.439018
2025-09-02,35446,2025090204004705,BPCL,Himalayan Brokerage Company Limited,Kohinoor Investment & Securities Pvt. Ltd.,173,816.0,141168.0,2025-09-02 13:33:11.394538
2025-09-02,34732,2025090204004828,BPCL,Himalayan Brokerage Company Limited,Aakashbhairab Securities Ltd.,27,816.0,22032.0,2025-09-02 13:35:36.391406
2025-09-02,34731,2025090204004829,BPCL,SUN SECURITIES PVT LTD,Aakashbhairab Securities Ltd.,1200,815.9,979080.0,2025-09-02 13:35:36.391794
2025-09-02,34730,2025090204004830,BPCL,Sri Hari Securities Pvt. Ltd.,Aakashbhairab Securities Ltd.,50,815.8,40790.0,2025-09-02 13:35:36.392076
2025-09-02,34729,2025090204004831,BPCL,Himalayan Securities Limited,Aakashbhairab Securities Ltd.,1677,815.8,1368096.6,2025-09-02 13:35:36.392346
2025-09-02,34660,2025090204004859,BPCL,Himalayan Securities Limited,Secured Securities Ltd.,50,815.8,40790.0,2025-09-02 13:35:46.318053
2025-09-02,34420,2025090204004882,BPCL,Himalayan Securities Limited,Creative Securities Pvt Ltd,48,815.8,39158.4,2025-09-02 13:36:28.950695
2025-09-02,33921,2025090204005020,BPCL,Garima Securities Limited,N.I.M.B. Stock Markets Limited,1000,815.9,815900.0,2025-09-02 13:38:16.911646
2025-09-02,33850,2025090204005032,BPCL,Himalayan Securities Limited,Midas Stock Broking Company Private Limited,300,815.8,244740.0,2025-09-02 13:38:29.792174
2025-09-02,33787,2025090204005041,BPCL,Himalayan Securities Limited,Midas Stock Broking Company Private Limited,101,815.8,82395.8,2025-09-02 13:38:44.862053
2025-09-02,33374,2025090204005115,BPCL,Himalayan Securities Limited,Midas Stock Broking Company Private Limited,194,815.8,158265.2,2025-09-02 13:40:17.353850
2025-09-02,33373,2025090204005116,BPCL,Dakshinkali Investment & Securities Pvt. Ltd.,Midas Stock Broking Company Private Limited,306,815.5,249543.0,2025-09-02 13:40:17.354101
2025-09-02,33059,2025090204005192,BPCL,Dakshinkali Investment & Securities Pvt. Ltd.,Roadshow securities limited,694,815.5,565957.0,2025-09-02 13:41:30.066500
2025-09-02,33058,2025090204005193,BPCL,N.I.M.B. Stock Markets Limited,Roadshow securities limited,100,815.4,81540.0,2025-09-02 13:41:30.066580
2025-09-02,33057,2025090204005194,BPCL,Cristal Kanchanjanga Securites Pvt. Ltd.,Roadshow securities limited,11,815.4,8969.4,2025-09-02 13:41:30.066646
2025-09-02,33056,2025090204005195,BPCL,SUN SECURITIES PVT LTD,Roadshow securities limited,16,815.3,13044.8,2025-09-02 13:41:30.066715
2025-09-02,33055,2025090204005196,BPCL,N.I.M.B. Stock Markets Limited,Roadshow securities limited,20,815.3,16306.0,2025-09-02 13:41:30.066770
2025-09-02,33054,2025090204005197,BPCL,Oxford Securities Pvt. Ltd.,Roadshow securities limited,50,815.1,40755.0,2025-09-02 13:41:30.066834
2025-09-02,33053,2025090204005198,BPCL,Hatemalo Financial Services Private Limited,Roadshow securities limited,1609,815.1,1311495.9,2025-09-02 13:41:30.066896
2025-09-02,33027,2025090204005214,BPCL,Hatemalo Financial Services Private Limited,Trishakti Securities Public Limited,391,815.1,318704.1,2025-09-02 13:41:36.408558
2025-09-02,33026,2025090204005215,BPCL,Sani Securities Company Ltd.,Trishakti Securities Public Limited,20,815.0,16300.0,2025-09-02 13:41:36.408777
2025-09-02,33025,2025090204005216,BPCL,SUN SECURITIES PVT LTD,Trishakti Securities Public Limited,100,815.0,81500.0,2025-09-02 13:41:36.408860
2025-09-02,33024,2025090204005217,BPCL,Sundhara Securities Limited,Trishakti Securities Public Limited,10,815.0,8150.0,2025-09-02 13:41:36.408935
2025-09-02,33023,2025090204005218,BPCL,Naasa Securities Co. Ltd.,Trishakti Securities Public Limited,19,815.0,15485.0,2025-09-02 13:41:36.409012
2025-09-02,32848,2025090204005247,BPCL,Midas Stock Broking Company Private Limited,Siprabi Securities Pvt. Ltd.,50,814.0,40700.0,2025-09-02 13:42:08.648098
2025-09-02,32571,2025090204005292,BPCL,Thrive Brokerage House Pvt. Ltd,ABC Securities Private Limited,20,813.1,16262.0,2025-09-02 13:43:11.100574
2025-09-02,32570,2025090204005293,BPCL,Sumeru Securities Pvt. Ltd.,ABC Securities Private Limited,300,813.1,243930.0,2025-09-02 13:43:11.100833
2025-09-02,32569,2025090204005294,BPCL,Dynamic Money Managers Securities Pvt. Ltd.,ABC Securities Private Limited,240,813.0,195120.0,2025-09-02 13:43:11.100952
2025-09-02,32232,2025090204005371,BPCL,Dynamic Money Managers Securities Pvt. Ltd.,Trishakti Securities Public Limited,260,813.0,211380.0,2025-09-02 13:44:08.278436
2025-09-02,31639,2025090204005457,BPCL,Vision Securities Pvt. Ltd,Siprabi Securities Pvt. Ltd.,50,814.0,40700.0,2025-09-02 13:45:53.084917
2025-09-02,31444,2025090204005476,BPCL,Dynamic Money Managers Securities Pvt. Ltd.,Sri Hari Securities Pvt. Ltd.,500,813.0,406500.0,2025-09-02 13:46:28.073691
2025-09-02,30825,2025090204005545,BPCL,Miyo Securities Pvt Ltd,Dipshikha Dhitopatra Karobar Co. Pvt Ltd.,500,813.3,406650.0,2025-09-02 13:48:34.795410
2025-09-02,30824,2025090204005546,BPCL,Agrawal Securities (PVT) Ltd.,Dipshikha Dhitopatra Karobar Co. Pvt Ltd.,500,813.2,406600.0,2025-09-02 13:48:34.795626
2025-09-02,29823,2025090204005723,BPCL,Agrawal Securities (PVT) Ltd.,Aryatara Investment & Securities,300,813.2,243960.0,2025-09-02 13:51:20.756740
2025-09-02,29173,2025090204005808,BPCL,Agrawal Securities (PVT) Ltd.,Naasa Securities Co. Ltd.,500,813.3,406650.0,2025-09-02 13:53:35.829762
2025-09-02,28913,2025090204005864,BPCL,Agrawal Securities (PVT) Ltd.,Trishakti Securities Public Limited,200,813.2,162640.0,2025-09-02 13:54:19.975070
2025-09-02,28912,2025090204005865,BPCL,Dakshinkali Investment & Securities Pvt. Ltd.,Trishakti Securities Public Limited,1000,813.1,813100.0,2025-09-02 13:54:19.975185
2025-09-02,28911,2025090204005866,BPCL,Dynamic Money Managers Securities Pvt. Ltd.,Trishakti Securities Public Limited,300,813.0,243900.0,2025-09-02 13:54:19.975294
2025-09-02,28789,2025090204005884,BPCL,Dynamic Money Managers Securities Pvt. Ltd.,Dipshikha Dhitopatra Karobar Co. Pvt Ltd.,213,813.0,173169.0,2025-09-02 13:54:42.208715
2025-09-02,28673,2025090204005914,BPCL,Agrawal Securities (PVT) Ltd.,Trishakti Securities Public Limited,500,813.1,406550.0,2025-09-02 13:55:01.301431
2025-09-02,28672,2025090204005915,BPCL,Dynamic Money Managers Securities Pvt. Ltd.,Trishakti Securities Public Limited,500,813.0,406500.0,2025-09-02 13:55:01.301562
2025-09-02,27216,2025090204006194,BPCL,SUN SECURITIES PVT LTD,S.P.S.A. Securities Limited,240,815.0,195600.0,2025-09-02 13:59:51.972859
2025-09-02,25171,2025090204006647,BPCL,Agrawal Securities (PVT) Ltd.,Capital Max Securities Ltd,200,814.1,162820.0,2025-09-02 14:07:03.636777
2025-09-02,25170,2025090204006648,BPCL,Cristal Kanchanjanga Securites Pvt. Ltd.,Capital Max Securities Ltd,11,814.1,8955.1,2025-09-02 14:07:03.636899
2025-09-02,25169,2025090204006649,BPCL,Cristal Kanchanjanga Securites Pvt. Ltd.,Capital Max Securities Ltd,50,814.0,40700.0,2025-09-02 14:07:03.636980
2025-09-02,25168,2025090204006650,BPCL,Dipshikha Dhitopatra Karobar Co. Pvt Ltd.,Capital Max Securities Ltd,50,814.0,40700.0,2025-09-02 14:07:03.637047
2025-09-02,25167,2025090204006651,BPCL,SUN SECURITIES PVT LTD,Capital Max Securities Ltd,740,813.2,601768.0,2025-09-02 14:07:03.637124
2025-09-02,25166,2025090204006652,BPCL,Dakshinkali Investment & Securities Pvt. Ltd.,Capital Max Securities Ltd,1000,813.1,813100.0,2025-09-02 14:07:03.637198
2025-09-02,25165,2025090204006653,BPCL,N.I.M.B. Stock Markets Limited,Capital Max Securities Ltd,20,813.1,16262.0,2025-09-02 14:07:03.637271
2025-09-02,25164,2025090204006654,BPCL,Thrive Brokerage House Pvt. Ltd,Capital Max Securities Ltd,20,813.1,16262.0,2025-09-02 14:07:03.637372
2025-09-02,25163,2025090204006655,BPCL,Dynamic Money Managers Securities Pvt. Ltd.,Capital Max Securities Ltd,909,813.0,739017.0,2025-09-02 14:07:03.637446
2025-09-02,23526,2025090204006939,BPCL,R.B.B. Securities Company Ltd,Global IME Securities Limited,1500,813.1,1219650.0,2025-09-02 14:13:08.981939
2025-09-02,23508,2025090204006942,BPCL,R.B.B. Securities Company Ltd,Deevyaa Securities & Stock House Pvt. Ltd,200,813.1,162620.0,2025-09-02 14:13:12.482057
2025-09-02,23375,2025090204006968,BPCL,R.B.B. Securities Company Ltd,Swarna Laxmi Securities Pvt. Ltd.,1000,813.1,813100.0,2025-09-02 14:13:34.507973
2025-09-02,22848,2025090204007041,BPCL,Malla & Malla Stock Broking Company Pvt. Limited,S.P.S.A. Securities Limited,20,815.0,16300.0,2025-09-02 14:15:09.686224
2025-09-02,22847,2025090204007042,BPCL,Malla & Malla Stock Broking Company Pvt. Limited,S.P.S.A. Securities Limited,180,815.0,146700.0,2025-09-02 14:15:09.686491
2025-09-02,21044,2025090204007352,BPCL,Himalayan Brokerage Company Limited,S.P.S.A. Securities Limited,20,815.0,16300.0,2025-09-02 14:21:03.213808
2025-09-02,21043,2025090204007353,BPCL,Himalayan Brokerage Company Limited,SUN SECURITIES PVT LTD,500,815.0,407500.0,2025-09-02 14:21:03.214096
2025-09-02,21042,2025090204007354,BPCL,Himalayan Brokerage Company Limited,SUN SECURITIES PVT LTD,480,815.0,391200.0,2025-09-02 14:21:03.214212
2025-09-02,20910,2025090204007372,BPCL,Agrawal Securities (PVT) Ltd.,Nabil Stock Dealer Ltd.,200,813.3,162660.0,2025-09-02 14:21:26.956352
2025-09-02,20909,2025090204007373,BPCL,SUN SECURITIES PVT LTD,Nabil Stock Dealer Ltd.,12,813.2,9758.4,2025-09-02 14:21:26.956764
2025-09-02,20908,2025090204007374,BPCL,R.B.B. Securities Company Ltd,Nabil Stock Dealer Ltd.,249,813.1,202461.9,2025-09-02 14:21:26.957022
2025-09-02,20907,2025090204007375,BPCL,Cristal Kanchanjanga Securites Pvt. Ltd.,Nabil Stock Dealer Ltd.,11,813.1,8944.1,2025-09-02 14:21:26.957298
2025-09-02,20906,2025090204007376,BPCL,Vision Securities Pvt. Ltd,Nabil Stock Dealer Ltd.,165,813.1,134161.5,2025-09-02 14:21:26.957561
2025-09-02,20905,2025090204007377,BPCL,Dynamic Money Managers Securities Pvt. Ltd.,Nabil Stock Dealer Ltd.,78,813.0,63414.0,2025-09-02 14:21:26.957804
2025-09-02,20904,2025090204007378,BPCL,N.I.M.B. Stock Markets Limited,Nabil Stock Dealer Ltd.,20,813.0,16260.0,2025-09-02 14:21:26.958055
2025-09-02,20903,2025090204007379,BPCL,Cristal Kanchanjanga Securites Pvt. Ltd.,Nabil Stock Dealer Ltd.,11,813.0,8943.0,2025-09-02 14:21:26.958294
2025-09-02,20902,2025090204007380,BPCL,N.I.M.B. Stock Markets Limited,Nabil Stock Dealer Ltd.,20,813.0,16260.0,2025-09-02 14:21:26.958547
2025-09-02,20757,2025090204007410,BPCL,Agrawal Securities (PVT) Ltd.,Sani Securities Company Ltd.,15,811.5,12172.5,2025-09-02 14:22:07.006635
2025-09-02,19885,2025090204007551,BPCL,Agrawal Securities (PVT) Ltd.,Nepal Stock House (PVT) Ltd.,285,811.5,231277.5,2025-09-02 14:24:53.467985
2025-09-02,19884,2025090204007552,BPCL,Dipshikha Dhitopatra Karobar Co. Pvt Ltd.,Nepal Stock House (PVT) Ltd.,15,811.5,12172.5,2025-09-02 14:24:53.468409
2025-09-02,19728,2025090204007571,BPCL,Dipshikha Dhitopatra Karobar Co. Pvt Ltd.,Indira securities pvt. ltd,100,811.5,81150.0,2025-09-02 14:25:15.790966
2025-09-02,19435,2025090204007605,BPCL,Agrawal Securities (PVT) Ltd.,Trisul Securities & Invt. Ltd.,200,811.6,162320.0,2025-09-02 14:25:51.320463
2025-09-02,19434,2025090204007606,BPCL,Dipshikha Dhitopatra Karobar Co. Pvt Ltd.,Trisul Securities & Invt. Ltd.,85,811.5,68977.5,2025-09-02 14:25:51.320513
2025-09-02,19433,2025090204007607,BPCL,N.I.M.B. Stock Markets Limited,Trisul Securities & Invt. Ltd.,20,811.5,16230.0,2025-09-02 14:25:51.320540
2025-09-02,19432,2025090204007608,BPCL,Cristal Kanchanjanga Securites Pvt. Ltd.,Trisul Securities & Invt. Ltd.,11,811.5,8926.5,2025-09-02 14:25:51.320563
2025-09-02,19431,2025090204007609,BPCL,Elite Stock House Limited,Trisul Securities & Invt. Ltd.,100,811.4,81140.0,2025-09-02 14:25:51.320587
2025-09-02,19430,2025090204007610,BPCL,Dakshinkali Investment & Securities Pvt. Ltd.,Trisul Securities & Invt. Ltd.,577,811.3,468120.1,2025-09-02 14:25:51.320610
2025-09-02,19262,2025090204007637,BPCL,Dakshinkali Investment & Securities Pvt. Ltd.,Indira securities pvt. ltd,50,811.3,40565.0,2025-09-02 14:26:15.966195
2025-09-02,19158,2025090204007651,BPCL,Dakshinkali Investment & Securities Pvt. Ltd.,Agrawal Securities (PVT) Ltd.,373,811.3,302614.9,2025-09-02 14:26:31.953738
2025-09-02,18918,2025090204007691,BPCL,Prabhu Stock Market Limited,Agrawal Securities (PVT) Ltd.,300,811.2,243360.0,2025-09-02 14:27:02.174193
2025-09-02,18683,2025090204007737,BPCL,Prabhu Stock Market Limited,Agrawal Securities (PVT) Ltd.,202,811.2,163862.4,2025-09-02 14:27:44.511645
2025-09-02,18625,2025090204007783,BPCL,Prabhu Stock Market Limited,K.B.L. Securities Limited ,150,811.2,121680.0,2025-09-02 14:27:49.592858
2025-09-02,18337,2025090204007854,BPCL,Prabhu Stock Market Limited,Citizens Share Broker Limited,348,811.2,282297.6,2025-09-02 14:28:32.888290
2025-09-02,18336,2025090204007855,BPCL,Trishakti Securities Public Limited,Citizens Share Broker Limited,300,811.2,243360.0,2025-09-02 14:28:32.888351
2025-09-02,18335,2025090204007856,BPCL,Infinity Securities Limited,Citizens Share Broker Limited,300,811.0,243300.0,2025-09-02 14:28:32.888373
2025-09-02,18334,2025090204007857,BPCL,Dakshinkali Investment & Securities Pvt. Ltd.,Citizens Share Broker Limited,552,811.0,447672.0,2025-09-02 14:28:32.888395
2025-09-02,18308,2025090204007860,BPCL,Dakshinkali Investment & Securities Pvt. Ltd.,Nepal Investment And Securities Trading Private Limited,200,811.0,162200.0,2025-09-02 14:28:34.688227
2025-09-02,17250,2025090204008119,BPCL,Dakshinkali Investment & Securities Pvt. Ltd.,Online Securities Pvt. Ltd.,248,811.0,201128.0,2025-09-02 14:30:57.314972
2025-09-02,17249,2025090204008120,BPCL,Trishakti Securities Public Limited,Online Securities Pvt. Ltd.,52,810.2,42130.4,2025-09-02 14:30:57.315229
2025-09-02,17199,2025090204008132,BPCL,Trishakti Securities Public Limited,Online Securities Pvt. Ltd.,248,810.2,200929.6,2025-09-02 14:31:02.380798
2025-09-02,17198,2025090204008133,BPCL,SHUBHAKAMANA SECURITIES PVT. LTD,Online Securities Pvt. Ltd.,252,810.2,204170.4,2025-09-02 14:31:02.381175
2025-09-02,16863,2025090204008214,BPCL,Agrawal Securities (PVT) Ltd.,Indira securities pvt. ltd,30,810.3,24309.0,2025-09-02 14:31:49.921137
2025-09-02,16332,2025090204008337,BPCL,Opal Securities Investment (PVT) Ltd.,Naasa Securities Co. Ltd.,30,810.5,24315.0,2025-09-02 14:33:14.103320
2025-09-02,16331,2025090204008338,BPCL,Agrawal Securities (PVT) Ltd.,Naasa Securities Co. Ltd.,38,810.3,30791.4,2025-09-02 14:33:14.103577
2025-09-02,15042,2025090204008630,BPCL,R.B.B. Securities Company Ltd,Miyo Securities Pvt Ltd,200,813.0,162600.0,2025-09-02 14:36:14.734038
2025-09-02,14916,2025090204008648,BPCL,R.B.B. Securities Company Ltd,Vision Securities Pvt. Ltd,292,813.0,237396.0,2025-09-02 14:36:29.981914
2025-09-02,14583,2025090204008710,BPCL,Himalayan Brokerage Company Limited,Online Securities Pvt. Ltd.,100,811.0,81100.0,2025-09-02 14:37:04.937900
2025-09-02,14582,2025090204008711,BPCL,Neev Securities Pvt. Ltd.,Online Securities Pvt. Ltd.,300,811.0,243300.0,2025-09-02 14:37:04.938167
2025-09-02,14218,2025090204008798,BPCL,Neev Securities Pvt. Ltd.,Ashutosh Brokerage & Securities (PVT) Ltd.,100,811.0,81100.0,2025-09-02 14:37:57.724346
2025-09-02,14181,2025090204008804,BPCL,Sri Hari Securities Pvt. Ltd.,Online Securities Pvt. Ltd.,100,812.9,81290.0,2025-09-02 14:38:00.927255
2025-09-02,14117,2025090204008821,BPCL,Neev Securities Pvt. Ltd.,Naasa Securities Co. Ltd.,10,811.0,8110.0,2025-09-02 14:38:11.055625
2025-09-02,13953,2025090204008836,BPCL,Neev Securities Pvt. Ltd.,Online Securities Pvt. Ltd.,100,811.0,81100.0,2025-09-02 14:38:28.985465
2025-09-02,13851,2025090204008858,BPCL,Neev Securities Pvt. Ltd.,Sri Hari Securities Pvt. Ltd.,21,811.0,17031.0,2025-09-02 14:38:42.333591
2025-09-02,13850,2025090204008859,BPCL,Cristal Kanchanjanga Securites Pvt. Ltd.,Sri Hari Securities Pvt. Ltd.,11,811.0,8921.0,2025-09-02 14:38:42.333856
2025-09-02,13849,2025090204008860,BPCL,N.I.M.B. Stock Markets Limited,Sri Hari Securities Pvt. Ltd.,11,811.0,8921.0,2025-09-02 14:38:42.333943
2025-09-02,13848,2025090204008861,BPCL,Agrawal Securities (PVT) Ltd.,Sri Hari Securities Pvt. Ltd.,500,810.4,405200.0,2025-09-02 14:38:42.334027
2025-09-02,13847,2025090204008862,BPCL,Agrawal Securities (PVT) Ltd.,Sri Hari Securities Pvt. Ltd.,32,810.3,25929.6,2025-09-02 14:38:42.334109
2025-09-02,13846,2025090204008863,BPCL,Cristal Kanchanjanga Securites Pvt. Ltd.,Sri Hari Securities Pvt. Ltd.,11,810.3,8913.3,2025-09-02 14:38:42.334190
2025-09-02,13845,2025090204008864,BPCL,Cristal Kanchanjanga Securites Pvt. Ltd.,Sri Hari Securities Pvt. Ltd.,11,810.3,8913.3,2025-09-02 14:38:42.334273
2025-09-02,13844,2025090204008865,BPCL,SHUBHAKAMANA SECURITIES PVT. LTD,Sri Hari Securities Pvt. Ltd.,403,810.2,326510.6,2025-09-02 14:38:42.334365
2025-09-02,13432,2025090204008958,BPCL,SHUBHAKAMANA SECURITIES PVT. LTD,Nabil Stock Dealer Ltd.,345,810.2,279519.0,2025-09-02 14:39:30.904516
2025-09-02,13431,2025090204008959,BPCL,N.I.M.B. Stock Markets Limited,Nabil Stock Dealer Ltd.,20,810.2,16204.0,2025-09-02 14:39:30.904910
2025-09-02,13430,2025090204008960,BPCL,Cristal Kanchanjanga Securites Pvt. Ltd.,Nabil Stock Dealer Ltd.,500,810.1,405050.0,2025-09-02 14:39:30.905197
2025-09-02,13429,2025090204008961,BPCL,SUN SECURITIES PVT LTD,Nabil Stock Dealer Ltd.,869,810.1,703976.9,2025-09-02 14:39:30.905507
2025-09-02,13008,2025090204009031,BPCL,SUN SECURITIES PVT LTD,S.P.S.A. Securities Limited,50,811.0,40550.0,2025-09-02 14:40:31.995789
2025-09-02,12911,2025090204009047,BPCL,Agrawal Securities (PVT) Ltd.,Midas Stock Broking Company Private Limited,200,810.2,162040.0,2025-09-02 14:40:42.286001
2025-09-02,12910,2025090204009048,BPCL,SUN SECURITIES PVT LTD,Midas Stock Broking Company Private Limited,52,810.1,42125.2,2025-09-02 14:40:42.286340
2025-09-02,12901,2025090204009050,BPCL,SUN SECURITIES PVT LTD,Asian Securities Private Ltd.,79,810.1,63997.9,2025-09-02 14:40:43.238863
2025-09-02,12900,2025090204009051,BPCL,S.P.S.A. Securities Limited,Asian Securities Private Ltd.,50,810.1,40505.0,2025-09-02 14:40:43.238990
2025-09-02,12899,2025090204009052,BPCL,South Asian Bulls Pvt. Ltd.,Asian Securities Private Ltd.,350,810.0,283500.0,2025-09-02 14:40:43.239068
2025-09-02,12898,2025090204009053,BPCL,Cristal Kanchanjanga Securites Pvt. Ltd.,Asian Securities Private Ltd.,1000,810.0,810000.0,2025-09-02 14:40:43.239139
2025-09-02,12897,2025090204009054,BPCL,Himalayan Brokerage Company Limited,Asian Securities Private Ltd.,500,810.0,405000.0,2025-09-02 14:40:43.239195
2025-09-02,12896,2025090204009055,BPCL,Bhrikuti Stock Broking Co. Pvt. Ltd.,Asian Securities Private Ltd.,21,810.0,17010.0,2025-09-02 14:40:43.239270
2025-09-02,12569,2025090204009091,BPCL,Bhrikuti Stock Broking Co. Pvt. Ltd.,Oxford Securities Pvt. Ltd.,579,810.0,468990.0,2025-09-02 14:41:32.020757
2025-09-02,12568,2025090204009092,BPCL,Capital Max Securities Ltd,Oxford Securities Pvt. Ltd.,921,810.0,746010.0,2025-09-02 14:41:32.021005
2025-09-02,12413,2025090204009123,BPCL,Capital Max Securities Ltd,Himalayan Brokerage Company Limited,79,810.0,63990.0,2025-09-02 14:41:52.802476
2025-09-02,12412,2025090204009124,BPCL,Himalayan Securities Limited,Himalayan Brokerage Company Limited,157,810.0,127170.0,2025-09-02 14:41:52.802546
2025-09-02,12318,2025090204009152,BPCL,Himalayan Securities Limited,SUN SECURITIES PVT LTD,943,810.0,763830.0,2025-09-02 14:42:05.065084
2025-09-02,12317,2025090204009153,BPCL,Ashutosh Brokerage & Securities (PVT) Ltd.,SUN SECURITIES PVT LTD,500,810.0,405000.0,2025-09-02 14:42:05.065185
2025-09-02,12316,2025090204009154,BPCL,K.B.L. Securities Limited ,SUN SECURITIES PVT LTD,100,810.0,81000.0,2025-09-02 14:42:05.065262
2025-09-02,12315,2025090204009155,BPCL,SUN SECURITIES PVT LTD,SUN SECURITIES PVT LTD,457,810.0,370170.0,2025-09-02 14:42:05.065352
2025-09-02,12308,2025090204009157,BPCL,SUN SECURITIES PVT LTD,Nabil Stock Dealer Ltd.,143,810.0,115830.0,2025-09-02 14:42:06.311353
2025-09-02,12307,2025090204009158,BPCL,SUN SECURITIES PVT LTD,Nabil Stock Dealer Ltd.,130,810.0,105300.0,2025-09-02 14:42:06.311726
2025-09-02,12306,2025090204009159,BPCL,Dipshikha Dhitopatra Karobar Co. Pvt Ltd.,Nabil Stock Dealer Ltd.,10,810.0,8100.0,2025-09-02 14:42:06.311953
2025-09-02,11967,2025090204009232,BPCL,Nepal Investment And Securities Trading Private Limited,S.P.S.A. Securities Limited,250,810.0,202500.0,2025-09-02 14:42:46.339913
2025-09-02,11950,2025090204009238,BPCL,Nepal Investment And Securities Trading Private Limited,Roadshow securities limited,250,810.0,202500.0,2025-09-02 14:42:48.595375
2025-09-02,11949,2025090204009239,BPCL,Dakshinkali Investment & Securities Pvt. Ltd.,Roadshow securities limited,1000,809.0,809000.0,2025-09-02 14:42:48.595412
2025-09-02,11948,2025090204009240,BPCL,Agrawal Securities (PVT) Ltd.,Roadshow securities limited,200,808.1,161620.0,2025-09-02 14:42:48.595441
2025-09-02,11947,2025090204009241,BPCL,Roadshow securities limited,Roadshow securities limited,200,808.0,161600.0,2025-09-02 14:42:48.595469
2025-09-02,11946,2025090204009242,BPCL,Cristal Kanchanjanga Securites Pvt. Ltd.,Roadshow securities limited,1000,807.0,807000.0,2025-09-02 14:42:48.595504
2025-09-02,11945,2025090204009243,BPCL,Sipla Securities Private Limited,Roadshow securities limited,500,806.1,403050.0,2025-09-02 14:42:48.595532
2025-09-02,11944,2025090204009244,BPCL,Roadshow securities limited,Roadshow securities limited,850,806.0,685100.0,2025-09-02 14:42:48.595558
2025-09-02,11365,2025090204009340,BPCL,N.I.M.B. Stock Markets Limited,Premier Securities Company Ltd.,50,807.0,40350.0,2025-09-02 14:44:05.466583
2025-09-02,11364,2025090204009341,BPCL,Cristal Kanchanjanga Securites Pvt. Ltd.,Premier Securities Company Ltd.,50,807.0,40350.0,2025-09-02 14:44:05.466841
2025-09-02,10159,2025090204009633,BPCL,ABC Securities Private Limited,Agrawal Securities (PVT) Ltd.,100,807.8,80780.0,2025-09-02 14:46:29.707556
2025-09-02,9637,2025090204009727,BPCL,Shree Krishna Securities Ltd.,Siprabi Securities Pvt. Ltd.,11,807.6,8883.6,2025-09-02 14:47:36.627329
2025-09-02,9494,2025090204009750,BPCL,Dipshikha Dhitopatra Karobar Co. Pvt Ltd.,Sani Securities Company Ltd.,15,809.0,12135.0,2025-09-02 14:47:53.801180
2025-09-02,9127,2025090204009839,BPCL,Shree Krishna Securities Ltd.,Naasa Securities Co. Ltd.,420,810.0,340200.0,2025-09-02 14:48:36.925999
2025-09-02,9005,2025090204009855,BPCL,SUN SECURITIES PVT LTD,Naasa Securities Co. Ltd.,80,810.0,64800.0,2025-09-02 14:48:49.317692
2025-09-02,9004,2025090204009856,BPCL,SUN SECURITIES PVT LTD,Sri Hari Securities Pvt. Ltd.,15,810.0,12150.0,2025-09-02 14:48:49.318095
2025-09-02,8800,2025090204009877,BPCL,SUN SECURITIES PVT LTD,Agrawal Securities (PVT) Ltd.,405,811.0,328455.0,2025-09-02 14:49:06.215774
2025-09-02,8644,2025090204009909,BPCL,SUN SECURITIES PVT LTD,Opal Securities Investment (PVT) Ltd.,100,807.5,80750.0,2025-09-02 14:49:25.730503
2025-09-02,8607,2025090204009916,BPCL,Vision Securities Pvt. Ltd,Agrawal Securities (PVT) Ltd.,95,811.0,77045.0,2025-09-02 14:49:28.454930
2025-09-02,8606,2025090204009917,BPCL,Vision Securities Pvt. Ltd,J.F. Securites (PVT) Ltd.,100,811.0,81100.0,2025-09-02 14:49:28.455399
2025-09-02,8605,2025090204009918,BPCL,Vision Securities Pvt. Ltd,Sri Hari Securities Pvt. Ltd.,405,811.0,328455.0,2025-09-02 14:49:28.455697
2025-09-02,8349,2025090204009940,BPCL,Vision Securities Pvt. Ltd,SUN SECURITIES PVT LTD,750,811.0,608250.0,2025-09-02 14:49:54.707004
2025-09-02,6897,2025090204010223,BPCL,Naasa Securities Co. Ltd.,Oxford Securities Pvt. Ltd.,500,811.0,405500.0,2025-09-02 14:52:05.401413
2025-09-02,6771,2025090204010252,BPCL,S.P.S.A. Securities Limited,Sri Hari Securities Pvt. Ltd.,21,810.0,17010.0,2025-09-02 14:52:18.881016
2025-09-02,6488,2025090204010330,BPCL,Siprabi Securities Pvt. Ltd.,Sri Hari Securities Pvt. Ltd.,200,810.0,162000.0,2025-09-02 14:52:46.203889
2025-09-02,6418,2025090204010342,BPCL,Dynamic Money Managers Securities Pvt. Ltd.,Linch Stock Market Ltd.,100,809.0,80900.0,2025-09-02 14:52:54.011818
2025-09-02,5919,2025090204010442,BPCL,Capital Max Securities Ltd,Siprabi Securities Pvt. Ltd.,100,808.2,80820.0,2025-09-02 14:53:37.785098
2025-09-02,5710,2025090204010476,BPCL,Capital Max Securities Ltd,Deevyaa Securities & Stock House Pvt. Ltd,100,808.2,80820.0,2025-09-02 14:53:54.209374
2025-09-02,5229,2025090204010607,BPCL,Agrawal Securities (PVT) Ltd.,Sweta Securities Private Limited,116,808.3,93762.8,2025-09-02 14:54:36.898824
2025-09-02,5118,2025090204010626,BPCL,Agrawal Securities (PVT) Ltd.,Vision Securities Pvt. Ltd,134,808.3,108312.2,2025-09-02 14:54:47.754815
2025-09-02,5117,2025090204010627,BPCL,Capital Max Securities Ltd,Vision Securities Pvt. Ltd,29,808.2,23437.8,2025-09-02 14:54:47.755279
2025-09-02,5116,2025090204010628,BPCL,Asian Securities Private Ltd.,Vision Securities Pvt. Ltd,100,808.2,80820.0,2025-09-02 14:54:47.755565
2025-09-02,5115,2025090204010629,BPCL,Dakshinkali Investment & Securities Pvt. Ltd.,Vision Securities Pvt. Ltd,237,808.1,191519.7,2025-09-02 14:54:47.755909
2025-09-02,4941,2025090204010656,BPCL,Dakshinkali Investment & Securities Pvt. Ltd.,Citizens Share Broker Limited,300,808.1,242430.0,2025-09-02 14:55:02.821806
2025-09-02,4893,2025090204010667,BPCL,Dakshinkali Investment & Securities Pvt. Ltd.,Linch Stock Market Ltd.,300,808.1,242430.0,2025-09-02 14:55:06.189784
2025-09-02,4678,2025090204010720,BPCL,Dakshinkali Investment & Securities Pvt. Ltd.,Linch Stock Market Ltd.,10,808.1,8081.0,2025-09-02 14:55:24.332293
2025-09-02,4559,2025090204010750,BPCL,Dakshinkali Investment & Securities Pvt. Ltd.,Sri Hari Securities Pvt. Ltd.,153,808.1,123639.3,2025-09-02 14:55:37.690329
2025-09-02,4488,2025090204010760,BPCL,Agrawal Securities (PVT) Ltd.,Sri Hari Securities Pvt. Ltd.,126,808.1,101820.6,2025-09-02 14:55:45.204565
2025-09-02,4217,2025090204010835,BPCL,Agrawal Securities (PVT) Ltd.,Midas Stock Broking Company Private Limited,180,808.2,145476.0,2025-09-02 14:56:10.576369
2025-09-02,3241,2025090204011057,BPCL,SUN SECURITIES PVT LTD,Trisul Securities & Invt. Ltd.,500,809.0,404500.0,2025-09-02 14:57:13.841155
2025-09-02,3098,2025090204011091,BPCL,Neev Securities Pvt. Ltd.,Trisul Securities & Invt. Ltd.,235,809.0,190115.0,2025-09-02 14:57:26.953633
2025-09-02,3097,2025090204011092,BPCL,Neev Securities Pvt. Ltd.,SUN SECURITIES PVT LTD,265,809.0,214385.0,2025-09-02 14:57:26.953868
2025-09-02,2783,2025090204011146,BPCL,K.B.L. Securities Limited ,Trisul Securities & Invt. Ltd.,100,808.5,80850.0,2025-09-02 14:57:44.021826
2025-09-02,2782,2025090204011147,BPCL,SUN SECURITIES PVT LTD,Trisul Securities & Invt. Ltd.,200,808.3,161660.0,2025-09-02 14:57:44.022105
2025-09-02,2781,2025090204011148,BPCL,SUN SECURITIES PVT LTD,Trisul Securities & Invt. Ltd.,350,808.0,282800.0,2025-09-02 14:57:44.022219
2025-09-02,2665,2025090204011174,BPCL,Neev Securities Pvt. Ltd.,Trisul Securities & Invt. Ltd.,50,808.0,40400.0,2025-09-02 14:57:53.278758
2025-09-02,2651,2025090204011181,BPCL,SUN SECURITIES PVT LTD,Trisul Securities & Invt. Ltd.,20,808.0,16160.0,2025-09-02 14:57:54.164142
2025-09-02,2412,2025090204011222,BPCL,Vision Securities Pvt. Ltd,Trisul Securities & Invt. Ltd.,270,808.0,218160.0,2025-09-02 14:58:10.427205
2025-09-02,2214,2025090204011269,BPCL,APPLE SECURITIES PRIVATE LIMITED,Sri Hari Securities Pvt. Ltd.,80,807.5,64600.0,2025-09-02 14:58:21.377626
2025-09-02,2213,2025090204011270,BPCL,Linch Stock Market Ltd.,Sri Hari Securities Pvt. Ltd.,300,807.1,242130.0,2025-09-02 14:58:21.377841
2025-09-02,2204,2025090204011275,BPCL,Dakshinkali Investment & Securities Pvt. Ltd.,Sri Hari Securities Pvt. Ltd.,120,807.1,96852.0,2025-09-02 14:58:21.939792
2025-09-02,2077,2025090204011303,BPCL,Agrawal Securities (PVT) Ltd.,SUN SECURITIES PVT LTD,235,809.0,190115.0,2025-09-02 14:58:29.886571
2025-09-02,2076,2025090204011304,BPCL,Agrawal Securities (PVT) Ltd.,Sri Hari Securities Pvt. Ltd.,464,809.0,375376.0,2025-09-02 14:58:29.886796
2025-09-02,1986,2025090204011318,BPCL,Dakshinkali Investment & Securities Pvt. Ltd.,Naasa Securities Co. Ltd.,10,808.0,8080.0,2025-09-02 14:58:35.562307
2025-09-02,1913,2025090204011328,BPCL,Dakshinkali Investment & Securities Pvt. Ltd.,Nabil Stock Dealer Ltd.,870,808.0,702960.0,2025-09-02 14:58:38.670370
2025-09-02,1912,2025090204011329,BPCL,SUN SECURITIES PVT LTD,Nabil Stock Dealer Ltd.,300,808.0,242400.0,2025-09-02 14:58:38.670807
2025-09-02,1834,2025090204011345,BPCL,Ashutosh Brokerage & Securities (PVT) Ltd.,Nabil Stock Dealer Ltd.,220,808.0,177760.0,2025-09-02 14:58:43.648840
2025-09-02,1603,2025090204011417,BPCL,SUN SECURITIES PVT LTD,Nabil Stock Dealer Ltd.,100,808.0,80800.0,2025-09-02 14:58:54.342228
2025-09-02,1388,2025090204011466,BPCL,Sani Securities Company Ltd.,Nabil Stock Dealer Ltd.,100,808.8,80880.0,2025-09-02 14:59:07.624945
2025-09-02,900,2025090204011569,BPCL,Sewa Securities Pvt. Ltd.,Kumari Securities Private Limited,100,808.0,80800.0,2025-09-02 14:59:28.887733
2025-09-02,468,2025090204011661,BPCL,Secured Securities Ltd.,Kumari Securities Private Limited,200,808.0,161600.0,2025-09-02 14:59:45.479392
2025-09-02,297,2025090204011706,BPCL,N.I.M.B. Stock Markets Limited,Dakshinkali Investment & Securities Pvt. Ltd.,50,807.0,40350.0,2025-09-02 14:59:51.916204
2025-09-02,296,2025090204011707,BPCL,Bhrikuti Stock Broking Co. Pvt. Ltd.,Dakshinkali Investment & Securities Pvt. Ltd.,10,807.0,8070.0,2025-09-02 14:59:51.916422
2025-09-02,295,2025090204011708,BPCL,Ashutosh Brokerage & Securities (PVT) Ltd.,Dakshinkali Investment & Securities Pvt. Ltd.,60,807.0,48420.0,2025-09-02 14:59:51.916507
2025-09-02,294,2025090204011709,BPCL,Neev Securities Pvt. Ltd.,Dakshinkali Investment & Securities Pvt. Ltd.,10,807.0,8070.0,2025-09-02 14:59:51.916634
2025-09-02,159,2025090204011737,BPCL,Roadshow securities limited,Naasa Securities Co. Ltd.,1150,806.0,926900.0,2025-09-02 14:59:56.765885
2025-09-02,158,2025090204011738,BPCL,Nepal Investment And Securities Trading Private Limited,Naasa Securities Co. Ltd.,100,806.0,80600.0,2025-09-02 14:59:56.766122
2025-09-02,157,2025090204011739,BPCL,Agrawal Securities (PVT) Ltd.,Naasa Securities Co. Ltd.,2000,806.0,1612000.0,2025-09-02 14:59:56.766209
2025-09-02,156,2025090204011740,BPCL,Aryatara Investment & Securities,Naasa Securities Co. Ltd.,100,806.0,80600.0,2025-09-02 14:59:56.766300
2025-09-02,155,2025090204011741,BPCL,Premier Securities Company Ltd.,Naasa Securities Co. Ltd.,500,806.0,403000.0,2025-09-02 14:59:56.766390
2025-09-02,154,2025090204011742,BPCL,Capital Max Securities Ltd,Naasa Securities Co. Ltd.,250,806.0,201500.0,2025-09-02 14:59:56.766474
2025-09-02,153,2025090204011743,BPCL,K.B.L. Securities Limited ,Naasa Securities Co. Ltd.,10,806.0,8060.0,2025-09-02 14:59:56.766553
2025-09-02,152,2025090204011744,BPCL,S.P.S.A. Securities Limited,Naasa Securities Co. Ltd.,50,806.0,40300.0,2025-09-02 14:59:56.766633
