Date,S.N.,Contract ID,Symbol,Buyer Broker,Seller Broker,quantity,rate,amount,transaction_time
2025-09-02,86396,2025090203000044,KSBBL,Linch Stock Market Ltd.,Creative Securities Pvt Ltd,10,544.5,5445.0,2025-09-02 11:04:31.292952
2025-09-02,85850,2025090203000057,KSBBL,Imperial Securities Company Pvt. Ltd.,Agrawal Securities (PVT) Ltd.,200,543.0,108600.0,2025-09-02 11:05:26.965070
2025-09-02,85849,2025090203000058,KSBBL,Imperial Securities Company Pvt. Ltd.,Capital Hub P. Ltd,100,544.0,54400.0,2025-09-02 11:05:26.965130
2025-09-02,83837,2025090203000101,KSBBL,Oxford Securities Pvt. Ltd.,Sumeru Securities Pvt. Ltd.,100,535.0,53500.0,2025-09-02 11:09:04.285369
2025-09-02,83836,2025090203000102,KSBBL,Deevyaa Securities & Stock House Pvt. Ltd,Sumeru Securities Pvt. Ltd.,1000,534.1,534100.0,2025-09-02 11:09:04.285413
2025-09-02,83835,2025090203000103,KSBBL,Naasa Securities Co. Ltd.,Sumeru Securities Pvt. Ltd.,100,534.0,53400.0,2025-09-02 11:09:04.285436
2025-09-02,83834,2025090203000104,KSBBL,Creative Securities Pvt Ltd,Sumeru Securities Pvt. Ltd.,100,533.7,53370.0,2025-09-02 11:09:04.285460
2025-09-02,83833,2025090203000105,KSBBL,Magnet Securities and Investment Company Private Limited,Sumeru Securities Pvt. Ltd.,200,533.7,106740.0,2025-09-02 11:09:04.285484
2025-09-02,83832,2025090203000106,KSBBL,Opal Securities Investment (PVT) Ltd.,Sumeru Securities Pvt. Ltd.,95,530.0,50350.0,2025-09-02 11:09:04.285518
2025-09-02,83831,2025090203000107,KSBBL,Nagarik Stock Dealer ,Sumeru Securities Pvt. Ltd.,200,530.0,106000.0,2025-09-02 11:09:04.285539
2025-09-02,83830,2025090203000108,KSBBL,Shree Krishna Securities Ltd.,Sumeru Securities Pvt. Ltd.,500,529.0,264500.0,2025-09-02 11:09:04.285564
2025-09-02,83829,2025090203000109,KSBBL,Pragyan Securities (PVT) Ltd.,Sumeru Securities Pvt. Ltd.,50,528.4,26420.0,2025-09-02 11:09:04.285588
2025-09-02,83828,2025090203000110,KSBBL,Sweta Securities Private Limited,Sumeru Securities Pvt. Ltd.,155,528.3,81886.5,2025-09-02 11:09:04.285610
2025-09-02,81168,2025090203000191,KSBBL,Trisul Securities & Invt. Ltd.,Arun Securities (PVT) Ltd.,10,534.1,5341.0,2025-09-02 11:13:52.442294
2025-09-02,79760,2025090203000223,KSBBL,Vision Securities Pvt. Ltd,Primo Securities (PVT) Ltd.,26,535.0,13910.0,2025-09-02 11:16:54.579614
2025-09-02,79680,2025090203000231,KSBBL,Deevyaa Securities & Stock House Pvt. Ltd,Trisul Securities & Invt. Ltd.,66,538.0,35508.0,2025-09-02 11:17:07.022712
2025-09-02,79605,2025090203000234,KSBBL,Deevyaa Securities & Stock House Pvt. Ltd,Arun Securities (PVT) Ltd.,90,541.0,48690.0,2025-09-02 11:17:18.057516
2025-09-02,79604,2025090203000235,KSBBL,Deevyaa Securities & Stock House Pvt. Ltd,South Asian Bulls Pvt. Ltd.,40,541.8,21672.0,2025-09-02 11:17:18.057635
2025-09-02,79603,2025090203000236,KSBBL,Deevyaa Securities & Stock House Pvt. Ltd,Vision Securities Pvt. Ltd,150,541.9,81285.0,2025-09-02 11:17:18.057693
2025-09-02,79602,2025090203000237,KSBBL,Deevyaa Securities & Stock House Pvt. Ltd,Midas Stock Broking Company Private Limited,53,541.9,28720.7,2025-09-02 11:17:18.057748
2025-09-02,79601,2025090203000238,KSBBL,Deevyaa Securities & Stock House Pvt. Ltd,Malla & Malla Stock Broking Company Pvt. Limited,1000,542.0,542000.0,2025-09-02 11:17:18.057788
2025-09-02,79316,2025090203000245,KSBBL,Deevyaa Securities & Stock House Pvt. Ltd,Sundhara Securities Limited,200,540.0,108000.0,2025-09-02 11:17:54.253786
2025-09-02,76726,2025090203000332,KSBBL,J.F. Securites (PVT) Ltd.,Trishakti Securities Public Limited,165,541.5,89347.5,2025-09-02 11:23:17.039321
2025-09-02,75466,2025090203000388,KSBBL,Deevyaa Securities & Stock House Pvt. Ltd,Sani Securities Company Ltd.,250,541.4,135350.0,2025-09-02 11:26:18.883817
2025-09-02,73172,2025090203000485,KSBBL,Deevyaa Securities & Stock House Pvt. Ltd,Aryatara Investment & Securities,50,540.0,27000.0,2025-09-02 11:31:36.885623
2025-09-02,73142,2025090203000489,KSBBL,Asian Securities Private Ltd.,Aryatara Investment & Securities,150,539.0,80850.0,2025-09-02 11:31:40.925614
2025-09-02,72381,2025090203000537,KSBBL,Opal Securities Investment (PVT) Ltd.,Thrive Brokerage House Pvt. Ltd,50,541.0,27050.0,2025-09-02 11:33:31.370555
2025-09-02,72380,2025090203000538,KSBBL,Opal Securities Investment (PVT) Ltd.,Online Securities Pvt. Ltd.,50,541.0,27050.0,2025-09-02 11:33:31.370700
2025-09-02,71635,2025090203000581,KSBBL,Opal Securities Investment (PVT) Ltd.,Imperial Securities Company Pvt. Ltd.,120,541.0,64920.0,2025-09-02 11:35:29.747472
2025-09-02,71408,2025090203000587,KSBBL,Opal Securities Investment (PVT) Ltd.,Arun Securities (PVT) Ltd.,200,541.0,108200.0,2025-09-02 11:36:01.371368
2025-09-02,71394,2025090203000589,KSBBL,Opal Securities Investment (PVT) Ltd.,J.F. Securites (PVT) Ltd.,500,541.0,270500.0,2025-09-02 11:36:03.536821
2025-09-02,71342,2025090203000592,KSBBL,Opal Securities Investment (PVT) Ltd.,Premier Securities Company Ltd.,80,541.0,43280.0,2025-09-02 11:36:15.265236
2025-09-02,70844,2025090203000622,KSBBL,Deevyaa Securities & Stock House Pvt. Ltd,Premier Securities Company Ltd.,103,541.0,55723.0,2025-09-02 11:37:15.938034
2025-09-02,70039,2025090203000664,KSBBL,Deevyaa Securities & Stock House Pvt. Ltd,ABC Securities Private Limited,400,541.0,216400.0,2025-09-02 11:39:14.973156
2025-09-02,70038,2025090203000665,KSBBL,Deevyaa Securities & Stock House Pvt. Ltd,Kalika Securities Pvt. Ltd.,30,541.0,16230.0,2025-09-02 11:39:14.973296
2025-09-02,66547,2025090203000818,KSBBL,Thrive Brokerage House Pvt. Ltd,ABC Securities Private Limited,100,540.0,54000.0,2025-09-02 11:47:34.553371
2025-09-02,66370,2025090203000827,KSBBL,Deevyaa Securities & Stock House Pvt. Ltd,ABC Securities Private Limited,100,540.0,54000.0,2025-09-02 11:48:07.562250
2025-09-02,66154,2025090203000838,KSBBL,Deevyaa Securities & Stock House Pvt. Ltd,Siprabi Securities Pvt. Ltd.,200,540.9,108180.0,2025-09-02 11:48:34.676558
2025-09-02,66153,2025090203000839,KSBBL,Deevyaa Securities & Stock House Pvt. Ltd,Arun Securities (PVT) Ltd.,500,540.9,270450.0,2025-09-02 11:48:34.676601
2025-09-02,66152,2025090203000840,KSBBL,Deevyaa Securities & Stock House Pvt. Ltd,Cristal Kanchanjanga Securites Pvt. Ltd.,500,541.0,270500.0,2025-09-02 11:48:34.676651
2025-09-02,66151,2025090203000841,KSBBL,Deevyaa Securities & Stock House Pvt. Ltd,Sani Securities Company Ltd.,10,541.0,5410.0,2025-09-02 11:48:34.676692
2025-09-02,66150,2025090203000842,KSBBL,Deevyaa Securities & Stock House Pvt. Ltd,Creative Securities Pvt Ltd,600,541.0,324600.0,2025-09-02 11:48:34.676731
2025-09-02,66149,2025090203000843,KSBBL,Deevyaa Securities & Stock House Pvt. Ltd,Naasa Securities Co. Ltd.,5000,541.0,2705000.0,2025-09-02 11:48:34.676791
2025-09-02,66148,2025090203000844,KSBBL,Deevyaa Securities & Stock House Pvt. Ltd,Sumeru Securities Pvt. Ltd.,111,541.0,60051.0,2025-09-02 11:48:34.676834
2025-09-02,66147,2025090203000845,KSBBL,Deevyaa Securities & Stock House Pvt. Ltd,Trishakti Securities Public Limited,35,541.5,18952.5,2025-09-02 11:48:34.676879
2025-09-02,66146,2025090203000846,KSBBL,Deevyaa Securities & Stock House Pvt. Ltd,Nepal Investment And Securities Trading Private Limited,100,541.5,54150.0,2025-09-02 11:48:34.676908
2025-09-02,66145,2025090203000847,KSBBL,Deevyaa Securities & Stock House Pvt. Ltd,Linch Stock Market Ltd.,25,542.0,13550.0,2025-09-02 11:48:34.676934
2025-09-02,66144,2025090203000848,KSBBL,Deevyaa Securities & Stock House Pvt. Ltd,Naasa Securities Co. Ltd.,25,542.0,13550.0,2025-09-02 11:48:34.676960
2025-09-02,66143,2025090203000849,KSBBL,Deevyaa Securities & Stock House Pvt. Ltd,Online Securities Pvt. Ltd.,50,542.0,27100.0,2025-09-02 11:48:34.676985
2025-09-02,66142,2025090203000850,KSBBL,Deevyaa Securities & Stock House Pvt. Ltd,Sweta Securities Private Limited,100,542.0,54200.0,2025-09-02 11:48:34.677011
2025-09-02,66141,2025090203000851,KSBBL,Deevyaa Securities & Stock House Pvt. Ltd,Global IME Securities Limited,178,542.5,96565.0,2025-09-02 11:48:34.677048
2025-09-02,66140,2025090203000852,KSBBL,Deevyaa Securities & Stock House Pvt. Ltd,Arun Securities (PVT) Ltd.,200,542.6,108520.0,2025-09-02 11:48:34.677074
2025-09-02,66139,2025090203000853,KSBBL,Deevyaa Securities & Stock House Pvt. Ltd,South Asian Bulls Pvt. Ltd.,50,542.7,27135.0,2025-09-02 11:48:34.677099
2025-09-02,66138,2025090203000854,KSBBL,Deevyaa Securities & Stock House Pvt. Ltd,Dynamic Money Managers Securities Pvt. Ltd.,500,542.8,271400.0,2025-09-02 11:48:34.677123
2025-09-02,66137,2025090203000855,KSBBL,Deevyaa Securities & Stock House Pvt. Ltd,Pragyan Securities (PVT) Ltd.,50,542.9,27145.0,2025-09-02 11:48:34.677149
2025-09-02,66136,2025090203000856,KSBBL,Deevyaa Securities & Stock House Pvt. Ltd,Oxford Securities Pvt. Ltd.,1000,542.9,542900.0,2025-09-02 11:48:34.677172
2025-09-02,66135,2025090203000857,KSBBL,Deevyaa Securities & Stock House Pvt. Ltd,Blue Chip Securities Ltd,93,543.0,50499.0,2025-09-02 11:48:34.677206
2025-09-02,66134,2025090203000858,KSBBL,Deevyaa Securities & Stock House Pvt. Ltd,KALASH STOCK MARKET PVT. LTD.,250,543.0,135750.0,2025-09-02 11:48:34.677231
2025-09-02,66133,2025090203000859,KSBBL,Deevyaa Securities & Stock House Pvt. Ltd,Pragyan Securities (PVT) Ltd.,200,543.9,108780.0,2025-09-02 11:48:34.677255
2025-09-02,66132,2025090203000860,KSBBL,Deevyaa Securities & Stock House Pvt. Ltd,Capital Hub P. Ltd,400,544.0,217600.0,2025-09-02 11:48:34.677288
2025-09-02,66131,2025090203000861,KSBBL,Deevyaa Securities & Stock House Pvt. Ltd,Sani Securities Company Ltd.,170,544.0,92480.0,2025-09-02 11:48:34.677314
2025-09-02,66130,2025090203000862,KSBBL,Deevyaa Securities & Stock House Pvt. Ltd,Cristal Kanchanjanga Securites Pvt. Ltd.,500,544.0,272000.0,2025-09-02 11:48:34.677337
2025-09-02,66129,2025090203000863,KSBBL,Deevyaa Securities & Stock House Pvt. Ltd,Imperial Securities Company Pvt. Ltd.,300,544.0,163200.0,2025-09-02 11:48:34.677373
2025-09-02,66128,2025090203000864,KSBBL,Deevyaa Securities & Stock House Pvt. Ltd,Creative Securities Pvt Ltd,490,544.5,266805.0,2025-09-02 11:48:34.677409
2025-09-02,66127,2025090203000865,KSBBL,Deevyaa Securities & Stock House Pvt. Ltd,Kumari Securities Private Limited,50,544.9,27245.0,2025-09-02 11:48:34.677440
2025-09-02,66126,2025090203000866,KSBBL,Deevyaa Securities & Stock House Pvt. Ltd,Aryatara Investment & Securities,40,545.0,21800.0,2025-09-02 11:48:34.677481
2025-09-02,66125,2025090203000867,KSBBL,Deevyaa Securities & Stock House Pvt. Ltd,Naasa Securities Co. Ltd.,100,545.0,54500.0,2025-09-02 11:48:34.677557
2025-09-02,66124,2025090203000868,KSBBL,Deevyaa Securities & Stock House Pvt. Ltd,N.M.B. SECURITIES LIMITED,10,545.0,5450.0,2025-09-02 11:48:34.677606
2025-09-02,66123,2025090203000869,KSBBL,Deevyaa Securities & Stock House Pvt. Ltd,Thrive Brokerage House Pvt. Ltd,500,545.0,272500.0,2025-09-02 11:48:34.677644
2025-09-02,66122,2025090203000870,KSBBL,Deevyaa Securities & Stock House Pvt. Ltd,MILKY WAY SHARE BROKER COMPANY LTD ,2500,545.0,1362500.0,2025-09-02 11:48:34.677669
2025-09-02,66121,2025090203000871,KSBBL,Deevyaa Securities & Stock House Pvt. Ltd,Online Securities Pvt. Ltd.,231,545.0,125895.0,2025-09-02 11:48:34.677706
2025-09-02,66120,2025090203000872,KSBBL,Deevyaa Securities & Stock House Pvt. Ltd,Aryatara Investment & Securities,185,545.0,100825.0,2025-09-02 11:48:34.677730
2025-09-02,66119,2025090203000873,KSBBL,Deevyaa Securities & Stock House Pvt. Ltd,Imperial Securities Company Pvt. Ltd.,200,546.0,109200.0,2025-09-02 11:48:34.677756
2025-09-02,66118,2025090203000874,KSBBL,Deevyaa Securities & Stock House Pvt. Ltd,Midas Stock Broking Company Private Limited,1000,546.0,546000.0,2025-09-02 11:48:34.677791
2025-09-02,66117,2025090203000875,KSBBL,Deevyaa Securities & Stock House Pvt. Ltd,Cristal Kanchanjanga Securites Pvt. Ltd.,500,546.0,273000.0,2025-09-02 11:48:34.677829
2025-09-02,66116,2025090203000876,KSBBL,Deevyaa Securities & Stock House Pvt. Ltd,Sumeru Securities Pvt. Ltd.,200,546.0,109200.0,2025-09-02 11:48:34.677861
2025-09-02,66115,2025090203000877,KSBBL,Deevyaa Securities & Stock House Pvt. Ltd,Property Wiard Limited,500,546.3,273150.0,2025-09-02 11:48:34.677894
2025-09-02,66114,2025090203000878,KSBBL,Deevyaa Securities & Stock House Pvt. Ltd,Dynamic Money Managers Securities Pvt. Ltd.,500,546.3,273150.0,2025-09-02 11:48:34.677941
2025-09-02,66113,2025090203000879,KSBBL,Deevyaa Securities & Stock House Pvt. Ltd,Online Securities Pvt. Ltd.,45,546.5,24592.5,2025-09-02 11:48:34.677971
2025-09-02,66112,2025090203000880,KSBBL,Deevyaa Securities & Stock House Pvt. Ltd,Naasa Securities Co. Ltd.,100,547.0,54700.0,2025-09-02 11:48:34.678006
2025-09-02,66111,2025090203000881,KSBBL,Deevyaa Securities & Stock House Pvt. Ltd,Secured Securities Ltd.,50,548.0,27400.0,2025-09-02 11:48:34.678037
2025-09-02,66110,2025090203000882,KSBBL,Deevyaa Securities & Stock House Pvt. Ltd,Bhrikuti Stock Broking Co. Pvt. Ltd.,13,548.0,7124.0,2025-09-02 11:48:34.678069
2025-09-02,66109,2025090203000883,KSBBL,Deevyaa Securities & Stock House Pvt. Ltd,Dipshikha Dhitopatra Karobar Co. Pvt Ltd.,100,548.0,54800.0,2025-09-02 11:48:34.678108
2025-09-02,66108,2025090203000884,KSBBL,Deevyaa Securities & Stock House Pvt. Ltd,Infinity Securities Limited,200,549.0,109800.0,2025-09-02 11:48:34.678144
2025-09-02,66107,2025090203000885,KSBBL,Deevyaa Securities & Stock House Pvt. Ltd,Aryatara Investment & Securities,74,549.0,40626.0,2025-09-02 11:48:34.678176
2025-09-02,66106,2025090203000886,KSBBL,Deevyaa Securities & Stock House Pvt. Ltd,Sewa Securities Pvt. Ltd.,100,550.0,55000.0,2025-09-02 11:48:34.678203
2025-09-02,66105,2025090203000887,KSBBL,Deevyaa Securities & Stock House Pvt. Ltd,Secured Securities Ltd.,200,550.0,110000.0,2025-09-02 11:48:34.678242
2025-09-02,66104,2025090203000888,KSBBL,Deevyaa Securities & Stock House Pvt. Ltd,Sri Hari Securities Pvt. Ltd.,50,550.0,27500.0,2025-09-02 11:48:34.678269
2025-09-02,66103,2025090203000889,KSBBL,Deevyaa Securities & Stock House Pvt. Ltd,Sani Securities Company Ltd.,50,550.0,27500.0,2025-09-02 11:48:34.678292
2025-09-02,66102,2025090203000890,KSBBL,Deevyaa Securities & Stock House Pvt. Ltd,Aakashbhairab Securities Ltd.,300,550.0,165000.0,2025-09-02 11:48:34.678315
2025-09-02,66101,2025090203000891,KSBBL,Deevyaa Securities & Stock House Pvt. Ltd,Sundhara Securities Limited,200,550.0,110000.0,2025-09-02 11:48:34.678346
2025-09-02,66100,2025090203000892,KSBBL,Deevyaa Securities & Stock House Pvt. Ltd,Naasa Securities Co. Ltd.,50,550.0,27500.0,2025-09-02 11:48:34.678376
2025-09-02,66099,2025090203000893,KSBBL,Deevyaa Securities & Stock House Pvt. Ltd,Bhrikuti Stock Broking Co. Pvt. Ltd.,25,550.0,13750.0,2025-09-02 11:48:34.678398
2025-09-02,66098,2025090203000894,KSBBL,Deevyaa Securities & Stock House Pvt. Ltd,Sweta Securities Private Limited,576,550.0,316800.0,2025-09-02 11:48:34.678421
2025-09-02,66097,2025090203000895,KSBBL,Deevyaa Securities & Stock House Pvt. Ltd,Sani Securities Company Ltd.,2400,550.0,1320000.0,2025-09-02 11:48:34.678448
2025-09-02,66096,2025090203000896,KSBBL,Deevyaa Securities & Stock House Pvt. Ltd,Sewa Securities Pvt. Ltd.,500,550.0,275000.0,2025-09-02 11:48:34.678483
2025-09-02,66095,2025090203000897,KSBBL,Deevyaa Securities & Stock House Pvt. Ltd,Vision Securities Pvt. Ltd,200,550.0,110000.0,2025-09-02 11:48:34.678531
2025-09-02,66094,2025090203000898,KSBBL,Deevyaa Securities & Stock House Pvt. Ltd,Agrawal Securities (PVT) Ltd.,10,550.0,5500.0,2025-09-02 11:48:34.678568
2025-09-02,66093,2025090203000899,KSBBL,Deevyaa Securities & Stock House Pvt. Ltd,Aakashbhairab Securities Ltd.,1000,550.0,550000.0,2025-09-02 11:48:34.678594
2025-09-02,66092,2025090203000900,KSBBL,Deevyaa Securities & Stock House Pvt. Ltd,Nepal Stock House (PVT) Ltd.,50,550.0,27500.0,2025-09-02 11:48:34.678617
2025-09-02,66091,2025090203000901,KSBBL,Deevyaa Securities & Stock House Pvt. Ltd,Trisul Securities & Invt. Ltd.,370,550.0,203500.0,2025-09-02 11:48:34.678641
2025-09-02,66090,2025090203000902,KSBBL,Deevyaa Securities & Stock House Pvt. Ltd,MILKY WAY SHARE BROKER COMPANY LTD ,2000,550.0,1100000.0,2025-09-02 11:48:34.678664
2025-09-02,66089,2025090203000903,KSBBL,Deevyaa Securities & Stock House Pvt. Ltd,Capital Hub P. Ltd,250,550.0,137500.0,2025-09-02 11:48:34.678690
2025-09-02,66088,2025090203000904,KSBBL,Deevyaa Securities & Stock House Pvt. Ltd,Investment Management Nepal Pvt. Ltd.,900,550.0,495000.0,2025-09-02 11:48:34.678711
2025-09-02,66087,2025090203000905,KSBBL,Deevyaa Securities & Stock House Pvt. Ltd,Dynamic Money Managers Securities Pvt. Ltd.,600,550.0,330000.0,2025-09-02 11:48:34.678738
2025-09-02,66086,2025090203000906,KSBBL,Deevyaa Securities & Stock House Pvt. Ltd,Aryatara Investment & Securities,10,550.0,5500.0,2025-09-02 11:48:34.678763
2025-09-02,66085,2025090203000907,KSBBL,Deevyaa Securities & Stock House Pvt. Ltd,ABC Securities Private Limited,97,550.0,53350.0,2025-09-02 11:48:34.678786
2025-09-02,66084,2025090203000908,KSBBL,Deevyaa Securities & Stock House Pvt. Ltd,South Asian Bulls Pvt. Ltd.,100,550.0,55000.0,2025-09-02 11:48:34.678810
2025-09-02,66083,2025090203000909,KSBBL,Deevyaa Securities & Stock House Pvt. Ltd,Nepal Investment And Securities Trading Private Limited,167,550.0,91850.0,2025-09-02 11:48:34.678833
2025-09-02,66082,2025090203000910,KSBBL,Deevyaa Securities & Stock House Pvt. Ltd,Dipshikha Dhitopatra Karobar Co. Pvt Ltd.,500,550.0,275000.0,2025-09-02 11:48:34.678858
2025-09-02,66081,2025090203000911,KSBBL,Deevyaa Securities & Stock House Pvt. Ltd,Dipshikha Dhitopatra Karobar Co. Pvt Ltd.,37,550.8,20379.6,2025-09-02 11:48:34.678879
2025-09-02,66080,2025090203000912,KSBBL,Deevyaa Securities & Stock House Pvt. Ltd,Property Wiard Limited,200,550.8,110160.0,2025-09-02 11:48:34.678900
2025-09-02,66079,2025090203000913,KSBBL,Deevyaa Securities & Stock House Pvt. Ltd,Trisul Securities & Invt. Ltd.,100,551.0,55100.0,2025-09-02 11:48:34.678922
2025-09-02,66078,2025090203000914,KSBBL,Deevyaa Securities & Stock House Pvt. Ltd,Miyo Securities Pvt Ltd,2250,551.0,1239750.0,2025-09-02 11:48:34.678948
2025-09-02,66077,2025090203000915,KSBBL,Deevyaa Securities & Stock House Pvt. Ltd,Bhrikuti Stock Broking Co. Pvt. Ltd.,13,551.0,7163.0,2025-09-02 11:48:34.678983
2025-09-02,66076,2025090203000916,KSBBL,Deevyaa Securities & Stock House Pvt. Ltd,Asian Securities Private Ltd.,150,551.0,82650.0,2025-09-02 11:48:34.679006
2025-09-02,66075,2025090203000917,KSBBL,Deevyaa Securities & Stock House Pvt. Ltd,Sumeru Securities Pvt. Ltd.,200,551.0,110200.0,2025-09-02 11:48:34.679043
2025-09-02,66074,2025090203000918,KSBBL,Deevyaa Securities & Stock House Pvt. Ltd,Capital Max Securities Ltd,150,551.0,82650.0,2025-09-02 11:48:34.679079
2025-09-02,66073,2025090203000919,KSBBL,Deevyaa Securities & Stock House Pvt. Ltd,Siprabi Securities Pvt. Ltd.,500,551.0,275500.0,2025-09-02 11:48:34.679104
2025-09-02,66072,2025090203000920,KSBBL,Deevyaa Securities & Stock House Pvt. Ltd,Dipshikha Dhitopatra Karobar Co. Pvt Ltd.,200,551.0,110200.0,2025-09-02 11:48:34.679140
2025-09-02,66071,2025090203000921,KSBBL,Deevyaa Securities & Stock House Pvt. Ltd,Trishakti Securities Public Limited,1000,551.6,551600.0,2025-09-02 11:48:34.679180
2025-09-02,66070,2025090203000922,KSBBL,Deevyaa Securities & Stock House Pvt. Ltd,Nepal Investment And Securities Trading Private Limited,500,551.7,275850.0,2025-09-02 11:48:34.679211
2025-09-02,66069,2025090203000923,KSBBL,Deevyaa Securities & Stock House Pvt. Ltd,Aryatara Investment & Securities,60,551.8,33108.0,2025-09-02 11:48:34.679234
2025-09-02,66068,2025090203000924,KSBBL,Deevyaa Securities & Stock House Pvt. Ltd,Secured Securities Ltd.,300,551.8,165540.0,2025-09-02 11:48:34.679258
2025-09-02,66067,2025090203000925,KSBBL,Deevyaa Securities & Stock House Pvt. Ltd,Imperial Securities Company Pvt. Ltd.,747,551.8,412194.6,2025-09-02 11:48:34.679281
2025-09-02,66066,2025090203000926,KSBBL,Deevyaa Securities & Stock House Pvt. Ltd,Linch Stock Market Ltd.,100,551.8,55180.0,2025-09-02 11:48:34.679304
2025-09-02,66065,2025090203000927,KSBBL,Deevyaa Securities & Stock House Pvt. Ltd,Citizens Share Broker Limited,412,551.8,227341.6,2025-09-02 11:48:34.679334
2025-09-02,66064,2025090203000928,KSBBL,Deevyaa Securities & Stock House Pvt. Ltd,Vision Securities Pvt. Ltd,500,552.0,276000.0,2025-09-02 11:48:34.679369
2025-09-02,66063,2025090203000929,KSBBL,Deevyaa Securities & Stock House Pvt. Ltd,Siprabi Securities Pvt. Ltd.,90,552.0,49680.0,2025-09-02 11:48:34.679412
2025-09-02,66062,2025090203000930,KSBBL,Deevyaa Securities & Stock House Pvt. Ltd,Naasa Securities Co. Ltd.,40,552.0,22080.0,2025-09-02 11:48:34.679449
2025-09-02,66061,2025090203000931,KSBBL,Deevyaa Securities & Stock House Pvt. Ltd,SUN SECURITIES PVT LTD,150,552.0,82800.0,2025-09-02 11:48:34.679477
2025-09-02,66060,2025090203000932,KSBBL,Deevyaa Securities & Stock House Pvt. Ltd,Kohinoor Investment & Securities Pvt. Ltd.,1300,552.0,717600.0,2025-09-02 11:48:34.679515
2025-09-02,66059,2025090203000933,KSBBL,Deevyaa Securities & Stock House Pvt. Ltd,Sundhara Securities Limited,99,552.0,54648.0,2025-09-02 11:48:34.679550
2025-09-02,66058,2025090203000934,KSBBL,Deevyaa Securities & Stock House Pvt. Ltd,Prabhu Stock Market Limited,950,552.0,524400.0,2025-09-02 11:48:34.679586
2025-09-02,66057,2025090203000935,KSBBL,Deevyaa Securities & Stock House Pvt. Ltd,Sani Securities Company Ltd.,198,552.0,109296.0,2025-09-02 11:48:34.679609
2025-09-02,66056,2025090203000936,KSBBL,Deevyaa Securities & Stock House Pvt. Ltd,Premier Securities Company Ltd.,142,552.2,78412.4,2025-09-02 11:48:34.679642
2025-09-02,66055,2025090203000937,KSBBL,Deevyaa Securities & Stock House Pvt. Ltd,Naasa Securities Co. Ltd.,111,552.2,61294.2,2025-09-02 11:48:34.679676
2025-09-02,66054,2025090203000938,KSBBL,Deevyaa Securities & Stock House Pvt. Ltd,Naasa Securities Co. Ltd.,150,552.3,82845.0,2025-09-02 11:48:34.679707
2025-09-02,66053,2025090203000939,KSBBL,Deevyaa Securities & Stock House Pvt. Ltd,Linch Stock Market Ltd.,13,552.3,7179.9,2025-09-02 11:48:34.679743
2025-09-02,66052,2025090203000940,KSBBL,Deevyaa Securities & Stock House Pvt. Ltd,Premier Securities Company Ltd.,1000,552.3,552300.0,2025-09-02 11:48:34.679772
2025-09-02,66051,2025090203000941,KSBBL,Deevyaa Securities & Stock House Pvt. Ltd,Naasa Securities Co. Ltd.,500,554.0,277000.0,2025-09-02 11:48:34.679807
2025-09-02,66050,2025090203000942,KSBBL,Deevyaa Securities & Stock House Pvt. Ltd,K.B.L. Securities Limited ,1000,554.0,554000.0,2025-09-02 11:48:34.679833
2025-09-02,66049,2025090203000943,KSBBL,Deevyaa Securities & Stock House Pvt. Ltd,Sewa Securities Pvt. Ltd.,100,554.0,55400.0,2025-09-02 11:48:34.679853
2025-09-02,66048,2025090203000944,KSBBL,Deevyaa Securities & Stock House Pvt. Ltd,Trisul Securities & Invt. Ltd.,500,554.0,277000.0,2025-09-02 11:48:34.679877
2025-09-02,66047,2025090203000945,KSBBL,Deevyaa Securities & Stock House Pvt. Ltd,Sri Hari Securities Pvt. Ltd.,100,554.0,55400.0,2025-09-02 11:48:34.679900
2025-09-02,66046,2025090203000946,KSBBL,Deevyaa Securities & Stock House Pvt. Ltd,Imperial Securities Company Pvt. Ltd.,500,554.5,277250.0,2025-09-02 11:48:34.679932
2025-09-02,66045,2025090203000947,KSBBL,Deevyaa Securities & Stock House Pvt. Ltd,Thrive Brokerage House Pvt. Ltd,200,554.8,110960.0,2025-09-02 11:48:34.679961
2025-09-02,66044,2025090203000948,KSBBL,Deevyaa Securities & Stock House Pvt. Ltd,Nepal Stock House (PVT) Ltd.,93,554.8,51596.4,2025-09-02 11:48:34.679984
2025-09-02,66043,2025090203000949,KSBBL,Deevyaa Securities & Stock House Pvt. Ltd,Global IME Securities Limited,550,554.8,305140.0,2025-09-02 11:48:34.680006
2025-09-02,66042,2025090203000950,KSBBL,Deevyaa Securities & Stock House Pvt. Ltd,K.B.L. Securities Limited ,4000,554.8,2219200.0,2025-09-02 11:48:34.680043
2025-09-02,66041,2025090203000951,KSBBL,Deevyaa Securities & Stock House Pvt. Ltd,Vision Securities Pvt. Ltd,250,554.8,138700.0,2025-09-02 11:48:34.680072
2025-09-02,66040,2025090203000952,KSBBL,Deevyaa Securities & Stock House Pvt. Ltd,Primo Securities (PVT) Ltd.,500,554.8,277400.0,2025-09-02 11:48:34.680108
2025-09-02,66039,2025090203000953,KSBBL,Deevyaa Securities & Stock House Pvt. Ltd,Sipla Securities Private Limited,500,555.0,277500.0,2025-09-02 11:48:34.680151
2025-09-02,66038,2025090203000954,KSBBL,Deevyaa Securities & Stock House Pvt. Ltd,Vision Securities Pvt. Ltd,1000,555.0,555000.0,2025-09-02 11:48:34.680170
2025-09-02,66037,2025090203000955,KSBBL,Deevyaa Securities & Stock House Pvt. Ltd,Trishakti Securities Public Limited,4000,555.0,2220000.0,2025-09-02 11:48:34.680193
2025-09-02,66036,2025090203000956,KSBBL,Deevyaa Securities & Stock House Pvt. Ltd,Sumeru Securities Pvt. Ltd.,30,555.3,16659.0,2025-09-02 11:48:34.680225
2025-09-02,65279,2025090203001011,KSBBL,Creative Securities Pvt Ltd,Miyo Securities Pvt Ltd,50,545.0,27250.0,2025-09-02 11:50:34.360248
2025-09-02,65184,2025090203001026,KSBBL,Opal Securities Investment (PVT) Ltd.,Linch Stock Market Ltd.,100,552.0,55200.0,2025-09-02 11:50:49.957511
2025-09-02,65183,2025090203001027,KSBBL,Opal Securities Investment (PVT) Ltd.,Oxford Securities Pvt. Ltd.,400,553.9,221560.0,2025-09-02 11:50:49.957544
2025-09-02,65158,2025090203001029,KSBBL,Opal Securities Investment (PVT) Ltd.,Oxford Securities Pvt. Ltd.,100,553.9,55390.0,2025-09-02 11:50:54.001083
2025-09-02,65157,2025090203001030,KSBBL,Opal Securities Investment (PVT) Ltd.,Miyo Securities Pvt Ltd,400,553.9,221560.0,2025-09-02 11:50:54.001195
2025-09-02,64645,2025090203001066,KSBBL,Linch Stock Market Ltd.,Dynamic Money Managers Securities Pvt. Ltd.,500,546.0,273000.0,2025-09-02 11:52:16.143724
2025-09-02,64644,2025090203001067,KSBBL,Linch Stock Market Ltd.,Dynamic Money Managers Securities Pvt. Ltd.,500,546.0,273000.0,2025-09-02 11:52:16.143768
2025-09-02,64643,2025090203001068,KSBBL,Deevyaa Securities & Stock House Pvt. Ltd,Dynamic Money Managers Securities Pvt. Ltd.,2000,545.1,1090200.0,2025-09-02 11:52:16.143795
2025-09-02,64591,2025090203001075,KSBBL,Deevyaa Securities & Stock House Pvt. Ltd,Dynamic Money Managers Securities Pvt. Ltd.,1000,545.1,545100.0,2025-09-02 11:52:25.072606
2025-09-02,64400,2025090203001089,KSBBL,Creative Securities Pvt Ltd,Naasa Securities Co. Ltd.,500,545.0,272500.0,2025-09-02 11:52:49.622384
2025-09-02,64335,2025090203001094,KSBBL,Creative Securities Pvt Ltd,Pragyan Securities (PVT) Ltd.,50,545.0,27250.0,2025-09-02 11:52:59.961242
2025-09-02,64296,2025090203001096,KSBBL,Linch Stock Market Ltd.,South Asian Bulls Pvt. Ltd.,50,546.0,27300.0,2025-09-02 11:53:06.720227
2025-09-02,64246,2025090203001099,KSBBL,Linch Stock Market Ltd.,Linch Stock Market Ltd.,400,546.0,218400.0,2025-09-02 11:53:12.014434
2025-09-02,64233,2025090203001100,KSBBL,Linch Stock Market Ltd.,Sani Securities Company Ltd.,10,546.0,5460.0,2025-09-02 11:53:14.473724
2025-09-02,64229,2025090203001101,KSBBL,Linch Stock Market Ltd.,Kohinoor Investment & Securities Pvt. Ltd.,40,546.0,21840.0,2025-09-02 11:53:15.064668
2025-09-02,64228,2025090203001102,KSBBL,Linch Stock Market Ltd.,Kohinoor Investment & Securities Pvt. Ltd.,160,546.0,87360.0,2025-09-02 11:53:15.064785
2025-09-02,64025,2025090203001109,KSBBL,Linch Stock Market Ltd.,Himalayan Brokerage Company Limited,100,546.0,54600.0,2025-09-02 11:53:37.244808
2025-09-02,64018,2025090203001110,KSBBL,Linch Stock Market Ltd.,Naasa Securities Co. Ltd.,31,546.0,16926.0,2025-09-02 11:53:37.539923
2025-09-02,63873,2025090203001113,KSBBL,Linch Stock Market Ltd.,Sweta Securities Private Limited,100,546.0,54600.0,2025-09-02 11:53:48.376114
2025-09-02,63821,2025090203001118,KSBBL,Linch Stock Market Ltd.,Dynamic Money Managers Securities Pvt. Ltd.,109,546.0,59514.0,2025-09-02 11:53:54.413835
2025-09-02,63820,2025090203001119,KSBBL,Creative Securities Pvt Ltd,Dynamic Money Managers Securities Pvt. Ltd.,400,545.0,218000.0,2025-09-02 11:53:54.413964
2025-09-02,63819,2025090203001120,KSBBL,Dipshikha Dhitopatra Karobar Co. Pvt Ltd.,Dynamic Money Managers Securities Pvt. Ltd.,939,545.0,511755.0,2025-09-02 11:53:54.414021
2025-09-02,63485,2025090203001128,KSBBL,Online Securities Pvt. Ltd.,Kohinoor Investment & Securities Pvt. Ltd.,40,545.1,21804.0,2025-09-02 11:54:32.439970
2025-09-02,63484,2025090203001129,KSBBL,Dipshikha Dhitopatra Karobar Co. Pvt Ltd.,Kohinoor Investment & Securities Pvt. Ltd.,60,545.0,32700.0,2025-09-02 11:54:32.440139
2025-09-02,63471,2025090203001131,KSBBL,Sani Securities Company Ltd.,Trisul Securities & Invt. Ltd.,1,535.1,535.1,2025-09-02 11:54:33.193418
2025-09-02,63436,2025090203001133,KSBBL,Dipshikha Dhitopatra Karobar Co. Pvt Ltd.,Sumeru Securities Pvt. Ltd.,549,540.0,296460.0,2025-09-02 11:54:39.693063
2025-09-02,62321,2025090203001202,KSBBL,Capital Max Securities Ltd,Kohinoor Investment & Securities Pvt. Ltd.,500,541.0,270500.0,2025-09-02 11:57:20.945920
2025-09-02,62089,2025090203001216,KSBBL,Sri Hari Securities Pvt. Ltd.,Midas Stock Broking Company Private Limited,59,541.1,31924.9,2025-09-02 11:57:59.302934
2025-09-02,61944,2025090203001219,KSBBL,Citizens Share Broker Limited,Imperial Securities Company Pvt. Ltd.,100,541.2,54120.0,2025-09-02 11:58:21.049036
2025-09-02,61943,2025090203001220,KSBBL,Sri Hari Securities Pvt. Ltd.,Imperial Securities Company Pvt. Ltd.,141,541.1,76295.1,2025-09-02 11:58:21.049234
2025-09-02,61942,2025090203001221,KSBBL,Capital Max Securities Ltd,Imperial Securities Company Pvt. Ltd.,500,541.0,270500.0,2025-09-02 11:58:21.049308
2025-09-02,61941,2025090203001222,KSBBL,Naasa Securities Co. Ltd.,Imperial Securities Company Pvt. Ltd.,2000,541.0,1082000.0,2025-09-02 11:58:21.049373
2025-09-02,61940,2025090203001223,KSBBL,Dynamic Money Managers Securities Pvt. Ltd.,Imperial Securities Company Pvt. Ltd.,1000,540.5,540500.0,2025-09-02 11:58:21.049436
2025-09-02,61939,2025090203001224,KSBBL,Deevyaa Securities & Stock House Pvt. Ltd,Imperial Securities Company Pvt. Ltd.,1000,540.2,540200.0,2025-09-02 11:58:21.049499
2025-09-02,61938,2025090203001225,KSBBL,Kohinoor Investment & Securities Pvt. Ltd.,Imperial Securities Company Pvt. Ltd.,259,540.1,139885.9,2025-09-02 11:58:21.049562
2025-09-02,61744,2025090203001237,KSBBL,Kohinoor Investment & Securities Pvt. Ltd.,Deevyaa Securities & Stock House Pvt. Ltd,741,540.1,400214.1,2025-09-02 11:58:49.481703
2025-09-02,61743,2025090203001238,KSBBL,Dipshikha Dhitopatra Karobar Co. Pvt Ltd.,Deevyaa Securities & Stock House Pvt. Ltd,451,540.0,243540.0,2025-09-02 11:58:49.481778
2025-09-02,61742,2025090203001239,KSBBL,Dipshikha Dhitopatra Karobar Co. Pvt Ltd.,Deevyaa Securities & Stock House Pvt. Ltd,50,540.0,27000.0,2025-09-02 11:58:49.481800
2025-09-02,61741,2025090203001240,KSBBL,J.F. Securites (PVT) Ltd.,Deevyaa Securities & Stock House Pvt. Ltd,10,539.2,5392.0,2025-09-02 11:58:49.481823
2025-09-02,61740,2025090203001241,KSBBL,J.F. Securites (PVT) Ltd.,Deevyaa Securities & Stock House Pvt. Ltd,10,539.1,5391.0,2025-09-02 11:58:49.481860
2025-09-02,61739,2025090203001242,KSBBL,Asian Securities Private Ltd.,Deevyaa Securities & Stock House Pvt. Ltd,50,539.0,26950.0,2025-09-02 11:58:49.481896
2025-09-02,61738,2025090203001243,KSBBL,Dipshikha Dhitopatra Karobar Co. Pvt Ltd.,Deevyaa Securities & Stock House Pvt. Ltd,700,539.0,377300.0,2025-09-02 11:58:49.481918
2025-09-02,61737,2025090203001244,KSBBL,Dipshikha Dhitopatra Karobar Co. Pvt Ltd.,Deevyaa Securities & Stock House Pvt. Ltd,50,538.0,26900.0,2025-09-02 11:58:49.481939
2025-09-02,61736,2025090203001245,KSBBL,Trisul Securities & Invt. Ltd.,Deevyaa Securities & Stock House Pvt. Ltd,90,537.1,48339.0,2025-09-02 11:58:49.481967
2025-09-02,61735,2025090203001246,KSBBL,Vision Securities Pvt. Ltd,Deevyaa Securities & Stock House Pvt. Ltd,200,537.0,107400.0,2025-09-02 11:58:49.481991
2025-09-02,61734,2025090203001247,KSBBL,Bhrikuti Stock Broking Co. Pvt. Ltd.,Deevyaa Securities & Stock House Pvt. Ltd,75,537.0,40275.0,2025-09-02 11:58:49.482011
2025-09-02,61733,2025090203001248,KSBBL,KALASH STOCK MARKET PVT. LTD.,Deevyaa Securities & Stock House Pvt. Ltd,10,537.0,5370.0,2025-09-02 11:58:49.482040
2025-09-02,61732,2025090203001249,KSBBL,Aryatara Investment & Securities,Deevyaa Securities & Stock House Pvt. Ltd,50,536.4,26820.0,2025-09-02 11:58:49.482060
2025-09-02,61731,2025090203001250,KSBBL,Aryatara Investment & Securities,Deevyaa Securities & Stock House Pvt. Ltd,250,536.4,134100.0,2025-09-02 11:58:49.482081
2025-09-02,61730,2025090203001251,KSBBL,Deevyaa Securities & Stock House Pvt. Ltd,Deevyaa Securities & Stock House Pvt. Ltd,3000,536.3,1608900.0,2025-09-02 11:58:49.482115
2025-09-02,61729,2025090203001252,KSBBL,Pragyan Securities (PVT) Ltd.,Deevyaa Securities & Stock House Pvt. Ltd,50,535.2,26760.0,2025-09-02 11:58:49.482162
2025-09-02,61728,2025090203001253,KSBBL,K.B.L. Securities Limited ,Deevyaa Securities & Stock House Pvt. Ltd,2000,535.1,1070200.0,2025-09-02 11:58:49.482202
2025-09-02,61727,2025090203001254,KSBBL,Nepal Investment And Securities Trading Private Limited,Deevyaa Securities & Stock House Pvt. Ltd,200,535.0,107000.0,2025-09-02 11:58:49.482222
2025-09-02,61726,2025090203001255,KSBBL,Siprabi Securities Pvt. Ltd.,Deevyaa Securities & Stock House Pvt. Ltd,50,535.0,26750.0,2025-09-02 11:58:49.482243
2025-09-02,61725,2025090203001256,KSBBL,Naasa Securities Co. Ltd.,Deevyaa Securities & Stock House Pvt. Ltd,20,535.0,10700.0,2025-09-02 11:58:49.482261
2025-09-02,61724,2025090203001257,KSBBL,South Asian Bulls Pvt. Ltd.,Deevyaa Securities & Stock House Pvt. Ltd,60,534.9,32094.0,2025-09-02 11:58:49.482278
2025-09-02,61723,2025090203001258,KSBBL,Bhrikuti Stock Broking Co. Pvt. Ltd.,Deevyaa Securities & Stock House Pvt. Ltd,100,534.4,53440.0,2025-09-02 11:58:49.482299
2025-09-02,61722,2025090203001259,KSBBL,Sri Hari Securities Pvt. Ltd.,Deevyaa Securities & Stock House Pvt. Ltd,500,534.4,267200.0,2025-09-02 11:58:49.482319
2025-09-02,61721,2025090203001260,KSBBL,Sri Hari Securities Pvt. Ltd.,Deevyaa Securities & Stock House Pvt. Ltd,100,534.1,53410.0,2025-09-02 11:58:49.482340
2025-09-02,61720,2025090203001261,KSBBL,Ashutosh Brokerage & Securities (PVT) Ltd.,Deevyaa Securities & Stock House Pvt. Ltd,60,533.0,31980.0,2025-09-02 11:58:49.482361
2025-09-02,61719,2025090203001262,KSBBL,Sri Hari Securities Pvt. Ltd.,Deevyaa Securities & Stock House Pvt. Ltd,500,532.0,266000.0,2025-09-02 11:58:49.482383
2025-09-02,61718,2025090203001263,KSBBL,KALASH STOCK MARKET PVT. LTD.,Deevyaa Securities & Stock House Pvt. Ltd,800,532.0,425600.0,2025-09-02 11:58:49.482404
2025-09-02,61717,2025090203001264,KSBBL,Naasa Securities Co. Ltd.,Deevyaa Securities & Stock House Pvt. Ltd,100,532.0,53200.0,2025-09-02 11:58:49.482423
2025-09-02,61716,2025090203001265,KSBBL,K.B.L. Securities Limited ,Deevyaa Securities & Stock House Pvt. Ltd,1000,532.0,532000.0,2025-09-02 11:58:49.482441
2025-09-02,61715,2025090203001266,KSBBL,South Asian Bulls Pvt. Ltd.,Deevyaa Securities & Stock House Pvt. Ltd,500,531.1,265550.0,2025-09-02 11:58:49.482459
2025-09-02,61714,2025090203001267,KSBBL,Kumari Securities Private Limited,Deevyaa Securities & Stock House Pvt. Ltd,500,531.0,265500.0,2025-09-02 11:58:49.482478
2025-09-02,61713,2025090203001268,KSBBL,ABC Securities Private Limited,Deevyaa Securities & Stock House Pvt. Ltd,100,531.0,53100.0,2025-09-02 11:58:49.482499
2025-09-02,61712,2025090203001269,KSBBL,Vision Securities Pvt. Ltd,Deevyaa Securities & Stock House Pvt. Ltd,50,531.0,26550.0,2025-09-02 11:58:49.482519
2025-09-02,61711,2025090203001270,KSBBL,Premier Securities Company Ltd.,Deevyaa Securities & Stock House Pvt. Ltd,100,531.0,53100.0,2025-09-02 11:58:49.482540
2025-09-02,61710,2025090203001271,KSBBL,Naasa Securities Co. Ltd.,Deevyaa Securities & Stock House Pvt. Ltd,100,531.0,53100.0,2025-09-02 11:58:49.482559
2025-09-02,61709,2025090203001272,KSBBL,Sri Hari Securities Pvt. Ltd.,Deevyaa Securities & Stock House Pvt. Ltd,200,530.6,106120.0,2025-09-02 11:58:49.482605
2025-09-02,61708,2025090203001273,KSBBL,Premier Securities Company Ltd.,Deevyaa Securities & Stock House Pvt. Ltd,20,530.6,10612.0,2025-09-02 11:58:49.482645
2025-09-02,61707,2025090203001274,KSBBL,Nagarik Stock Dealer ,Deevyaa Securities & Stock House Pvt. Ltd,1000,530.3,530300.0,2025-09-02 11:58:49.482665
2025-09-02,61706,2025090203001275,KSBBL,Online Securities Pvt. Ltd.,Deevyaa Securities & Stock House Pvt. Ltd,565,530.2,299563.0,2025-09-02 11:58:49.482687
2025-09-02,61705,2025090203001276,KSBBL,Siprabi Securities Pvt. Ltd.,Deevyaa Securities & Stock House Pvt. Ltd,430,530.2,227986.0,2025-09-02 11:58:49.482709
2025-09-02,61704,2025090203001277,KSBBL,Capital Hub P. Ltd,Deevyaa Securities & Stock House Pvt. Ltd,500,530.1,265050.0,2025-09-02 11:58:49.482727
2025-09-02,61703,2025090203001278,KSBBL,Sani Securities Company Ltd.,Deevyaa Securities & Stock House Pvt. Ltd,90,530.0,47700.0,2025-09-02 11:58:49.482747
2025-09-02,61702,2025090203001279,KSBBL,Dipshikha Dhitopatra Karobar Co. Pvt Ltd.,Deevyaa Securities & Stock House Pvt. Ltd,20,530.0,10600.0,2025-09-02 11:58:49.482766
2025-09-02,61701,2025090203001280,KSBBL,Siprabi Securities Pvt. Ltd.,Deevyaa Securities & Stock House Pvt. Ltd,100,530.0,53000.0,2025-09-02 11:58:49.482787
2025-09-02,61700,2025090203001281,KSBBL,Capital Hub P. Ltd,Deevyaa Securities & Stock House Pvt. Ltd,250,530.0,132500.0,2025-09-02 11:58:49.482806
2025-09-02,61699,2025090203001282,KSBBL,Siprabi Securities Pvt. Ltd.,Deevyaa Securities & Stock House Pvt. Ltd,100,530.0,53000.0,2025-09-02 11:58:49.482825
2025-09-02,61698,2025090203001283,KSBBL,Sewa Securities Pvt. Ltd.,Deevyaa Securities & Stock House Pvt. Ltd,100,530.0,53000.0,2025-09-02 11:58:49.482844
2025-09-02,61697,2025090203001284,KSBBL,Vision Securities Pvt. Ltd,Deevyaa Securities & Stock House Pvt. Ltd,4499,529.3,2381320.7,2025-09-02 11:58:49.482865
2025-09-02,61159,2025090203001332,KSBBL,Dipshikha Dhitopatra Karobar Co. Pvt Ltd.,Miyo Securities Pvt Ltd,50,532.0,26600.0,2025-09-02 12:00:07.481561
2025-09-02,60828,2025090203001362,KSBBL,Vision Securities Pvt. Ltd,Imperial Securities Company Pvt. Ltd.,33,533.1,17592.3,2025-09-02 12:01:01.030793
2025-09-02,60827,2025090203001363,KSBBL,Sani Securities Company Ltd.,Imperial Securities Company Pvt. Ltd.,100,533.0,53300.0,2025-09-02 12:01:01.030963
2025-09-02,60826,2025090203001364,KSBBL,Deevyaa Securities & Stock House Pvt. Ltd,Imperial Securities Company Pvt. Ltd.,1190,533.0,634270.0,2025-09-02 12:01:01.031032
2025-09-02,59997,2025090203001426,KSBBL,Thrive Brokerage House Pvt. Ltd,Shree Krishna Securities Ltd.,130,539.0,70070.0,2025-09-02 12:03:26.342551
2025-09-02,59996,2025090203001427,KSBBL,Thrive Brokerage House Pvt. Ltd,Elite Stock House Limited,110,539.0,59290.0,2025-09-02 12:03:26.342782
2025-09-02,59759,2025090203001440,KSBBL,Citizens Share Broker Limited,Elite Stock House Limited,22,539.0,11858.0,2025-09-02 12:04:06.528601
2025-09-02,59758,2025090203001441,KSBBL,Citizens Share Broker Limited,Capital Hub P. Ltd,100,539.0,53900.0,2025-09-02 12:04:06.528780
2025-09-02,58984,2025090203001484,KSBBL,Premier Securities Company Ltd.,Premier Securities Company Ltd.,20,540.0,10800.0,2025-09-02 12:06:01.800398
2025-09-02,58854,2025090203001570,KSBBL,Dipshikha Dhitopatra Karobar Co. Pvt Ltd.,Premier Securities Company Ltd.,80,540.0,43200.0,2025-09-02 12:06:10.599753
2025-09-02,58853,2025090203001571,KSBBL,Dipshikha Dhitopatra Karobar Co. Pvt Ltd.,Capital Hub P. Ltd,20,540.0,10800.0,2025-09-02 12:06:10.600061
2025-09-02,58775,2025090203001580,KSBBL,Dipshikha Dhitopatra Karobar Co. Pvt Ltd.,Capital Hub P. Ltd,80,540.0,43200.0,2025-09-02 12:06:23.694811
2025-09-02,58224,2025090203001610,KSBBL,Dipshikha Dhitopatra Karobar Co. Pvt Ltd.,Sanima Securities Limited,120,538.0,64560.0,2025-09-02 12:08:05.282529
2025-09-02,58223,2025090203001611,KSBBL,Elite Stock House Limited,Sanima Securities Limited,100,538.0,53800.0,2025-09-02 12:08:05.282747
2025-09-02,58222,2025090203001612,KSBBL,Secured Securities Ltd.,Sanima Securities Limited,1000,537.1,537100.0,2025-09-02 12:08:05.282819
2025-09-02,58221,2025090203001613,KSBBL,Naasa Securities Co. Ltd.,Sanima Securities Limited,550,537.0,295350.0,2025-09-02 12:08:05.282910
2025-09-02,58220,2025090203001614,KSBBL,Secured Securities Ltd.,Sanima Securities Limited,5000,536.1,2680500.0,2025-09-02 12:08:05.282985
2025-09-02,58219,2025090203001615,KSBBL,Deevyaa Securities & Stock House Pvt. Ltd,Sanima Securities Limited,1230,536.0,659280.0,2025-09-02 12:08:05.283079
2025-09-02,57995,2025090203001636,KSBBL,Kohinoor Investment & Securities Pvt. Ltd.,Sanima Securities Limited,100,538.5,53850.0,2025-09-02 12:08:41.370815
2025-09-02,57994,2025090203001637,KSBBL,Deevyaa Securities & Stock House Pvt. Ltd,Sanima Securities Limited,570,536.0,305520.0,2025-09-02 12:08:41.370995
2025-09-02,57993,2025090203001638,KSBBL,Asian Securities Private Ltd.,Sanima Securities Limited,1000,535.3,535300.0,2025-09-02 12:08:41.371081
2025-09-02,57992,2025090203001639,KSBBL,Kohinoor Investment & Securities Pvt. Ltd.,Sanima Securities Limited,1330,535.0,711550.0,2025-09-02 12:08:41.371157
2025-09-02,57800,2025090203001654,KSBBL,Premier Securities Company Ltd.,Sanima Securities Limited,100,536.0,53600.0,2025-09-02 12:09:22.466531
2025-09-02,57799,2025090203001655,KSBBL,Vision Securities Pvt. Ltd,Sanima Securities Limited,400,536.0,214400.0,2025-09-02 12:09:22.466716
2025-09-02,55897,2025090203001768,KSBBL,Vision Securities Pvt. Ltd,Sanima Securities Limited,50,536.2,26810.0,2025-09-02 12:15:42.345808
2025-09-02,55896,2025090203001769,KSBBL,Naasa Securities Co. Ltd.,Sanima Securities Limited,500,536.1,268050.0,2025-09-02 12:15:42.345978
2025-09-02,55895,2025090203001770,KSBBL,Kohinoor Investment & Securities Pvt. Ltd.,Sanima Securities Limited,100,536.0,53600.0,2025-09-02 12:15:42.346070
2025-09-02,55894,2025090203001771,KSBBL,Sri Hari Securities Pvt. Ltd.,Sanima Securities Limited,300,536.0,160800.0,2025-09-02 12:15:42.346144
2025-09-02,55893,2025090203001772,KSBBL,Capital Max Securities Ltd,Sanima Securities Limited,2000,536.0,1072000.0,2025-09-02 12:15:42.346216
2025-09-02,55892,2025090203001773,KSBBL,Naasa Securities Co. Ltd.,Sanima Securities Limited,760,535.1,406676.0,2025-09-02 12:15:42.346288
2025-09-02,55891,2025090203001774,KSBBL,Kohinoor Investment & Securities Pvt. Ltd.,Sanima Securities Limited,70,535.0,37450.0,2025-09-02 12:15:42.346364
2025-09-02,55890,2025090203001775,KSBBL,Dipshikha Dhitopatra Karobar Co. Pvt Ltd.,Sanima Securities Limited,451,535.0,241285.0,2025-09-02 12:15:42.346434
2025-09-02,55889,2025090203001776,KSBBL,Deevyaa Securities & Stock House Pvt. Ltd,Sanima Securities Limited,3635,535.0,1944725.0,2025-09-02 12:15:42.346503
2025-09-02,54707,2025090203001884,KSBBL,Nepal Stock House (PVT) Ltd.,K.B.L. Securities Limited ,500,541.8,270900.0,2025-09-02 12:19:58.596361
2025-09-02,54425,2025090203001906,KSBBL,Nepal Stock House (PVT) Ltd.,Capital Hub P. Ltd,12,541.9,6502.8,2025-09-02 12:21:05.861506
2025-09-02,52807,2025090203002088,KSBBL,Deevyaa Securities & Stock House Pvt. Ltd,Bhrikuti Stock Broking Co. Pvt. Ltd.,397,539.1,214022.7,2025-09-02 12:26:27.579510
2025-09-02,51930,2025090203002138,KSBBL,Deevyaa Securities & Stock House Pvt. Ltd,Deevyaa Securities & Stock House Pvt. Ltd,1103,539.1,594627.3,2025-09-02 12:29:29.075514
2025-09-02,51929,2025090203002139,KSBBL,Premier Securities Company Ltd.,Deevyaa Securities & Stock House Pvt. Ltd,20,539.1,10782.0,2025-09-02 12:29:29.075753
2025-09-02,51928,2025090203002140,KSBBL,Oxford Securities Pvt. Ltd.,Deevyaa Securities & Stock House Pvt. Ltd,500,539.1,269550.0,2025-09-02 12:29:29.075832
2025-09-02,48318,2025090203002366,KSBBL,Opal Securities Investment (PVT) Ltd.,Capital Hub P. Ltd,88,541.9,47687.2,2025-09-02 12:42:04.680422
2025-09-02,48317,2025090203002367,KSBBL,Opal Securities Investment (PVT) Ltd.,Deevyaa Securities & Stock House Pvt. Ltd,200,542.0,108400.0,2025-09-02 12:42:04.680464
2025-09-02,48316,2025090203002368,KSBBL,Opal Securities Investment (PVT) Ltd.,Naasa Securities Co. Ltd.,212,542.5,115010.0,2025-09-02 12:42:04.680491
2025-09-02,48225,2025090203002374,KSBBL,Aryatara Investment & Securities,Naasa Securities Co. Ltd.,100,542.5,54250.0,2025-09-02 12:42:27.753465
2025-09-02,48024,2025090203002394,KSBBL,Aryatara Investment & Securities,Deevyaa Securities & Stock House Pvt. Ltd,500,540.1,270050.0,2025-09-02 12:43:15.828934
2025-09-02,48023,2025090203002395,KSBBL,Dynamic Money Managers Securities Pvt. Ltd.,Deevyaa Securities & Stock House Pvt. Ltd,4500,540.0,2430000.0,2025-09-02 12:43:15.829352
2025-09-02,47206,2025090203002478,KSBBL,Secured Securities Ltd.,Asian Securities Private Ltd.,1,540.0,540.0,2025-09-02 12:46:13.073687
2025-09-02,47045,2025090203002496,KSBBL,Opal Securities Investment (PVT) Ltd.,Secured Securities Ltd.,435,540.1,234943.5,2025-09-02 12:46:51.833664
2025-09-02,47000,2025090203002500,KSBBL,South Asian Bulls Pvt. Ltd.,Naasa Securities Co. Ltd.,280,542.5,151900.0,2025-09-02 12:47:07.863137
2025-09-02,46606,2025090203002538,KSBBL,Kalika Securities Pvt. Ltd.,South Asian Bulls Pvt. Ltd.,100,541.1,54110.0,2025-09-02 12:48:37.195938
2025-09-02,46394,2025090203002551,KSBBL,Opal Securities Investment (PVT) Ltd.,South Asian Bulls Pvt. Ltd.,65,541.0,35165.0,2025-09-02 12:49:37.436615
2025-09-02,46393,2025090203002552,KSBBL,South Asian Bulls Pvt. Ltd.,South Asian Bulls Pvt. Ltd.,63,541.0,34083.0,2025-09-02 12:49:37.436871
2025-09-02,46161,2025090203002565,KSBBL,Naasa Securities Co. Ltd.,Dynamic Money Managers Securities Pvt. Ltd.,500,542.9,271450.0,2025-09-02 12:50:26.574846
2025-09-02,46160,2025090203002566,KSBBL,Naasa Securities Co. Ltd.,Capital Hub P. Ltd,100,542.9,54290.0,2025-09-02 12:50:26.575307
2025-09-02,44718,2025090203002680,KSBBL,South Asian Bulls Pvt. Ltd.,Secured Securities Ltd.,57,541.0,30837.0,2025-09-02 12:56:03.427307
2025-09-02,44542,2025090203002699,KSBBL,South Asian Bulls Pvt. Ltd.,Aryatara Investment & Securities,57,540.1,30785.7,2025-09-02 12:56:55.963329
2025-09-02,44441,2025090203002715,KSBBL,South Asian Bulls Pvt. Ltd.,Sharepro Securities Private Limited,143,540.1,77234.3,2025-09-02 12:57:20.854914
2025-09-02,44440,2025090203002716,KSBBL,Dynamic Money Managers Securities Pvt. Ltd.,Sharepro Securities Private Limited,500,540.0,270000.0,2025-09-02 12:57:20.854972
2025-09-02,44439,2025090203002717,KSBBL,Kohinoor Investment & Securities Pvt. Ltd.,Sharepro Securities Private Limited,50,540.0,27000.0,2025-09-02 12:57:20.855016
2025-09-02,44438,2025090203002718,KSBBL,Sewa Securities Pvt. Ltd.,Sharepro Securities Private Limited,30,538.1,16143.0,2025-09-02 12:57:20.855049
2025-09-02,44437,2025090203002719,KSBBL,Aryatara Investment & Securities,Sharepro Securities Private Limited,100,537.7,53770.0,2025-09-02 12:57:20.855076
2025-09-02,44436,2025090203002720,KSBBL,Siprabi Securities Pvt. Ltd.,Sharepro Securities Private Limited,100,537.6,53760.0,2025-09-02 12:57:20.855104
2025-09-02,44435,2025090203002721,KSBBL,Deevyaa Securities & Stock House Pvt. Ltd,Sharepro Securities Private Limited,3000,537.6,1612800.0,2025-09-02 12:57:20.855129
2025-09-02,44434,2025090203002722,KSBBL,Deevyaa Securities & Stock House Pvt. Ltd,Sharepro Securities Private Limited,78,537.5,41925.0,2025-09-02 12:57:20.855160
2025-09-02,40817,2025090203003097,KSBBL,Sri Hari Securities Pvt. Ltd.,Cristal Kanchanjanga Securites Pvt. Ltd.,100,537.6,53760.0,2025-09-02 13:11:58.361406
2025-09-02,39406,2025090203003202,KSBBL,Malla & Malla Stock Broking Company Pvt. Limited,Vision Securities Pvt. Ltd,100,538.0,53800.0,2025-09-02 13:17:35.875332
2025-09-02,39256,2025090203003218,KSBBL,Malla & Malla Stock Broking Company Pvt. Limited,KALASH STOCK MARKET PVT. LTD.,91,538.0,48958.0,2025-09-02 13:18:11.070669
2025-09-02,39067,2025090203003247,KSBBL,Deevyaa Securities & Stock House Pvt. Ltd,Imperial Securities Company Pvt. Ltd.,2422,537.9,1302793.8,2025-09-02 13:18:52.061787
2025-09-02,39066,2025090203003248,KSBBL,Investment Management Nepal Pvt. Ltd.,Imperial Securities Company Pvt. Ltd.,200,537.8,107560.0,2025-09-02 13:18:52.062255
2025-09-02,39065,2025090203003249,KSBBL,Naasa Securities Co. Ltd.,Imperial Securities Company Pvt. Ltd.,500,537.7,268850.0,2025-09-02 13:18:52.062582
2025-09-02,39064,2025090203003250,KSBBL,Sri Hari Securities Pvt. Ltd.,Imperial Securities Company Pvt. Ltd.,550,537.6,295680.0,2025-09-02 13:18:52.062912
2025-09-02,39063,2025090203003251,KSBBL,K.B.L. Securities Limited ,Imperial Securities Company Pvt. Ltd.,500,536.2,268100.0,2025-09-02 13:18:52.063276
2025-09-02,39062,2025090203003252,KSBBL,Dipshikha Dhitopatra Karobar Co. Pvt Ltd.,Imperial Securities Company Pvt. Ltd.,828,536.2,443973.6,2025-09-02 13:18:52.063621
2025-09-02,38098,2025090203003326,KSBBL,Kalika Securities Pvt. Ltd.,Secured Securities Ltd.,10,536.3,5363.0,2025-09-02 13:23:18.465246
2025-09-02,37199,2025090203003456,KSBBL,Aryatara Investment & Securities,Dynamic Money Managers Securities Pvt. Ltd.,1000,539.0,539000.0,2025-09-02 13:26:49.607901
2025-09-02,35352,2025090203003602,KSBBL,Premier Securities Company Ltd.,Dynamic Money Managers Securities Pvt. Ltd.,20,539.0,10780.0,2025-09-02 13:33:31.393595
2025-09-02,33259,2025090203003814,KSBBL,Bhrikuti Stock Broking Co. Pvt. Ltd.,Sweta Securities Private Limited,90,536.5,48285.0,2025-09-02 13:40:48.494703
2025-09-02,33258,2025090203003815,KSBBL,Kalika Securities Pvt. Ltd.,Sweta Securities Private Limited,20,536.3,10726.0,2025-09-02 13:40:48.495170
2025-09-02,33257,2025090203003816,KSBBL,Nagarik Stock Dealer ,Sweta Securities Private Limited,200,536.3,107260.0,2025-09-02 13:40:48.495457
2025-09-02,33256,2025090203003817,KSBBL,Malla & Malla Stock Broking Company Pvt. Limited,Sweta Securities Private Limited,190,536.3,101897.0,2025-09-02 13:40:48.495727
2025-09-02,33219,2025090203003820,KSBBL,Malla & Malla Stock Broking Company Pvt. Limited,Online Securities Pvt. Ltd.,10,536.3,5363.0,2025-09-02 13:40:55.317602
2025-09-02,33218,2025090203003821,KSBBL,Dipshikha Dhitopatra Karobar Co. Pvt Ltd.,Online Securities Pvt. Ltd.,172,536.2,92226.4,2025-09-02 13:40:55.318058
2025-09-02,33217,2025090203003822,KSBBL,Aryatara Investment & Securities,Online Securities Pvt. Ltd.,318,536.2,170511.6,2025-09-02 13:40:55.318341
2025-09-02,33186,2025090203003830,KSBBL,Kalika Securities Pvt. Ltd.,Dipshikha Dhitopatra Karobar Co. Pvt Ltd.,20,538.0,10760.0,2025-09-02 13:41:03.012417
2025-09-02,31785,2025090203003984,KSBBL,Investment Management Nepal Pvt. Ltd.,Secured Securities Ltd.,61,536.3,32714.3,2025-09-02 13:45:23.782206
2025-09-02,31772,2025090203003986,KSBBL,Investment Management Nepal Pvt. Ltd.,Dynamic Money Managers Securities Pvt. Ltd.,39,536.3,20915.7,2025-09-02 13:45:28.197145
2025-09-02,31771,2025090203003987,KSBBL,Malla & Malla Stock Broking Company Pvt. Limited,Dynamic Money Managers Securities Pvt. Ltd.,100,536.3,53630.0,2025-09-02 13:45:28.197399
2025-09-02,31770,2025090203003988,KSBBL,Aryatara Investment & Securities,Dynamic Money Managers Securities Pvt. Ltd.,841,536.2,450944.2,2025-09-02 13:45:28.197492
2025-09-02,31755,2025090203003989,KSBBL,Opal Securities Investment (PVT) Ltd.,Blue Chip Securities Ltd,475,537.0,255075.0,2025-09-02 13:45:30.940351
2025-09-02,31366,2025090203004033,KSBBL,Opal Securities Investment (PVT) Ltd.,Himalayan Securities Limited,200,537.0,107400.0,2025-09-02 13:46:47.356396
2025-09-02,29949,2025090203004206,KSBBL,Opal Securities Investment (PVT) Ltd.,Aryatara Investment & Securities,10,537.0,5370.0,2025-09-02 13:50:51.498817
2025-09-02,29810,2025090203004224,KSBBL,Opal Securities Investment (PVT) Ltd.,Pragyan Securities (PVT) Ltd.,800,537.0,429600.0,2025-09-02 13:51:23.287106
2025-09-02,29751,2025090203004241,KSBBL,Opal Securities Investment (PVT) Ltd.,KALASH STOCK MARKET PVT. LTD.,500,537.0,268500.0,2025-09-02 13:51:39.578134
2025-09-02,29500,2025090203004306,KSBBL,Opal Securities Investment (PVT) Ltd.,KALASH STOCK MARKET PVT. LTD.,15,537.0,8055.0,2025-09-02 13:52:28.723171
2025-09-02,29386,2025090203004320,KSBBL,Linch Stock Market Ltd.,Premier Securities Company Ltd.,2,530.0,1060.0,2025-09-02 13:52:51.415852
2025-09-02,29178,2025090203004349,KSBBL,Aryatara Investment & Securities,South Asian Bulls Pvt. Ltd.,841,536.2,450944.2,2025-09-02 13:53:35.300527
2025-09-02,29177,2025090203004350,KSBBL,Secured Securities Ltd.,South Asian Bulls Pvt. Ltd.,4159,536.1,2229639.9,2025-09-02 13:53:35.300780
2025-09-02,27316,2025090203004583,KSBBL,Sundhara Securities Limited,Nepal Investment And Securities Trading Private Limited,20,538.0,10760.0,2025-09-02 13:59:33.043415
2025-09-02,27315,2025090203004584,KSBBL,Sundhara Securities Limited,KALASH STOCK MARKET PVT. LTD.,180,538.0,96840.0,2025-09-02 13:59:33.043732
2025-09-02,26321,2025090203004731,KSBBL,Aryatara Investment & Securities,Vision Securities Pvt. Ltd,100,536.2,53620.0,2025-09-02 14:03:12.202562
2025-09-02,25792,2025090203004775,KSBBL,Sani Securities Company Ltd.,Primo Securities (PVT) Ltd.,100,539.0,53900.0,2025-09-02 14:04:53.693737
2025-09-02,25469,2025090203004797,KSBBL,Sani Securities Company Ltd.,Premier Securities Company Ltd.,10,539.5,5395.0,2025-09-02 14:05:59.253194
2025-09-02,25289,2025090203004822,KSBBL,Sani Securities Company Ltd.,Sweta Securities Private Limited,100,539.9,53990.0,2025-09-02 14:06:38.633252
2025-09-02,25228,2025090203004840,KSBBL,Aryatara Investment & Securities,Opal Securities Investment (PVT) Ltd.,50,540.0,27000.0,2025-09-02 14:06:51.077143
2025-09-02,25008,2025090203004866,KSBBL,Sani Securities Company Ltd.,Opal Securities Investment (PVT) Ltd.,190,540.0,102600.0,2025-09-02 14:07:36.089313
2025-09-02,24897,2025090203004880,KSBBL,Imperial Securities Company Pvt. Ltd.,Opal Securities Investment (PVT) Ltd.,25,540.0,13500.0,2025-09-02 14:07:51.588489
2025-09-02,24896,2025090203004881,KSBBL,Imperial Securities Company Pvt. Ltd.,Capital Max Securities Ltd,51,540.0,27540.0,2025-09-02 14:07:51.588733
2025-09-02,24431,2025090203004932,KSBBL,Imperial Securities Company Pvt. Ltd.,Bhrikuti Stock Broking Co. Pvt. Ltd.,20,540.0,10800.0,2025-09-02 14:09:51.763832
2025-09-02,24313,2025090203004940,KSBBL,Imperial Securities Company Pvt. Ltd.,Sweta Securities Private Limited,50,540.0,27000.0,2025-09-02 14:10:23.477369
2025-09-02,24303,2025090203004941,KSBBL,Opal Securities Investment (PVT) Ltd.,Secured Securities Ltd.,343,541.0,185563.0,2025-09-02 14:10:25.817708
2025-09-02,24302,2025090203004942,KSBBL,Opal Securities Investment (PVT) Ltd.,Premier Securities Company Ltd.,10,541.0,5410.0,2025-09-02 14:10:25.818191
2025-09-02,24183,2025090203004954,KSBBL,Aryatara Investment & Securities,N.I.M.B. Stock Markets Limited,200,542.0,108400.0,2025-09-02 14:10:46.042286
2025-09-02,24182,2025090203004955,KSBBL,Aryatara Investment & Securities,Sani Securities Company Ltd.,100,542.0,54200.0,2025-09-02 14:10:46.042759
2025-09-02,24181,2025090203004956,KSBBL,Aryatara Investment & Securities,Malla & Malla Stock Broking Company Pvt. Limited,40,542.0,21680.0,2025-09-02 14:10:46.043063
2025-09-02,24180,2025090203004957,KSBBL,Aryatara Investment & Securities,Aryatara Investment & Securities,10,542.9,5429.0,2025-09-02 14:10:46.043360
2025-09-02,24179,2025090203004958,KSBBL,Aryatara Investment & Securities,Sweta Securities Private Limited,100,542.9,54290.0,2025-09-02 14:10:46.043650
2025-09-02,24178,2025090203004959,KSBBL,Aryatara Investment & Securities,Primo Securities (PVT) Ltd.,434,543.0,235662.0,2025-09-02 14:10:46.043929
2025-09-02,24177,2025090203004960,KSBBL,Aryatara Investment & Securities,ABC Securities Private Limited,116,543.0,62988.0,2025-09-02 14:10:46.044214
2025-09-02,23631,2025090203005021,KSBBL,Sani Securities Company Ltd.,Vision Securities Pvt. Ltd,7,536.2,3753.4,2025-09-02 14:12:39.158326
2025-09-02,22949,2025090203005099,KSBBL,Opal Securities Investment (PVT) Ltd.,Sweta Securities Private Limited,38,541.0,20558.0,2025-09-02 14:14:55.719370
2025-09-02,22817,2025090203005104,KSBBL,Opal Securities Investment (PVT) Ltd.,Blue Chip Securities Ltd,1609,541.0,870469.0,2025-09-02 14:15:12.149187
2025-09-02,22816,2025090203005105,KSBBL,Opal Securities Investment (PVT) Ltd.,Blue Chip Securities Ltd,150,541.0,81150.0,2025-09-02 14:15:12.149426
2025-09-02,22408,2025090203005156,KSBBL,Sani Securities Company Ltd.,Midas Stock Broking Company Private Limited,100,539.9,53990.0,2025-09-02 14:16:37.144901
2025-09-02,22407,2025090203005157,KSBBL,Aryatara Investment & Securities,Midas Stock Broking Company Private Limited,50,536.3,26815.0,2025-09-02 14:16:37.145427
2025-09-02,22406,2025090203005158,KSBBL,Dipshikha Dhitopatra Karobar Co. Pvt Ltd.,Midas Stock Broking Company Private Limited,850,536.3,455855.0,2025-09-02 14:16:37.145720
2025-09-02,19733,2025090203005499,KSBBL,Sani Securities Company Ltd.,Himalayan Brokerage Company Limited,300,537.1,161130.0,2025-09-02 14:25:15.061544
2025-09-02,19732,2025090203005500,KSBBL,Online Securities Pvt. Ltd.,Himalayan Brokerage Company Limited,100,537.1,53710.0,2025-09-02 14:25:15.061989
2025-09-02,19731,2025090203005501,KSBBL,N.I.M.B. Stock Markets Limited,Himalayan Brokerage Company Limited,170,537.0,91290.0,2025-09-02 14:25:15.062345
2025-09-02,19730,2025090203005502,KSBBL,N.I.M.B. Stock Markets Limited,Himalayan Brokerage Company Limited,200,537.0,107400.0,2025-09-02 14:25:15.062668
2025-09-02,19631,2025090203005526,KSBBL,Malla & Malla Stock Broking Company Pvt. Limited,Opal Securities Investment (PVT) Ltd.,70,536.6,37562.0,2025-09-02 14:25:23.493458
2025-09-02,19319,2025090203005567,KSBBL,Malla & Malla Stock Broking Company Pvt. Limited,Kumari Securities Private Limited,10,536.6,5366.0,2025-09-02 14:26:09.892375
2025-09-02,19273,2025090203005575,KSBBL,Malla & Malla Stock Broking Company Pvt. Limited,Nagarik Stock Dealer ,70,536.6,37562.0,2025-09-02 14:26:14.692842
2025-09-02,19272,2025090203005576,KSBBL,J.F. Securites (PVT) Ltd.,Nagarik Stock Dealer ,130,536.4,69732.0,2025-09-02 14:26:14.693130
2025-09-02,19086,2025090203005606,KSBBL,J.F. Securites (PVT) Ltd.,Sri Hari Securities Pvt. Ltd.,70,536.4,37548.0,2025-09-02 14:26:43.866076
2025-09-02,18784,2025090203005665,KSBBL,Dipshikha Dhitopatra Karobar Co. Pvt Ltd.,Nepal Stock House (PVT) Ltd.,10,536.3,5363.0,2025-09-02 14:27:28.001710
2025-09-02,18314,2025090203005718,KSBBL,Dynamic Money Managers Securities Pvt. Ltd.,Primo Securities (PVT) Ltd.,90,540.0,48600.0,2025-09-02 14:28:34.116449
2025-09-02,18313,2025090203005719,KSBBL,Dynamic Money Managers Securities Pvt. Ltd.,Asian Securities Private Ltd.,150,540.0,81000.0,2025-09-02 14:28:34.116703
2025-09-02,18312,2025090203005720,KSBBL,Dynamic Money Managers Securities Pvt. Ltd.,Himalayan Brokerage Company Limited,726,540.0,392040.0,2025-09-02 14:28:34.116806
2025-09-02,18139,2025090203005766,KSBBL,Dynamic Money Managers Securities Pvt. Ltd.,Online Securities Pvt. Ltd.,300,540.9,162270.0,2025-09-02 14:28:55.103245
2025-09-02,17931,2025090203005814,KSBBL,Nepal Stock House (PVT) Ltd.,Nepal Investment And Securities Trading Private Limited,20,541.0,10820.0,2025-09-02 14:29:25.496488
2025-09-02,16320,2025090203005981,KSBBL,Himalayan Brokerage Company Limited,Kalika Securities Pvt. Ltd.,150,537.0,80550.0,2025-09-02 14:33:18.853967
2025-09-02,15958,2025090203006005,KSBBL,Swarna Laxmi Securities Pvt. Ltd.,Nepal Investment And Securities Trading Private Limited,50,538.0,26900.0,2025-09-02 14:34:02.280515
2025-09-02,15397,2025090203006083,KSBBL,Himalayan Brokerage Company Limited,Imperial Securities Company Pvt. Ltd.,300,537.0,161100.0,2025-09-02 14:35:23.187095
2025-09-02,15387,2025090203006086,KSBBL,Dakshinkali Investment & Securities Pvt. Ltd.,Dipshikha Dhitopatra Karobar Co. Pvt Ltd.,112,536.4,60076.8,2025-09-02 14:35:25.691981
2025-09-02,15386,2025090203006087,KSBBL,Linch Stock Market Ltd.,Dipshikha Dhitopatra Karobar Co. Pvt Ltd.,22,536.4,11800.8,2025-09-02 14:35:25.692227
2025-09-02,15385,2025090203006088,KSBBL,Dipshikha Dhitopatra Karobar Co. Pvt Ltd.,Dipshikha Dhitopatra Karobar Co. Pvt Ltd.,140,536.3,75082.0,2025-09-02 14:35:25.692328
2025-09-02,15384,2025090203006089,KSBBL,Trisul Securities & Invt. Ltd.,Dipshikha Dhitopatra Karobar Co. Pvt Ltd.,50,536.3,26815.0,2025-09-02 14:35:25.692427
2025-09-02,15383,2025090203006090,KSBBL,Dipshikha Dhitopatra Karobar Co. Pvt Ltd.,Dipshikha Dhitopatra Karobar Co. Pvt Ltd.,50,536.2,26810.0,2025-09-02 14:35:25.692526
2025-09-02,15382,2025090203006091,KSBBL,Sewa Securities Pvt. Ltd.,Dipshikha Dhitopatra Karobar Co. Pvt Ltd.,500,536.2,268100.0,2025-09-02 14:35:25.692625
2025-09-02,15381,2025090203006092,KSBBL,Deevyaa Securities & Stock House Pvt. Ltd,Dipshikha Dhitopatra Karobar Co. Pvt Ltd.,626,536.2,335661.2,2025-09-02 14:35:25.692752
2025-09-02,15331,2025090203006097,KSBBL,Dynamic Money Managers Securities Pvt. Ltd.,Nepal Investment And Securities Trading Private Limited,130,538.0,69940.0,2025-09-02 14:35:32.954330
2025-09-02,15330,2025090203006098,KSBBL,Dynamic Money Managers Securities Pvt. Ltd.,Garima Securities Limited,500,539.9,269950.0,2025-09-02 14:35:32.954823
2025-09-02,15329,2025090203006099,KSBBL,Dynamic Money Managers Securities Pvt. Ltd.,Online Securities Pvt. Ltd.,500,540.0,270000.0,2025-09-02 14:35:32.955153
2025-09-02,15328,2025090203006100,KSBBL,Dynamic Money Managers Securities Pvt. Ltd.,Dynamic Money Managers Securities Pvt. Ltd.,370,540.0,199800.0,2025-09-02 14:35:32.955445
2025-09-02,15164,2025090203006136,KSBBL,Dynamic Money Managers Securities Pvt. Ltd.,Dynamic Money Managers Securities Pvt. Ltd.,130,540.0,70200.0,2025-09-02 14:35:56.260581
2025-09-02,14961,2025090203006171,KSBBL,Dynamic Money Managers Securities Pvt. Ltd.,Pragyan Securities (PVT) Ltd.,10,540.5,5405.0,2025-09-02 14:36:24.511105
2025-09-02,14935,2025090203006172,KSBBL,Imperial Securities Company Pvt. Ltd.,Trishakti Securities Public Limited,2,540.0,1080.0,2025-09-02 14:36:27.479086
2025-09-02,14765,2025090203006207,KSBBL,Dynamic Money Managers Securities Pvt. Ltd.,Pragyan Securities (PVT) Ltd.,190,540.5,102695.0,2025-09-02 14:36:45.133099
2025-09-02,14730,2025090203006217,KSBBL,Bhrikuti Stock Broking Co. Pvt. Ltd.,Premier Securities Company Ltd.,10,541.0,5410.0,2025-09-02 14:36:48.243407
2025-09-02,14537,2025090203006228,KSBBL,Dynamic Money Managers Securities Pvt. Ltd.,Nepal Investment And Securities Trading Private Limited,200,539.0,107800.0,2025-09-02 14:37:09.812260
2025-09-02,13401,2025090203006362,KSBBL,Naasa Securities Co. Ltd.,Nepal Investment And Securities Trading Private Limited,100,539.0,53900.0,2025-09-02 14:39:34.647960
2025-09-02,12855,2025090203006440,KSBBL,Naasa Securities Co. Ltd.,Sweta Securities Private Limited,84,540.0,45360.0,2025-09-02 14:40:50.363108
2025-09-02,12854,2025090203006441,KSBBL,Naasa Securities Co. Ltd.,Vision Securities Pvt. Ltd,50,540.0,27000.0,2025-09-02 14:40:50.363600
2025-09-02,12853,2025090203006442,KSBBL,Naasa Securities Co. Ltd.,Sewa Securities Pvt. Ltd.,100,541.0,54100.0,2025-09-02 14:40:50.363936
2025-09-02,12852,2025090203006443,KSBBL,Naasa Securities Co. Ltd.,Vision Securities Pvt. Ltd,166,541.0,89806.0,2025-09-02 14:40:50.364263
2025-09-02,12789,2025090203006455,KSBBL,Swarna Laxmi Securities Pvt. Ltd.,Miyo Securities Pvt Ltd,50,536.4,26820.0,2025-09-02 14:40:58.803783
2025-09-02,11839,2025090203006563,KSBBL,Dynamic Money Managers Securities Pvt. Ltd.,Pragyan Securities (PVT) Ltd.,135,540.5,72967.5,2025-09-02 14:43:05.514786
2025-09-02,11713,2025090203006574,KSBBL,Opal Securities Investment (PVT) Ltd.,Vision Securities Pvt. Ltd,55,541.0,29755.0,2025-09-02 14:43:20.756892
2025-09-02,11712,2025090203006575,KSBBL,Opal Securities Investment (PVT) Ltd.,Premier Securities Company Ltd.,10,541.0,5410.0,2025-09-02 14:43:20.757393
2025-09-02,11711,2025090203006576,KSBBL,Opal Securities Investment (PVT) Ltd.,ABC Securities Private Limited,735,541.0,397635.0,2025-09-02 14:43:20.757707
2025-09-02,11609,2025090203006597,KSBBL,Dynamic Money Managers Securities Pvt. Ltd.,ABC Securities Private Limited,149,541.0,80609.0,2025-09-02 14:43:34.562323
2025-09-02,11608,2025090203006598,KSBBL,Dynamic Money Managers Securities Pvt. Ltd.,SUN SECURITIES PVT LTD,1000,541.0,541000.0,2025-09-02 14:43:34.562820
2025-09-02,11607,2025090203006599,KSBBL,Dynamic Money Managers Securities Pvt. Ltd.,ABC Securities Private Limited,100,541.0,54100.0,2025-09-02 14:43:34.563197
2025-09-02,11471,2025090203006626,KSBBL,Dynamic Money Managers Securities Pvt. Ltd.,Garima Securities Limited,500,541.4,270700.0,2025-09-02 14:43:53.000138
2025-09-02,11301,2025090203006654,KSBBL,Dynamic Money Managers Securities Pvt. Ltd.,Cristal Kanchanjanga Securites Pvt. Ltd.,200,541.5,108300.0,2025-09-02 14:44:11.491882
2025-09-02,11224,2025090203006660,KSBBL,Swarna Laxmi Securities Pvt. Ltd.,Aryatara Investment & Securities,10,541.4,5414.0,2025-09-02 14:44:22.298314
2025-09-02,11223,2025090203006661,KSBBL,Swarna Laxmi Securities Pvt. Ltd.,Garima Securities Limited,90,541.7,48753.0,2025-09-02 14:44:22.298789
2025-09-02,11159,2025090203006667,KSBBL,Dynamic Money Managers Securities Pvt. Ltd.,Garima Securities Limited,410,541.7,222097.0,2025-09-02 14:44:29.562408
2025-09-02,10979,2025090203006696,KSBBL,Dynamic Money Managers Securities Pvt. Ltd.,Cristal Kanchanjanga Securites Pvt. Ltd.,90,541.7,48753.0,2025-09-02 14:44:55.782712
2025-09-02,10902,2025090203006705,KSBBL,Dynamic Money Managers Securities Pvt. Ltd.,Cristal Kanchanjanga Securites Pvt. Ltd.,410,541.0,221810.0,2025-09-02 14:44:58.933909
2025-09-02,10901,2025090203006706,KSBBL,Dynamic Money Managers Securities Pvt. Ltd.,Trisul Securities & Invt. Ltd.,26,541.8,14086.8,2025-09-02 14:44:58.934183
2025-09-02,9799,2025090203006832,KSBBL,Opal Securities Investment (PVT) Ltd.,Pragyan Securities (PVT) Ltd.,150,541.0,81150.0,2025-09-02 14:47:16.987875
2025-09-02,9636,2025090203006846,KSBBL,Naasa Securities Co. Ltd.,Nagarik Stock Dealer ,200,539.0,107800.0,2025-09-02 14:47:36.748362
2025-09-02,8471,2025090203006984,KSBBL,Opal Securities Investment (PVT) Ltd.,Thrive Brokerage House Pvt. Ltd,20,540.0,10800.0,2025-09-02 14:49:41.819492
2025-09-02,8470,2025090203006985,KSBBL,Opal Securities Investment (PVT) Ltd.,Vision Securities Pvt. Ltd,100,540.0,54000.0,2025-09-02 14:49:41.820078
2025-09-02,8469,2025090203006986,KSBBL,Opal Securities Investment (PVT) Ltd.,Sundhara Securities Limited,30,540.5,16215.0,2025-09-02 14:49:41.820524
2025-09-02,7885,2025090203007044,KSBBL,Opal Securities Investment (PVT) Ltd.,Midas Stock Broking Company Private Limited,120,540.0,64800.0,2025-09-02 14:50:45.170097
2025-09-02,7765,2025090203007058,KSBBL,Linch Stock Market Ltd.,Blue Chip Securities Ltd,41,540.0,22140.0,2025-09-02 14:50:55.992696
2025-09-02,7715,2025090203007084,KSBBL,Opal Securities Investment (PVT) Ltd.,Sundhara Securities Limited,120,540.5,64860.0,2025-09-02 14:51:01.259005
2025-09-02,6708,2025090203007180,KSBBL,Linch Stock Market Ltd.,Blue Chip Securities Ltd,289,540.0,156060.0,2025-09-02 14:52:24.484770
2025-09-02,6707,2025090203007181,KSBBL,Cristal Kanchanjanga Securites Pvt. Ltd.,Blue Chip Securities Ltd,50,540.0,27000.0,2025-09-02 14:52:24.485050
2025-09-02,5928,2025090203007301,KSBBL,Opal Securities Investment (PVT) Ltd.,ABC Securities Private Limited,115,540.3,62134.5,2025-09-02 14:53:37.178421
2025-09-02,4170,2025090203007563,KSBBL,Deevyaa Securities & Stock House Pvt. Ltd,Aryatara Investment & Securities,120,538.1,64572.0,2025-09-02 14:56:14.626986
2025-09-02,3528,2025090203007662,KSBBL,KALASH STOCK MARKET PVT. LTD.,ABC Securities Private Limited,885,539.9,477811.5,2025-09-02 14:57:03.579012
2025-09-02,3527,2025090203007663,KSBBL,KALASH STOCK MARKET PVT. LTD.,Imperial Securities Company Pvt. Ltd.,100,540.0,54000.0,2025-09-02 14:57:03.579140
2025-09-02,3526,2025090203007664,KSBBL,KALASH STOCK MARKET PVT. LTD.,Sri Hari Securities Pvt. Ltd.,15,540.0,8100.0,2025-09-02 14:57:03.579219
2025-09-02,3379,2025090203007669,KSBBL,Deevyaa Securities & Stock House Pvt. Ltd,Aryatara Investment & Securities,108,538.1,58114.8,2025-09-02 14:57:06.479007
2025-09-02,3075,2025090203007711,KSBBL,Vision Securities Pvt. Ltd,Sri Hari Securities Pvt. Ltd.,101,540.0,54540.0,2025-09-02 14:57:28.935593
2025-09-02,2912,2025090203007722,KSBBL,Deevyaa Securities & Stock House Pvt. Ltd,Prabhu Stock Market Limited,100,538.1,53810.0,2025-09-02 14:57:36.708207
2025-09-02,2527,2025090203007794,KSBBL,Deevyaa Securities & Stock House Pvt. Ltd,N.M.B. SECURITIES LIMITED,10,538.2,5382.0,2025-09-02 14:58:03.072820
2025-09-02,2455,2025090203007810,KSBBL,Vision Securities Pvt. Ltd,ABC Securities Private Limited,100,539.9,53990.0,2025-09-02 14:58:08.409184
2025-09-02,2184,2025090203007850,KSBBL,Deevyaa Securities & Stock House Pvt. Ltd,Imperial Securities Company Pvt. Ltd.,364,538.2,195904.8,2025-09-02 14:58:23.329509
2025-09-02,2183,2025090203007851,KSBBL,Deevyaa Securities & Stock House Pvt. Ltd,Imperial Securities Company Pvt. Ltd.,136,538.1,73181.6,2025-09-02 14:58:23.329566
2025-09-02,1529,2025090203007995,KSBBL,Imperial Securities Company Pvt. Ltd.,Dakshinkali Investment & Securities Pvt. Ltd.,150,538.2,80730.0,2025-09-02 14:59:00.244501
2025-09-02,1528,2025090203007996,KSBBL,Deevyaa Securities & Stock House Pvt. Ltd,Dakshinkali Investment & Securities Pvt. Ltd.,420,538.1,226002.0,2025-09-02 14:59:00.244796
2025-09-02,1196,2025090203008058,KSBBL,Secured Securities Ltd.,Vision Securities Pvt. Ltd,15,539.0,8085.0,2025-09-02 14:59:15.789614
2025-09-02,824,2025090203008124,KSBBL,Vision Securities Pvt. Ltd,Vision Securities Pvt. Ltd,185,539.0,99715.0,2025-09-02 14:59:31.492615
2025-09-02,823,2025090203008125,KSBBL,Vision Securities Pvt. Ltd,Kohinoor Investment & Securities Pvt. Ltd.,50,539.5,26975.0,2025-09-02 14:59:31.492864
2025-09-02,822,2025090203008126,KSBBL,Vision Securities Pvt. Ltd,Aryatara Investment & Securities,10,539.7,5397.0,2025-09-02 14:59:31.492975
2025-09-02,821,2025090203008127,KSBBL,Vision Securities Pvt. Ltd,Aryatara Investment & Securities,55,539.7,29683.5,2025-09-02 14:59:31.493089
2025-09-02,427,2025090203008189,KSBBL,Swarna Laxmi Securities Pvt. Ltd.,Aryatara Investment & Securities,50,539.7,26985.0,2025-09-02 14:59:46.865262
2025-09-02,253,2025090203008222,KSBBL,Swarna Laxmi Securities Pvt. Ltd.,Secured Securities Ltd.,50,538.3,26915.0,2025-09-02 14:59:53.809286
2025-09-02,252,2025090203008223,KSBBL,Deevyaa Securities & Stock House Pvt. Ltd,Secured Securities Ltd.,116,538.1,62419.6,2025-09-02 14:59:53.809782
2025-09-02,251,2025090203008224,KSBBL,Naasa Securities Co. Ltd.,Secured Securities Ltd.,10,538.0,5380.0,2025-09-02 14:59:53.810122
2025-09-02,250,2025090203008225,KSBBL,Opal Securities Investment (PVT) Ltd.,Secured Securities Ltd.,124,538.0,66712.0,2025-09-02 14:59:53.810440
