Date,S.N.,Contract ID,Symbol,Buyer Broker,Seller Broker,volume,rate,amount,transaction_time
2025-09-02,89756,2025090203000005,LBBL,MILKY WAY SHARE BROKER COMPANY LTD ,Sani Securities Company Ltd.,10,551.0,5510.0,2025-09-02 10:46:00.031003
2025-09-02,89755,2025090203000006,LBBL,R.B.B. Securities Company Ltd,Sani Securities Company Ltd.,10,551.0,5510.0,2025-09-02 10:46:00.031081
2025-09-02,84452,2025090203000091,LBBL,MILKY WAY SHARE BROKER COMPANY LTD ,Midas Stock Broking Company Private Limited,271,541.0,146611.0,2025-09-02 11:07:49.061400
2025-09-02,84341,2025090203000093,LBBL,MILKY WAY SHARE BROKER COMPANY LTD ,Naasa Securities Co. Ltd.,10,545.0,5450.0,2025-09-02 11:07:59.098597
2025-09-02,83813,2025090203000111,LBBL,Vision Securities Pvt. Ltd,Deevyaa Securities & Stock House Pvt. Ltd,100,542.0,54200.0,2025-09-02 11:09:05.558382
2025-09-02,83812,2025090203000112,LBBL,Nagarik Stock Dealer ,Deevyaa Securities & Stock House Pvt. Ltd,100,541.0,54100.0,2025-09-02 11:09:05.558473
2025-09-02,83696,2025090203000116,LBBL,Imperial Securities Company Pvt. Ltd.,Deevyaa Securities & Stock House Pvt. Ltd,300,540.2,162060.0,2025-09-02 11:09:16.602109
2025-09-02,81318,2025090203000187,LBBL,Imperial Securities Company Pvt. Ltd.,ABC Securities Private Limited,17,542.0,9214.0,2025-09-02 11:13:30.392730
2025-09-02,81317,2025090203000188,LBBL,Vision Securities Pvt. Ltd,ABC Securities Private Limited,13,541.1,7034.3,2025-09-02 11:13:30.392827
2025-09-02,79334,2025090203000243,LBBL,K.B.L. Securities Limited ,Naasa Securities Co. Ltd.,1000,542.0,542000.0,2025-09-02 11:17:49.625150
2025-09-02,78471,2025090203000257,LBBL,Sani Securities Company Ltd.,Kalika Securities Pvt. Ltd.,52,543.0,28236.0,2025-09-02 11:19:11.515504
2025-09-02,78259,2025090203000265,LBBL,Sani Securities Company Ltd.,Capital Hub P. Ltd,448,543.0,243264.0,2025-09-02 11:19:41.067579
2025-09-02,77482,2025090203000290,LBBL,Aryatara Investment & Securities,Citizens Share Broker Limited,100,542.0,54200.0,2025-09-02 11:21:23.750828
2025-09-02,77481,2025090203000291,LBBL,Naasa Securities Co. Ltd.,Citizens Share Broker Limited,400,541.2,216480.0,2025-09-02 11:21:23.750897
2025-09-02,77465,2025090203000293,LBBL,Midas Stock Broking Company Private Limited,Capital Hub P. Ltd,52,543.0,28236.0,2025-09-02 11:21:26.180055
2025-09-02,77364,2025090203000296,LBBL,Midas Stock Broking Company Private Limited,Deevyaa Securities & Stock House Pvt. Ltd,100,543.8,54380.0,2025-09-02 11:21:40.264009
2025-09-02,77047,2025090203000313,LBBL,Midas Stock Broking Company Private Limited,Naasa Securities Co. Ltd.,158,543.9,85936.2,2025-09-02 11:22:29.460167
2025-09-02,77000,2025090203000315,LBBL,Vision Securities Pvt. Ltd,Naasa Securities Co. Ltd.,342,543.9,186013.8,2025-09-02 11:22:35.131484
2025-09-02,76999,2025090203000316,LBBL,Vision Securities Pvt. Ltd,Dynamic Money Managers Securities Pvt. Ltd.,658,544.0,357952.0,2025-09-02 11:22:35.131616
2025-09-02,76950,2025090203000319,LBBL,Vision Securities Pvt. Ltd,Dynamic Money Managers Securities Pvt. Ltd.,849,544.0,461856.0,2025-09-02 11:22:47.549321
2025-09-02,76727,2025090203000331,LBBL,Imperial Securities Company Pvt. Ltd.,Naasa Securities Co. Ltd.,200,545.0,109000.0,2025-09-02 11:23:16.979177
2025-09-02,76445,2025090203000351,LBBL,Vision Securities Pvt. Ltd,Sani Securities Company Ltd.,10,544.0,5440.0,2025-09-02 11:23:59.348196
2025-09-02,76304,2025090203000356,LBBL,Vision Securities Pvt. Ltd,Naasa Securities Co. Ltd.,87,545.0,47415.0,2025-09-02 11:24:17.245607
2025-09-02,76221,2025090203000361,LBBL,Vision Securities Pvt. Ltd,Ashutosh Brokerage & Securities (PVT) Ltd.,10,544.0,5440.0,2025-09-02 11:24:32.514537
2025-09-02,76132,2025090203000368,LBBL,Sani Securities Company Ltd.,Naasa Securities Co. Ltd.,500,545.0,272500.0,2025-09-02 11:24:46.466229
2025-09-02,76024,2025090203000371,LBBL,Sani Securities Company Ltd.,Naasa Securities Co. Ltd.,203,545.0,110635.0,2025-09-02 11:25:05.749785
2025-09-02,75961,2025090203000373,LBBL,Shree Krishna Securities Ltd.,Ashutosh Brokerage & Securities (PVT) Ltd.,200,546.8,109360.0,2025-09-02 11:25:15.306264
2025-09-02,75960,2025090203000374,LBBL,Shree Krishna Securities Ltd.,Naasa Securities Co. Ltd.,800,546.9,437520.0,2025-09-02 11:25:15.306413
2025-09-02,74544,2025090203000423,LBBL,Opal Securities Investment (PVT) Ltd.,Naasa Securities Co. Ltd.,500,545.9,272950.0,2025-09-02 11:28:26.781419
2025-09-02,74432,2025090203000425,LBBL,Asian Securities Private Ltd.,Linch Stock Market Ltd.,200,545.5,109100.0,2025-09-02 11:28:41.477649
2025-09-02,74431,2025090203000426,LBBL,Sani Securities Company Ltd.,Linch Stock Market Ltd.,243,545.0,132435.0,2025-09-02 11:28:41.477916
2025-09-02,73144,2025090203000487,LBBL,Sani Securities Company Ltd.,Asian Securities Private Ltd.,154,545.0,83930.0,2025-09-02 11:31:40.751059
2025-09-02,73143,2025090203000488,LBBL,Online Securities Pvt. Ltd.,Asian Securities Private Ltd.,10,545.0,5450.0,2025-09-02 11:31:40.751309
2025-09-02,72595,2025090203000526,LBBL,Kalika Securities Pvt. Ltd.,Asian Securities Private Ltd.,200,545.0,109000.0,2025-09-02 11:32:55.773221
2025-09-02,72513,2025090203000529,LBBL,Opal Securities Investment (PVT) Ltd.,Asian Securities Private Ltd.,36,545.0,19620.0,2025-09-02 11:33:10.258278
2025-09-02,72378,2025090203000539,LBBL,Opal Securities Investment (PVT) Ltd.,Imperial Securities Company Pvt. Ltd.,400,545.0,218000.0,2025-09-02 11:33:31.525923
2025-09-02,72351,2025090203000540,LBBL,Opal Securities Investment (PVT) Ltd.,Naasa Securities Co. Ltd.,564,545.0,307380.0,2025-09-02 11:33:35.701421
2025-09-02,72340,2025090203000541,LBBL,Kohinoor Investment & Securities Pvt. Ltd.,Naasa Securities Co. Ltd.,336,545.0,183120.0,2025-09-02 11:33:37.768146
2025-09-02,72339,2025090203000542,LBBL,Kohinoor Investment & Securities Pvt. Ltd.,Kumari Securities Private Limited,10,545.8,5458.0,2025-09-02 11:33:37.768427
2025-09-02,72338,2025090203000543,LBBL,Kohinoor Investment & Securities Pvt. Ltd.,Imperial Securities Company Pvt. Ltd.,385,545.8,210133.0,2025-09-02 11:33:37.768604
2025-09-02,72337,2025090203000544,LBBL,Kohinoor Investment & Securities Pvt. Ltd.,Naasa Securities Co. Ltd.,269,545.9,146847.1,2025-09-02 11:33:37.768777
2025-09-02,72118,2025090203000551,LBBL,Vision Securities Pvt. Ltd,Aryatara Investment & Securities,131,544.0,71264.0,2025-09-02 11:34:09.081741
2025-09-02,72117,2025090203000552,LBBL,Online Securities Pvt. Ltd.,Aryatara Investment & Securities,100,544.0,54400.0,2025-09-02 11:34:09.081865
2025-09-02,72060,2025090203000554,LBBL,Opal Securities Investment (PVT) Ltd.,Aryatara Investment & Securities,19,544.0,10336.0,2025-09-02 11:34:17.622222
2025-09-02,71964,2025090203000556,LBBL,Opal Securities Investment (PVT) Ltd.,Imperial Securities Company Pvt. Ltd.,480,545.0,261600.0,2025-09-02 11:34:29.715699
2025-09-02,71882,2025090203000565,LBBL,Opal Securities Investment (PVT) Ltd.,Aakashbhairab Securities Ltd.,231,544.9,125871.9,2025-09-02 11:34:43.310397
2025-09-02,71864,2025090203000566,LBBL,Indira securities pvt. ltd,Aakashbhairab Securities Ltd.,19,544.9,10353.1,2025-09-02 11:34:47.007082
2025-09-02,71765,2025090203000574,LBBL,Indira securities pvt. ltd,Aryatara Investment & Securities,50,545.0,27250.0,2025-09-02 11:35:05.453596
2025-09-02,71339,2025090203000593,LBBL,Indira securities pvt. ltd,Capital Hub P. Ltd,131,545.0,71395.0,2025-09-02 11:36:15.794841
2025-09-02,68675,2025090203000717,LBBL,ABC Securities Private Limited,Stoxkarts Securities Limited,380,543.3,206454.0,2025-09-02 11:42:22.653160
2025-09-02,67421,2025090203000778,LBBL,ABC Securities Private Limited,N.M.B. SECURITIES LIMITED,240,543.3,130392.0,2025-09-02 11:45:13.099422
2025-09-02,67420,2025090203000779,LBBL,Nagarik Stock Dealer ,N.M.B. SECURITIES LIMITED,50,543.2,27160.0,2025-09-02 11:45:13.099611
2025-09-02,67419,2025090203000780,LBBL,Sagarmatha Securities Private Limited,N.M.B. SECURITIES LIMITED,500,542.3,271150.0,2025-09-02 11:45:13.099685
2025-09-02,67418,2025090203000781,LBBL,Neev Securities Pvt. Ltd.,N.M.B. SECURITIES LIMITED,200,541.3,108260.0,2025-09-02 11:45:13.099747
2025-09-02,67417,2025090203000782,LBBL,Naasa Securities Co. Ltd.,N.M.B. SECURITIES LIMITED,100,541.2,54120.0,2025-09-02 11:45:13.099808
2025-09-02,67416,2025090203000783,LBBL,Dipshikha Dhitopatra Karobar Co. Pvt Ltd.,N.M.B. SECURITIES LIMITED,220,541.1,119042.0,2025-09-02 11:45:13.099869
2025-09-02,65534,2025090203000988,LBBL,K.B.L. Securities Limited ,Blue Chip Securities Ltd,13,544.0,7072.0,2025-09-02 11:49:59.430452
2025-09-02,65533,2025090203000989,LBBL,K.B.L. Securities Limited ,Vision Securities Pvt. Ltd,160,544.8,87168.0,2025-09-02 11:49:59.430520
2025-09-02,65532,2025090203000990,LBBL,K.B.L. Securities Limited ,Naasa Securities Co. Ltd.,500,544.9,272450.0,2025-09-02 11:49:59.430552
2025-09-02,65531,2025090203000991,LBBL,K.B.L. Securities Limited ,Naasa Securities Co. Ltd.,927,545.0,505215.0,2025-09-02 11:49:59.430576
2025-09-02,65311,2025090203001000,LBBL,MILKY WAY SHARE BROKER COMPANY LTD ,Naasa Securities Co. Ltd.,73,545.0,39785.0,2025-09-02 11:50:27.718718
2025-09-02,65310,2025090203001001,LBBL,MILKY WAY SHARE BROKER COMPANY LTD ,Kumari Securities Private Limited,10,545.8,5458.0,2025-09-02 11:50:27.718919
2025-09-02,65309,2025090203001002,LBBL,MILKY WAY SHARE BROKER COMPANY LTD ,Imperial Securities Company Pvt. Ltd.,10,545.8,5458.0,2025-09-02 11:50:27.718994
2025-09-02,65308,2025090203001003,LBBL,MILKY WAY SHARE BROKER COMPANY LTD ,Naasa Securities Co. Ltd.,231,545.9,126102.9,2025-09-02 11:50:27.719067
2025-09-02,65307,2025090203001004,LBBL,MILKY WAY SHARE BROKER COMPANY LTD ,Naasa Securities Co. Ltd.,500,545.9,272950.0,2025-09-02 11:50:27.719129
2025-09-02,65306,2025090203001005,LBBL,MILKY WAY SHARE BROKER COMPANY LTD ,Opal Securities Investment (PVT) Ltd.,2905,546.0,1586130.0,2025-09-02 11:50:27.719190
2025-09-02,64896,2025090203001044,LBBL,Capital Max Securities Ltd,Opal Securities Investment (PVT) Ltd.,95,546.0,51870.0,2025-09-02 11:51:30.730342
2025-09-02,64895,2025090203001045,LBBL,Capital Max Securities Ltd,Citizens Share Broker Limited,500,546.0,273000.0,2025-09-02 11:51:30.730625
2025-09-02,64894,2025090203001046,LBBL,Capital Max Securities Ltd,Nagarik Stock Dealer ,200,546.0,109200.0,2025-09-02 11:51:30.730819
2025-09-02,64893,2025090203001047,LBBL,Capital Max Securities Ltd,Naasa Securities Co. Ltd.,500,546.7,273350.0,2025-09-02 11:51:30.731004
2025-09-02,64892,2025090203001048,LBBL,Capital Max Securities Ltd,Oxford Securities Pvt. Ltd.,1000,546.8,546800.0,2025-09-02 11:51:30.731203
2025-09-02,64891,2025090203001049,LBBL,Capital Max Securities Ltd,Naasa Securities Co. Ltd.,200,546.9,109380.0,2025-09-02 11:51:30.731384
2025-09-02,64890,2025090203001050,LBBL,Capital Max Securities Ltd,Naasa Securities Co. Ltd.,500,546.9,273450.0,2025-09-02 11:51:30.731564
2025-09-02,62364,2025090203001201,LBBL,Elite Stock House Limited,Imperial Securities Company Pvt. Ltd.,100,544.0,54400.0,2025-09-02 11:57:12.760405
2025-09-02,61894,2025090203001229,LBBL,SUN SECURITIES PVT LTD,Capital Hub P. Ltd,2000,543.2,1086400.0,2025-09-02 11:58:28.350094
2025-09-02,61188,2025090203001329,LBBL,Shree Krishna Securities Ltd.,Naasa Securities Co. Ltd.,200,543.1,108620.0,2025-09-02 12:00:04.022560
2025-09-02,61187,2025090203001330,LBBL,SHUBHAKAMANA SECURITIES PVT. LTD,Naasa Securities Co. Ltd.,1000,543.0,543000.0,2025-09-02 12:00:04.022859
2025-09-02,61186,2025090203001331,LBBL,Nagarik Stock Dealer ,Naasa Securities Co. Ltd.,200,543.0,108600.0,2025-09-02 12:00:04.023070
2025-09-02,61077,2025090203001341,LBBL,Imperial Securities Company Pvt. Ltd.,Kohinoor Investment & Securities Pvt. Ltd.,80,542.1,43368.0,2025-09-02 12:00:21.938847
2025-09-02,60795,2025090203001366,LBBL,Imperial Securities Company Pvt. Ltd.,Imperial Securities Company Pvt. Ltd.,100,542.1,54210.0,2025-09-02 12:01:06.840891
2025-09-02,59880,2025090203001434,LBBL,Imperial Securities Company Pvt. Ltd.,Vision Securities Pvt. Ltd,820,542.1,444522.0,2025-09-02 12:03:42.709342
2025-09-02,59879,2025090203001435,LBBL,Sani Securities Company Ltd.,Vision Securities Pvt. Ltd,180,542.1,97578.0,2025-09-02 12:03:42.709503
2025-09-02,55294,2025090203001817,LBBL,Opal Securities Investment (PVT) Ltd.,Capital Hub P. Ltd,1000,543.0,543000.0,2025-09-02 12:17:57.548649
2025-09-02,55278,2025090203001820,LBBL,K.B.L. Securities Limited ,Vision Securities Pvt. Ltd,200,542.0,108400.0,2025-09-02 12:18:00.729239
2025-09-02,55095,2025090203001840,LBBL,Vision Securities Pvt. Ltd,Vision Securities Pvt. Ltd,50,542.0,27100.0,2025-09-02 12:18:34.970423
2025-09-02,54403,2025090203001908,LBBL,Aryatara Investment & Securities,Dynamic Money Managers Securities Pvt. Ltd.,50,544.0,27200.0,2025-09-02 12:21:10.987018
2025-09-02,53266,2025090203002052,LBBL,Imperial Securities Company Pvt. Ltd.,Dynamic Money Managers Securities Pvt. Ltd.,10,544.0,5440.0,2025-09-02 12:24:47.092159
2025-09-02,52206,2025090203002112,LBBL,Vision Securities Pvt. Ltd,South Asian Bulls Pvt. Ltd.,171,543.0,92853.0,2025-09-02 12:28:31.025342
2025-09-02,48596,2025090203002345,LBBL,Dipshikha Dhitopatra Karobar Co. Pvt Ltd.,Opal Securities Investment (PVT) Ltd.,200,542.1,108420.0,2025-09-02 12:41:04.440353
2025-09-02,47427,2025090203002455,LBBL,Dipshikha Dhitopatra Karobar Co. Pvt Ltd.,KALASH STOCK MARKET PVT. LTD.,10,543.0,5430.0,2025-09-02 12:45:11.824944
2025-09-02,47376,2025090203002466,LBBL,Dipshikha Dhitopatra Karobar Co. Pvt Ltd.,Dynamic Money Managers Securities Pvt. Ltd.,40,544.0,21760.0,2025-09-02 12:45:24.049196
2025-09-02,47252,2025090203002475,LBBL,Dipshikha Dhitopatra Karobar Co. Pvt Ltd.,Premier Securities Company Ltd.,80,544.6,43568.0,2025-09-02 12:46:01.504358
2025-09-02,46688,2025090203002532,LBBL,Nepal Stock House (PVT) Ltd.,Sani Securities Company Ltd.,130,543.0,70590.0,2025-09-02 12:48:10.442612
2025-09-02,45144,2025090203002630,LBBL,Capital Max Securities Ltd,Sharepro Securities Private Limited,700,543.1,380170.0,2025-09-02 12:54:25.315491
2025-09-02,45143,2025090203002631,LBBL,Nepal Stock House (PVT) Ltd.,Sharepro Securities Private Limited,285,543.0,154755.0,2025-09-02 12:54:25.315665
2025-09-02,44702,2025090203002682,LBBL,Roadshow securities limited,Sharepro Securities Private Limited,15,543.0,8145.0,2025-09-02 12:56:09.157559
2025-09-02,44701,2025090203002683,LBBL,Roadshow securities limited,SUN SECURITIES PVT LTD,100,543.0,54300.0,2025-09-02 12:56:09.157737
2025-09-02,44212,2025090203002742,LBBL,Roadshow securities limited,South Asian Bulls Pvt. Ltd.,385,543.1,209093.5,2025-09-02 12:58:10.228799
2025-09-02,43421,2025090203002825,LBBL,Imperial Securities Company Pvt. Ltd.,Capital Hub P. Ltd,20,544.0,10880.0,2025-09-02 13:01:21.148065
2025-09-02,42960,2025090203002857,LBBL,Opal Securities Investment (PVT) Ltd.,Imperial Securities Company Pvt. Ltd.,500,542.2,271100.0,2025-09-02 13:03:25.407992
2025-09-02,42959,2025090203002858,LBBL,Roadshow securities limited,Imperial Securities Company Pvt. Ltd.,500,542.2,271100.0,2025-09-02 13:03:25.408227
2025-09-02,42958,2025090203002859,LBBL,Sani Securities Company Ltd.,Imperial Securities Company Pvt. Ltd.,240,542.2,130128.0,2025-09-02 13:03:25.408321
2025-09-02,42619,2025090203002883,LBBL,Cristal Kanchanjanga Securites Pvt. Ltd.,Aryatara Investment & Securities,100,542.1,54210.0,2025-09-02 13:04:50.071329
2025-09-02,42618,2025090203002884,LBBL,Aryatara Investment & Securities,Aryatara Investment & Securities,100,542.0,54200.0,2025-09-02 13:04:50.071525
2025-09-02,42531,2025090203002887,LBBL,Aryatara Investment & Securities,Aryatara Investment & Securities,10,542.0,5420.0,2025-09-02 13:05:13.253139
2025-09-02,42306,2025090203002897,LBBL,Nepal Stock House (PVT) Ltd.,Kohinoor Investment & Securities Pvt. Ltd.,8,532.3,4258.4,2025-09-02 13:06:04.092346
2025-09-02,41967,2025090203002948,LBBL,Nepal Stock House (PVT) Ltd.,Imperial Securities Company Pvt. Ltd.,1,532.2,532.2,2025-09-02 13:07:10.890552
2025-09-02,41677,2025090203002986,LBBL,Aryatara Investment & Securities,N.I.M.B. Stock Markets Limited,140,542.0,75880.0,2025-09-02 13:08:26.954297
2025-09-02,41676,2025090203002987,LBBL,Sani Securities Company Ltd.,N.I.M.B. Stock Markets Limited,210,542.0,113820.0,2025-09-02 13:08:26.954661
2025-09-02,41394,2025090203003011,LBBL,Sani Securities Company Ltd.,INDEX SECURITIES LIMITED,90,542.0,48780.0,2025-09-02 13:09:40.796185
2025-09-02,41393,2025090203003012,LBBL,Cristal Kanchanjanga Securites Pvt. Ltd.,INDEX SECURITIES LIMITED,10,542.0,5420.0,2025-09-02 13:09:40.796381
2025-09-02,40327,2025090203003138,LBBL,Cristal Kanchanjanga Securites Pvt. Ltd.,Sani Securities Company Ltd.,20,542.0,10840.0,2025-09-02 13:13:52.094155
2025-09-02,39745,2025090203003184,LBBL,Cristal Kanchanjanga Securites Pvt. Ltd.,Primo Securities (PVT) Ltd.,90,542.0,48780.0,2025-09-02 13:16:08.199461
2025-09-02,39549,2025090203003194,LBBL,Cristal Kanchanjanga Securites Pvt. Ltd.,Primo Securities (PVT) Ltd.,10,542.0,5420.0,2025-09-02 13:16:51.348566
2025-09-02,39399,2025090203003204,LBBL,Cristal Kanchanjanga Securites Pvt. Ltd.,Nepal Stock House (PVT) Ltd.,170,542.0,92140.0,2025-09-02 13:17:37.777370
2025-09-02,39398,2025090203003205,LBBL,Aryatara Investment & Securities,Nepal Stock House (PVT) Ltd.,30,542.0,16260.0,2025-09-02 13:17:37.777830
2025-09-02,39255,2025090203003219,LBBL,Vision Securities Pvt. Ltd,Market Securities & Exchange (PVT) Ltd.,10,543.0,5430.0,2025-09-02 13:18:11.104653
2025-09-02,38595,2025090203003292,LBBL,Thrive Brokerage House Pvt. Ltd,Market Securities & Exchange (PVT) Ltd.,10,543.0,5430.0,2025-09-02 13:20:54.341236
2025-09-02,36501,2025090203003512,LBBL,Aryatara Investment & Securities,Asian Securities Private Ltd.,21,542.0,11382.0,2025-09-02 13:29:00.200445
2025-09-02,36500,2025090203003513,LBBL,Cristal Kanchanjanga Securites Pvt. Ltd.,Asian Securities Private Ltd.,179,542.0,97018.0,2025-09-02 13:29:00.200622
2025-09-02,35762,2025090203003567,LBBL,Cristal Kanchanjanga Securites Pvt. Ltd.,Nagarik Stock Dealer ,121,542.0,65582.0,2025-09-02 13:31:49.677573
2025-09-02,35761,2025090203003568,LBBL,Cristal Kanchanjanga Securites Pvt. Ltd.,Nagarik Stock Dealer ,200,542.0,108400.0,2025-09-02 13:31:49.677691
2025-09-02,35760,2025090203003569,LBBL,Dipshikha Dhitopatra Karobar Co. Pvt Ltd.,Nagarik Stock Dealer ,280,541.1,151508.0,2025-09-02 13:31:49.677762
2025-09-02,35759,2025090203003570,LBBL,Nagarik Stock Dealer ,Nagarik Stock Dealer ,100,541.0,54100.0,2025-09-02 13:31:49.677845
2025-09-02,35758,2025090203003571,LBBL,Naasa Securities Co. Ltd.,Nagarik Stock Dealer ,25,541.0,13525.0,2025-09-02 13:31:49.677908
2025-09-02,35757,2025090203003572,LBBL,Opal Securities Investment (PVT) Ltd.,Nagarik Stock Dealer ,274,541.0,148234.0,2025-09-02 13:31:49.677968
2025-09-02,34960,2025090203003632,LBBL,Opal Securities Investment (PVT) Ltd.,Capital Hub P. Ltd,281,541.0,152021.0,2025-09-02 13:34:50.420854
2025-09-02,34244,2025090203003707,LBBL,Opal Securities Investment (PVT) Ltd.,South Asian Bulls Pvt. Ltd.,500,540.3,270150.0,2025-09-02 13:37:08.252656
2025-09-02,34243,2025090203003708,LBBL,Neev Securities Pvt. Ltd.,South Asian Bulls Pvt. Ltd.,200,540.2,108040.0,2025-09-02 13:37:08.253047
2025-09-02,34242,2025090203003709,LBBL,Aryatara Investment & Securities,South Asian Bulls Pvt. Ltd.,100,540.0,54000.0,2025-09-02 13:37:08.253277
2025-09-02,34241,2025090203003710,LBBL,Sri Hari Securities Pvt. Ltd.,South Asian Bulls Pvt. Ltd.,1200,540.0,648000.0,2025-09-02 13:37:08.253488
2025-09-02,34123,2025090203003718,LBBL,Sri Hari Securities Pvt. Ltd.,Capital Hub P. Ltd,500,540.0,270000.0,2025-09-02 13:37:37.837635
2025-09-02,34092,2025090203003721,LBBL,Garima Securities Limited,Sundhara Securities Limited,19,540.1,10261.9,2025-09-02 13:37:45.826254
2025-09-02,34054,2025090203003726,LBBL,Garima Securities Limited,Capital Hub P. Ltd,68,540.1,36726.8,2025-09-02 13:37:52.873688
2025-09-02,33306,2025090203003808,LBBL,Opal Securities Investment (PVT) Ltd.,Ashutosh Brokerage & Securities (PVT) Ltd.,500,540.2,270100.0,2025-09-02 13:40:38.880710
2025-09-02,33008,2025090203003841,LBBL,Siprabi Securities Pvt. Ltd.,Nepal Investment And Securities Trading Private Limited,7,535.0,3745.0,2025-09-02 13:41:40.065387
2025-09-02,32937,2025090203003845,LBBL,Opal Securities Investment (PVT) Ltd.,Sri Hari Securities Pvt. Ltd.,400,540.2,216080.0,2025-09-02 13:41:53.131898
2025-09-02,32936,2025090203003846,LBBL,Garima Securities Limited,Sri Hari Securities Pvt. Ltd.,913,540.1,493111.3,2025-09-02 13:41:53.132273
2025-09-02,32935,2025090203003847,LBBL,Sri Hari Securities Pvt. Ltd.,Sri Hari Securities Pvt. Ltd.,300,540.0,162000.0,2025-09-02 13:41:53.132500
2025-09-02,32934,2025090203003848,LBBL,Secured Securities Ltd.,Sri Hari Securities Pvt. Ltd.,300,540.0,162000.0,2025-09-02 13:41:53.132713
2025-09-02,32933,2025090203003849,LBBL,Dynamic Money Managers Securities Pvt. Ltd.,Sri Hari Securities Pvt. Ltd.,1000,540.0,540000.0,2025-09-02 13:41:53.132937
2025-09-02,32709,2025090203003887,LBBL,Sri Hari Securities Pvt. Ltd.,Sri Hari Securities Pvt. Ltd.,500,538.0,269000.0,2025-09-02 13:42:42.435362
2025-09-02,32708,2025090203003888,LBBL,Agrawal Securities (PVT) Ltd.,Sri Hari Securities Pvt. Ltd.,20,538.0,10760.0,2025-09-02 13:42:42.435606
2025-09-02,32707,2025090203003889,LBBL,Dynamic Money Managers Securities Pvt. Ltd.,Sri Hari Securities Pvt. Ltd.,1000,538.0,538000.0,2025-09-02 13:42:42.435932
2025-09-02,32300,2025090203003941,LBBL,Sani Securities Company Ltd.,ABC Securities Private Limited,100,539.0,53900.0,2025-09-02 13:43:56.576194
2025-09-02,31349,2025090203004034,LBBL,Sani Securities Company Ltd.,ABC Securities Private Limited,100,539.0,53900.0,2025-09-02 13:46:52.193098
2025-09-02,31087,2025090203004060,LBBL,Sani Securities Company Ltd.,ABC Securities Private Limited,150,539.0,80850.0,2025-09-02 13:47:28.521017
2025-09-02,31086,2025090203004061,LBBL,Sani Securities Company Ltd.,Asian Securities Private Ltd.,100,540.0,54000.0,2025-09-02 13:47:28.521379
2025-09-02,29786,2025090203004228,LBBL,Vision Securities Pvt. Ltd,Online Securities Pvt. Ltd.,130,539.9,70187.0,2025-09-02 13:51:29.976922
2025-09-02,29785,2025090203004229,LBBL,Vision Securities Pvt. Ltd,Capital Max Securities Ltd,870,540.0,469800.0,2025-09-02 13:51:29.977146
2025-09-02,29323,2025090203004332,LBBL,Dipshikha Dhitopatra Karobar Co. Pvt Ltd.,Sundhara Securities Limited,100,537.0,53700.0,2025-09-02 13:53:09.338895
2025-09-02,29322,2025090203004333,LBBL,Naasa Securities Co. Ltd.,Sundhara Securities Limited,100,536.0,53600.0,2025-09-02 13:53:09.339266
2025-09-02,27667,2025090203004540,LBBL,Nepal Stock House (PVT) Ltd.,Swarna Laxmi Securities Pvt. Ltd.,4,530.0,2120.0,2025-09-02 13:58:37.421420
2025-09-02,26967,2025090203004651,LBBL,Ashutosh Brokerage & Securities (PVT) Ltd.,Sani Securities Company Ltd.,200,536.3,107260.0,2025-09-02 14:00:42.136405
2025-09-02,26771,2025090203004672,LBBL,Kalika Securities Pvt. Ltd.,Sani Securities Company Ltd.,100,536.2,53620.0,2025-09-02 14:01:32.689218
2025-09-02,25968,2025090203004768,LBBL,Online Securities Pvt. Ltd.,Online Securities Pvt. Ltd.,12,539.0,6468.0,2025-09-02 14:04:23.301118
2025-09-02,25442,2025090203004804,LBBL,Imperial Securities Company Pvt. Ltd.,Trademow Securities Private Limited,490,538.9,264061.0,2025-09-02 14:06:04.557311
2025-09-02,25431,2025090203004807,LBBL,Citizens Share Broker Limited,Sipla Securities Private Limited,18,536.6,9658.8,2025-09-02 14:06:09.223327
2025-09-02,24654,2025090203004907,LBBL,Citizens Share Broker Limited,Sani Securities Company Ltd.,793,536.6,425523.8,2025-09-02 14:08:51.039482
2025-09-02,24040,2025090203004971,LBBL,Opal Securities Investment (PVT) Ltd.,Sweta Securities Private Limited,100,538.9,53890.0,2025-09-02 14:11:10.024945
2025-09-02,24039,2025090203004972,LBBL,Opal Securities Investment (PVT) Ltd.,Dipshikha Dhitopatra Karobar Co. Pvt Ltd.,2000,539.0,1078000.0,2025-09-02 14:11:10.025197
2025-09-02,23991,2025090203004978,LBBL,Opal Securities Investment (PVT) Ltd.,Siprabi Securities Pvt. Ltd.,800,539.0,431200.0,2025-09-02 14:11:22.221699
2025-09-02,23912,2025090203004986,LBBL,Opal Securities Investment (PVT) Ltd.,Siprabi Securities Pvt. Ltd.,99,539.0,53361.0,2025-09-02 14:11:40.379250
2025-09-02,23699,2025090203005004,LBBL,Citizens Share Broker Limited,Sri Hari Securities Pvt. Ltd.,39,536.6,20927.4,2025-09-02 14:12:27.503125
2025-09-02,23698,2025090203005005,LBBL,Imperial Securities Company Pvt. Ltd.,Sri Hari Securities Pvt. Ltd.,500,536.6,268300.0,2025-09-02 14:12:27.503486
2025-09-02,23697,2025090203005006,LBBL,Vision Securities Pvt. Ltd,Sri Hari Securities Pvt. Ltd.,1000,536.5,536500.0,2025-09-02 14:12:27.503720
2025-09-02,23696,2025090203005007,LBBL,Kalika Securities Pvt. Ltd.,Sri Hari Securities Pvt. Ltd.,100,536.2,53620.0,2025-09-02 14:12:27.503953
2025-09-02,23695,2025090203005008,LBBL,Nagarik Stock Dealer ,Sri Hari Securities Pvt. Ltd.,200,536.0,107200.0,2025-09-02 14:12:27.504193
2025-09-02,23694,2025090203005009,LBBL,Deevyaa Securities & Stock House Pvt. Ltd,Sri Hari Securities Pvt. Ltd.,16,536.0,8576.0,2025-09-02 14:12:27.504438
2025-09-02,23693,2025090203005010,LBBL,Hatemalo Financial Services Private Limited,Sri Hari Securities Pvt. Ltd.,200,536.0,107200.0,2025-09-02 14:12:27.504657
2025-09-02,23692,2025090203005011,LBBL,Naasa Securities Co. Ltd.,Sri Hari Securities Pvt. Ltd.,23,535.4,12314.2,2025-09-02 14:12:27.504887
2025-09-02,23691,2025090203005012,LBBL,SHUBHAKAMANA SECURITIES PVT. LTD,Sri Hari Securities Pvt. Ltd.,1922,535.4,1029038.8,2025-09-02 14:12:27.505106
2025-09-02,23474,2025090203005040,LBBL,Roadshow securities limited,Capital Max Securities Ltd,326,540.0,176040.0,2025-09-02 14:13:17.712266
2025-09-02,23473,2025090203005041,LBBL,Roadshow securities limited,Online Securities Pvt. Ltd.,44,540.0,23760.0,2025-09-02 14:13:17.712483
2025-09-02,23472,2025090203005042,LBBL,Roadshow securities limited,Nepal Stock House (PVT) Ltd.,200,540.0,108000.0,2025-09-02 14:13:17.712564
2025-09-02,23397,2025090203005048,LBBL,Roadshow securities limited,Imperial Securities Company Pvt. Ltd.,420,540.0,226800.0,2025-09-02 14:13:31.862758
2025-09-02,23022,2025090203005089,LBBL,Roadshow securities limited,Aryatara Investment & Securities,10,540.0,5400.0,2025-09-02 14:14:42.362846
2025-09-02,22946,2025090203005100,LBBL,Imperial Securities Company Pvt. Ltd.,Aryatara Investment & Securities,90,536.1,48249.0,2025-09-02 14:14:56.523361
2025-09-02,22099,2025090203005197,LBBL,Aryatara Investment & Securities,Bhrikuti Stock Broking Co. Pvt. Ltd.,94,537.0,50478.0,2025-09-02 14:17:32.662493
2025-09-02,21535,2025090203005271,LBBL,Imperial Securities Company Pvt. Ltd.,Market Securities & Exchange (PVT) Ltd.,410,536.4,219924.0,2025-09-02 14:19:41.839810
2025-09-02,21534,2025090203005272,LBBL,Aryatara Investment & Securities,Market Securities & Exchange (PVT) Ltd.,140,536.2,75068.0,2025-09-02 14:19:41.840097
2025-09-02,20500,2025090203005375,LBBL,Aryatara Investment & Securities,Malla & Malla Stock Broking Company Pvt. Limited,260,535.3,139178.0,2025-09-02 14:22:59.906661
2025-09-02,20499,2025090203005376,LBBL,Ashutosh Brokerage & Securities (PVT) Ltd.,Malla & Malla Stock Broking Company Pvt. Limited,250,535.3,133825.0,2025-09-02 14:22:59.906873
2025-09-02,19738,2025090203005496,LBBL,Ashutosh Brokerage & Securities (PVT) Ltd.,SUN SECURITIES PVT LTD,250,535.3,133825.0,2025-09-02 14:25:14.181502
2025-09-02,19737,2025090203005497,LBBL,Sri Hari Securities Pvt. Ltd.,SUN SECURITIES PVT LTD,500,535.3,267650.0,2025-09-02 14:25:14.181904
2025-09-02,19736,2025090203005498,LBBL,Roadshow securities limited,SUN SECURITIES PVT LTD,250,535.2,133800.0,2025-09-02 14:25:14.182169
2025-09-02,19144,2025090203005592,LBBL,Roadshow securities limited,Kalika Securities Pvt. Ltd.,200,535.2,107040.0,2025-09-02 14:26:35.827595
2025-09-02,18894,2025090203005643,LBBL,Sri Hari Securities Pvt. Ltd.,Vision Securities Pvt. Ltd,200,536.0,107200.0,2025-09-02 14:27:06.482290
2025-09-02,18546,2025090203005680,LBBL,Sri Hari Securities Pvt. Ltd.,Naasa Securities Co. Ltd.,100,536.0,53600.0,2025-09-02 14:28:05.072202
2025-09-02,18340,2025090203005717,LBBL,Opal Securities Investment (PVT) Ltd.,Kohinoor Investment & Securities Pvt. Ltd.,1,539.0,539.0,2025-09-02 14:28:32.477369
2025-09-02,18262,2025090203005728,LBBL,Roadshow securities limited,Imperial Securities Company Pvt. Ltd.,50,535.2,26760.0,2025-09-02 14:28:40.867309
2025-09-02,18261,2025090203005729,LBBL,Ashutosh Brokerage & Securities (PVT) Ltd.,Imperial Securities Company Pvt. Ltd.,500,535.2,267600.0,2025-09-02 14:28:40.867423
2025-09-02,18260,2025090203005730,LBBL,Sumeru Securities Pvt. Ltd.,Imperial Securities Company Pvt. Ltd.,300,535.1,160530.0,2025-09-02 14:28:40.867520
2025-09-02,18259,2025090203005731,LBBL,Vision Securities Pvt. Ltd,Imperial Securities Company Pvt. Ltd.,1000,535.1,535100.0,2025-09-02 14:28:40.867595
2025-09-02,18258,2025090203005732,LBBL,Nagarik Stock Dealer ,Imperial Securities Company Pvt. Ltd.,100,535.0,53500.0,2025-09-02 14:28:40.867662
2025-09-02,18257,2025090203005733,LBBL,Kohinoor Investment & Securities Pvt. Ltd.,Imperial Securities Company Pvt. Ltd.,10,535.0,5350.0,2025-09-02 14:28:40.867736
2025-09-02,18256,2025090203005734,LBBL,Cristal Kanchanjanga Securites Pvt. Ltd.,Imperial Securities Company Pvt. Ltd.,500,535.0,267500.0,2025-09-02 14:28:40.867818
2025-09-02,18255,2025090203005735,LBBL,Nepal Stock House (PVT) Ltd.,Imperial Securities Company Pvt. Ltd.,100,535.0,53500.0,2025-09-02 14:28:40.867881
2025-09-02,18254,2025090203005736,LBBL,Linch Stock Market Ltd.,Imperial Securities Company Pvt. Ltd.,200,535.0,107000.0,2025-09-02 14:28:40.867947
2025-09-02,18253,2025090203005737,LBBL,Dynamic Money Managers Securities Pvt. Ltd.,Imperial Securities Company Pvt. Ltd.,1000,535.0,535000.0,2025-09-02 14:28:40.868007
2025-09-02,18252,2025090203005738,LBBL,Trisul Securities & Invt. Ltd.,Imperial Securities Company Pvt. Ltd.,100,535.0,53500.0,2025-09-02 14:28:40.868096
2025-09-02,18251,2025090203005739,LBBL,Cristal Kanchanjanga Securites Pvt. Ltd.,Imperial Securities Company Pvt. Ltd.,500,535.0,267500.0,2025-09-02 14:28:40.868163
2025-09-02,18250,2025090203005740,LBBL,Vision Securities Pvt. Ltd,Imperial Securities Company Pvt. Ltd.,19,535.0,10165.0,2025-09-02 14:28:40.868226
2025-09-02,18249,2025090203005741,LBBL,Imperial Securities Company Pvt. Ltd.,Imperial Securities Company Pvt. Ltd.,10,535.0,5350.0,2025-09-02 14:28:40.868284
2025-09-02,18248,2025090203005742,LBBL,Capital Hub P. Ltd,Imperial Securities Company Pvt. Ltd.,1000,534.7,534700.0,2025-09-02 14:28:40.868367
2025-09-02,18247,2025090203005743,LBBL,Creative Securities Pvt Ltd,Imperial Securities Company Pvt. Ltd.,500,534.2,267100.0,2025-09-02 14:28:40.868435
2025-09-02,18246,2025090203005744,LBBL,K.B.L. Securities Limited ,Imperial Securities Company Pvt. Ltd.,250,534.1,133525.0,2025-09-02 14:28:40.868516
2025-09-02,18245,2025090203005745,LBBL,Property Wiard Limited,Imperial Securities Company Pvt. Ltd.,279,534.0,148986.0,2025-09-02 14:28:40.868578
2025-09-02,18105,2025090203005776,LBBL,Property Wiard Limited,Imperial Securities Company Pvt. Ltd.,221,534.0,118014.0,2025-09-02 14:29:01.111112
2025-09-02,18104,2025090203005777,LBBL,Dipshikha Dhitopatra Karobar Co. Pvt Ltd.,Imperial Securities Company Pvt. Ltd.,100,534.0,53400.0,2025-09-02 14:29:01.111446
2025-09-02,18103,2025090203005778,LBBL,Online Securities Pvt. Ltd.,Imperial Securities Company Pvt. Ltd.,30,534.0,16020.0,2025-09-02 14:29:01.111740
2025-09-02,18102,2025090203005779,LBBL,Dipshikha Dhitopatra Karobar Co. Pvt Ltd.,Imperial Securities Company Pvt. Ltd.,20,533.0,10660.0,2025-09-02 14:29:01.112045
2025-09-02,18101,2025090203005780,LBBL,Shree Krishna Securities Ltd.,Imperial Securities Company Pvt. Ltd.,129,533.0,68757.0,2025-09-02 14:29:01.112342
2025-09-02,18049,2025090203005785,LBBL,Shree Krishna Securities Ltd.,Imperial Securities Company Pvt. Ltd.,871,533.0,464243.0,2025-09-02 14:29:10.263378
2025-09-02,18048,2025090203005786,LBBL,Premier Securities Company Ltd.,Imperial Securities Company Pvt. Ltd.,129,533.0,68757.0,2025-09-02 14:29:10.263536
2025-09-02,17750,2025090203005822,LBBL,Nagarik Stock Dealer ,Deevyaa Securities & Stock House Pvt. Ltd,50,533.1,26655.0,2025-09-02 14:29:44.919867
2025-09-02,16128,2025090203005989,LBBL,Cristal Kanchanjanga Securites Pvt. Ltd.,Infinity Securities Limited,500,533.4,266700.0,2025-09-02 14:33:42.412312
2025-09-02,16127,2025090203005990,LBBL,Vision Securities Pvt. Ltd,Infinity Securities Limited,100,533.4,53340.0,2025-09-02 14:33:42.412677
2025-09-02,16126,2025090203005991,LBBL,J.F. Securites (PVT) Ltd.,Infinity Securities Limited,500,533.3,266650.0,2025-09-02 14:33:42.412778
2025-09-02,16125,2025090203005992,LBBL,Sri Hari Securities Pvt. Ltd.,Infinity Securities Limited,500,533.3,266650.0,2025-09-02 14:33:42.412854
2025-09-02,16124,2025090203005993,LBBL,Nagarik Stock Dealer ,Infinity Securities Limited,150,533.1,79965.0,2025-09-02 14:33:42.412927
2025-09-02,16123,2025090203005994,LBBL,Premier Securities Company Ltd.,Infinity Securities Limited,100,533.0,53300.0,2025-09-02 14:33:42.413003
2025-09-02,14436,2025090203006239,LBBL,Premier Securities Company Ltd.,Trishakti Securities Public Limited,200,533.0,106600.0,2025-09-02 14:37:24.827262
2025-09-02,14359,2025090203006248,LBBL,Premier Securities Company Ltd.,Nepal Stock House (PVT) Ltd.,71,533.0,37843.0,2025-09-02 14:37:34.449385
2025-09-02,14358,2025090203006249,LBBL,Oxford Securities Pvt. Ltd.,Nepal Stock House (PVT) Ltd.,229,533.0,122057.0,2025-09-02 14:37:34.449752
2025-09-02,14178,2025090203006273,LBBL,Oxford Securities Pvt. Ltd.,Nepal Stock House (PVT) Ltd.,71,533.0,37843.0,2025-09-02 14:38:01.493064
2025-09-02,14177,2025090203006274,LBBL,Vision Securities Pvt. Ltd,Nepal Stock House (PVT) Ltd.,100,533.0,53300.0,2025-09-02 14:38:01.493422
2025-09-02,14176,2025090203006275,LBBL,Dipshikha Dhitopatra Karobar Co. Pvt Ltd.,Nepal Stock House (PVT) Ltd.,10,533.0,5330.0,2025-09-02 14:38:01.493662
2025-09-02,14175,2025090203006276,LBBL,Capital Max Securities Ltd,Nepal Stock House (PVT) Ltd.,94,533.0,50102.0,2025-09-02 14:38:01.493880
2025-09-02,14157,2025090203006280,LBBL,Capital Max Securities Ltd,Sri Hari Securities Pvt. Ltd.,20,533.0,10660.0,2025-09-02 14:38:04.994529
2025-09-02,13804,2025090203006312,LBBL,Capital Max Securities Ltd,Trishakti Securities Public Limited,386,533.0,205738.0,2025-09-02 14:38:46.427336
2025-09-02,13803,2025090203006313,LBBL,Siprabi Securities Pvt. Ltd.,Trishakti Securities Public Limited,14,533.0,7462.0,2025-09-02 14:38:46.427683
2025-09-02,13096,2025090203006409,LBBL,Nepal Stock House (PVT) Ltd.,Investment Management Nepal Pvt. Ltd.,1,530.0,530.0,2025-09-02 14:40:22.397891
2025-09-02,12859,2025090203006439,LBBL,Siprabi Securities Pvt. Ltd.,Premier Securities Company Ltd.,420,533.0,223860.0,2025-09-02 14:40:50.299901
2025-09-02,12518,2025090203006482,LBBL,Siprabi Securities Pvt. Ltd.,Secured Securities Ltd.,60,533.0,31980.0,2025-09-02 14:41:39.286227
2025-09-02,12228,2025090203006503,LBBL,Premier Securities Company Ltd.,Vision Securities Pvt. Ltd,10,533.0,5330.0,2025-09-02 14:42:12.607442
2025-09-02,12227,2025090203006504,LBBL,Imperial Securities Company Pvt. Ltd.,Vision Securities Pvt. Ltd,20,533.0,10660.0,2025-09-02 14:42:12.607784
2025-09-02,12226,2025090203006505,LBBL,South Asian Bulls Pvt. Ltd.,Vision Securities Pvt. Ltd,18,533.0,9594.0,2025-09-02 14:42:12.608001
2025-09-02,12225,2025090203006506,LBBL,S.P.S.A. Securities Limited,Vision Securities Pvt. Ltd,452,533.0,240916.0,2025-09-02 14:42:12.608255
2025-09-02,11519,2025090203006619,LBBL,Kohinoor Investment & Securities Pvt. Ltd.,Dipshikha Dhitopatra Karobar Co. Pvt Ltd.,35,534.0,18690.0,2025-09-02 14:43:45.212718
2025-09-02,11518,2025090203006620,LBBL,Malla & Malla Stock Broking Company Pvt. Limited,Dipshikha Dhitopatra Karobar Co. Pvt Ltd.,315,533.1,167926.5,2025-09-02 14:43:45.212929
2025-09-02,10391,2025090203006765,LBBL,Sri Hari Securities Pvt. Ltd.,Vision Securities Pvt. Ltd,15,534.9,8023.5,2025-09-02 14:45:56.442324
2025-09-02,10057,2025090203006800,LBBL,Naasa Securities Co. Ltd.,Linch Stock Market Ltd.,15,534.0,8010.0,2025-09-02 14:46:42.787884
2025-09-02,9297,2025090203006886,LBBL,Trisul Securities & Invt. Ltd.,Linch Stock Market Ltd.,15,534.0,8010.0,2025-09-02 14:48:18.406532
2025-09-02,9000,2025090203006920,LBBL,Sri Hari Securities Pvt. Ltd.,Vision Securities Pvt. Ltd,485,534.9,259426.5,2025-09-02 14:48:49.990459
2025-09-02,8279,2025090203007008,LBBL,Sani Securities Company Ltd.,Thrive Brokerage House Pvt. Ltd,200,535.0,107000.0,2025-09-02 14:50:03.046542
2025-09-02,8061,2025090203007028,LBBL,Secured Securities Ltd.,Thrive Brokerage House Pvt. Ltd,20,535.0,10700.0,2025-09-02 14:50:31.112294
2025-09-02,7924,2025090203007039,LBBL,Vision Securities Pvt. Ltd,Thrive Brokerage House Pvt. Ltd,680,535.0,363800.0,2025-09-02 14:50:40.877196
2025-09-02,7923,2025090203007040,LBBL,Vision Securities Pvt. Ltd,Naasa Securities Co. Ltd.,320,535.0,171200.0,2025-09-02 14:50:40.877376
2025-09-02,7842,2025090203007055,LBBL,Siprabi Securities Pvt. Ltd.,Naasa Securities Co. Ltd.,56,535.0,29960.0,2025-09-02 14:50:49.788537
2025-09-02,7581,2025090203007096,LBBL,Property Wiard Limited,Sri Hari Securities Pvt. Ltd.,58,534.1,30977.8,2025-09-02 14:51:15.294391
2025-09-02,7580,2025090203007097,LBBL,Imperial Securities Company Pvt. Ltd.,Sri Hari Securities Pvt. Ltd.,392,534.0,209328.0,2025-09-02 14:51:15.294594
2025-09-02,6963,2025090203007161,LBBL,Imperial Securities Company Pvt. Ltd.,ABC Securities Private Limited,40,534.0,21360.0,2025-09-02 14:51:59.215948
2025-09-02,6617,2025090203007186,LBBL,Imperial Securities Company Pvt. Ltd.,Cristal Kanchanjanga Securites Pvt. Ltd.,68,534.0,36312.0,2025-09-02 14:52:34.795131
2025-09-02,6616,2025090203007187,LBBL,Trishakti Securities Public Limited,Cristal Kanchanjanga Securites Pvt. Ltd.,132,534.0,70488.0,2025-09-02 14:52:34.795367
2025-09-02,6399,2025090203007216,LBBL,Trisul Securities & Invt. Ltd.,Magnet Securities and Investment Company Private Limited,1000,534.1,534100.0,2025-09-02 14:52:56.030143
2025-09-02,6291,2025090203007239,LBBL,Kohinoor Investment & Securities Pvt. Ltd.,Naasa Securities Co. Ltd.,124,535.0,66340.0,2025-09-02 14:53:02.830257
2025-09-02,6290,2025090203007240,LBBL,Kohinoor Investment & Securities Pvt. Ltd.,Oxford Securities Pvt. Ltd.,52,535.0,27820.0,2025-09-02 14:53:02.830448
2025-09-02,6289,2025090203007241,LBBL,Kohinoor Investment & Securities Pvt. Ltd.,SUN SECURITIES PVT LTD,824,535.0,440840.0,2025-09-02 14:53:02.830530
2025-09-02,6016,2025090203007287,LBBL,Malla & Malla Stock Broking Company Pvt. Limited,N.I.M.B. Stock Markets Limited,60,534.2,32052.0,2025-09-02 14:53:29.341811
2025-09-02,6015,2025090203007288,LBBL,Kohinoor Investment & Securities Pvt. Ltd.,N.I.M.B. Stock Markets Limited,500,534.2,267100.0,2025-09-02 14:53:29.342437
2025-09-02,6014,2025090203007289,LBBL,Trisul Securities & Invt. Ltd.,N.I.M.B. Stock Markets Limited,6370,534.1,3402217.0,2025-09-02 14:53:29.342710
2025-09-02,6009,2025090203007292,LBBL,Trisul Securities & Invt. Ltd.,Citizens Share Broker Limited,850,534.1,453985.0,2025-09-02 14:53:30.502047
2025-09-02,5825,2025090203007318,LBBL,Trisul Securities & Invt. Ltd.,Sri Hari Securities Pvt. Ltd.,1765,534.1,942686.5,2025-09-02 14:53:45.707531
2025-09-02,5591,2025090203007347,LBBL,Naasa Securities Co. Ltd.,Aakashbhairab Securities Ltd.,75,533.7,40027.5,2025-09-02 14:54:06.198002
2025-09-02,5590,2025090203007348,LBBL,Agrawal Securities (PVT) Ltd.,Aakashbhairab Securities Ltd.,100,533.2,53320.0,2025-09-02 14:54:06.198218
2025-09-02,5589,2025090203007349,LBBL,J.F. Securites (PVT) Ltd.,Aakashbhairab Securities Ltd.,325,533.1,173257.5,2025-09-02 14:54:06.198300
2025-09-02,5426,2025090203007366,LBBL,Roadshow securities limited,Sri Hari Securities Pvt. Ltd.,235,534.0,125490.0,2025-09-02 14:54:19.399318
2025-09-02,4485,2025090203007520,LBBL,Roadshow securities limited,Cristal Kanchanjanga Securites Pvt. Ltd.,10,534.4,5344.0,2025-09-02 14:55:45.641576
2025-09-02,4408,2025090203007533,LBBL,Roadshow securities limited,Pragyan Securities (PVT) Ltd.,20,534.4,10688.0,2025-09-02 14:55:53.519314
2025-09-02,3975,2025090203007586,LBBL,Roadshow securities limited,Sri Hari Securities Pvt. Ltd.,435,534.4,232464.0,2025-09-02 14:56:31.263974
2025-09-02,3974,2025090203007587,LBBL,Sani Securities Company Ltd.,Sri Hari Securities Pvt. Ltd.,40,534.4,21376.0,2025-09-02 14:56:31.264439
2025-09-02,3973,2025090203007588,LBBL,Bhrikuti Stock Broking Co. Pvt. Ltd.,Sri Hari Securities Pvt. Ltd.,200,534.0,106800.0,2025-09-02 14:56:31.264833
2025-09-02,3972,2025090203007589,LBBL,SHUBHAKAMANA SECURITIES PVT. LTD,Sri Hari Securities Pvt. Ltd.,500,534.0,267000.0,2025-09-02 14:56:31.265161
2025-09-02,3763,2025090203007619,LBBL,Trishakti Securities Public Limited,Sri Hari Securities Pvt. Ltd.,67,534.0,35778.0,2025-09-02 14:56:45.896634
2025-09-02,3663,2025090203007630,LBBL,J.F. Securites (PVT) Ltd.,Sri Hari Securities Pvt. Ltd.,1758,533.1,937189.8,2025-09-02 14:56:54.500655
2025-09-02,3326,2025090203007671,LBBL,J.F. Securites (PVT) Ltd.,Dipshikha Dhitopatra Karobar Co. Pvt Ltd.,40,533.1,21324.0,2025-09-02 14:57:08.785045
2025-09-02,3149,2025090203007697,LBBL,J.F. Securites (PVT) Ltd.,Naasa Securities Co. Ltd.,623,533.1,332121.3,2025-09-02 14:57:21.742524
2025-09-02,2932,2025090203007718,LBBL,J.F. Securites (PVT) Ltd.,Sumeru Securities Pvt. Ltd.,1000,533.1,533100.0,2025-09-02 14:57:35.630257
2025-09-02,2553,2025090203007786,LBBL,Naasa Securities Co. Ltd.,Sumeru Securities Pvt. Ltd.,500,534.0,267000.0,2025-09-02 14:58:01.532437
2025-09-02,2536,2025090203007788,LBBL,Naasa Securities Co. Ltd.,Investment Management Nepal Pvt. Ltd.,265,534.0,141510.0,2025-09-02 14:58:02.565713
2025-09-02,2117,2025090203007868,LBBL,Stoxkarts Securities Limited,SUN SECURITIES PVT LTD,176,535.0,94160.0,2025-09-02 14:58:27.871681
2025-09-02,2116,2025090203007869,LBBL,Stoxkarts Securities Limited,Naasa Securities Co. Ltd.,100,535.0,53500.0,2025-09-02 14:58:27.871928
2025-09-02,2022,2025090203007893,LBBL,Nagarik Stock Dealer ,Agrawal Securities (PVT) Ltd.,2000,535.7,1071400.0,2025-09-02 14:58:32.810912
2025-09-02,2021,2025090203007894,LBBL,Nagarik Stock Dealer ,Agrawal Securities (PVT) Ltd.,1000,535.7,535700.0,2025-09-02 14:58:32.811261
2025-09-02,1656,2025090203007968,LBBL,Nagarik Stock Dealer ,Bhrikuti Stock Broking Co. Pvt. Ltd.,500,535.7,267850.0,2025-09-02 14:58:51.217200
2025-09-02,858,2025090203008120,LBBL,Imperial Securities Company Pvt. Ltd.,Siprabi Securities Pvt. Ltd.,50,535.8,26790.0,2025-09-02 14:59:30.453392
2025-09-02,466,2025090203008183,LBBL,Citizens Share Broker Limited,MILKY WAY SHARE BROKER COMPANY LTD ,73,535.9,39120.7,2025-09-02 14:59:45.582606
2025-09-02,465,2025090203008184,LBBL,Imperial Securities Company Pvt. Ltd.,MILKY WAY SHARE BROKER COMPANY LTD ,950,535.8,509010.0,2025-09-02 14:59:45.582710
2025-09-02,464,2025090203008185,LBBL,Nagarik Stock Dealer ,MILKY WAY SHARE BROKER COMPANY LTD ,977,535.7,523378.9,2025-09-02 14:59:45.582812
2025-09-02,209,2025090203008230,LBBL,Nagarik Stock Dealer ,Sri Hari Securities Pvt. Ltd.,115,535.7,61605.5,2025-09-02 14:59:55.457425
