Date,S.N.,Contract ID,Symbol,Buyer Broker,Seller Broker,volume,rate,amount,transaction_time
2025-09-02,89775,2025090201000001,NABIL,Sri Hari Securities Pvt. Ltd.,Trishakti Securities Public Limited,10,538.2,5382.0,2025-09-02 10:46:00.002668
2025-09-02,86967,2025090201002478,NABIL,Kumari Securities Private Limited,Kumari Securities Private Limited,1,530.1,530.1,2025-09-02 11:03:41.441878
2025-09-02,86960,2025090201002484,NABIL,Dipshikha Dhitopatra Karobar Co. Pvt Ltd.,Trishakti Securities Public Limited,20,529.0,10580.0,2025-09-02 11:03:41.808175
2025-09-02,86959,2025090201002485,NABIL,Dipshikha Dhitopatra Karobar Co. Pvt Ltd.,Kumari Securities Private Limited,50,530.4,26520.0,2025-09-02 11:03:41.808342
2025-09-02,86958,2025090201002486,NABIL,Dipshikha Dhitopatra Karobar Co. Pvt Ltd.,ABC Securities Private Limited,30,536.5,16095.0,2025-09-02 11:03:41.808475
2025-09-02,85898,2025090201003380,NABIL,Secured Securities Ltd.,Property Wiard Limited,50,533.9,26695.0,2025-09-02 11:05:24.101189
2025-09-02,85897,2025090201003381,NABIL,Secured Securities Ltd.,Investment Management Nepal Pvt. Ltd.,31,534.0,16554.0,2025-09-02 11:05:24.101406
2025-09-02,85896,2025090201003382,NABIL,Secured Securities Ltd.,Primo Securities (PVT) Ltd.,219,535.0,117165.0,2025-09-02 11:05:24.101556
2025-09-02,85001,2025090201004113,NABIL,Naasa Securities Co. Ltd.,South Asian Bulls Pvt. Ltd.,15,530.0,7950.0,2025-09-02 11:06:56.925571
2025-09-02,84543,2025090201004492,NABIL,Kumari Securities Private Limited,Nabil Stock Dealer Ltd.,10,530.0,5300.0,2025-09-02 11:07:37.366002
2025-09-02,84498,2025090201004519,NABIL,Kumari Securities Private Limited,Sani Securities Company Ltd.,20,530.0,10600.0,2025-09-02 11:07:42.423551
2025-09-02,84497,2025090201004520,NABIL,Dipshikha Dhitopatra Karobar Co. Pvt Ltd.,Sani Securities Company Ltd.,150,530.0,79500.0,2025-09-02 11:07:42.423668
2025-09-02,84496,2025090201004521,NABIL,Sweta Securities Private Limited,Sani Securities Company Ltd.,10,527.6,5276.0,2025-09-02 11:07:42.423723
2025-09-02,84495,2025090201004522,NABIL,Sweta Securities Private Limited,Sani Securities Company Ltd.,30,527.6,15828.0,2025-09-02 11:07:42.423774
2025-09-02,84494,2025090201004523,NABIL,Sweta Securities Private Limited,Sani Securities Company Ltd.,10,527.6,5276.0,2025-09-02 11:07:42.423824
2025-09-02,84122,2025090201004804,NABIL,Premier Securities Company Ltd.,Sewa Securities Pvt. Ltd.,200,527.5,105500.0,2025-09-02 11:08:25.441395
2025-09-02,84121,2025090201004805,NABIL,Imperial Securities Company Pvt. Ltd.,Sewa Securities Pvt. Ltd.,10,527.5,5275.0,2025-09-02 11:08:25.441657
2025-09-02,83368,2025090201005389,NABIL,Opal Securities Investment (PVT) Ltd.,Sewa Securities Pvt. Ltd.,100,527.0,52700.0,2025-09-02 11:09:37.009903
2025-09-02,83367,2025090201005390,NABIL,Sipla Securities Private Limited,Sewa Securities Pvt. Ltd.,91,527.0,47957.0,2025-09-02 11:09:37.010049
2025-09-02,83331,2025090201005416,NABIL,Thrive Brokerage House Pvt. Ltd,Secured Securities Ltd.,900,526.0,473400.0,2025-09-02 11:09:42.955291
2025-09-02,83330,2025090201005417,NABIL,Nepal Stock House (PVT) Ltd.,Secured Securities Ltd.,10,526.0,5260.0,2025-09-02 11:09:42.955391
2025-09-02,83329,2025090201005418,NABIL,Nepal Stock House (PVT) Ltd.,Secured Securities Ltd.,38,525.0,19950.0,2025-09-02 11:09:42.955434
2025-09-02,77367,2025090201010198,NABIL,Kohinoor Investment & Securities Pvt. Ltd.,Imperial Securities Company Pvt. Ltd.,10,530.0,5300.0,2025-09-02 11:21:39.414908
2025-09-02,76887,2025090201010553,NABIL,Imperial Securities Company Pvt. Ltd.,Bhrikuti Stock Broking Co. Pvt. Ltd.,40,526.5,21060.0,2025-09-02 11:22:59.214634
2025-09-02,76886,2025090201010554,NABIL,Premier Securities Company Ltd.,Bhrikuti Stock Broking Co. Pvt. Ltd.,380,526.4,200032.0,2025-09-02 11:22:59.214716
2025-09-02,76885,2025090201010555,NABIL,Sweta Securities Private Limited,Bhrikuti Stock Broking Co. Pvt. Ltd.,20,526.4,10528.0,2025-09-02 11:22:59.214746
2025-09-02,76884,2025090201010556,NABIL,Trishakti Securities Public Limited,Bhrikuti Stock Broking Co. Pvt. Ltd.,500,526.3,263150.0,2025-09-02 11:22:59.214777
2025-09-02,76883,2025090201010557,NABIL,Aryatara Investment & Securities,Bhrikuti Stock Broking Co. Pvt. Ltd.,10,526.1,5261.0,2025-09-02 11:22:59.214802
2025-09-02,76882,2025090201010558,NABIL,Sundhara Securities Limited,Bhrikuti Stock Broking Co. Pvt. Ltd.,34,526.1,17887.4,2025-09-02 11:22:59.214826
2025-09-02,76881,2025090201010559,NABIL,ABC Securities Private Limited,Bhrikuti Stock Broking Co. Pvt. Ltd.,16,526.0,8416.0,2025-09-02 11:22:59.214851
2025-09-02,76214,2025090201011045,NABIL,Sani Securities Company Ltd.,Imperial Securities Company Pvt. Ltd.,10,530.0,5300.0,2025-09-02 11:24:33.752278
2025-09-02,75577,2025090201011528,NABIL,ABC Securities Private Limited,Dynamic Money Managers Securities Pvt. Ltd.,184,526.0,96784.0,2025-09-02 11:26:05.636394
2025-09-02,75576,2025090201011529,NABIL,Oxford Securities Pvt. Ltd.,Dynamic Money Managers Securities Pvt. Ltd.,100,526.0,52600.0,2025-09-02 11:26:05.636572
2025-09-02,75575,2025090201011530,NABIL,Trishakti Securities Public Limited,Dynamic Money Managers Securities Pvt. Ltd.,16,526.0,8416.0,2025-09-02 11:26:05.636695
2025-09-02,75113,2025090201011876,NABIL,Trishakti Securities Public Limited,Dipshikha Dhitopatra Karobar Co. Pvt Ltd.,10,526.0,5260.0,2025-09-02 11:27:03.336955
2025-09-02,74812,2025090201012082,NABIL,Online Securities Pvt. Ltd.,Imperial Securities Company Pvt. Ltd.,29,530.0,15370.0,2025-09-02 11:27:48.617413
2025-09-02,72743,2025090201013634,NABIL,Premier Securities Company Ltd.,Himalayan Securities Limited,10,529.9,5299.0,2025-09-02 11:32:34.938155
2025-09-02,72443,2025090201013819,NABIL,Trisul Securities & Invt. Ltd.,Sumeru Securities Pvt. Ltd.,35,528.1,18483.5,2025-09-02 11:33:23.334068
2025-09-02,71990,2025090201014138,NABIL,Sani Securities Company Ltd.,Asian Securities Private Ltd.,30,529.0,15870.0,2025-09-02 11:34:26.839819
2025-09-02,71989,2025090201014139,NABIL,Sani Securities Company Ltd.,Himalayan Securities Limited,20,529.9,10598.0,2025-09-02 11:34:26.840042
2025-09-02,70576,2025090201015088,NABIL,Naasa Securities Co. Ltd.,Property Wiard Limited,10,529.8,5298.0,2025-09-02 11:37:51.490602
2025-09-02,70480,2025090201015157,NABIL,Kohinoor Investment & Securities Pvt. Ltd.,Property Wiard Limited,10,529.8,5298.0,2025-09-02 11:38:06.115583
2025-09-02,69255,2025090201016015,NABIL,Asian Securities Private Ltd.,Secured Securities Ltd.,89,528.5,47036.5,2025-09-02 11:41:00.663839
2025-09-02,69254,2025090201016016,NABIL,Midas Stock Broking Company Private Limited,Secured Securities Ltd.,18,528.5,9513.0,2025-09-02 11:41:00.664051
2025-09-02,69253,2025090201016017,NABIL,Trisul Securities & Invt. Ltd.,Secured Securities Ltd.,65,528.1,34326.5,2025-09-02 11:41:00.664154
2025-09-02,69252,2025090201016018,NABIL,Naasa Securities Co. Ltd.,Secured Securities Ltd.,50,528.0,26400.0,2025-09-02 11:41:00.664249
2025-09-02,69248,2025090201016022,NABIL,Kohinoor Investment & Securities Pvt. Ltd.,Aryatara Investment & Securities,1,529.8,529.8,2025-09-02 11:41:01.473090
2025-09-02,68617,2025090201016470,NABIL,Online Securities Pvt. Ltd.,Secured Securities Ltd.,11,528.0,5808.0,2025-09-02 11:42:29.308099
2025-09-02,68594,2025090201016490,NABIL,Thrive Brokerage House Pvt. Ltd,Midas Stock Broking Company Private Limited,39,527.0,20553.0,2025-09-02 11:42:34.689773
2025-09-02,68265,2025090201016702,NABIL,Thrive Brokerage House Pvt. Ltd,Kalika Securities Pvt. Ltd.,35,527.0,18445.0,2025-09-02 11:43:17.743783
2025-09-02,68215,2025090201016734,NABIL,Thrive Brokerage House Pvt. Ltd,Asian Securities Private Ltd.,259,527.0,136493.0,2025-09-02 11:43:25.239408
2025-09-02,67837,2025090201017057,NABIL,Naasa Securities Co. Ltd.,Secured Securities Ltd.,10,528.0,5280.0,2025-09-02 11:43:56.631340
2025-09-02,67641,2025090201017185,NABIL,Thrive Brokerage House Pvt. Ltd,Ashutosh Brokerage & Securities (PVT) Ltd.,59,527.0,31093.0,2025-09-02 11:44:29.068817
2025-09-02,67332,2025090201017395,NABIL,Trishakti Securities Public Limited,Secured Securities Ltd.,41,528.0,21648.0,2025-09-02 11:45:28.430515
2025-09-02,66995,2025090201017619,NABIL,Linch Stock Market Ltd.,Secured Securities Ltd.,216,528.0,114048.0,2025-09-02 11:46:26.443507
2025-09-02,66994,2025090201017620,NABIL,Linch Stock Market Ltd.,Imperial Securities Company Pvt. Ltd.,26,528.0,13728.0,2025-09-02 11:46:26.443787
2025-09-02,66643,2025090201017847,NABIL,Linch Stock Market Ltd.,Sundhara Securities Limited,75,528.0,39600.0,2025-09-02 11:47:22.681497
2025-09-02,64070,2025090201019341,NABIL,Linch Stock Market Ltd.,Opal Securities Investment (PVT) Ltd.,183,528.0,96624.0,2025-09-02 11:53:29.691955
2025-09-02,64069,2025090201019342,NABIL,Secured Securities Ltd.,Opal Securities Investment (PVT) Ltd.,30,528.0,15840.0,2025-09-02 11:53:29.692005
2025-09-02,64068,2025090201019343,NABIL,Shree Krishna Securities Ltd.,Opal Securities Investment (PVT) Ltd.,100,528.0,52800.0,2025-09-02 11:53:29.692032
2025-09-02,64067,2025090201019344,NABIL,Sumeru Securities Pvt. Ltd.,Opal Securities Investment (PVT) Ltd.,399,527.2,210352.8,2025-09-02 11:53:29.692054
2025-09-02,63522,2025090201019743,NABIL,Sumeru Securities Pvt. Ltd.,Nepal Stock House (PVT) Ltd.,57,527.2,30050.4,2025-09-02 11:54:28.590503
2025-09-02,62369,2025090201020435,NABIL,Linch Stock Market Ltd.,Sri Hari Securities Pvt. Ltd.,47,528.0,24816.0,2025-09-02 11:57:11.359860
2025-09-02,62098,2025090201020603,NABIL,Linch Stock Market Ltd.,Nepal Stock House (PVT) Ltd.,453,528.0,239184.0,2025-09-02 11:57:58.034037
2025-09-02,62097,2025090201020604,NABIL,Naasa Securities Co. Ltd.,Nepal Stock House (PVT) Ltd.,80,528.0,42240.0,2025-09-02 11:57:58.034290
2025-09-02,61861,2025090201020760,NABIL,Dakshinkali Investment & Securities Pvt. Ltd.,Nepal Stock House (PVT) Ltd.,500,528.0,264000.0,2025-09-02 11:58:34.866124
2025-09-02,61344,2025090201021054,NABIL,Sumeru Securities Pvt. Ltd.,Imperial Securities Company Pvt. Ltd.,44,527.2,23196.8,2025-09-02 11:59:40.983671
2025-09-02,61150,2025090201021190,NABIL,Imperial Securities Company Pvt. Ltd.,Naasa Securities Co. Ltd.,19,527.1,10014.9,2025-09-02 12:00:11.172669
2025-09-02,61149,2025090201021191,NABIL,Sumeru Securities Pvt. Ltd.,Naasa Securities Co. Ltd.,81,527.1,42695.1,2025-09-02 12:00:11.172922
2025-09-02,60489,2025090201021616,NABIL,Kohinoor Investment & Securities Pvt. Ltd.,Nepal Stock House (PVT) Ltd.,20,528.0,10560.0,2025-09-02 12:01:55.537747
2025-09-02,60048,2025090201021899,NABIL,Agrawal Securities (PVT) Ltd.,Secured Securities Ltd.,20,527.6,10552.0,2025-09-02 12:03:20.737877
2025-09-02,60047,2025090201021900,NABIL,Sumeru Securities Pvt. Ltd.,Secured Securities Ltd.,80,527.1,42168.0,2025-09-02 12:03:20.738147
2025-09-02,59770,2025090201022079,NABIL,Sumeru Securities Pvt. Ltd.,Cristal Kanchanjanga Securites Pvt. Ltd.,10,527.1,5271.0,2025-09-02 12:04:02.703857
2025-09-02,59135,2025090201022498,NABIL,Naasa Securities Co. Ltd.,Nepal Stock House (PVT) Ltd.,20,528.0,10560.0,2025-09-02 12:05:32.252748
2025-09-02,58767,2025090201022650,NABIL,Capital Max Securities Ltd,Nepal Stock House (PVT) Ltd.,27,528.0,14256.0,2025-09-02 12:06:25.100760
2025-09-02,58766,2025090201022651,NABIL,Capital Max Securities Ltd,Himalayan Securities Limited,30,528.0,15840.0,2025-09-02 12:06:25.100995
2025-09-02,58765,2025090201022652,NABIL,Capital Max Securities Ltd,Imperial Securities Company Pvt. Ltd.,50,528.0,26400.0,2025-09-02 12:06:25.101105
2025-09-02,58764,2025090201022653,NABIL,Capital Max Securities Ltd,Sunrise Securities Limited,10,528.0,5280.0,2025-09-02 12:06:25.101208
2025-09-02,58763,2025090201022654,NABIL,Capital Max Securities Ltd,Dipshikha Dhitopatra Karobar Co. Pvt Ltd.,25,528.0,13200.0,2025-09-02 12:06:25.101308
2025-09-02,58343,2025090201022899,NABIL,Imperial Securities Company Pvt. Ltd.,ABC Securities Private Limited,1,517.5,517.5,2025-09-02 12:07:36.193017
2025-09-02,57745,2025090201023237,NABIL,Agrawal Securities (PVT) Ltd.,Sundhara Securities Limited,150,527.5,79125.0,2025-09-02 12:09:32.882225
2025-09-02,57744,2025090201023238,NABIL,Sumeru Securities Pvt. Ltd.,Sundhara Securities Limited,50,527.1,26355.0,2025-09-02 12:09:32.882731
2025-09-02,57307,2025090201023527,NABIL,Sumeru Securities Pvt. Ltd.,Online Securities Pvt. Ltd.,80,527.1,42168.0,2025-09-02 12:10:52.564262
2025-09-02,57201,2025090201023585,NABIL,Indira securities pvt. ltd,KALASH STOCK MARKET PVT. LTD.,10,527.9,5279.0,2025-09-02 12:11:15.388839
2025-09-02,57177,2025090201023598,NABIL,Sumeru Securities Pvt. Ltd.,Sumeru Securities Pvt. Ltd.,699,527.1,368442.9,2025-09-02 12:11:20.816496
2025-09-02,56901,2025090201023772,NABIL,Thrive Brokerage House Pvt. Ltd,Sumeru Securities Pvt. Ltd.,528,527.0,278256.0,2025-09-02 12:12:11.030904
2025-09-02,56900,2025090201023773,NABIL,Sri Hari Securities Pvt. Ltd.,Sumeru Securities Pvt. Ltd.,214,527.0,112778.0,2025-09-02 12:12:11.031123
2025-09-02,55449,2025090201024688,NABIL,Sri Hari Securities Pvt. Ltd.,Aryatara Investment & Securities,36,527.0,18972.0,2025-09-02 12:17:18.692463
2025-09-02,55448,2025090201024689,NABIL,Imperial Securities Company Pvt. Ltd.,Aryatara Investment & Securities,80,527.0,42160.0,2025-09-02 12:17:18.692959
2025-09-02,55447,2025090201024690,NABIL,ABC Securities Private Limited,Aryatara Investment & Securities,184,527.0,96968.0,2025-09-02 12:17:18.693315
2025-09-02,55352,2025090201024750,NABIL,Midas Stock Broking Company Private Limited,Naasa Securities Co. Ltd.,50,527.9,26395.0,2025-09-02 12:17:43.146094
2025-09-02,55078,2025090201024921,NABIL,Linch Stock Market Ltd.,Naasa Securities Co. Ltd.,14,527.9,7390.6,2025-09-02 12:18:39.557704
2025-09-02,54652,2025090201025188,NABIL,Siprabi Securities Pvt. Ltd.,Naasa Securities Co. Ltd.,20,527.9,10558.0,2025-09-02 12:20:06.536577
2025-09-02,54580,2025090201025234,NABIL,Online Securities Pvt. Ltd.,Naasa Securities Co. Ltd.,11,527.9,5806.9,2025-09-02 12:20:29.626490
2025-09-02,53332,2025090201025927,NABIL,ABC Securities Private Limited,INDEX SECURITIES LIMITED,16,527.0,8432.0,2025-09-02 12:24:31.738892
2025-09-02,53331,2025090201025928,NABIL,Trishakti Securities Public Limited,INDEX SECURITIES LIMITED,94,527.0,49538.0,2025-09-02 12:24:31.739225
2025-09-02,53330,2025090201025929,NABIL,Naasa Securities Co. Ltd.,INDEX SECURITIES LIMITED,21,527.0,11067.0,2025-09-02 12:24:31.739360
2025-09-02,52942,2025090201026158,NABIL,Sweta Securities Private Limited,INDEX SECURITIES LIMITED,50,527.0,26350.0,2025-09-02 12:25:57.736497
2025-09-02,52714,2025090201026306,NABIL,Vision Securities Pvt. Ltd,Imperial Securities Company Pvt. Ltd.,29,526.5,15268.5,2025-09-02 12:26:47.902059
2025-09-02,52290,2025090201026623,NABIL,Vision Securities Pvt. Ltd,INDEX SECURITIES LIMITED,319,527.0,168113.0,2025-09-02 12:28:20.178325
2025-09-02,52289,2025090201026624,NABIL,Vision Securities Pvt. Ltd,Bhrikuti Stock Broking Co. Pvt. Ltd.,50,527.0,26350.0,2025-09-02 12:28:20.178607
2025-09-02,52198,2025090201026693,NABIL,Vision Securities Pvt. Ltd,Sharepro Securities Private Limited,11,527.0,5797.0,2025-09-02 12:28:33.252412
2025-09-02,52177,2025090201026700,NABIL,J.F. Securites (PVT) Ltd.,Aryatara Investment & Securities,9,520.0,4680.0,2025-09-02 12:28:36.405763
2025-09-02,51672,2025090201027004,NABIL,Vision Securities Pvt. Ltd,INDEX SECURITIES LIMITED,20,527.0,10540.0,2025-09-02 12:30:21.647796
2025-09-02,51671,2025090201027005,NABIL,Naasa Securities Co. Ltd.,INDEX SECURITIES LIMITED,30,527.0,15810.0,2025-09-02 12:30:21.648074
2025-09-02,51623,2025090201027042,NABIL,Vision Securities Pvt. Ltd,Trishakti Securities Public Limited,21,526.5,11056.5,2025-09-02 12:30:35.781882
2025-09-02,51420,2025090201027156,NABIL,Vision Securities Pvt. Ltd,INDEX SECURITIES LIMITED,450,527.0,237150.0,2025-09-02 12:31:23.535580
2025-09-02,50722,2025090201027590,NABIL,Nepal Stock House (PVT) Ltd.,INDEX SECURITIES LIMITED,12,527.5,6330.0,2025-09-02 12:33:45.195185
2025-09-02,50721,2025090201027591,NABIL,Vision Securities Pvt. Ltd,INDEX SECURITIES LIMITED,50,527.0,26350.0,2025-09-02 12:33:45.195455
2025-09-02,50720,2025090201027592,NABIL,Dynamic Money Managers Securities Pvt. Ltd.,INDEX SECURITIES LIMITED,104,527.0,54808.0,2025-09-02 12:33:45.195574
2025-09-02,50499,2025090201027724,NABIL,Vision Securities Pvt. Ltd,Online Securities Pvt. Ltd.,45,526.5,23692.5,2025-09-02 12:34:33.095281
2025-09-02,50134,2025090201027892,NABIL,Vision Securities Pvt. Ltd,Secured Securities Ltd.,100,526.5,52650.0,2025-09-02 12:35:48.827419
2025-09-02,49916,2025090201028033,NABIL,Bhrikuti Stock Broking Co. Pvt. Ltd.,INDEX SECURITIES LIMITED,10,527.0,5270.0,2025-09-02 12:36:12.839776
2025-09-02,49856,2025090201028058,NABIL,Vision Securities Pvt. Ltd,INDEX SECURITIES LIMITED,324,527.0,170748.0,2025-09-02 12:36:27.938210
2025-09-02,49631,2025090201028181,NABIL,Vision Securities Pvt. Ltd,Dynamic Money Managers Securities Pvt. Ltd.,26,527.0,13702.0,2025-09-02 12:37:06.580221
2025-09-02,49302,2025090201028375,NABIL,Vision Securities Pvt. Ltd,Dynamic Money Managers Securities Pvt. Ltd.,400,526.5,210600.0,2025-09-02 12:38:11.703633
2025-09-02,49187,2025090201028426,NABIL,Vision Securities Pvt. Ltd,Dynamic Money Managers Securities Pvt. Ltd.,11,526.5,5791.5,2025-09-02 12:38:39.957758
2025-09-02,48512,2025090201028838,NABIL,Siprabi Securities Pvt. Ltd.,Asian Securities Private Ltd.,10,527.0,5270.0,2025-09-02 12:41:25.648566
2025-09-02,48511,2025090201028839,NABIL,Vision Securities Pvt. Ltd,Asian Securities Private Ltd.,139,526.5,73183.5,2025-09-02 12:41:25.648926
2025-09-02,48510,2025090201028840,NABIL,Malla & Malla Stock Broking Company Pvt. Limited,Asian Securities Private Ltd.,100,526.4,52640.0,2025-09-02 12:41:25.649057
2025-09-02,48509,2025090201028841,NABIL,Trishakti Securities Public Limited,Asian Securities Private Ltd.,24,526.0,12624.0,2025-09-02 12:41:25.649184
2025-09-02,48508,2025090201028842,NABIL,Imperial Securities Company Pvt. Ltd.,Asian Securities Private Ltd.,45,526.0,23670.0,2025-09-02 12:41:25.649330
2025-09-02,48507,2025090201028843,NABIL,Siprabi Securities Pvt. Ltd.,Asian Securities Private Ltd.,50,526.0,26300.0,2025-09-02 12:41:25.649457
2025-09-02,48506,2025090201028844,NABIL,Sani Securities Company Ltd.,Asian Securities Private Ltd.,90,526.0,47340.0,2025-09-02 12:41:25.649574
2025-09-02,48505,2025090201028845,NABIL,Nepal Stock House (PVT) Ltd.,Asian Securities Private Ltd.,20,526.0,10520.0,2025-09-02 12:41:25.649696
2025-09-02,48504,2025090201028846,NABIL,Nepal Investment And Securities Trading Private Limited,Asian Securities Private Ltd.,10,526.0,5260.0,2025-09-02 12:41:25.649826
2025-09-02,48503,2025090201028847,NABIL,Aryatara Investment & Securities,Asian Securities Private Ltd.,38,526.0,19988.0,2025-09-02 12:41:25.649972
2025-09-02,48502,2025090201028848,NABIL,Neev Securities Pvt. Ltd.,Asian Securities Private Ltd.,30,526.0,15780.0,2025-09-02 12:41:25.650094
2025-09-02,48501,2025090201028849,NABIL,Creative Securities Pvt Ltd,Asian Securities Private Ltd.,200,526.0,105200.0,2025-09-02 12:41:25.650216
2025-09-02,48500,2025090201028850,NABIL,Sani Securities Company Ltd.,Asian Securities Private Ltd.,100,526.0,52600.0,2025-09-02 12:41:25.650331
2025-09-02,48107,2025090201029088,NABIL,Vision Securities Pvt. Ltd,Asian Securities Private Ltd.,144,526.0,75744.0,2025-09-02 12:42:56.532686
2025-09-02,47812,2025090201029306,NABIL,Kumari Securities Private Limited,Dipshikha Dhitopatra Karobar Co. Pvt Ltd.,2,526.5,1053.0,2025-09-02 12:43:44.578681
2025-09-02,47550,2025090201029459,NABIL,Siprabi Securities Pvt. Ltd.,INDEX SECURITIES LIMITED,20,527.8,10556.0,2025-09-02 12:44:39.205917
2025-09-02,47318,2025090201029612,NABIL,Naasa Securities Co. Ltd.,Asian Securities Private Ltd.,100,527.0,52700.0,2025-09-02 12:45:41.899559
2025-09-02,47127,2025090201029727,NABIL,Naasa Securities Co. Ltd.,Secured Securities Ltd.,6,527.0,3162.0,2025-09-02 12:46:29.430972
2025-09-02,46212,2025090201030278,NABIL,Naasa Securities Co. Ltd.,Asian Securities Private Ltd.,100,527.0,52700.0,2025-09-02 12:50:13.597655
2025-09-02,46211,2025090201030279,NABIL,Naasa Securities Co. Ltd.,Kumari Securities Private Limited,10,527.0,5270.0,2025-09-02 12:50:13.597982
2025-09-02,46210,2025090201030280,NABIL,Naasa Securities Co. Ltd.,Ashutosh Brokerage & Securities (PVT) Ltd.,100,527.0,52700.0,2025-09-02 12:50:13.598118
2025-09-02,46209,2025090201030281,NABIL,Naasa Securities Co. Ltd.,J.F. Securites (PVT) Ltd.,100,527.0,52700.0,2025-09-02 12:50:13.598235
2025-09-02,46208,2025090201030282,NABIL,Naasa Securities Co. Ltd.,INDEX SECURITIES LIMITED,480,527.8,253344.0,2025-09-02 12:50:13.598350
2025-09-02,46207,2025090201030283,NABIL,Naasa Securities Co. Ltd.,Aryatara Investment & Securities,340,527.9,179486.0,2025-09-02 12:50:13.598468
2025-09-02,46172,2025090201030310,NABIL,Vision Securities Pvt. Ltd,Aryatara Investment & Securities,56,526.0,29456.0,2025-09-02 12:50:24.068439
2025-09-02,45995,2025090201030426,NABIL,Sani Securities Company Ltd.,Aryatara Investment & Securities,30,527.9,15837.0,2025-09-02 12:51:05.962603
2025-09-02,45820,2025090201030504,NABIL,Kohinoor Investment & Securities Pvt. Ltd.,ABC Securities Private Limited,10,526.0,5260.0,2025-09-02 12:51:54.332630
2025-09-02,45072,2025090201030982,NABIL,Imperial Securities Company Pvt. Ltd.,Citizens Share Broker Limited,50,527.0,26350.0,2025-09-02 12:54:42.410644
2025-09-02,45071,2025090201030983,NABIL,Kumari Securities Private Limited,Citizens Share Broker Limited,100,526.0,52600.0,2025-09-02 12:54:42.410719
2025-09-02,44536,2025090201031281,NABIL,Blue Chip Securities Ltd,Thrive Brokerage House Pvt. Ltd,75,526.0,39450.0,2025-09-02 12:56:59.456325
2025-09-02,43626,2025090201031737,NABIL,Sewa Securities Pvt. Ltd.,INDEX SECURITIES LIMITED,500,527.8,263900.0,2025-09-02 13:00:36.509724
2025-09-02,43625,2025090201031738,NABIL,Sewa Securities Pvt. Ltd.,Aryatara Investment & Securities,10,527.9,5279.0,2025-09-02 13:00:36.510308
2025-09-02,43624,2025090201031739,NABIL,Sewa Securities Pvt. Ltd.,INDEX SECURITIES LIMITED,290,527.9,153091.0,2025-09-02 13:00:36.510662
2025-09-02,43155,2025090201032019,NABIL,Agrawal Securities (PVT) Ltd.,INDEX SECURITIES LIMITED,41,527.9,21643.9,2025-09-02 13:02:31.319372
2025-09-02,43094,2025090201032049,NABIL,Bhrikuti Stock Broking Co. Pvt. Ltd.,Kalika Securities Pvt. Ltd.,100,526.1,52610.0,2025-09-02 13:02:47.085170
2025-09-02,43093,2025090201032050,NABIL,Blue Chip Securities Ltd,Kalika Securities Pvt. Ltd.,130,526.0,68380.0,2025-09-02 13:02:47.085502
2025-09-02,42786,2025090201032248,NABIL,Kohinoor Investment & Securities Pvt. Ltd.,Kumari Securities Private Limited,10,527.0,5270.0,2025-09-02 13:04:08.171440
2025-09-02,42785,2025090201032249,NABIL,Sundhara Securities Limited,Kumari Securities Private Limited,70,526.1,36827.0,2025-09-02 13:04:08.172115
2025-09-02,42783,2025090201032250,NABIL,Blue Chip Securities Ltd,Kumari Securities Private Limited,120,526.0,63120.0,2025-09-02 13:04:08.172555
2025-09-02,42724,2025090201032284,NABIL,Blue Chip Securities Ltd,Dipshikha Dhitopatra Karobar Co. Pvt Ltd.,10,526.0,5260.0,2025-09-02 13:04:19.253226
2025-09-02,42714,2025090201032290,NABIL,Blue Chip Securities Ltd,Dipshikha Dhitopatra Karobar Co. Pvt Ltd.,10,526.0,5260.0,2025-09-02 13:04:22.272885
2025-09-02,42371,2025090201032487,NABIL,Blue Chip Securities Ltd,Sundhara Securities Limited,400,526.0,210400.0,2025-09-02 13:05:49.323555
2025-09-02,42321,2025090201032502,NABIL,Blue Chip Securities Ltd,Aakashbhairab Securities Ltd.,1000,526.0,526000.0,2025-09-02 13:05:59.727782
2025-09-02,41902,2025090201032704,NABIL,Cristal Kanchanjanga Securites Pvt. Ltd.,INDEX SECURITIES LIMITED,10,527.0,5270.0,2025-09-02 13:07:29.451063
2025-09-02,41901,2025090201032705,NABIL,Blue Chip Securities Ltd,INDEX SECURITIES LIMITED,255,526.0,134130.0,2025-09-02 13:07:29.479909
2025-09-02,41900,2025090201032706,NABIL,Sumeru Securities Pvt. Ltd.,INDEX SECURITIES LIMITED,245,526.0,128870.0,2025-09-02 13:07:29.480527
2025-09-02,41872,2025090201032724,NABIL,Sumeru Securities Pvt. Ltd.,Agrawal Securities (PVT) Ltd.,116,526.0,61016.0,2025-09-02 13:07:36.061920
2025-09-02,41617,2025090201032857,NABIL,Sipla Securities Private Limited,Aryatara Investment & Securities,9,525.0,4725.0,2025-09-02 13:08:43.915288
2025-09-02,40587,2025090201033406,NABIL,Investment Management Nepal Pvt. Ltd.,INDEX SECURITIES LIMITED,159,527.0,83793.0,2025-09-02 13:12:50.004885
2025-09-02,40586,2025090201033407,NABIL,Investment Management Nepal Pvt. Ltd.,INDEX SECURITIES LIMITED,500,527.0,263500.0,2025-09-02 13:12:50.005283
2025-09-02,40585,2025090201033408,NABIL,Investment Management Nepal Pvt. Ltd.,Sri Hari Securities Pvt. Ltd.,16,527.0,8432.0,2025-09-02 13:12:50.005415
2025-09-02,39896,2025090201033813,NABIL,Arun Securities (PVT) Ltd.,INDEX SECURITIES LIMITED,10,527.0,5270.0,2025-09-02 13:15:31.628549
2025-09-02,39623,2025090201033948,NABIL,Sumeru Securities Pvt. Ltd.,Dipshikha Dhitopatra Karobar Co. Pvt Ltd.,23,526.0,12098.0,2025-09-02 13:16:36.223320
2025-09-02,39545,2025090201033971,NABIL,Investment Management Nepal Pvt. Ltd.,INDEX SECURITIES LIMITED,490,527.0,258230.0,2025-09-02 13:16:52.968769
2025-09-02,39544,2025090201033972,NABIL,Investment Management Nepal Pvt. Ltd.,Midas Stock Broking Company Private Limited,150,527.0,79050.0,2025-09-02 13:16:52.969106
2025-09-02,39178,2025090201034169,NABIL,Sumeru Securities Pvt. Ltd.,Naasa Securities Co. Ltd.,20,526.0,10520.0,2025-09-02 13:18:32.088730
2025-09-02,38713,2025090201034397,NABIL,J.F. Securites (PVT) Ltd.,Naasa Securities Co. Ltd.,2,520.0,1040.0,2025-09-02 13:20:16.564930
2025-09-02,38638,2025090201034439,NABIL,Sumeru Securities Pvt. Ltd.,Aryatara Investment & Securities,20,526.0,10520.0,2025-09-02 13:20:43.401393
2025-09-02,38386,2025090201034591,NABIL,Sundhara Securities Limited,Naasa Securities Co. Ltd.,2,516.0,1032.0,2025-09-02 13:21:58.491991
2025-09-02,38357,2025090201034605,NABIL,Siprabi Securities Pvt. Ltd.,INDEX SECURITIES LIMITED,20,527.0,10540.0,2025-09-02 13:22:03.788967
2025-09-02,38278,2025090201034663,NABIL,Sumeru Securities Pvt. Ltd.,Naasa Securities Co. Ltd.,10,526.0,5260.0,2025-09-02 13:22:33.683864
2025-09-02,38259,2025090201034672,NABIL,Linch Stock Market Ltd.,Naasa Securities Co. Ltd.,1,518.0,518.0,2025-09-02 13:22:35.566346
2025-09-02,37942,2025090201034836,NABIL,Sumeru Securities Pvt. Ltd.,Kumari Securities Private Limited,59,526.0,31034.0,2025-09-02 13:23:52.282381
2025-09-02,36808,2025090201035434,NABIL,Sumeru Securities Pvt. Ltd.,Naasa Securities Co. Ltd.,27,526.0,14202.0,2025-09-02 13:27:58.881488
2025-09-02,36807,2025090201035435,NABIL,Arun Securities (PVT) Ltd.,Naasa Securities Co. Ltd.,20,526.0,10520.0,2025-09-02 13:27:58.882128
2025-09-02,36397,2025090201035664,NABIL,Arun Securities (PVT) Ltd.,Naasa Securities Co. Ltd.,56,526.0,29456.0,2025-09-02 13:29:27.239337
2025-09-02,36396,2025090201035665,NABIL,Aryatara Investment & Securities,Naasa Securities Co. Ltd.,25,526.0,13150.0,2025-09-02 13:29:27.239936
2025-09-02,36395,2025090201035666,NABIL,Dakshinkali Investment & Securities Pvt. Ltd.,Naasa Securities Co. Ltd.,19,526.0,9994.0,2025-09-02 13:29:27.240337
2025-09-02,35469,2025090201036162,NABIL,Naasa Securities Co. Ltd.,Linch Stock Market Ltd.,50,526.0,26300.0,2025-09-02 13:33:04.942297
2025-09-02,35468,2025090201036163,NABIL,Aryatara Investment & Securities,Linch Stock Market Ltd.,10,526.0,5260.0,2025-09-02 13:33:04.942598
2025-09-02,35467,2025090201036164,NABIL,Dipshikha Dhitopatra Karobar Co. Pvt Ltd.,Linch Stock Market Ltd.,200,526.0,105200.0,2025-09-02 13:33:04.942732
2025-09-02,35414,2025090201036190,NABIL,Sri Hari Securities Pvt. Ltd.,Kalika Securities Pvt. Ltd.,100,525.9,52590.0,2025-09-02 13:33:17.251463
2025-09-02,35413,2025090201036191,NABIL,Vision Securities Pvt. Ltd,Kalika Securities Pvt. Ltd.,15,525.8,7887.0,2025-09-02 13:33:17.251824
2025-09-02,35412,2025090201036192,NABIL,Sunrise Securities Limited,Kalika Securities Pvt. Ltd.,670,525.8,352286.0,2025-09-02 13:33:17.251954
2025-09-02,35135,2025090201036337,NABIL,Vision Securities Pvt. Ltd,Linch Stock Market Ltd.,240,526.0,126240.0,2025-09-02 13:34:18.769893
2025-09-02,33854,2025090201036958,NABIL,Sweta Securities Private Limited,Online Securities Pvt. Ltd.,15,526.0,7890.0,2025-09-02 13:38:28.953927
2025-09-02,33853,2025090201036959,NABIL,Dipshikha Dhitopatra Karobar Co. Pvt Ltd.,Online Securities Pvt. Ltd.,32,526.0,16832.0,2025-09-02 13:38:28.954291
2025-09-02,33789,2025090201036982,NABIL,Sunrise Securities Limited,Online Securities Pvt. Ltd.,273,525.8,143543.4,2025-09-02 13:38:44.120909
2025-09-02,33511,2025090201037113,NABIL,Sunrise Securities Limited,Vision Securities Pvt. Ltd,93,525.8,48899.4,2025-09-02 13:39:42.342829
2025-09-02,32908,2025090201037365,NABIL,ABC Securities Private Limited,Blue Chip Securities Ltd,10,526.0,5260.0,2025-09-02 13:41:55.184724
2025-09-02,32728,2025090201037444,NABIL,Sunrise Securities Limited,Imperial Securities Company Pvt. Ltd.,200,525.8,105160.0,2025-09-02 13:42:36.707405
2025-09-02,32697,2025090201037457,NABIL,Sunrise Securities Limited,INDEX SECURITIES LIMITED,480,525.8,252384.0,2025-09-02 13:42:44.864570
2025-09-02,32531,2025090201037537,NABIL,Premier Securities Company Ltd.,Blue Chip Securities Ltd,50,526.0,26300.0,2025-09-02 13:43:18.631819
2025-09-02,32406,2025090201037589,NABIL,Nepal Investment And Securities Trading Private Limited,Blue Chip Securities Ltd,10,526.0,5260.0,2025-09-02 13:43:35.780888
2025-09-02,31091,2025090201038291,NABIL,Imperial Securities Company Pvt. Ltd.,Blue Chip Securities Ltd,100,526.0,52600.0,2025-09-02 13:47:27.357055
2025-09-02,31079,2025090201038295,NABIL,Sunrise Securities Limited,Primo Securities (PVT) Ltd.,284,525.8,149327.2,2025-09-02 13:47:30.928284
2025-09-02,30692,2025090201038433,NABIL,Sani Securities Company Ltd.,Primo Securities (PVT) Ltd.,380,525.7,199766.0,2025-09-02 13:48:53.249333
2025-09-02,30691,2025090201038434,NABIL,ABC Securities Private Limited,Primo Securities (PVT) Ltd.,370,525.6,194472.0,2025-09-02 13:48:53.249717
2025-09-02,30289,2025090201038629,NABIL,ABC Securities Private Limited,Premier Securities Company Ltd.,20,525.6,10512.0,2025-09-02 13:49:58.972628
2025-09-02,29876,2025090201038831,NABIL,Sani Securities Company Ltd.,Primo Securities (PVT) Ltd.,10,525.8,5258.0,2025-09-02 13:51:09.958385
2025-09-02,29682,2025090201038924,NABIL,ABC Securities Private Limited,Naasa Securities Co. Ltd.,60,525.6,31536.0,2025-09-02 13:51:54.156796
2025-09-02,29100,2025090201039152,NABIL,ABC Securities Private Limited,Vision Securities Pvt. Ltd,100,525.6,52560.0,2025-09-02 13:53:49.286307
2025-09-02,28996,2025090201039200,NABIL,ABC Securities Private Limited,Online Securities Pvt. Ltd.,10,525.6,5256.0,2025-09-02 13:54:06.655954
2025-09-02,28492,2025090201039400,NABIL,ABC Securities Private Limited,Vision Securities Pvt. Ltd,340,525.6,178704.0,2025-09-02 13:55:40.888880
2025-09-02,28491,2025090201039401,NABIL,Naasa Securities Co. Ltd.,Vision Securities Pvt. Ltd,20,525.5,10510.0,2025-09-02 13:55:40.889500
2025-09-02,28490,2025090201039402,NABIL,Dynamic Money Managers Securities Pvt. Ltd.,Vision Securities Pvt. Ltd,10,525.5,5255.0,2025-09-02 13:55:40.889887
2025-09-02,28489,2025090201039403,NABIL,Dipshikha Dhitopatra Karobar Co. Pvt Ltd.,Vision Securities Pvt. Ltd,332,525.5,174466.0,2025-09-02 13:55:40.890290
2025-09-02,28470,2025090201039412,NABIL,Dipshikha Dhitopatra Karobar Co. Pvt Ltd.,Naasa Securities Co. Ltd.,20,525.5,10510.0,2025-09-02 13:55:45.886086
2025-09-02,28396,2025090201039449,NABIL,Dipshikha Dhitopatra Karobar Co. Pvt Ltd.,Online Securities Pvt. Ltd.,95,525.5,49922.5,2025-09-02 13:56:01.992089
2025-09-02,28348,2025090201039473,NABIL,Dipshikha Dhitopatra Karobar Co. Pvt Ltd.,Naasa Securities Co. Ltd.,350,525.5,183925.0,2025-09-02 13:56:11.271085
2025-09-02,28089,2025090201039615,NABIL,Naasa Securities Co. Ltd.,Primo Securities (PVT) Ltd.,34,525.8,17877.2,2025-09-02 13:57:03.977747
2025-09-02,28053,2025090201039629,NABIL,Cristal Kanchanjanga Securites Pvt. Ltd.,Dipshikha Dhitopatra Karobar Co. Pvt Ltd.,75,525.3,39397.5,2025-09-02 13:57:12.546252
2025-09-02,27948,2025090201039676,NABIL,Cristal Kanchanjanga Securites Pvt. Ltd.,Primo Securities (PVT) Ltd.,20,525.3,10506.0,2025-09-02 13:57:36.192901
2025-09-02,27947,2025090201039677,NABIL,Sundhara Securities Limited,Primo Securities (PVT) Ltd.,40,525.1,21004.0,2025-09-02 13:57:36.193534
2025-09-02,27946,2025090201039678,NABIL,Trishakti Securities Public Limited,Primo Securities (PVT) Ltd.,20,525.0,10500.0,2025-09-02 13:57:36.193955
2025-09-02,27945,2025090201039679,NABIL,Naasa Securities Co. Ltd.,Primo Securities (PVT) Ltd.,60,525.0,31500.0,2025-09-02 13:57:36.194359
2025-09-02,27944,2025090201039680,NABIL,Opal Securities Investment (PVT) Ltd.,Primo Securities (PVT) Ltd.,15,525.0,7875.0,2025-09-02 13:57:36.194730
2025-09-02,27943,2025090201039681,NABIL,Secured Securities Ltd.,Primo Securities (PVT) Ltd.,50,525.0,26250.0,2025-09-02 13:57:36.195111
2025-09-02,27942,2025090201039682,NABIL,Naasa Securities Co. Ltd.,Primo Securities (PVT) Ltd.,50,525.0,26250.0,2025-09-02 13:57:36.195477
2025-09-02,27941,2025090201039683,NABIL,Dipshikha Dhitopatra Karobar Co. Pvt Ltd.,Primo Securities (PVT) Ltd.,50,525.0,26250.0,2025-09-02 13:57:36.195840
2025-09-02,27940,2025090201039684,NABIL,Naasa Securities Co. Ltd.,Primo Securities (PVT) Ltd.,10,525.0,5250.0,2025-09-02 13:57:36.196212
2025-09-02,27939,2025090201039685,NABIL,Online Securities Pvt. Ltd.,Primo Securities (PVT) Ltd.,100,525.0,52500.0,2025-09-02 13:57:36.196593
2025-09-02,27938,2025090201039686,NABIL,Naasa Securities Co. Ltd.,Primo Securities (PVT) Ltd.,82,525.0,43050.0,2025-09-02 13:57:36.196955
2025-09-02,27518,2025090201039865,NABIL,Naasa Securities Co. Ltd.,Sumeru Securities Pvt. Ltd.,18,525.0,9450.0,2025-09-02 13:59:10.100592
2025-09-02,27517,2025090201039866,NABIL,Dipshikha Dhitopatra Karobar Co. Pvt Ltd.,Sumeru Securities Pvt. Ltd.,15,525.0,7875.0,2025-09-02 13:59:10.100894
2025-09-02,27516,2025090201039867,NABIL,Dakshinkali Investment & Securities Pvt. Ltd.,Sumeru Securities Pvt. Ltd.,100,525.0,52500.0,2025-09-02 13:59:10.101030
2025-09-02,27515,2025090201039868,NABIL,Online Securities Pvt. Ltd.,Sumeru Securities Pvt. Ltd.,128,525.0,67200.0,2025-09-02 13:59:10.101152
2025-09-02,27311,2025090201039941,NABIL,Online Securities Pvt. Ltd.,Shree Krishna Securities Ltd.,72,525.0,37800.0,2025-09-02 13:59:34.531741
2025-09-02,27310,2025090201039942,NABIL,Linch Stock Market Ltd.,Shree Krishna Securities Ltd.,10,525.0,5250.0,2025-09-02 13:59:34.532044
2025-09-02,27309,2025090201039943,NABIL,Thrive Brokerage House Pvt. Ltd,Shree Krishna Securities Ltd.,288,525.0,151200.0,2025-09-02 13:59:34.532169
2025-09-02,27156,2025090201040004,NABIL,Thrive Brokerage House Pvt. Ltd,Online Securities Pvt. Ltd.,339,525.0,177975.0,2025-09-02 14:00:06.682149
2025-09-02,26784,2025090201040156,NABIL,Sani Securities Company Ltd.,Primo Securities (PVT) Ltd.,15,525.8,7887.0,2025-09-02 14:01:27.644566
2025-09-02,26395,2025090201040335,NABIL,Thrive Brokerage House Pvt. Ltd,Ashutosh Brokerage & Securities (PVT) Ltd.,200,525.0,105000.0,2025-09-02 14:03:00.159837
2025-09-02,26282,2025090201040383,NABIL,Sani Securities Company Ltd.,Indira securities pvt. ltd,4,525.1,2100.4,2025-09-02 14:03:18.622195
2025-09-02,25803,2025090201040598,NABIL,Online Securities Pvt. Ltd.,Online Securities Pvt. Ltd.,50,525.5,26275.0,2025-09-02 14:04:50.653312
2025-09-02,25802,2025090201040599,NABIL,Thrive Brokerage House Pvt. Ltd,Online Securities Pvt. Ltd.,11,525.0,5775.0,2025-09-02 14:04:50.653839
2025-09-02,25191,2025090201040833,NABIL,South Asian Bulls Pvt. Ltd.,Dipshikha Dhitopatra Karobar Co. Pvt Ltd.,10,525.1,5251.0,2025-09-02 14:06:58.930442
2025-09-02,24580,2025090201041152,NABIL,Imperial Securities Company Pvt. Ltd.,Online Securities Pvt. Ltd.,10,525.5,5255.0,2025-09-02 14:09:08.490632
2025-09-02,24579,2025090201041153,NABIL,Imperial Securities Company Pvt. Ltd.,Primo Securities (PVT) Ltd.,10,525.8,5258.0,2025-09-02 14:09:08.490943
2025-09-02,24497,2025090201041197,NABIL,South Asian Bulls Pvt. Ltd.,Aryatara Investment & Securities,90,525.1,47259.0,2025-09-02 14:09:34.381468
2025-09-02,24496,2025090201041198,NABIL,Nepal Stock House (PVT) Ltd.,Aryatara Investment & Securities,20,525.1,10502.0,2025-09-02 14:09:34.381573
2025-09-02,24495,2025090201041199,NABIL,Online Securities Pvt. Ltd.,Aryatara Investment & Securities,15,525.1,7876.5,2025-09-02 14:09:34.381635
2025-09-02,24494,2025090201041200,NABIL,Thrive Brokerage House Pvt. Ltd,Aryatara Investment & Securities,87,525.0,45675.0,2025-09-02 14:09:34.381704
2025-09-02,24493,2025090201041201,NABIL,Naasa Securities Co. Ltd.,Aryatara Investment & Securities,100,525.0,52500.0,2025-09-02 14:09:34.381772
2025-09-02,24492,2025090201041202,NABIL,Dynamic Money Managers Securities Pvt. Ltd.,Aryatara Investment & Securities,10,525.0,5250.0,2025-09-02 14:09:34.381832
2025-09-02,24491,2025090201041203,NABIL,Nepal Stock House (PVT) Ltd.,Aryatara Investment & Securities,100,525.0,52500.0,2025-09-02 14:09:34.381895
2025-09-02,24490,2025090201041204,NABIL,Naasa Securities Co. Ltd.,Aryatara Investment & Securities,78,525.0,40950.0,2025-09-02 14:09:34.381960
2025-09-02,23150,2025090201041850,NABIL,Naasa Securities Co. Ltd.,Trishakti Securities Public Limited,500,525.0,262500.0,2025-09-02 14:14:21.495123
2025-09-02,23134,2025090201041857,NABIL,Naasa Securities Co. Ltd.,Market Securities & Exchange (PVT) Ltd.,10,525.0,5250.0,2025-09-02 14:14:27.455884
2025-09-02,22807,2025090201041972,NABIL,Premier Securities Company Ltd.,Dynamic Money Managers Securities Pvt. Ltd.,100,525.5,52550.0,2025-09-02 14:15:13.861626
2025-09-02,22488,2025090201042125,NABIL,Sani Securities Company Ltd.,Property Wiard Limited,10,525.7,5257.0,2025-09-02 14:16:18.530759
2025-09-02,22487,2025090201042126,NABIL,Sani Securities Company Ltd.,Primo Securities (PVT) Ltd.,147,525.8,77292.6,2025-09-02 14:16:18.530889
2025-09-02,22486,2025090201042127,NABIL,Sani Securities Company Ltd.,Dipshikha Dhitopatra Karobar Co. Pvt Ltd.,43,525.8,22609.4,2025-09-02 14:16:18.530967
2025-09-02,22116,2025090201042289,NABIL,Secured Securities Ltd.,Imperial Securities Company Pvt. Ltd.,20,525.7,10514.0,2025-09-02 14:17:30.281228
2025-09-02,21615,2025090201042527,NABIL,Naasa Securities Co. Ltd.,Premier Securities Company Ltd.,65,525.0,34125.0,2025-09-02 14:19:22.799818
2025-09-02,21142,2025090201042773,NABIL,Online Securities Pvt. Ltd.,Blue Chip Securities Ltd,80,526.0,42080.0,2025-09-02 14:20:39.220172
2025-09-02,21057,2025090201042817,NABIL,Nepal Stock House (PVT) Ltd.,Blue Chip Securities Ltd,22,526.0,11572.0,2025-09-02 14:20:58.248090
2025-09-02,20998,2025090201042844,NABIL,Naasa Securities Co. Ltd.,Blue Chip Securities Ltd,400,526.0,210400.0,2025-09-02 14:21:13.337920
2025-09-02,20705,2025090201042991,NABIL,Naasa Securities Co. Ltd.,Online Securities Pvt. Ltd.,10,525.0,5250.0,2025-09-02 14:22:19.218165
2025-09-02,20072,2025090201043281,NABIL,Naasa Securities Co. Ltd.,Sani Securities Company Ltd.,192,525.0,100800.0,2025-09-02 14:24:12.655355
2025-09-02,20071,2025090201043282,NABIL,Sri Hari Securities Pvt. Ltd.,Sani Securities Company Ltd.,150,525.0,78750.0,2025-09-02 14:24:12.655605
2025-09-02,20070,2025090201043283,NABIL,Kohinoor Investment & Securities Pvt. Ltd.,Sani Securities Company Ltd.,300,525.0,157500.0,2025-09-02 14:24:12.655731
2025-09-02,20069,2025090201043284,NABIL,Vision Securities Pvt. Ltd,Sani Securities Company Ltd.,28,525.0,14700.0,2025-09-02 14:24:12.655860
2025-09-02,20068,2025090201043285,NABIL,Sani Securities Company Ltd.,Sani Securities Company Ltd.,200,525.0,105000.0,2025-09-02 14:24:12.655983
2025-09-02,20067,2025090201043286,NABIL,Creative Securities Pvt Ltd,Sani Securities Company Ltd.,30,525.0,15750.0,2025-09-02 14:24:12.656109
2025-09-02,19866,2025090201043366,NABIL,Creative Securities Pvt Ltd,Sani Securities Company Ltd.,20,525.0,10500.0,2025-09-02 14:24:56.975897
2025-09-02,19865,2025090201043367,NABIL,Sundhara Securities Limited,Sani Securities Company Ltd.,39,525.0,20475.0,2025-09-02 14:24:56.976281
2025-09-02,19864,2025090201043368,NABIL,Online Securities Pvt. Ltd.,Sani Securities Company Ltd.,105,525.0,55125.0,2025-09-02 14:24:56.976423
2025-09-02,19863,2025090201043369,NABIL,Naasa Securities Co. Ltd.,Sani Securities Company Ltd.,22,525.0,11550.0,2025-09-02 14:24:56.976546
2025-09-02,19862,2025090201043370,NABIL,Nepal Investment And Securities Trading Private Limited,Sani Securities Company Ltd.,714,525.0,374850.0,2025-09-02 14:24:56.976668
2025-09-02,19818,2025090201043400,NABIL,Nepal Investment And Securities Trading Private Limited,Dipshikha Dhitopatra Karobar Co. Pvt Ltd.,100,525.0,52500.0,2025-09-02 14:25:00.757731
2025-09-02,19749,2025090201043419,NABIL,Sri Hari Securities Pvt. Ltd.,Imperial Securities Company Pvt. Ltd.,100,525.1,52510.0,2025-09-02 14:25:12.463230
2025-09-02,19748,2025090201043420,NABIL,Nepal Investment And Securities Trading Private Limited,Imperial Securities Company Pvt. Ltd.,186,525.0,97650.0,2025-09-02 14:25:12.463581
2025-09-02,19747,2025090201043421,NABIL,Kohinoor Investment & Securities Pvt. Ltd.,Imperial Securities Company Pvt. Ltd.,75,525.0,39375.0,2025-09-02 14:25:12.463705
2025-09-02,19746,2025090201043422,NABIL,Secured Securities Ltd.,Imperial Securities Company Pvt. Ltd.,26,525.0,13650.0,2025-09-02 14:25:12.463824
2025-09-02,19442,2025090201043511,NABIL,Secured Securities Ltd.,Sweta Securities Private Limited,74,525.0,38850.0,2025-09-02 14:25:51.163856
2025-09-02,19441,2025090201043512,NABIL,Siprabi Securities Pvt. Ltd.,Sweta Securities Private Limited,13,525.0,6825.0,2025-09-02 14:25:51.164439
2025-09-02,19440,2025090201043513,NABIL,Creative Securities Pvt Ltd,Sweta Securities Private Limited,20,525.0,10500.0,2025-09-02 14:25:51.164805
2025-09-02,19439,2025090201043514,NABIL,Naasa Securities Co. Ltd.,Sweta Securities Private Limited,10,525.0,5250.0,2025-09-02 14:25:51.165179
2025-09-02,19438,2025090201043515,NABIL,Deevyaa Securities & Stock House Pvt. Ltd,Sweta Securities Private Limited,10,525.0,5250.0,2025-09-02 14:25:51.165542
2025-09-02,19437,2025090201043516,NABIL,Sani Securities Company Ltd.,Sweta Securities Private Limited,45,525.0,23625.0,2025-09-02 14:25:51.165888
2025-09-02,19015,2025090201043696,NABIL,Naasa Securities Co. Ltd.,Sweta Securities Private Limited,30,525.0,15750.0,2025-09-02 14:26:49.878614
2025-09-02,18982,2025090201043705,NABIL,Sani Securities Company Ltd.,Himalayan Brokerage Company Limited,50,524.0,26200.0,2025-09-02 14:26:52.903243
2025-09-02,18966,2025090201043715,NABIL,Sani Securities Company Ltd.,Trishakti Securities Public Limited,40,524.0,20960.0,2025-09-02 14:26:55.177174
2025-09-02,18774,2025090201043789,NABIL,Sani Securities Company Ltd.,Agrawal Securities (PVT) Ltd.,30,524.0,15720.0,2025-09-02 14:27:29.395062
2025-09-02,18640,2025090201043844,NABIL,Market Securities & Exchange (PVT) Ltd.,Sweta Securities Private Limited,500,525.0,262500.0,2025-09-02 14:27:46.082532
2025-09-02,18126,2025090201044016,NABIL,Sani Securities Company Ltd.,Imperial Securities Company Pvt. Ltd.,75,524.0,39300.0,2025-09-02 14:28:58.062074
2025-09-02,18125,2025090201044017,NABIL,Blue Chip Securities Ltd,Imperial Securities Company Pvt. Ltd.,20,524.0,10480.0,2025-09-02 14:28:58.062367
2025-09-02,17650,2025090201044163,NABIL,Blue Chip Securities Ltd,Himalayan Brokerage Company Limited,50,524.0,26200.0,2025-09-02 14:30:03.761554
2025-09-02,17163,2025090201044360,NABIL,Shree Krishna Securities Ltd.,Siprabi Securities Pvt. Ltd.,20,524.5,10490.0,2025-09-02 14:31:06.244090
2025-09-02,16563,2025090201044582,NABIL,Linch Stock Market Ltd.,Property Wiard Limited,10,524.4,5244.0,2025-09-02 14:32:35.551644
2025-09-02,16562,2025090201044583,NABIL,Linch Stock Market Ltd.,Siprabi Securities Pvt. Ltd.,86,524.5,45107.0,2025-09-02 14:32:35.552308
2025-09-02,16561,2025090201044584,NABIL,Linch Stock Market Ltd.,Online Securities Pvt. Ltd.,150,524.5,78675.0,2025-09-02 14:32:35.552731
2025-09-02,16560,2025090201044585,NABIL,Linch Stock Market Ltd.,Himalayan Brokerage Company Limited,50,524.9,26245.0,2025-09-02 14:32:35.553120
2025-09-02,16559,2025090201044586,NABIL,Linch Stock Market Ltd.,Sweta Securities Private Limited,29,525.0,15225.0,2025-09-02 14:32:35.553495
2025-09-02,14677,2025090201045250,NABIL,Aryatara Investment & Securities,Sweta Securities Private Limited,40,525.0,21000.0,2025-09-02 14:36:53.763639
2025-09-02,14516,2025090201045310,NABIL,Imperial Securities Company Pvt. Ltd.,Sweta Securities Private Limited,38,525.0,19950.0,2025-09-02 14:37:12.488286
2025-09-02,13812,2025090201045580,NABIL,Asian Securities Private Ltd.,Sweta Securities Private Limited,20,525.0,10500.0,2025-09-02 14:38:45.549066
2025-09-02,12891,2025090201045883,NABIL,Sani Securities Company Ltd.,Sweta Securities Private Limited,171,525.0,89775.0,2025-09-02 14:40:44.108619
2025-09-02,12890,2025090201045884,NABIL,Sani Securities Company Ltd.,Imperial Securities Company Pvt. Ltd.,29,525.0,15225.0,2025-09-02 14:40:44.109239
2025-09-02,12340,2025090201046088,NABIL,Siprabi Securities Pvt. Ltd.,Midas Stock Broking Company Private Limited,25,525.0,13125.0,2025-09-02 14:42:01.653386
2025-09-02,12339,2025090201046089,NABIL,Creative Securities Pvt Ltd,Midas Stock Broking Company Private Limited,30,525.0,15750.0,2025-09-02 14:42:01.653957
2025-09-02,12338,2025090201046090,NABIL,Dipshikha Dhitopatra Karobar Co. Pvt Ltd.,Midas Stock Broking Company Private Limited,110,525.0,57750.0,2025-09-02 14:42:01.654374
2025-09-02,12337,2025090201046091,NABIL,Naasa Securities Co. Ltd.,Midas Stock Broking Company Private Limited,40,525.0,21000.0,2025-09-02 14:42:01.654775
2025-09-02,12085,2025090201046178,NABIL,Nepal Investment And Securities Trading Private Limited,Midas Stock Broking Company Private Limited,11,525.0,5775.0,2025-09-02 14:42:31.919175
2025-09-02,12084,2025090201046179,NABIL,Nepal Investment And Securities Trading Private Limited,South Asian Bulls Pvt. Ltd.,9,525.0,4725.0,2025-09-02 14:42:31.919414
2025-09-02,11718,2025090201046304,NABIL,Trishakti Securities Public Limited,Kohinoor Investment & Securities Pvt. Ltd.,95,524.5,49827.5,2025-09-02 14:43:19.660182
2025-09-02,11717,2025090201046305,NABIL,Aryatara Investment & Securities,Kohinoor Investment & Securities Pvt. Ltd.,23,524.1,12054.3,2025-09-02 14:43:19.660482
2025-09-02,11461,2025090201046386,NABIL,Kumari Securities Private Limited,Naasa Securities Co. Ltd.,2,525.0,1050.0,2025-09-02 14:43:54.071402
2025-09-02,10591,2025090201046684,NABIL,Aryatara Investment & Securities,Midas Stock Broking Company Private Limited,27,524.1,14150.7,2025-09-02 14:45:30.732552
2025-09-02,10590,2025090201046685,NABIL,Nepal Stock House (PVT) Ltd.,Midas Stock Broking Company Private Limited,30,524.1,15723.0,2025-09-02 14:45:30.732864
2025-09-02,10589,2025090201046686,NABIL,Naasa Securities Co. Ltd.,Midas Stock Broking Company Private Limited,30,524.1,15723.0,2025-09-02 14:45:30.732996
2025-09-02,10439,2025090201046739,NABIL,Blue Chip Securities Ltd,Dynamic Money Managers Securities Pvt. Ltd.,130,524.0,68120.0,2025-09-02 14:45:50.264062
2025-09-02,10438,2025090201046740,NABIL,Aryatara Investment & Securities,Dynamic Money Managers Securities Pvt. Ltd.,50,524.0,26200.0,2025-09-02 14:45:50.264683
2025-09-02,10437,2025090201046741,NABIL,Imperial Securities Company Pvt. Ltd.,Dynamic Money Managers Securities Pvt. Ltd.,20,524.0,10480.0,2025-09-02 14:45:50.265081
2025-09-02,10436,2025090201046742,NABIL,Sani Securities Company Ltd.,Dynamic Money Managers Securities Pvt. Ltd.,48,524.0,25152.0,2025-09-02 14:45:50.265440
2025-09-02,10435,2025090201046743,NABIL,Imperial Securities Company Pvt. Ltd.,Dynamic Money Managers Securities Pvt. Ltd.,22,524.0,11528.0,2025-09-02 14:45:50.265814
2025-09-02,10434,2025090201046744,NABIL,Secured Securities Ltd.,Dynamic Money Managers Securities Pvt. Ltd.,50,524.0,26200.0,2025-09-02 14:45:50.266194
2025-09-02,10433,2025090201046745,NABIL,Primo Securities (PVT) Ltd.,Dynamic Money Managers Securities Pvt. Ltd.,30,524.0,15720.0,2025-09-02 14:45:50.266559
2025-09-02,10053,2025090201046900,NABIL,Secured Securities Ltd.,Siprabi Securities Pvt. Ltd.,25,524.5,13112.5,2025-09-02 14:46:43.413117
2025-09-02,9912,2025090201046952,NABIL,Kumari Securities Private Limited,Sweta Securities Private Limited,25,524.0,13100.0,2025-09-02 14:47:03.288110
2025-09-02,9911,2025090201046953,NABIL,Kumari Securities Private Limited,Trishakti Securities Public Limited,25,524.0,13100.0,2025-09-02 14:47:03.753936
2025-09-02,9796,2025090201046995,NABIL,Agrawal Securities (PVT) Ltd.,Trishakti Securities Public Limited,175,524.0,91700.0,2025-09-02 14:47:17.186516
2025-09-02,9345,2025090201047172,NABIL,Premier Securities Company Ltd.,Dynamic Money Managers Securities Pvt. Ltd.,50,524.0,26200.0,2025-09-02 14:48:14.020280
2025-09-02,9265,2025090201047197,NABIL,Dakshinkali Investment & Securities Pvt. Ltd.,Midas Stock Broking Company Private Limited,13,523.3,6802.9,2025-09-02 14:48:23.798358
2025-09-02,9016,2025090201047301,NABIL,Oxford Securities Pvt. Ltd.,J.F. Securites (PVT) Ltd.,100,524.0,52400.0,2025-09-02 14:48:46.767564
2025-09-02,8621,2025090201047502,NABIL,Dakshinkali Investment & Securities Pvt. Ltd.,Blue Chip Securities Ltd,43,523.3,22501.9,2025-09-02 14:49:27.980252
2025-09-02,7974,2025090201047760,NABIL,Sri Hari Securities Pvt. Ltd.,J.F. Securites (PVT) Ltd.,10,524.0,5240.0,2025-09-02 14:50:35.980922
2025-09-02,7878,2025090201047785,NABIL,J.F. Securites (PVT) Ltd.,Malla & Malla Stock Broking Company Pvt. Limited,1,514.5,514.5,2025-09-02 14:50:45.852010
2025-09-02,7642,2025090201047870,NABIL,Infinity Securities Limited,J.F. Securites (PVT) Ltd.,10,524.0,5240.0,2025-09-02 14:51:06.328390
2025-09-02,7236,2025090201048038,NABIL,Malla & Malla Stock Broking Company Pvt. Limited,Market Securities & Exchange (PVT) Ltd.,10,523.4,5234.0,2025-09-02 14:51:42.786257
2025-09-02,6723,2025090201048294,NABIL,Dynamic Money Managers Securities Pvt. Ltd.,Magnet Securities and Investment Company Private Limited,50,523.5,26175.0,2025-09-02 14:52:22.930758
2025-09-02,6321,2025090201048430,NABIL,Dynamic Money Managers Securities Pvt. Ltd.,Siprabi Securities Pvt. Ltd.,30,523.5,15705.0,2025-09-02 14:53:00.355176
2025-09-02,6278,2025090201048441,NABIL,Vision Securities Pvt. Ltd,J.F. Securites (PVT) Ltd.,15,524.0,7860.0,2025-09-02 14:53:03.633673
2025-09-02,6010,2025090201048531,NABIL,Dynamic Money Managers Securities Pvt. Ltd.,Siprabi Securities Pvt. Ltd.,20,523.5,10470.0,2025-09-02 14:53:29.674607
2025-09-02,5649,2025090201048630,NABIL,Naasa Securities Co. Ltd.,J.F. Securites (PVT) Ltd.,18,524.0,9432.0,2025-09-02 14:54:00.555307
2025-09-02,5172,2025090201048800,NABIL,Imperial Securities Company Pvt. Ltd.,J.F. Securites (PVT) Ltd.,50,524.0,26200.0,2025-09-02 14:54:41.282209
2025-09-02,5007,2025090201048846,NABIL,Naasa Securities Co. Ltd.,J.F. Securites (PVT) Ltd.,47,524.0,24628.0,2025-09-02 14:54:57.392382
2025-09-02,5006,2025090201048847,NABIL,Naasa Securities Co. Ltd.,Siprabi Securities Pvt. Ltd.,10,524.0,5240.0,2025-09-02 14:54:57.392696
2025-09-02,5005,2025090201048848,NABIL,Naasa Securities Co. Ltd.,Vision Securities Pvt. Ltd,300,524.0,157200.0,2025-09-02 14:54:57.392829
2025-09-02,5004,2025090201048849,NABIL,Naasa Securities Co. Ltd.,Neev Securities Pvt. Ltd.,143,524.0,74932.0,2025-09-02 14:54:57.392960
2025-09-02,4899,2025090201048888,NABIL,Malla & Malla Stock Broking Company Pvt. Limited,Neev Securities Pvt. Ltd.,40,524.0,20960.0,2025-09-02 14:55:05.817759
2025-09-02,4814,2025090201048918,NABIL,Trishakti Securities Public Limited,Neev Securities Pvt. Ltd.,100,524.0,52400.0,2025-09-02 14:55:14.218176
2025-09-02,4328,2025090201049092,NABIL,Siprabi Securities Pvt. Ltd.,Neev Securities Pvt. Ltd.,10,524.0,5240.0,2025-09-02 14:56:00.502192
2025-09-02,3305,2025090201049502,NABIL,Dakshinkali Investment & Securities Pvt. Ltd.,Sri Hari Securities Pvt. Ltd.,44,523.6,23038.4,2025-09-02 14:57:09.641920
2025-09-02,3304,2025090201049503,NABIL,Kumari Securities Private Limited,Sri Hari Securities Pvt. Ltd.,100,523.5,52350.0,2025-09-02 14:57:09.642536
2025-09-02,3303,2025090201049504,NABIL,Dynamic Money Managers Securities Pvt. Ltd.,Sri Hari Securities Pvt. Ltd.,100,523.5,52350.0,2025-09-02 14:57:09.642930
2025-09-02,3302,2025090201049505,NABIL,Trishakti Securities Public Limited,Sri Hari Securities Pvt. Ltd.,100,523.5,52350.0,2025-09-02 14:57:09.643338
2025-09-02,3301,2025090201049506,NABIL,Online Securities Pvt. Ltd.,Sri Hari Securities Pvt. Ltd.,100,523.5,52350.0,2025-09-02 14:57:09.643728
2025-09-02,3300,2025090201049507,NABIL,Sundhara Securities Limited,Sri Hari Securities Pvt. Ltd.,20,523.5,10470.0,2025-09-02 14:57:09.644105
2025-09-02,3299,2025090201049508,NABIL,Aryatara Investment & Securities,Sri Hari Securities Pvt. Ltd.,50,523.5,26175.0,2025-09-02 14:57:09.644480
2025-09-02,3298,2025090201049509,NABIL,Sweta Securities Private Limited,Sri Hari Securities Pvt. Ltd.,50,523.4,26170.0,2025-09-02 14:57:09.644872
2025-09-02,3297,2025090201049510,NABIL,Neev Securities Pvt. Ltd.,Sri Hari Securities Pvt. Ltd.,20,523.3,10466.0,2025-09-02 14:57:09.645266
2025-09-02,3296,2025090201049511,NABIL,K.B.L. Securities Limited ,Sri Hari Securities Pvt. Ltd.,416,523.3,217692.8,2025-09-02 14:57:09.645626
2025-09-02,2161,2025090201049903,NABIL,Sewa Securities Pvt. Ltd.,Neev Securities Pvt. Ltd.,20,524.0,10480.0,2025-09-02 14:58:25.213927
2025-09-02,1350,2025090201050138,NABIL,Investment Management Nepal Pvt. Ltd.,Neev Securities Pvt. Ltd.,47,524.0,24628.0,2025-09-02 14:59:09.907622
2025-09-02,1349,2025090201050139,NABIL,Investment Management Nepal Pvt. Ltd.,Siprabi Securities Pvt. Ltd.,53,524.0,27772.0,2025-09-02 14:59:09.907911
2025-09-02,513,2025090201050380,NABIL,Dipshikha Dhitopatra Karobar Co. Pvt Ltd.,Siprabi Securities Pvt. Ltd.,47,524.0,24628.0,2025-09-02 14:59:42.679110
2025-09-02,476,2025090201050397,NABIL,Dipshikha Dhitopatra Karobar Co. Pvt Ltd.,Trishakti Securities Public Limited,153,524.0,80172.0,2025-09-02 14:59:44.525254
2025-09-02,475,2025090201050398,NABIL,Dipshikha Dhitopatra Karobar Co. Pvt Ltd.,Trishakti Securities Public Limited,15,523.5,7852.5,2025-09-02 14:59:44.525385
2025-09-02,474,2025090201050399,NABIL,Creative Securities Pvt Ltd,Trishakti Securities Public Limited,30,523.5,15705.0,2025-09-02 14:59:44.525445
2025-09-02,246,2025090201050443,NABIL,Dipshikha Dhitopatra Karobar Co. Pvt Ltd.,Sewa Securities Pvt. Ltd.,30,523.5,15705.0,2025-09-02 14:59:54.022095
2025-09-02,245,2025090201050444,NABIL,Siprabi Securities Pvt. Ltd.,Sewa Securities Pvt. Ltd.,15,523.5,7852.5,2025-09-02 14:59:54.022657
2025-09-02,244,2025090201050445,NABIL,Naasa Securities Co. Ltd.,Sewa Securities Pvt. Ltd.,211,523.5,110458.5,2025-09-02 14:59:54.023056
