Date,S.N.,contract_id,symbol,buyer_broker,seller_broker,volume,price,amount,transaction_time
2025-09-02,89367,2025090201000362,PCBL,Sri Hari Securities Pvt. Ltd.,Bhrikuti Stock Broking Co. Pvt. Ltd.,10,259.1,2591.0,2025-09-02 10:46:00.155322
2025-09-02,82186,2025090201006337,PCBL,Linch Stock Market Ltd.,Dynamic Money Managers Securities Pvt. Ltd.,50,255.0,12750.0,2025-09-02 11:11:51.590807
2025-09-02,82116,2025090201006389,PCBL,Kohinoor Investment & Securities Pvt. Ltd.,Dynamic Money Managers Securities Pvt. Ltd.,1950,255.0,497250.0,2025-09-02 11:12:04.910956
2025-09-02,80588,2025090201007637,PCBL,Siprabi Securities Pvt. Ltd.,Shree Krishna Securities Ltd.,10,256.9,2569.0,2025-09-02 11:15:03.881438
2025-09-02,78229,2025090201009571,PCBL,Thrive Brokerage House Pvt. Ltd,Sundhara Securities Limited,40,256.0,10240.0,2025-09-02 11:19:45.995411
2025-09-02,77136,2025090201010358,PCBL,Dipshikha Dhitopatra Karobar Co. Pvt Ltd.,Midas Stock Broking Company Private Limited,60,252.5,15150.0,2025-09-02 11:22:14.406163
2025-09-02,76732,2025090201010687,PCBL,Siprabi Securities Pvt. Ltd.,Online Securities Pvt. Ltd.,10,255.0,2550.0,2025-09-02 11:23:16.449003
2025-09-02,76557,2025090201010809,PCBL,Dipshikha Dhitopatra Karobar Co. Pvt Ltd.,Online Securities Pvt. Ltd.,110,255.0,28050.0,2025-09-02 11:23:39.151734
2025-09-02,76556,2025090201010810,PCBL,Dipshikha Dhitopatra Karobar Co. Pvt Ltd.,Naasa Securities Co. Ltd.,40,255.0,10200.0,2025-09-02 11:23:39.151947
2025-09-02,75894,2025090201011286,PCBL,Dipshikha Dhitopatra Karobar Co. Pvt Ltd.,Siprabi Securities Pvt. Ltd.,50,254.0,12700.0,2025-09-02 11:25:15.962819
2025-09-02,75865,2025090201011307,PCBL,Cristal Kanchanjanga Securites Pvt. Ltd.,Siprabi Securities Pvt. Ltd.,103,254.0,26162.0,2025-09-02 11:25:21.131125
2025-09-02,72731,2025090201013642,PCBL,Cristal Kanchanjanga Securites Pvt. Ltd.,Deevyaa Securities & Stock House Pvt. Ltd,50,254.0,12700.0,2025-09-02 11:32:38.304534
2025-09-02,72730,2025090201013643,PCBL,Dipshikha Dhitopatra Karobar Co. Pvt Ltd.,Deevyaa Securities & Stock House Pvt. Ltd,150,253.1,37965.0,2025-09-02 11:32:38.304632
2025-09-02,72102,2025090201014049,PCBL,Cristal Kanchanjanga Securites Pvt. Ltd.,Malla & Malla Stock Broking Company Pvt. Limited,132,253.2,33422.4,2025-09-02 11:34:11.090723
2025-09-02,70695,2025090201015005,PCBL,Capital Hub P. Ltd,Capital Max Securities Ltd,15,254.0,3810.0,2025-09-02 11:37:33.734058
2025-09-02,68567,2025090201016514,PCBL,Magnet Securities and Investment Company Private Limited,Sweta Securities Private Limited,10,255.0,2550.0,2025-09-02 11:42:38.012922
2025-09-02,68566,2025090201016515,PCBL,Magnet Securities and Investment Company Private Limited,Imperial Securities Company Pvt. Ltd.,30,255.6,7668.0,2025-09-02 11:42:38.013175
2025-09-02,68565,2025090201016516,PCBL,Magnet Securities and Investment Company Private Limited,Roadshow securities limited,100,255.7,25570.0,2025-09-02 11:42:38.013330
2025-09-02,67775,2025090201017105,PCBL,Magnet Securities and Investment Company Private Limited,K.B.L. Securities Limited ,500,255.7,127850.0,2025-09-02 11:44:04.385820
2025-09-02,67580,2025090201017231,PCBL,Magnet Securities and Investment Company Private Limited,Roadshow securities limited,300,255.7,76710.0,2025-09-02 11:44:38.363362
2025-09-02,67501,2025090201017288,PCBL,Magnet Securities and Investment Company Private Limited,Roadshow securities limited,60,255.7,15342.0,2025-09-02 11:44:55.406342
2025-09-02,65366,2025090201018552,PCBL,Dipshikha Dhitopatra Karobar Co. Pvt Ltd.,Thrive Brokerage House Pvt. Ltd,87,254.3,22124.1,2025-09-02 11:50:19.199327
2025-09-02,64458,2025090201019128,PCBL,Cristal Kanchanjanga Securites Pvt. Ltd.,Creative Securities Pvt Ltd,168,254.2,42705.6,2025-09-02 11:52:41.454313
2025-09-02,64457,2025090201019129,PCBL,J.F. Securites (PVT) Ltd.,Creative Securities Pvt Ltd,200,254.2,50840.0,2025-09-02 11:52:41.454445
2025-09-02,64456,2025090201019130,PCBL,Magnet Securities and Investment Company Private Limited,Creative Securities Pvt Ltd,1000,254.1,254100.0,2025-09-02 11:52:41.454498
2025-09-02,64455,2025090201019131,PCBL,Aryatara Investment & Securities,Creative Securities Pvt Ltd,412,254.1,104689.2,2025-09-02 11:52:41.454551
2025-09-02,64338,2025090201019197,PCBL,Aryatara Investment & Securities,Creative Securities Pvt Ltd,88,254.1,22360.8,2025-09-02 11:52:59.551257
2025-09-02,64337,2025090201019198,PCBL,Nepal Stock House (PVT) Ltd.,Creative Securities Pvt Ltd,1692,254.1,429937.2,2025-09-02 11:52:59.551384
2025-09-02,63399,2025090201019827,PCBL,Dipshikha Dhitopatra Karobar Co. Pvt Ltd.,Sani Securities Company Ltd.,100,254.3,25430.0,2025-09-02 11:54:47.266003
2025-09-02,63398,2025090201019828,PCBL,Trisul Securities & Invt. Ltd.,Sani Securities Company Ltd.,500,254.2,127100.0,2025-09-02 11:54:47.266132
2025-09-02,63032,2025090201020002,PCBL,Nepal Stock House (PVT) Ltd.,Nepal Stock House (PVT) Ltd.,120,254.1,30492.0,2025-09-02 11:55:32.137606
2025-09-02,62636,2025090201020286,PCBL,Capital Max Securities Ltd,Online Securities Pvt. Ltd.,200,254.2,50840.0,2025-09-02 11:56:27.025061
2025-09-02,62289,2025090201020484,PCBL,Capital Max Securities Ltd,Sani Securities Company Ltd.,200,254.2,50840.0,2025-09-02 11:57:25.855836
2025-09-02,61992,2025090201020673,PCBL,Capital Max Securities Ltd,Trisul Securities & Invt. Ltd.,100,254.2,25420.0,2025-09-02 11:58:12.639960
2025-09-02,61991,2025090201020674,PCBL,Nepal Stock House (PVT) Ltd.,Trisul Securities & Invt. Ltd.,900,254.1,228690.0,2025-09-02 11:58:12.640122
2025-09-02,61521,2025090201020957,PCBL,Pragyan Securities (PVT) Ltd.,Sanima Securities Limited,1,250.0,250.0,2025-09-02 11:59:04.442135
2025-09-02,61459,2025090201020991,PCBL,Pragyan Securities (PVT) Ltd.,Ashutosh Brokerage & Securities (PVT) Ltd.,1,253.0,253.0,2025-09-02 11:59:17.335630
2025-09-02,61078,2025090201021235,PCBL,Nepal Stock House (PVT) Ltd.,INDEX SECURITIES LIMITED,2000,254.1,508200.0,2025-09-02 12:00:21.909136
2025-09-02,60614,2025090201021535,PCBL,Nepal Stock House (PVT) Ltd.,Imperial Securities Company Pvt. Ltd.,250,254.1,63525.0,2025-09-02 12:01:36.487580
2025-09-02,59663,2025090201022143,PCBL,Nepal Stock House (PVT) Ltd.,J.F. Securites (PVT) Ltd.,500,254.1,127050.0,2025-09-02 12:04:24.026219
2025-09-02,56744,2025090201023871,PCBL,ABC Securities Private Limited,Online Securities Pvt. Ltd.,200,255.0,51000.0,2025-09-02 12:12:41.085882
2025-09-02,56743,2025090201023872,PCBL,ABC Securities Private Limited,Aryatara Investment & Securities,200,255.0,51000.0,2025-09-02 12:12:41.086069
2025-09-02,56742,2025090201023873,PCBL,ABC Securities Private Limited,Dipshikha Dhitopatra Karobar Co. Pvt Ltd.,600,255.0,153000.0,2025-09-02 12:12:41.086126
2025-09-02,56680,2025090201023916,PCBL,ABC Securities Private Limited,Dipshikha Dhitopatra Karobar Co. Pvt Ltd.,1500,255.0,382500.0,2025-09-02 12:12:55.201104
2025-09-02,56169,2025090201024235,PCBL,Nepal Stock House (PVT) Ltd.,INDEX SECURITIES LIMITED,500,254.2,127100.0,2025-09-02 12:14:43.329497
2025-09-02,55509,2025090201024649,PCBL,Nepal Stock House (PVT) Ltd.,ABC Securities Private Limited,104,254.1,26426.4,2025-09-02 12:17:08.097983
2025-09-02,55200,2025090201024841,PCBL,Nepal Stock House (PVT) Ltd.,Sri Hari Securities Pvt. Ltd.,1393,254.1,353961.3,2025-09-02 12:18:13.570078
2025-09-02,55196,2025090201024845,PCBL,Machhapuchchhre Securities Limited,Dipshikha Dhitopatra Karobar Co. Pvt Ltd.,100,255.0,25500.0,2025-09-02 12:18:15.354779
2025-09-02,55115,2025090201024902,PCBL,ABC Securities Private Limited,Dipshikha Dhitopatra Karobar Co. Pvt Ltd.,800,255.0,204000.0,2025-09-02 12:18:31.713585
2025-09-02,54994,2025090201024966,PCBL,Machhapuchchhre Securities Limited,Roadshow securities limited,100,255.0,25500.0,2025-09-02 12:18:57.714171
2025-09-02,54993,2025090201024967,PCBL,Nepal Stock House (PVT) Ltd.,Roadshow securities limited,1400,254.1,355740.0,2025-09-02 12:18:57.714288
2025-09-02,53301,2025090201025950,PCBL,N.M.B. SECURITIES LIMITED,Imperial Securities Company Pvt. Ltd.,54,254.2,13726.8,2025-09-02 12:24:39.947062
2025-09-02,52117,2025090201026730,PCBL,Machhapuchchhre Securities Limited,Aryatara Investment & Securities,200,255.0,51000.0,2025-09-02 12:28:47.959241
2025-09-02,50728,2025090201027585,PCBL,Kalika Securities Pvt. Ltd.,Vision Securities Pvt. Ltd,20,255.0,5100.0,2025-09-02 12:33:43.377628
2025-09-02,46908,2025090201029868,PCBL,Pragyan Securities (PVT) Ltd.,Aryatara Investment & Securities,3,253.0,759.0,2025-09-02 12:47:28.981361
2025-09-02,46368,2025090201030190,PCBL,Capital Hub P. Ltd,Kumari Securities Private Limited,500,254.9,127450.0,2025-09-02 12:49:41.347824
2025-09-02,46213,2025090201030277,PCBL,Magnet Securities and Investment Company Private Limited,Asian Securities Private Ltd.,416,254.5,105872.0,2025-09-02 12:50:13.439005
2025-09-02,46066,2025090201030378,PCBL,Magnet Securities and Investment Company Private Limited,Sundhara Securities Limited,584,254.5,148628.0,2025-09-02 12:50:47.480602
2025-09-02,45689,2025090201030574,PCBL,Cristal Kanchanjanga Securites Pvt. Ltd.,Roadshow securities limited,40,254.3,10172.0,2025-09-02 12:52:26.645290
2025-09-02,45573,2025090201030670,PCBL,Cristal Kanchanjanga Securites Pvt. Ltd.,Imperial Securities Company Pvt. Ltd.,160,254.3,40688.0,2025-09-02 12:52:39.932226
2025-09-02,45572,2025090201030671,PCBL,N.M.B. SECURITIES LIMITED,Imperial Securities Company Pvt. Ltd.,40,254.2,10168.0,2025-09-02 12:52:39.932393
2025-09-02,45375,2025090201030805,PCBL,Capital Max Securities Ltd,Sundhara Securities Limited,376,254.5,95692.0,2025-09-02 12:53:24.808887
2025-09-02,45284,2025090201030867,PCBL,Capital Max Securities Ltd,South Asian Bulls Pvt. Ltd.,124,254.5,31558.0,2025-09-02 12:53:50.882507
2025-09-02,45039,2025090201030999,PCBL,N.M.B. SECURITIES LIMITED,South Asian Bulls Pvt. Ltd.,573,254.2,145656.6,2025-09-02 12:54:49.078104
2025-09-02,44256,2025090201031413,PCBL,Capital Max Securities Ltd,Premier Securities Company Ltd.,300,254.2,76260.0,2025-09-02 12:57:58.256557
2025-09-02,43682,2025090201031702,PCBL,Capital Max Securities Ltd,Aryatara Investment & Securities,200,254.2,50840.0,2025-09-02 13:00:21.823957
2025-09-02,43681,2025090201031703,PCBL,Nepal Stock House (PVT) Ltd.,Aryatara Investment & Securities,800,254.1,203280.0,2025-09-02 13:00:21.824097
2025-09-02,43268,2025090201031952,PCBL,Sundhara Securities Limited,Dynamic Money Managers Securities Pvt. Ltd.,35,254.5,8907.5,2025-09-02 13:01:54.869693
2025-09-02,41350,2025090201032999,PCBL,Naasa Securities Co. Ltd.,Vision Securities Pvt. Ltd,20,255.0,5100.0,2025-09-02 13:09:53.795143
2025-09-02,41194,2025090201033065,PCBL,Dipshikha Dhitopatra Karobar Co. Pvt Ltd.,Vision Securities Pvt. Ltd,130,255.0,33150.0,2025-09-02 13:10:26.942289
2025-09-02,39187,2025090201034165,PCBL,Dipshikha Dhitopatra Karobar Co. Pvt Ltd.,Midas Stock Broking Company Private Limited,49,254.9,12490.1,2025-09-02 13:18:29.195059
2025-09-02,39114,2025090201034206,PCBL,Sagarmatha Securities Private Limited,Vision Securities Pvt. Ltd,200,255.0,51000.0,2025-09-02 13:18:43.242356
2025-09-02,37306,2025090201035185,PCBL,Dipshikha Dhitopatra Karobar Co. Pvt Ltd.,South Asian Bulls Pvt. Ltd.,38,254.9,9686.2,2025-09-02 13:26:27.433886
2025-09-02,36906,2025090201035373,PCBL,Pragyan Securities (PVT) Ltd.,Neev Securities Pvt. Ltd.,4,250.0,1000.0,2025-09-02 13:27:39.795874
2025-09-02,36877,2025090201035392,PCBL,Magnet Securities and Investment Company Private Limited,South Asian Bulls Pvt. Ltd.,1000,254.5,254500.0,2025-09-02 13:27:43.691624
2025-09-02,33271,2025090201037231,PCBL,Cristal Kanchanjanga Securites Pvt. Ltd.,Thrive Brokerage House Pvt. Ltd,47,254.3,11952.1,2025-09-02 13:40:45.082907
2025-09-02,33270,2025090201037232,PCBL,Sundhara Securities Limited,Thrive Brokerage House Pvt. Ltd,15,254.2,3813.0,2025-09-02 13:40:45.083102
2025-09-02,33269,2025090201037233,PCBL,Magnet Securities and Investment Company Private Limited,Thrive Brokerage House Pvt. Ltd,1000,254.2,254200.0,2025-09-02 13:40:45.083178
2025-09-02,33268,2025090201037234,PCBL,Nepal Stock House (PVT) Ltd.,Thrive Brokerage House Pvt. Ltd,38,254.1,9655.8,2025-09-02 13:40:45.083252
2025-09-02,28356,2025090201039468,PCBL,Nepal Stock House (PVT) Ltd.,Vision Securities Pvt. Ltd,500,254.1,127050.0,2025-09-02 13:56:09.260654
2025-09-02,27070,2025090201040034,PCBL,Nepal Stock House (PVT) Ltd.,Linch Stock Market Ltd.,100,254.1,25410.0,2025-09-02 14:00:23.593351
2025-09-02,26586,2025090201040241,PCBL,Nepal Stock House (PVT) Ltd.,Vision Securities Pvt. Ltd,203,254.1,51582.3,2025-09-02 14:02:23.717124
2025-09-02,26585,2025090201040242,PCBL,Capital Hub P. Ltd,Vision Securities Pvt. Ltd,35,254.0,8890.0,2025-09-02 14:02:23.717288
2025-09-02,26584,2025090201040243,PCBL,Malla & Malla Stock Broking Company Pvt. Limited,Vision Securities Pvt. Ltd,100,254.0,25400.0,2025-09-02 14:02:23.717383
2025-09-02,26583,2025090201040244,PCBL,Online Securities Pvt. Ltd.,Vision Securities Pvt. Ltd,10,254.0,2540.0,2025-09-02 14:02:23.717444
2025-09-02,26582,2025090201040245,PCBL,ABC Securities Private Limited,Vision Securities Pvt. Ltd,378,254.0,96012.0,2025-09-02 14:02:23.717505
2025-09-02,26478,2025090201040292,PCBL,ABC Securities Private Limited,Vision Securities Pvt. Ltd,1500,254.0,381000.0,2025-09-02 14:02:43.847090
2025-09-02,26436,2025090201040305,PCBL,ABC Securities Private Limited,Vision Securities Pvt. Ltd,1500,254.0,381000.0,2025-09-02 14:02:51.919114
2025-09-02,26220,2025090201040415,PCBL,ABC Securities Private Limited,Vision Securities Pvt. Ltd,1500,254.0,381000.0,2025-09-02 14:03:38.403346
2025-09-02,26198,2025090201040423,PCBL,ABC Securities Private Limited,Kohinoor Investment & Securities Pvt. Ltd.,22,254.0,5588.0,2025-09-02 14:03:43.384285
2025-09-02,26185,2025090201040426,PCBL,ABC Securities Private Limited,Vision Securities Pvt. Ltd,1500,254.0,381000.0,2025-09-02 14:03:46.460904
2025-09-02,26118,2025090201040445,PCBL,ABC Securities Private Limited,Vision Securities Pvt. Ltd,1500,254.0,381000.0,2025-09-02 14:03:58.539371
2025-09-02,26082,2025090201040462,PCBL,ABC Securities Private Limited,Vision Securities Pvt. Ltd,1500,254.0,381000.0,2025-09-02 14:04:07.602120
2025-09-02,25942,2025090201040536,PCBL,Pragyan Securities (PVT) Ltd.,Swarna Laxmi Securities Pvt. Ltd.,1,250.0,250.0,2025-09-02 14:04:29.362645
2025-09-02,25695,2025090201040658,PCBL,ABC Securities Private Limited,Pragyan Securities (PVT) Ltd.,100,254.0,25400.0,2025-09-02 14:05:16.664673
2025-09-02,25503,2025090201040722,PCBL,ABC Securities Private Limited,Property Wiard Limited,1800,254.0,457200.0,2025-09-02 14:05:51.268699
2025-09-02,24003,2025090201041445,PCBL,ABC Securities Private Limited,Online Securities Pvt. Ltd.,20,254.0,5080.0,2025-09-02 14:11:17.826809
2025-09-02,23616,2025090201041628,PCBL,ABC Securities Private Limited,J.F. Securites (PVT) Ltd.,136,254.0,34544.0,2025-09-02 14:12:41.861709
2025-09-02,22851,2025090201041957,PCBL,ABC Securities Private Limited,Capital Hub P. Ltd,2200,254.0,558800.0,2025-09-02 14:15:09.190266
2025-09-02,22606,2025090201042067,PCBL,Sani Securities Company Ltd.,J.F. Securites (PVT) Ltd.,10,254.5,2545.0,2025-09-02 14:15:53.178506
2025-09-02,20916,2025090201042889,PCBL,ABC Securities Private Limited,Aryatara Investment & Securities,508,254.0,129032.0,2025-09-02 14:21:24.870506
2025-09-02,20649,2025090201043016,PCBL,ABC Securities Private Limited,J.F. Securites (PVT) Ltd.,251,254.0,63754.0,2025-09-02 14:22:27.304500
2025-09-02,20152,2025090201043229,PCBL,Siprabi Securities Pvt. Ltd.,ABC Securities Private Limited,10,254.7,2547.0,2025-09-02 14:24:02.301193
2025-09-02,20003,2025090201043310,PCBL,ABC Securities Private Limited,Trisul Securities & Invt. Ltd.,20,254.0,5080.0,2025-09-02 14:24:24.955350
2025-09-02,19889,2025090201043359,PCBL,ABC Securities Private Limited,Siprabi Securities Pvt. Ltd.,1500,254.0,381000.0,2025-09-02 14:24:51.792890
2025-09-02,19779,2025090201043414,PCBL,ABC Securities Private Limited,Siprabi Securities Pvt. Ltd.,1500,254.0,381000.0,2025-09-02 14:25:06.069240
2025-09-02,17432,2025090201044231,PCBL,Trisul Securities & Invt. Ltd.,ABC Securities Private Limited,10,254.7,2547.0,2025-09-02 14:30:38.627715
2025-09-02,16844,2025090201044476,PCBL,Dipshikha Dhitopatra Karobar Co. Pvt Ltd.,ABC Securities Private Limited,254,254.7,64693.8,2025-09-02 14:31:51.686721
2025-09-02,16843,2025090201044477,PCBL,Dipshikha Dhitopatra Karobar Co. Pvt Ltd.,Nepal Investment And Securities Trading Private Limited,20,254.7,5094.0,2025-09-02 14:31:51.687012
2025-09-02,16842,2025090201044478,PCBL,Dipshikha Dhitopatra Karobar Co. Pvt Ltd.,Bhrikuti Stock Broking Co. Pvt. Ltd.,96,254.7,24451.2,2025-09-02 14:31:51.687208
2025-09-02,16576,2025090201044573,PCBL,Aryatara Investment & Securities,Naasa Securities Co. Ltd.,50,254.1,12705.0,2025-09-02 14:32:32.567942
2025-09-02,16116,2025090201044736,PCBL,Trisul Securities & Invt. Ltd.,Siprabi Securities Pvt. Ltd.,10,254.9,2549.0,2025-09-02 14:33:44.449319
2025-09-02,15941,2025090201044784,PCBL,Aryatara Investment & Securities,Dakshinkali Investment & Securities Pvt. Ltd.,150,254.1,38115.0,2025-09-02 14:34:07.152554
2025-09-02,15940,2025090201044785,PCBL,Cristal Kanchanjanga Securites Pvt. Ltd.,Dakshinkali Investment & Securities Pvt. Ltd.,91,254.1,23123.1,2025-09-02 14:34:07.152852
2025-09-02,15901,2025090201044810,PCBL,ABC Securities Private Limited,KALASH STOCK MARKET PVT. LTD.,1700,254.0,431800.0,2025-09-02 14:34:10.865468
2025-09-02,13753,2025090201045601,PCBL,ABC Securities Private Limited,Imperial Securities Company Pvt. Ltd.,2300,254.0,584200.0,2025-09-02 14:38:56.746274
2025-09-02,12817,2025090201045903,PCBL,ABC Securities Private Limited,Stoxkarts Securities Limited,150,254.0,38100.0,2025-09-02 14:40:55.377617
2025-09-02,12661,2025090201045960,PCBL,Siprabi Securities Pvt. Ltd.,Shree Krishna Securities Ltd.,10,254.8,2548.0,2025-09-02 14:41:20.853297
2025-09-02,11448,2025090201046396,PCBL,ABC Securities Private Limited,Siprabi Securities Pvt. Ltd.,1500,254.0,381000.0,2025-09-02 14:43:55.623116
2025-09-02,11214,2025090201046470,PCBL,ABC Securities Private Limited,Sani Securities Company Ltd.,1014,254.0,257556.0,2025-09-02 14:44:23.352640
2025-09-02,11102,2025090201046512,PCBL,ABC Securities Private Limited,Trisul Securities & Invt. Ltd.,1500,254.0,381000.0,2025-09-02 14:44:39.270401
2025-09-02,10397,2025090201046754,PCBL,Trisul Securities & Invt. Ltd.,Primo Securities (PVT) Ltd.,10,254.6,2546.0,2025-09-02 14:45:55.667363
2025-09-02,10158,2025090201046850,PCBL,ABC Securities Private Limited,Sundhara Securities Limited,1000,254.0,254000.0,2025-09-02 14:46:29.719178
2025-09-02,9944,2025090201046939,PCBL,ABC Securities Private Limited,Siprabi Securities Pvt. Ltd.,1500,254.0,381000.0,2025-09-02 14:46:56.866331
2025-09-02,8877,2025090201047392,PCBL,ABC Securities Private Limited,Sweta Securities Private Limited,1000,254.0,254000.0,2025-09-02 14:48:58.910437
2025-09-02,7694,2025090201047845,PCBL,ABC Securities Private Limited,Bhrikuti Stock Broking Co. Pvt. Ltd.,210,254.0,53340.0,2025-09-02 14:51:03.682192
2025-09-02,7435,2025090201047975,PCBL,Trisul Securities & Invt. Ltd.,ABC Securities Private Limited,10,254.5,2545.0,2025-09-02 14:51:24.778104
2025-09-02,6533,2025090201048352,PCBL,ABC Securities Private Limited,ABC Securities Private Limited,33,254.5,8398.5,2025-09-02 14:52:42.660830
2025-09-02,6503,2025090201048362,PCBL,ABC Securities Private Limited,Aakashbhairab Securities Ltd.,160,254.0,40640.0,2025-09-02 14:52:44.929296
2025-09-02,5852,2025090201048575,PCBL,Trishakti Securities Public Limited,ABC Securities Private Limited,100,254.5,25450.0,2025-09-02 14:53:42.543511
2025-09-02,4339,2025090201049083,PCBL,Dakshinkali Investment & Securities Pvt. Ltd.,Asian Securities Private Ltd.,10,254.3,2543.0,2025-09-02 14:55:59.150972
2025-09-02,4338,2025090201049084,PCBL,Pragyan Securities (PVT) Ltd.,Creative Securities Pvt Ltd,9,254.0,2286.0,2025-09-02 14:55:59.280533
2025-09-02,4264,2025090201049113,PCBL,Ashutosh Brokerage & Securities (PVT) Ltd.,Naasa Securities Co. Ltd.,161,254.1,40910.1,2025-09-02 14:56:07.962171
2025-09-02,4183,2025090201049136,PCBL,Pragyan Securities (PVT) Ltd.,Aryatara Investment & Securities,8,254.0,2032.0,2025-09-02 14:56:13.390211
2025-09-02,4023,2025090201049176,PCBL,Ashutosh Brokerage & Securities (PVT) Ltd.,Asian Securities Private Ltd.,50,254.1,12705.0,2025-09-02 14:56:26.435693
2025-09-02,3933,2025090201049205,PCBL,Ashutosh Brokerage & Securities (PVT) Ltd.,Imperial Securities Company Pvt. Ltd.,77,254.1,19565.7,2025-09-02 14:56:34.808229
2025-09-02,3621,2025090201049329,PCBL,Ashutosh Brokerage & Securities (PVT) Ltd.,Shree Krishna Securities Ltd.,400,254.1,101640.0,2025-09-02 14:56:57.253459
2025-09-02,3285,2025090201049513,PCBL,Ashutosh Brokerage & Securities (PVT) Ltd.,Primo Securities (PVT) Ltd.,312,254.1,79279.2,2025-09-02 14:57:10.682862
2025-09-02,3066,2025090201049581,PCBL,ABC Securities Private Limited,J.F. Securites (PVT) Ltd.,50,254.0,12700.0,2025-09-02 14:57:29.794594
2025-09-02,2725,2025090201049708,PCBL,ABC Securities Private Limited,Primo Securities (PVT) Ltd.,378,254.0,96012.0,2025-09-02 14:57:49.231501
