Date,S.N.,Contract ID,Symbol,Buyer Broker,Seller Broker,volume,rate,amount,transaction_time
2025-09-02,89371,2025090201000358,PRVU,Sri Hari Securities Pvt. Ltd.,Bhrikuti Stock Broking Co. Pvt. Ltd.,10,216.7,2167.0,2025-09-02 10:46:00.143327
2025-09-02,88549,2025090201001120,PRVU,Trishakti Securities Public Limited,Bhrikuti Stock Broking Co. Pvt. Ltd.,490,213.0,104370.0,2025-09-02 11:01:23.787186
2025-09-02,88159,2025090201001464,PRVU,Trishakti Securities Public Limited,Primo Securities (PVT) Ltd.,91,214.9,19555.9,2025-09-02 11:01:56.017509
2025-09-02,88158,2025090201001465,PRVU,Trishakti Securities Public Limited,Primo Securities (PVT) Ltd.,300,214.9,64470.0,2025-09-02 11:01:56.017563
2025-09-02,87626,2025090201001942,PRVU,Trishakti Securities Public Limited,Trishakti Securities Public Limited,100,214.9,21490.0,2025-09-02 11:02:29.264325
2025-09-02,87584,2025090201001960,PRVU,Midas Stock Broking Company Private Limited,Sewa Securities Pvt. Ltd.,260,215.0,55900.0,2025-09-02 11:02:36.771831
2025-09-02,87583,2025090201001961,PRVU,Midas Stock Broking Company Private Limited,Bhrikuti Stock Broking Co. Pvt. Ltd.,500,215.0,107500.0,2025-09-02 11:02:36.771889
2025-09-02,87582,2025090201001962,PRVU,Midas Stock Broking Company Private Limited,Siprabi Securities Pvt. Ltd.,123,215.0,26445.0,2025-09-02 11:02:36.771917
2025-09-02,87581,2025090201001963,PRVU,Midas Stock Broking Company Private Limited,Siprabi Securities Pvt. Ltd.,117,215.0,25155.0,2025-09-02 11:02:36.771942
2025-09-02,87444,2025090201002085,PRVU,Sani Securities Company Ltd.,Sri Hari Securities Pvt. Ltd.,20,213.2,4264.0,2025-09-02 11:02:47.504257
2025-09-02,87443,2025090201002086,PRVU,Dipshikha Dhitopatra Karobar Co. Pvt Ltd.,Sri Hari Securities Pvt. Ltd.,438,212.5,93075.0,2025-09-02 11:02:47.504304
2025-09-02,87138,2025090201002331,PRVU,Online Securities Pvt. Ltd.,Sri Hari Securities Pvt. Ltd.,42,212.0,8904.0,2025-09-02 11:03:23.671250
2025-09-02,85449,2025090201003760,PRVU,Online Securities Pvt. Ltd.,Dynamic Money Managers Securities Pvt. Ltd.,427,213.0,90951.0,2025-09-02 11:06:10.647319
2025-09-02,84340,2025090201004631,PRVU,Pragyan Securities (PVT) Ltd.,Sri Hari Securities Pvt. Ltd.,200,210.6,42120.0,2025-09-02 11:07:59.292783
2025-09-02,81066,2025090201007256,PRVU,Trishakti Securities Public Limited,Kohinoor Investment & Securities Pvt. Ltd.,50,210.6,10530.0,2025-09-02 11:14:05.616572
2025-09-02,81065,2025090201007257,PRVU,Linch Stock Market Ltd.,Kohinoor Investment & Securities Pvt. Ltd.,15,210.6,3159.0,2025-09-02 11:14:05.616685
2025-09-02,80865,2025090201007418,PRVU,Dipshikha Dhitopatra Karobar Co. Pvt Ltd.,Dipshikha Dhitopatra Karobar Co. Pvt Ltd.,2,206.7,413.4,2025-09-02 11:14:30.763210
2025-09-02,79838,2025090201008261,PRVU,Sani Securities Company Ltd.,Premier Securities Company Ltd.,150,210.7,31605.0,2025-09-02 11:16:41.777212
2025-09-02,78508,2025090201009349,PRVU,Midas Stock Broking Company Private Limited,Vision Securities Pvt. Ltd,11,211.2,2323.2,2025-09-02 11:19:08.219471
2025-09-02,78005,2025090201009755,PRVU,Sani Securities Company Ltd.,Dynamic Money Managers Securities Pvt. Ltd.,1000,213.0,213000.0,2025-09-02 11:20:11.120378
2025-09-02,78004,2025090201009756,PRVU,Sani Securities Company Ltd.,Secured Securities Ltd.,100,213.0,21300.0,2025-09-02 11:20:11.120514
2025-09-02,77665,2025090201009984,PRVU,Siprabi Securities Pvt. Ltd.,Linch Stock Market Ltd.,50,214.0,10700.0,2025-09-02 11:20:59.060172
2025-09-02,77664,2025090201009985,PRVU,Siprabi Securities Pvt. Ltd.,Market Securities & Exchange (PVT) Ltd.,30,214.0,6420.0,2025-09-02 11:20:59.060305
2025-09-02,77529,2025090201010089,PRVU,Midas Stock Broking Company Private Limited,Naasa Securities Co. Ltd.,10,211.8,2118.0,2025-09-02 11:21:16.550205
2025-09-02,76803,2025090201010629,PRVU,Siprabi Securities Pvt. Ltd.,Midas Stock Broking Company Private Limited,11,212.0,2332.0,2025-09-02 11:23:04.601765
2025-09-02,71786,2025090201014264,PRVU,Sani Securities Company Ltd.,Trishakti Securities Public Limited,10,212.6,2126.0,2025-09-02 11:35:01.503891
2025-09-02,68801,2025090201016358,PRVU,Midas Stock Broking Company Private Limited,Bhrikuti Stock Broking Co. Pvt. Ltd.,677,213.5,144539.5,2025-09-02 11:42:04.515605
2025-09-02,68800,2025090201016359,PRVU,Midas Stock Broking Company Private Limited,SUN SECURITIES PVT LTD,23,213.8,4917.4,2025-09-02 11:42:04.515808
2025-09-02,67955,2025090201016975,PRVU,Swarna Laxmi Securities Pvt. Ltd.,N.M.B. SECURITIES LIMITED,357,213.5,76219.5,2025-09-02 11:43:33.177299
2025-09-02,67954,2025090201016976,PRVU,Swarna Laxmi Securities Pvt. Ltd.,SUN SECURITIES PVT LTD,643,213.8,137473.4,2025-09-02 11:43:33.177430
2025-09-02,67399,2025090201017351,PRVU,Asian Securities Private Ltd.,SUN SECURITIES PVT LTD,34,212.7,7231.8,2025-09-02 11:45:16.009090
2025-09-02,66392,2025090201018006,PRVU,Asian Securities Private Ltd.,Imperial Securities Company Pvt. Ltd.,420,212.7,89334.0,2025-09-02 11:48:03.160720
2025-09-02,66275,2025090201018072,PRVU,Sani Securities Company Ltd.,Online Securities Pvt. Ltd.,200,213.0,42600.0,2025-09-02 11:48:18.843316
2025-09-02,66264,2025090201018081,PRVU,Asian Securities Private Ltd.,South Asian Bulls Pvt. Ltd.,46,212.7,9784.2,2025-09-02 11:48:20.580791
2025-09-02,66263,2025090201018082,PRVU,Sani Securities Company Ltd.,South Asian Bulls Pvt. Ltd.,340,212.6,72284.0,2025-09-02 11:48:20.580847
2025-09-02,66262,2025090201018083,PRVU,Midas Stock Broking Company Private Limited,South Asian Bulls Pvt. Ltd.,224,212.5,47600.0,2025-09-02 11:48:20.580966
2025-09-02,65786,2025090201018300,PRVU,Trishakti Securities Public Limited,Siprabi Securities Pvt. Ltd.,34,212.7,7231.8,2025-09-02 11:49:22.731083
2025-09-02,65522,2025090201018467,PRVU,Trishakti Securities Public Limited,Property Wiard Limited,25,212.9,5322.5,2025-09-02 11:50:00.914677
2025-09-02,65521,2025090201018468,PRVU,Trishakti Securities Public Limited,ABC Securities Private Limited,431,213.0,91803.0,2025-09-02 11:50:00.914827
2025-09-02,65363,2025090201018555,PRVU,Bhrikuti Stock Broking Co. Pvt. Ltd.,Opal Securities Investment (PVT) Ltd.,20,212.6,4252.0,2025-09-02 11:50:19.814413
2025-09-02,62752,2025090201020213,PRVU,Bhrikuti Stock Broking Co. Pvt. Ltd.,Sri Hari Securities Pvt. Ltd.,59,212.6,12543.4,2025-09-02 11:56:00.690197
2025-09-02,62718,2025090201020240,PRVU,Bhrikuti Stock Broking Co. Pvt. Ltd.,Nepal Stock House (PVT) Ltd.,119,212.6,25299.4,2025-09-02 11:56:06.503533
2025-09-02,62192,2025090201020541,PRVU,Neev Securities Pvt. Ltd.,Premier Securities Company Ltd.,1000,212.7,212700.0,2025-09-02 11:57:41.288584
2025-09-02,62191,2025090201020542,PRVU,Bhrikuti Stock Broking Co. Pvt. Ltd.,Premier Securities Company Ltd.,200,212.6,42520.0,2025-09-02 11:57:41.288746
2025-09-02,61886,2025090201020740,PRVU,Bhrikuti Stock Broking Co. Pvt. Ltd.,Premier Securities Company Ltd.,70,212.6,14882.0,2025-09-02 11:58:29.634354
2025-09-02,61885,2025090201020741,PRVU,Midas Stock Broking Company Private Limited,Premier Securities Company Ltd.,430,212.5,91375.0,2025-09-02 11:58:29.634547
2025-09-02,61866,2025090201020755,PRVU,Midas Stock Broking Company Private Limited,BHOLE GANESH SECURITIES LTD,284,212.5,60350.0,2025-09-02 11:58:33.211861
2025-09-02,61860,2025090201020761,PRVU,Midas Stock Broking Company Private Limited,Trishakti Securities Public Limited,41,212.5,8712.5,2025-09-02 11:58:35.077482
2025-09-02,61859,2025090201020762,PRVU,Premier Securities Company Ltd.,Trishakti Securities Public Limited,500,212.5,106250.0,2025-09-02 11:58:35.077556
2025-09-02,61858,2025090201020763,PRVU,Aryatara Investment & Securities,Trishakti Securities Public Limited,386,212.5,82025.0,2025-09-02 11:58:35.077606
2025-09-02,61857,2025090201020764,PRVU,Trishakti Securities Public Limited,Trishakti Securities Public Limited,13,212.2,2758.6,2025-09-02 11:58:35.077653
2025-09-02,60943,2025090201021320,PRVU,Trishakti Securities Public Limited,Premier Securities Company Ltd.,39,212.2,8275.8,2025-09-02 12:00:46.471912
2025-09-02,60686,2025090201021485,PRVU,Trishakti Securities Public Limited,Deevyaa Securities & Stock House Pvt. Ltd,448,212.2,95065.6,2025-09-02 12:01:24.228780
2025-09-02,60685,2025090201021486,PRVU,Opal Securities Investment (PVT) Ltd.,Deevyaa Securities & Stock House Pvt. Ltd,30,212.1,6363.0,2025-09-02 12:01:24.229104
2025-09-02,60684,2025090201021487,PRVU,Dipshikha Dhitopatra Karobar Co. Pvt Ltd.,Deevyaa Securities & Stock House Pvt. Ltd,30,212.0,6360.0,2025-09-02 12:01:24.229293
2025-09-02,60683,2025090201021488,PRVU,Sani Securities Company Ltd.,Deevyaa Securities & Stock House Pvt. Ltd,936,212.0,198432.0,2025-09-02 12:01:24.229481
2025-09-02,60682,2025090201021489,PRVU,Aryatara Investment & Securities,Deevyaa Securities & Stock House Pvt. Ltd,500,212.0,106000.0,2025-09-02 12:01:24.229668
2025-09-02,60681,2025090201021490,PRVU,Bhrikuti Stock Broking Co. Pvt. Ltd.,Deevyaa Securities & Stock House Pvt. Ltd,187,212.0,39644.0,2025-09-02 12:01:24.229843
2025-09-02,60680,2025090201021491,PRVU,Naasa Securities Co. Ltd.,Deevyaa Securities & Stock House Pvt. Ltd,61,212.0,12932.0,2025-09-02 12:01:24.230036
2025-09-02,60679,2025090201021492,PRVU,Trishakti Securities Public Limited,Deevyaa Securities & Stock House Pvt. Ltd,100,212.0,21200.0,2025-09-02 12:01:24.230251
2025-09-02,60678,2025090201021493,PRVU,Nepal Stock House (PVT) Ltd.,Deevyaa Securities & Stock House Pvt. Ltd,100,211.5,21150.0,2025-09-02 12:01:24.230434
2025-09-02,60677,2025090201021494,PRVU,Aryatara Investment & Securities,Deevyaa Securities & Stock House Pvt. Ltd,500,211.5,105750.0,2025-09-02 12:01:24.230608
2025-09-02,60676,2025090201021495,PRVU,Naasa Securities Co. Ltd.,Deevyaa Securities & Stock House Pvt. Ltd,2000,211.0,422000.0,2025-09-02 12:01:24.230817
2025-09-02,60675,2025090201021496,PRVU,Asian Securities Private Ltd.,Deevyaa Securities & Stock House Pvt. Ltd,47,211.0,9917.0,2025-09-02 12:01:24.230993
2025-09-02,60674,2025090201021497,PRVU,Naasa Securities Co. Ltd.,Deevyaa Securities & Stock House Pvt. Ltd,845,211.0,178295.0,2025-09-02 12:01:24.231191
2025-09-02,60673,2025090201021498,PRVU,ABC Securities Private Limited,Deevyaa Securities & Stock House Pvt. Ltd,10,211.0,2110.0,2025-09-02 12:01:24.231367
2025-09-02,57927,2025090201023138,PRVU,Sani Securities Company Ltd.,Dakshinkali Investment & Securities Pvt. Ltd.,1500,211.0,316500.0,2025-09-02 12:09:00.207950
2025-09-02,57342,2025090201023501,PRVU,Swarna Laxmi Securities Pvt. Ltd.,Dakshinkali Investment & Securities Pvt. Ltd.,980,211.0,206780.0,2025-09-02 12:10:44.998637
2025-09-02,54383,2025090201025348,PRVU,Hatemalo Financial Services Private Limited,Imperial Securities Company Pvt. Ltd.,10,212.0,2120.0,2025-09-02 12:21:16.949517
2025-09-02,54382,2025090201025349,PRVU,Siprabi Securities Pvt. Ltd.,Imperial Securities Company Pvt. Ltd.,9,212.0,1908.0,2025-09-02 12:21:16.949707
2025-09-02,54169,2025090201025486,PRVU,Hatemalo Financial Services Private Limited,Deevyaa Securities & Stock House Pvt. Ltd,10,212.5,2125.0,2025-09-02 12:21:59.051094
2025-09-02,53836,2025090201025673,PRVU,Swarna Laxmi Securities Pvt. Ltd.,Bhrikuti Stock Broking Co. Pvt. Ltd.,20,211.0,4220.0,2025-09-02 12:22:55.468162
2025-09-02,53835,2025090201025674,PRVU,Sani Securities Company Ltd.,Bhrikuti Stock Broking Co. Pvt. Ltd.,140,211.0,29540.0,2025-09-02 12:22:55.468205
2025-09-02,53834,2025090201025675,PRVU,Agrawal Securities (PVT) Ltd.,Bhrikuti Stock Broking Co. Pvt. Ltd.,340,210.8,71672.0,2025-09-02 12:22:55.468236
2025-09-02,53246,2025090201025986,PRVU,Hatemalo Financial Services Private Limited,Deevyaa Securities & Stock House Pvt. Ltd,10,212.5,2125.0,2025-09-02 12:24:52.470631
2025-09-02,52478,2025090201026487,PRVU,Investment Management Nepal Pvt. Ltd.,Linch Stock Market Ltd.,1,211.0,211.0,2025-09-02 12:27:35.460388
2025-09-02,48364,2025090201028931,PRVU,Online Securities Pvt. Ltd.,Naasa Securities Co. Ltd.,150,211.6,31740.0,2025-09-02 12:41:55.535065
2025-09-02,46119,2025090201030343,PRVU,Kohinoor Investment & Securities Pvt. Ltd.,Linch Stock Market Ltd.,10,212.2,2122.0,2025-09-02 12:50:34.127853
2025-09-02,45680,2025090201030580,PRVU,Asian Securities Private Ltd.,Aryatara Investment & Securities,100,212.0,21200.0,2025-09-02 12:52:27.489483
2025-09-02,45679,2025090201030581,PRVU,Sani Securities Company Ltd.,Aryatara Investment & Securities,200,212.0,42400.0,2025-09-02 12:52:27.489675
2025-09-02,45337,2025090201030832,PRVU,Sani Securities Company Ltd.,Dakshinkali Investment & Securities Pvt. Ltd.,300,212.0,63600.0,2025-09-02 12:53:35.121740
2025-09-02,45278,2025090201030871,PRVU,Thrive Brokerage House Pvt. Ltd,Linch Stock Market Ltd.,911,212.2,193314.2,2025-09-02 12:53:52.701696
2025-09-02,45084,2025090201030978,PRVU,Naasa Securities Co. Ltd.,Siprabi Securities Pvt. Ltd.,10,212.3,2123.0,2025-09-02 12:54:39.410823
2025-09-02,44869,2025090201031094,PRVU,Thrive Brokerage House Pvt. Ltd,Imperial Securities Company Pvt. Ltd.,89,212.2,18885.8,2025-09-02 12:55:32.299571
2025-09-02,44822,2025090201031119,PRVU,Siprabi Securities Pvt. Ltd.,Imperial Securities Company Pvt. Ltd.,11,211.7,2328.7,2025-09-02 12:55:43.371277
2025-09-02,44621,2025090201031225,PRVU,Online Securities Pvt. Ltd.,Dakshinkali Investment & Securities Pvt. Ltd.,21,211.6,4443.6,2025-09-02 12:56:30.988674
2025-09-02,44119,2025090201031484,PRVU,Malla & Malla Stock Broking Company Pvt. Limited,Sundhara Securities Limited,1,208.0,208.0,2025-09-02 12:58:31.585355
2025-09-02,43575,2025090201031757,PRVU,Hatemalo Financial Services Private Limited,Sewa Securities Pvt. Ltd.,10,212.0,2120.0,2025-09-02 13:00:44.831791
2025-09-02,43031,2025090201032093,PRVU,Malla & Malla Stock Broking Company Pvt. Limited,Premier Securities Company Ltd.,6,209.0,1254.0,2025-09-02 13:03:01.576938
2025-09-02,42307,2025090201032508,PRVU,Naasa Securities Co. Ltd.,Asian Securities Private Ltd.,59,212.0,12508.0,2025-09-02 13:06:03.280835
2025-09-02,42251,2025090201032537,PRVU,Secured Securities Ltd.,Siprabi Securities Pvt. Ltd.,30,212.3,6369.0,2025-09-02 13:06:16.697758
2025-09-02,41934,2025090201032692,PRVU,Naasa Securities Co. Ltd.,Dynamic Money Managers Securities Pvt. Ltd.,11,212.0,2332.0,2025-09-02 13:07:20.581065
2025-09-02,41933,2025090201032693,PRVU,Sweta Securities Private Limited,Dynamic Money Managers Securities Pvt. Ltd.,89,212.0,18868.0,2025-09-02 13:07:20.581295
2025-09-02,41819,2025090201032750,PRVU,Sweta Securities Private Limited,Dipshikha Dhitopatra Karobar Co. Pvt Ltd.,11,212.0,2332.0,2025-09-02 13:07:49.954970
2025-09-02,41818,2025090201032751,PRVU,Secured Securities Ltd.,Dipshikha Dhitopatra Karobar Co. Pvt Ltd.,50,211.6,10580.0,2025-09-02 13:07:49.955214
2025-09-02,41817,2025090201032752,PRVU,Agrawal Securities (PVT) Ltd.,Dipshikha Dhitopatra Karobar Co. Pvt Ltd.,20,211.6,4232.0,2025-09-02 13:07:49.955305
2025-09-02,41816,2025090201032753,PRVU,Property Wiard Limited,Dipshikha Dhitopatra Karobar Co. Pvt Ltd.,919,211.1,194000.9,2025-09-02 13:07:49.955390
2025-09-02,40868,2025090201033241,PRVU,Property Wiard Limited,Aryatara Investment & Securities,173,211.1,36520.3,2025-09-02 13:11:51.542665
2025-09-02,39851,2025090201033844,PRVU,J.F. Securites (PVT) Ltd.,Shree Krishna Securities Ltd.,120,212.0,25440.0,2025-09-02 13:15:39.074347
2025-09-02,39052,2025090201034231,PRVU,Property Wiard Limited,Imperial Securities Company Pvt. Ltd.,59,211.1,12454.9,2025-09-02 13:18:54.079622
2025-09-02,37867,2025090201034871,PRVU,Property Wiard Limited,Aryatara Investment & Securities,276,211.1,58263.6,2025-09-02 13:24:09.419578
2025-09-02,37748,2025090201034929,PRVU,Property Wiard Limited,Sumeru Securities Pvt. Ltd.,236,211.1,49819.6,2025-09-02 13:24:34.062980
2025-09-02,37666,2025090201034970,PRVU,Opal Securities Investment (PVT) Ltd.,Shree Krishna Securities Ltd.,27,212.0,5724.0,2025-09-02 13:24:56.316421
2025-09-02,35692,2025090201036065,PRVU,Property Wiard Limited,Sumeru Securities Pvt. Ltd.,145,211.1,30609.5,2025-09-02 13:32:04.524674
2025-09-02,35499,2025090201036142,PRVU,Property Wiard Limited,Dynamic Money Managers Securities Pvt. Ltd.,192,211.1,40531.2,2025-09-02 13:32:57.611835
2025-09-02,35345,2025090201036218,PRVU,Sundhara Securities Limited,Dynamic Money Managers Securities Pvt. Ltd.,100,211.0,21100.0,2025-09-02 13:33:33.171267
2025-09-02,35204,2025090201036300,PRVU,Neev Securities Pvt. Ltd.,Dynamic Money Managers Securities Pvt. Ltd.,14,211.1,2955.4,2025-09-02 13:34:07.949161
2025-09-02,34898,2025090201036493,PRVU,Neev Securities Pvt. Ltd.,Trishakti Securities Public Limited,62,211.1,13088.2,2025-09-02 13:35:06.352600
2025-09-02,34832,2025090201036518,PRVU,Neev Securities Pvt. Ltd.,Nepal Stock House (PVT) Ltd.,24,211.1,5066.4,2025-09-02 13:35:19.966704
2025-09-02,34831,2025090201036519,PRVU,Property Wiard Limited,Nepal Stock House (PVT) Ltd.,76,211.1,16043.6,2025-09-02 13:35:19.967120
2025-09-02,34558,2025090201036635,PRVU,Property Wiard Limited,Kohinoor Investment & Securities Pvt. Ltd.,28,211.1,5910.8,2025-09-02 13:36:03.136133
2025-09-02,34557,2025090201036636,PRVU,Cristal Kanchanjanga Securites Pvt. Ltd.,Kohinoor Investment & Securities Pvt. Ltd.,100,211.0,21100.0,2025-09-02 13:36:03.136534
2025-09-02,34556,2025090201036637,PRVU,Sundhara Securities Limited,Kohinoor Investment & Securities Pvt. Ltd.,300,211.0,63300.0,2025-09-02 13:36:03.136783
2025-09-02,34555,2025090201036638,PRVU,Kumari Securities Private Limited,Kohinoor Investment & Securities Pvt. Ltd.,60,211.0,12660.0,2025-09-02 13:36:03.137058
2025-09-02,34554,2025090201036639,PRVU,J.F. Securites (PVT) Ltd.,Kohinoor Investment & Securities Pvt. Ltd.,100,211.0,21100.0,2025-09-02 13:36:03.137300
2025-09-02,34553,2025090201036640,PRVU,Online Securities Pvt. Ltd.,Kohinoor Investment & Securities Pvt. Ltd.,50,211.0,10550.0,2025-09-02 13:36:03.137545
2025-09-02,34552,2025090201036641,PRVU,Naasa Securities Co. Ltd.,Kohinoor Investment & Securities Pvt. Ltd.,28,211.0,5908.0,2025-09-02 13:36:03.137784
2025-09-02,34551,2025090201036642,PRVU,Naasa Securities Co. Ltd.,Kohinoor Investment & Securities Pvt. Ltd.,10,211.0,2110.0,2025-09-02 13:36:03.138018
2025-09-02,34550,2025090201036643,PRVU,Linch Stock Market Ltd.,Kohinoor Investment & Securities Pvt. Ltd.,1324,211.0,279364.0,2025-09-02 13:36:03.138272
2025-09-02,34491,2025090201036663,PRVU,Linch Stock Market Ltd.,Bhrikuti Stock Broking Co. Pvt. Ltd.,29,211.0,6119.0,2025-09-02 13:36:14.649040
2025-09-02,34065,2025090201036862,PRVU,Linch Stock Market Ltd.,Naasa Securities Co. Ltd.,35,211.0,7385.0,2025-09-02 13:37:51.177686
2025-09-02,33584,2025090201037075,PRVU,Sri Hari Securities Pvt. Ltd.,Siprabi Securities Pvt. Ltd.,100,211.4,21140.0,2025-09-02 13:39:31.461705
2025-09-02,33429,2025090201037151,PRVU,Sri Hari Securities Pvt. Ltd.,Siprabi Securities Pvt. Ltd.,20,211.4,4228.0,2025-09-02 13:40:03.103313
2025-09-02,32593,2025090201037502,PRVU,Linch Stock Market Ltd.,Asian Securities Private Ltd.,12,211.0,2532.0,2025-09-02 13:43:06.354737
2025-09-02,32592,2025090201037503,PRVU,Neev Securities Pvt. Ltd.,Asian Securities Private Ltd.,100,211.0,21100.0,2025-09-02 13:43:06.354786
2025-09-02,32591,2025090201037504,PRVU,Vision Securities Pvt. Ltd,Asian Securities Private Ltd.,70,211.0,14770.0,2025-09-02 13:43:06.354807
2025-09-02,32590,2025090201037505,PRVU,Malla & Malla Stock Broking Company Pvt. Limited,Asian Securities Private Ltd.,18,210.9,3796.2,2025-09-02 13:43:06.354837
2025-09-02,31909,2025090201037843,PRVU,Premier Securities Company Ltd.,BHOLE GANESH SECURITIES LTD,100,211.0,21100.0,2025-09-02 13:45:04.850633
2025-09-02,31715,2025090201037953,PRVU,Primo Securities (PVT) Ltd.,BHOLE GANESH SECURITIES LTD,10,211.0,2110.0,2025-09-02 13:45:39.491222
2025-09-02,31386,2025090201038112,PRVU,Malla & Malla Stock Broking Company Pvt. Limited,Trishakti Securities Public Limited,62,210.9,13075.8,2025-09-02 13:46:40.175604
2025-09-02,30980,2025090201038341,PRVU,Naasa Securities Co. Ltd.,BHOLE GANESH SECURITIES LTD,20,211.0,4220.0,2025-09-02 13:47:56.167136
2025-09-02,30631,2025090201038468,PRVU,Siprabi Securities Pvt. Ltd.,BHOLE GANESH SECURITIES LTD,90,211.0,18990.0,2025-09-02 13:49:07.251797
2025-09-02,30482,2025090201038565,PRVU,Malla & Malla Stock Broking Company Pvt. Limited,Creative Securities Pvt Ltd,220,210.9,46398.0,2025-09-02 13:49:22.928765
2025-09-02,30481,2025090201038566,PRVU,Sundhara Securities Limited,Creative Securities Pvt Ltd,20,210.9,4218.0,2025-09-02 13:49:22.928865
2025-09-02,30480,2025090201038567,PRVU,Agrawal Securities (PVT) Ltd.,Creative Securities Pvt Ltd,1010,210.8,212908.0,2025-09-02 13:49:22.928959
2025-09-02,28576,2025090201039365,PRVU,Vision Securities Pvt. Ltd,Creative Securities Pvt Ltd,2,207.0,414.0,2025-09-02 13:55:19.518374
2025-09-02,28415,2025090201039441,PRVU,Vision Securities Pvt. Ltd,Linch Stock Market Ltd.,1,207.8,207.8,2025-09-02 13:55:57.144241
2025-09-02,28062,2025090201039626,PRVU,Vision Securities Pvt. Ltd,Kumari Securities Private Limited,1,208.0,208.0,2025-09-02 13:57:09.222800
2025-09-02,27915,2025090201039691,PRVU,Imperial Securities Company Pvt. Ltd.,Trishakti Securities Public Limited,50,210.9,10545.0,2025-09-02 13:57:41.410983
2025-09-02,27914,2025090201039692,PRVU,Agrawal Securities (PVT) Ltd.,Trishakti Securities Public Limited,12,210.8,2529.6,2025-09-02 13:57:41.411278
2025-09-02,27700,2025090201039791,PRVU,Online Securities Pvt. Ltd.,BHOLE GANESH SECURITIES LTD,50,211.0,10550.0,2025-09-02 13:58:30.598514
2025-09-02,27617,2025090201039825,PRVU,Vision Securities Pvt. Ltd,Imperial Securities Company Pvt. Ltd.,1,207.8,207.8,2025-09-02 13:58:51.558416
2025-09-02,26818,2025090201040134,PRVU,Sundhara Securities Limited,BHOLE GANESH SECURITIES LTD,10,211.0,2110.0,2025-09-02 14:01:19.533888
2025-09-02,26505,2025090201040278,PRVU,Agrawal Securities (PVT) Ltd.,ABC Securities Private Limited,59,210.8,12437.2,2025-09-02 14:02:42.672257
2025-09-02,26224,2025090201040412,PRVU,Agrawal Securities (PVT) Ltd.,Midas Stock Broking Company Private Limited,10,210.8,2108.0,2025-09-02 14:03:37.367397
2025-09-02,25779,2025090201040614,PRVU,Sundhara Securities Limited,Linch Stock Market Ltd.,35,210.9,7381.5,2025-09-02 14:04:57.340399
2025-09-02,25159,2025090201040843,PRVU,Shree Krishna Securities Ltd.,Online Securities Pvt. Ltd.,900,211.0,189900.0,2025-09-02 14:07:05.368542
2025-09-02,25029,2025090201040906,PRVU,Vision Securities Pvt. Ltd,Kohinoor Investment & Securities Pvt. Ltd.,3,209.0,627.0,2025-09-02 14:07:34.289981
2025-09-02,24909,2025090201040977,PRVU,Sundhara Securities Limited,Capital Max Securities Ltd,65,210.9,13708.5,2025-09-02 14:07:48.826191
2025-09-02,24908,2025090201040978,PRVU,Agrawal Securities (PVT) Ltd.,Capital Max Securities Ltd,59,210.8,12437.2,2025-09-02 14:07:48.826235
2025-09-02,24907,2025090201040979,PRVU,Dipshikha Dhitopatra Karobar Co. Pvt Ltd.,Capital Max Securities Ltd,500,210.7,105350.0,2025-09-02 14:07:48.826268
2025-09-02,24906,2025090201040980,PRVU,Sewa Securities Pvt. Ltd.,Capital Max Securities Ltd,10,210.6,2106.0,2025-09-02 14:07:48.826294
2025-09-02,24905,2025090201040981,PRVU,Linch Stock Market Ltd.,Capital Max Securities Ltd,366,210.6,77079.6,2025-09-02 14:07:48.826322
2025-09-02,24403,2025090201041258,PRVU,Vision Securities Pvt. Ltd,Sri Hari Securities Pvt. Ltd.,1,209.0,209.0,2025-09-02 14:09:57.734647
2025-09-02,24293,2025090201041317,PRVU,Sundhara Securities Limited,Online Securities Pvt. Ltd.,90,211.0,18990.0,2025-09-02 14:10:26.977544
2025-09-02,24027,2025090201041434,PRVU,Siprabi Securities Pvt. Ltd.,Sharepro Securities Private Limited,4,211.7,846.8,2025-09-02 14:11:14.102995
2025-09-02,23767,2025090201041576,PRVU,Vision Securities Pvt. Ltd,Dynamic Money Managers Securities Pvt. Ltd.,1,211.0,211.0,2025-09-02 14:12:12.890902
2025-09-02,23577,2025090201041646,PRVU,Oxford Securities Pvt. Ltd.,Online Securities Pvt. Ltd.,45,211.0,9495.0,2025-09-02 14:12:54.886301
2025-09-02,23454,2025090201041701,PRVU,Malla & Malla Stock Broking Company Pvt. Limited,Capital Hub P. Ltd,100,210.7,21070.0,2025-09-02 14:13:23.910371
2025-09-02,23453,2025090201041702,PRVU,Linch Stock Market Ltd.,Capital Hub P. Ltd,569,210.6,119831.4,2025-09-02 14:13:23.910816
2025-09-02,23452,2025090201041703,PRVU,Property Wiard Limited,Capital Hub P. Ltd,1000,210.6,210600.0,2025-09-02 14:13:23.911124
2025-09-02,23451,2025090201041704,PRVU,J.F. Securites (PVT) Ltd.,Capital Hub P. Ltd,100,210.6,21060.0,2025-09-02 14:13:23.911457
2025-09-02,23450,2025090201041705,PRVU,Sewa Securities Pvt. Ltd.,Capital Hub P. Ltd,1000,210.5,210500.0,2025-09-02 14:13:23.911779
2025-09-02,23449,2025090201041706,PRVU,Naasa Securities Co. Ltd.,Capital Hub P. Ltd,300,210.5,63150.0,2025-09-02 14:13:23.912136
2025-09-02,23448,2025090201041707,PRVU,Sundhara Securities Limited,Capital Hub P. Ltd,120,210.5,25260.0,2025-09-02 14:13:23.912433
2025-09-02,23447,2025090201041708,PRVU,Sundhara Securities Limited,Capital Hub P. Ltd,100,210.3,21030.0,2025-09-02 14:13:23.912744
2025-09-02,23446,2025090201041709,PRVU,Sani Securities Company Ltd.,Capital Hub P. Ltd,100,210.1,21010.0,2025-09-02 14:13:23.913017
2025-09-02,23445,2025090201041710,PRVU,Vision Securities Pvt. Ltd,Capital Hub P. Ltd,885,210.1,185938.5,2025-09-02 14:13:23.913328
2025-09-02,23444,2025090201041711,PRVU,Capital Hub P. Ltd,Capital Hub P. Ltd,5000,210.1,1050500.0,2025-09-02 14:13:23.913630
2025-09-02,23443,2025090201041712,PRVU,Sani Securities Company Ltd.,Capital Hub P. Ltd,20,210.0,4200.0,2025-09-02 14:13:23.913940
2025-09-02,23442,2025090201041713,PRVU,Cristal Kanchanjanga Securites Pvt. Ltd.,Capital Hub P. Ltd,500,210.0,105000.0,2025-09-02 14:13:23.914254
2025-09-02,23441,2025090201041714,PRVU,Cristal Kanchanjanga Securites Pvt. Ltd.,Capital Hub P. Ltd,500,210.0,105000.0,2025-09-02 14:13:23.914532
2025-09-02,23440,2025090201041715,PRVU,Oxford Securities Pvt. Ltd.,Capital Hub P. Ltd,50,210.0,10500.0,2025-09-02 14:13:23.914835
2025-09-02,23439,2025090201041716,PRVU,KALASH STOCK MARKET PVT. LTD.,Capital Hub P. Ltd,656,210.0,137760.0,2025-09-02 14:13:23.915169
2025-09-02,23164,2025090201041841,PRVU,KALASH STOCK MARKET PVT. LTD.,Online Securities Pvt. Ltd.,465,210.0,97650.0,2025-09-02 14:14:16.945540
2025-09-02,23097,2025090201041867,PRVU,KALASH STOCK MARKET PVT. LTD.,BHOLE GANESH SECURITIES LTD,720,210.0,151200.0,2025-09-02 14:14:32.970125
2025-09-02,22365,2025090201042178,PRVU,Machhapuchchhre Securities Limited,Kohinoor Investment & Securities Pvt. Ltd.,10,210.9,2109.0,2025-09-02 14:16:44.513641
2025-09-02,22350,2025090201042182,PRVU,Sri Hari Securities Pvt. Ltd.,Kohinoor Investment & Securities Pvt. Ltd.,100,210.9,21090.0,2025-09-02 14:16:45.511637
2025-09-02,22129,2025090201042285,PRVU,Kohinoor Investment & Securities Pvt. Ltd.,Kohinoor Investment & Securities Pvt. Ltd.,65,210.9,13708.5,2025-09-02 14:17:27.530571
2025-09-02,21821,2025090201042426,PRVU,Property Wiard Limited,Market Securities & Exchange (PVT) Ltd.,131,210.1,27523.1,2025-09-02 14:18:36.538113
2025-09-02,21684,2025090201042497,PRVU,Property Wiard Limited,Ashutosh Brokerage & Securities (PVT) Ltd.,869,210.1,182576.9,2025-09-02 14:19:09.235927
2025-09-02,21683,2025090201042498,PRVU,KALASH STOCK MARKET PVT. LTD.,Ashutosh Brokerage & Securities (PVT) Ltd.,159,210.0,33390.0,2025-09-02 14:19:09.236220
2025-09-02,21682,2025090201042499,PRVU,ABC Securities Private Limited,Ashutosh Brokerage & Securities (PVT) Ltd.,10,210.0,2100.0,2025-09-02 14:19:09.236321
2025-09-02,21681,2025090201042500,PRVU,Capital Max Securities Ltd,Ashutosh Brokerage & Securities (PVT) Ltd.,200,210.0,42000.0,2025-09-02 14:19:09.236413
2025-09-02,21680,2025090201042501,PRVU,Naasa Securities Co. Ltd.,Ashutosh Brokerage & Securities (PVT) Ltd.,200,210.0,42000.0,2025-09-02 14:19:09.236509
2025-09-02,21679,2025090201042502,PRVU,Imperial Securities Company Pvt. Ltd.,Ashutosh Brokerage & Securities (PVT) Ltd.,12,210.0,2520.0,2025-09-02 14:19:09.236600
2025-09-02,21678,2025090201042503,PRVU,Sewa Securities Pvt. Ltd.,Ashutosh Brokerage & Securities (PVT) Ltd.,50,210.0,10500.0,2025-09-02 14:19:09.236696
2025-09-02,21168,2025090201042760,PRVU,Sundhara Securities Limited,Sri Hari Securities Pvt. Ltd.,100,210.0,21000.0,2025-09-02 14:20:37.159718
2025-09-02,21167,2025090201042761,PRVU,N.I.M.B. Stock Markets Limited,Sri Hari Securities Pvt. Ltd.,47,210.0,9870.0,2025-09-02 14:20:37.160184
2025-09-02,21166,2025090201042762,PRVU,Naasa Securities Co. Ltd.,Sri Hari Securities Pvt. Ltd.,35,210.0,7350.0,2025-09-02 14:20:37.160453
2025-09-02,21165,2025090201042763,PRVU,Capital Max Securities Ltd,Sri Hari Securities Pvt. Ltd.,127,210.0,26670.0,2025-09-02 14:20:37.160739
2025-09-02,21100,2025090201042795,PRVU,Capital Max Securities Ltd,Aakashbhairab Securities Ltd.,95,210.0,19950.0,2025-09-02 14:20:49.409500
2025-09-02,19150,2025090201043630,PRVU,Sani Securities Company Ltd.,Indira securities pvt. ltd,50,210.3,10515.0,2025-09-02 14:26:34.025633
2025-09-02,18697,2025090201043834,PRVU,Sani Securities Company Ltd.,Sri Hari Securities Pvt. Ltd.,50,210.3,10515.0,2025-09-02 14:27:41.369613
2025-09-02,18696,2025090201043835,PRVU,Sundhara Securities Limited,Sri Hari Securities Pvt. Ltd.,50,210.2,10510.0,2025-09-02 14:27:41.370037
2025-09-02,18542,2025090201043891,PRVU,Sundhara Securities Limited,Kohinoor Investment & Securities Pvt. Ltd.,50,210.2,10510.0,2025-09-02 14:28:05.321208
2025-09-02,18541,2025090201043892,PRVU,Aryatara Investment & Securities,Kohinoor Investment & Securities Pvt. Ltd.,500,210.1,105050.0,2025-09-02 14:28:05.321490
2025-09-02,18540,2025090201043893,PRVU,Aryatara Investment & Securities,Kohinoor Investment & Securities Pvt. Ltd.,400,210.1,84040.0,2025-09-02 14:28:05.321625
2025-09-02,18539,2025090201043894,PRVU,Malla & Malla Stock Broking Company Pvt. Limited,Kohinoor Investment & Securities Pvt. Ltd.,200,210.1,42020.0,2025-09-02 14:28:05.321722
2025-09-02,18538,2025090201043895,PRVU,Capital Max Securities Ltd,Kohinoor Investment & Securities Pvt. Ltd.,478,210.0,100380.0,2025-09-02 14:28:05.321814
2025-09-02,18537,2025090201043896,PRVU,Naasa Securities Co. Ltd.,Kohinoor Investment & Securities Pvt. Ltd.,200,210.0,42000.0,2025-09-02 14:28:05.321905
2025-09-02,18536,2025090201043897,PRVU,Aryatara Investment & Securities,Kohinoor Investment & Securities Pvt. Ltd.,100,210.0,21000.0,2025-09-02 14:28:05.321999
2025-09-02,18535,2025090201043898,PRVU,ABC Securities Private Limited,Kohinoor Investment & Securities Pvt. Ltd.,897,210.0,188370.0,2025-09-02 14:28:05.322093
2025-09-02,18169,2025090201043998,PRVU,Machhapuchchhre Securities Limited,Agrawal Securities (PVT) Ltd.,10,210.9,2109.0,2025-09-02 14:28:50.227205
2025-09-02,17662,2025090201044157,PRVU,ABC Securities Private Limited,Sani Securities Company Ltd.,43,210.0,9030.0,2025-09-02 14:30:02.722413
2025-09-02,17661,2025090201044158,PRVU,Online Securities Pvt. Ltd.,Sani Securities Company Ltd.,160,210.0,33600.0,2025-09-02 14:30:02.722795
2025-09-02,16202,2025090201044697,PRVU,Online Securities Pvt. Ltd.,Sundhara Securities Limited,70,210.0,14700.0,2025-09-02 14:33:34.436853
2025-09-02,16201,2025090201044698,PRVU,Dipshikha Dhitopatra Karobar Co. Pvt Ltd.,Sundhara Securities Limited,50,210.0,10500.0,2025-09-02 14:33:34.437152
2025-09-02,16200,2025090201044699,PRVU,Market Securities & Exchange (PVT) Ltd.,Sundhara Securities Limited,200,210.0,42000.0,2025-09-02 14:33:34.437250
2025-09-02,16199,2025090201044700,PRVU,Sumeru Securities Pvt. Ltd.,Sundhara Securities Limited,10,210.0,2100.0,2025-09-02 14:33:34.437340
2025-09-02,16198,2025090201044701,PRVU,J.F. Securites (PVT) Ltd.,Sundhara Securities Limited,50,210.0,10500.0,2025-09-02 14:33:34.437429
2025-09-02,16197,2025090201044702,PRVU,Naasa Securities Co. Ltd.,Sundhara Securities Limited,129,210.0,27090.0,2025-09-02 14:33:34.437515
2025-09-02,16113,2025090201044738,PRVU,Nepal Investment And Securities Trading Private Limited,ABC Securities Private Limited,31,210.8,6534.8,2025-09-02 14:33:46.219494
2025-09-02,15853,2025090201044827,PRVU,Naasa Securities Co. Ltd.,Creative Securities Pvt Ltd,341,210.0,71610.0,2025-09-02 14:34:16.688077
2025-09-02,15852,2025090201044828,PRVU,ABC Securities Private Limited,Creative Securities Pvt Ltd,10,210.0,2100.0,2025-09-02 14:34:16.688567
2025-09-02,15851,2025090201044829,PRVU,Neev Securities Pvt. Ltd.,Creative Securities Pvt Ltd,100,210.0,21000.0,2025-09-02 14:34:16.689042
2025-09-02,15850,2025090201044830,PRVU,Imperial Securities Company Pvt. Ltd.,Creative Securities Pvt Ltd,200,210.0,42000.0,2025-09-02 14:34:16.689464
2025-09-02,15849,2025090201044831,PRVU,Sweta Securities Private Limited,Creative Securities Pvt Ltd,10,210.0,2100.0,2025-09-02 14:34:16.689790
2025-09-02,15848,2025090201044832,PRVU,Nepal Stock House (PVT) Ltd.,Creative Securities Pvt Ltd,100,210.0,21000.0,2025-09-02 14:34:16.690203
2025-09-02,15847,2025090201044833,PRVU,Premier Securities Company Ltd.,Creative Securities Pvt Ltd,20,210.0,4200.0,2025-09-02 14:34:16.690543
2025-09-02,15846,2025090201044834,PRVU,Property Wiard Limited,Creative Securities Pvt Ltd,150,210.0,31500.0,2025-09-02 14:34:16.690926
2025-09-02,15845,2025090201044835,PRVU,Sewa Securities Pvt. Ltd.,Creative Securities Pvt Ltd,69,210.0,14490.0,2025-09-02 14:34:16.691345
2025-09-02,15157,2025090201045061,PRVU,Sewa Securities Pvt. Ltd.,Bhrikuti Stock Broking Co. Pvt. Ltd.,49,210.0,10290.0,2025-09-02 14:35:56.942699
2025-09-02,15156,2025090201045062,PRVU,Online Securities Pvt. Ltd.,Bhrikuti Stock Broking Co. Pvt. Ltd.,11,210.0,2310.0,2025-09-02 14:35:56.943119
2025-09-02,14824,2025090201045206,PRVU,Online Securities Pvt. Ltd.,ABC Securities Private Limited,989,210.0,207690.0,2025-09-02 14:36:38.901211
2025-09-02,14823,2025090201045207,PRVU,Sani Securities Company Ltd.,ABC Securities Private Limited,11,210.0,2310.0,2025-09-02 14:36:38.901648
2025-09-02,14789,2025090201045216,PRVU,Sani Securities Company Ltd.,Kohinoor Investment & Securities Pvt. Ltd.,489,210.0,102690.0,2025-09-02 14:36:43.950421
2025-09-02,14635,2025090201045263,PRVU,ABC Securities Private Limited,Midas Stock Broking Company Private Limited,300,209.7,62910.0,2025-09-02 14:37:00.084808
2025-09-02,14634,2025090201045264,PRVU,Premier Securities Company Ltd.,Midas Stock Broking Company Private Limited,350,209.6,73360.0,2025-09-02 14:37:00.085034
2025-09-02,14633,2025090201045265,PRVU,Bhrikuti Stock Broking Co. Pvt. Ltd.,Midas Stock Broking Company Private Limited,100,209.1,20910.0,2025-09-02 14:37:00.085129
2025-09-02,14632,2025090201045266,PRVU,Linch Stock Market Ltd.,Midas Stock Broking Company Private Limited,500,209.1,104550.0,2025-09-02 14:37:00.085217
2025-09-02,14631,2025090201045267,PRVU,Nepal Investment And Securities Trading Private Limited,Midas Stock Broking Company Private Limited,500,209.0,104500.0,2025-09-02 14:37:00.085307
2025-09-02,14630,2025090201045268,PRVU,Arun Securities (PVT) Ltd.,Midas Stock Broking Company Private Limited,100,209.0,20900.0,2025-09-02 14:37:00.085395
2025-09-02,14629,2025090201045269,PRVU,Dipshikha Dhitopatra Karobar Co. Pvt Ltd.,Midas Stock Broking Company Private Limited,500,209.0,104500.0,2025-09-02 14:37:00.085482
2025-09-02,14628,2025090201045270,PRVU,Naasa Securities Co. Ltd.,Midas Stock Broking Company Private Limited,200,209.0,41800.0,2025-09-02 14:37:00.085595
2025-09-02,14627,2025090201045271,PRVU,Sani Securities Company Ltd.,Midas Stock Broking Company Private Limited,504,209.0,105336.0,2025-09-02 14:37:00.085688
2025-09-02,14626,2025090201045272,PRVU,Trishakti Securities Public Limited,Midas Stock Broking Company Private Limited,446,209.0,93214.0,2025-09-02 14:37:00.085780
2025-09-02,14579,2025090201045286,PRVU,Oxford Securities Pvt. Ltd.,Kohinoor Investment & Securities Pvt. Ltd.,140,210.0,29400.0,2025-09-02 14:37:05.543546
2025-09-02,14551,2025090201045297,PRVU,Trishakti Securities Public Limited,Naasa Securities Co. Ltd.,54,209.0,11286.0,2025-09-02 14:37:08.318632
2025-09-02,14550,2025090201045298,PRVU,Cristal Kanchanjanga Securites Pvt. Ltd.,Naasa Securities Co. Ltd.,26,209.0,5434.0,2025-09-02 14:37:08.319082
2025-09-02,13904,2025090201045541,PRVU,Dynamic Money Managers Securities Pvt. Ltd.,Sani Securities Company Ltd.,200,209.0,41800.0,2025-09-02 14:38:34.397101
2025-09-02,13903,2025090201045542,PRVU,Premier Securities Company Ltd.,Sani Securities Company Ltd.,20,209.0,4180.0,2025-09-02 14:38:34.397347
2025-09-02,13902,2025090201045543,PRVU,Vision Securities Pvt. Ltd,Sani Securities Company Ltd.,30,209.0,6270.0,2025-09-02 14:38:34.397438
2025-09-02,13622,2025090201045648,PRVU,Vision Securities Pvt. Ltd,Agrawal Securities (PVT) Ltd.,220,209.0,45980.0,2025-09-02 14:39:12.551551
2025-09-02,13621,2025090201045649,PRVU,Sani Securities Company Ltd.,Agrawal Securities (PVT) Ltd.,50,209.0,10450.0,2025-09-02 14:39:12.551764
2025-09-02,13620,2025090201045650,PRVU,Imperial Securities Company Pvt. Ltd.,Agrawal Securities (PVT) Ltd.,85,209.0,17765.0,2025-09-02 14:39:12.551853
2025-09-02,13488,2025090201045677,PRVU,Nepal Investment And Securities Trading Private Limited,Shree Krishna Securities Ltd.,100,209.9,20990.0,2025-09-02 14:39:23.869905
2025-09-02,12000,2025090201046199,PRVU,Aryatara Investment & Securities,Siprabi Securities Pvt. Ltd.,500,209.7,104850.0,2025-09-02 14:42:42.270102
2025-09-02,11943,2025090201046214,PRVU,Naasa Securities Co. Ltd.,Dynamic Money Managers Securities Pvt. Ltd.,8,211.0,1688.0,2025-09-02 14:42:48.671967
2025-09-02,9883,2025090201046964,PRVU,Online Securities Pvt. Ltd.,Siprabi Securities Pvt. Ltd.,390,209.7,81783.0,2025-09-02 14:47:06.955956
2025-09-02,9882,2025090201046965,PRVU,Online Securities Pvt. Ltd.,Premier Securities Company Ltd.,100,209.7,20970.0,2025-09-02 14:47:06.956177
2025-09-02,9831,2025090201046971,PRVU,Sumeru Securities Pvt. Ltd.,Imperial Securities Company Pvt. Ltd.,150,209.1,31365.0,2025-09-02 14:47:13.334469
2025-09-02,9830,2025090201046972,PRVU,Ashutosh Brokerage & Securities (PVT) Ltd.,Imperial Securities Company Pvt. Ltd.,100,209.1,20910.0,2025-09-02 14:47:13.334909
2025-09-02,9829,2025090201046973,PRVU,Imperial Securities Company Pvt. Ltd.,Imperial Securities Company Pvt. Ltd.,15,209.0,3135.0,2025-09-02 14:47:13.335220
2025-09-02,9828,2025090201046974,PRVU,Aryatara Investment & Securities,Imperial Securities Company Pvt. Ltd.,100,209.0,20900.0,2025-09-02 14:47:13.335509
2025-09-02,9827,2025090201046975,PRVU,Market Securities & Exchange (PVT) Ltd.,Imperial Securities Company Pvt. Ltd.,200,209.0,41800.0,2025-09-02 14:47:13.335766
2025-09-02,9826,2025090201046976,PRVU,Sani Securities Company Ltd.,Imperial Securities Company Pvt. Ltd.,500,209.0,104500.0,2025-09-02 14:47:13.336036
2025-09-02,9825,2025090201046977,PRVU,Sani Securities Company Ltd.,Imperial Securities Company Pvt. Ltd.,10,209.0,2090.0,2025-09-02 14:47:13.336299
2025-09-02,9824,2025090201046978,PRVU,Naasa Securities Co. Ltd.,Imperial Securities Company Pvt. Ltd.,1210,209.0,252890.0,2025-09-02 14:47:13.336609
2025-09-02,9823,2025090201046979,PRVU,Naasa Securities Co. Ltd.,Imperial Securities Company Pvt. Ltd.,100,209.0,20900.0,2025-09-02 14:47:13.336993
2025-09-02,9822,2025090201046980,PRVU,Cristal Kanchanjanga Securites Pvt. Ltd.,Imperial Securities Company Pvt. Ltd.,74,209.0,15466.0,2025-09-02 14:47:13.337306
2025-09-02,9641,2025090201047060,PRVU,Vision Securities Pvt. Ltd,Kalika Securities Pvt. Ltd.,5,205.6,1028.0,2025-09-02 14:47:36.272808
2025-09-02,9506,2025090201047112,PRVU,Online Securities Pvt. Ltd.,Sundhara Securities Limited,50,208.9,10445.0,2025-09-02 14:47:52.185542
2025-09-02,9361,2025090201047169,PRVU,Naasa Securities Co. Ltd.,Imperial Securities Company Pvt. Ltd.,101,209.0,21109.0,2025-09-02 14:48:11.710518
2025-09-02,9344,2025090201047173,PRVU,Property Wiard Limited,Imperial Securities Company Pvt. Ltd.,440,209.0,91960.0,2025-09-02 14:48:14.340620
2025-09-02,9162,2025090201047235,PRVU,Thrive Brokerage House Pvt. Ltd,Shree Krishna Securities Ltd.,100,209.9,20990.0,2025-09-02 14:48:33.341386
2025-09-02,9161,2025090201047236,PRVU,Thrive Brokerage House Pvt. Ltd,SHUBHAKAMANA SECURITIES PVT. LTD,143,210.0,30030.0,2025-09-02 14:48:33.341603
2025-09-02,9160,2025090201047237,PRVU,Thrive Brokerage House Pvt. Ltd,Secured Securities Ltd.,257,210.0,53970.0,2025-09-02 14:48:33.341696
2025-09-02,7804,2025090201047813,PRVU,Naasa Securities Co. Ltd.,Imperial Securities Company Pvt. Ltd.,900,209.1,188190.0,2025-09-02 14:50:53.600422
2025-09-02,7803,2025090201047814,PRVU,Ashutosh Brokerage & Securities (PVT) Ltd.,Imperial Securities Company Pvt. Ltd.,100,209.1,20910.0,2025-09-02 14:50:53.601081
2025-09-02,7802,2025090201047815,PRVU,Property Wiard Limited,Imperial Securities Company Pvt. Ltd.,101,209.0,21109.0,2025-09-02 14:50:53.601473
2025-09-02,7801,2025090201047816,PRVU,Naasa Securities Co. Ltd.,Imperial Securities Company Pvt. Ltd.,75,209.0,15675.0,2025-09-02 14:50:53.601797
2025-09-02,7800,2025090201047817,PRVU,Nabil Stock Dealer Ltd.,Imperial Securities Company Pvt. Ltd.,30,209.0,6270.0,2025-09-02 14:50:53.602128
2025-09-02,7799,2025090201047818,PRVU,Sani Securities Company Ltd.,Imperial Securities Company Pvt. Ltd.,73,209.0,15257.0,2025-09-02 14:50:53.602419
2025-09-02,7798,2025090201047819,PRVU,Cristal Kanchanjanga Securites Pvt. Ltd.,Imperial Securities Company Pvt. Ltd.,1000,209.0,209000.0,2025-09-02 14:50:53.602727
2025-09-02,7797,2025090201047820,PRVU,Neev Securities Pvt. Ltd.,Imperial Securities Company Pvt. Ltd.,100,209.0,20900.0,2025-09-02 14:50:53.603174
2025-09-02,7786,2025090201047825,PRVU,ABC Securities Private Limited,Imperial Securities Company Pvt. Ltd.,90,209.0,18810.0,2025-09-02 14:50:55.538671
2025-09-02,7615,2025090201047881,PRVU,ABC Securities Private Limited,Imperial Securities Company Pvt. Ltd.,10,209.0,2090.0,2025-09-02 14:51:09.699624
2025-09-02,6948,2025090201048206,PRVU,Asian Securities Private Ltd.,Imperial Securities Company Pvt. Ltd.,21,209.0,4389.0,2025-09-02 14:52:02.551660
2025-09-02,5811,2025090201048592,PRVU,Asian Securities Private Ltd.,Online Securities Pvt. Ltd.,479,209.0,100111.0,2025-09-02 14:53:47.158477
2025-09-02,5810,2025090201048593,PRVU,Swarna Laxmi Securities Pvt. Ltd.,Online Securities Pvt. Ltd.,21,209.0,4389.0,2025-09-02 14:53:47.158907
2025-09-02,4819,2025090201048916,PRVU,Swarna Laxmi Securities Pvt. Ltd.,Premier Securities Company Ltd.,50,209.0,10450.0,2025-09-02 14:55:13.834659
2025-09-02,3731,2025090201049287,PRVU,Bhrikuti Stock Broking Co. Pvt. Ltd.,Secured Securities Ltd.,43,210.0,9030.0,2025-09-02 14:56:48.294747
2025-09-02,3730,2025090201049288,PRVU,Bhrikuti Stock Broking Co. Pvt. Ltd.,Primo Securities (PVT) Ltd.,70,210.0,14700.0,2025-09-02 14:56:48.295222
2025-09-02,3706,2025090201049299,PRVU,Bhrikuti Stock Broking Co. Pvt. Ltd.,Secured Securities Ltd.,887,210.0,186270.0,2025-09-02 14:56:51.233144
2025-09-02,3705,2025090201049300,PRVU,Swarna Laxmi Securities Pvt. Ltd.,Secured Securities Ltd.,1929,209.0,403161.0,2025-09-02 14:56:51.233359
2025-09-02,3704,2025090201049301,PRVU,Nepal Investment And Securities Trading Private Limited,Secured Securities Ltd.,234,209.0,48906.0,2025-09-02 14:56:51.233456
2025-09-02,3137,2025090201049562,PRVU,Naasa Securities Co. Ltd.,Shree Krishna Securities Ltd.,10,210.5,2105.0,2025-09-02 14:57:22.769492
2025-09-02,2756,2025090201049697,PRVU,Dynamic Money Managers Securities Pvt. Ltd.,Naasa Securities Co. Ltd.,30,209.1,6273.0,2025-09-02 14:57:46.198533
2025-09-02,2755,2025090201049698,PRVU,Nepal Investment And Securities Trading Private Limited,Naasa Securities Co. Ltd.,166,209.0,34694.0,2025-09-02 14:57:46.198752
2025-09-02,2754,2025090201049699,PRVU,Online Securities Pvt. Ltd.,Naasa Securities Co. Ltd.,42,209.0,8778.0,2025-09-02 14:57:46.198847
2025-09-02,2075,2025090201049917,PRVU,KALASH STOCK MARKET PVT. LTD.,Shree Krishna Securities Ltd.,43,210.5,9051.5,2025-09-02 14:58:29.887464
2025-09-02,2074,2025090201049918,PRVU,KALASH STOCK MARKET PVT. LTD.,KALASH STOCK MARKET PVT. LTD.,30,210.7,6321.0,2025-09-02 14:58:29.887670
2025-09-02,2073,2025090201049919,PRVU,KALASH STOCK MARKET PVT. LTD.,ABC Securities Private Limited,28,210.8,5902.4,2025-09-02 14:58:29.887769
2025-09-02,2072,2025090201049920,PRVU,KALASH STOCK MARKET PVT. LTD.,Shree Krishna Securities Ltd.,100,210.9,21090.0,2025-09-02 14:58:29.887866
2025-09-02,2071,2025090201049921,PRVU,KALASH STOCK MARKET PVT. LTD.,Vision Securities Pvt. Ltd,27,211.0,5697.0,2025-09-02 14:58:29.887962
2025-09-02,2070,2025090201049922,PRVU,KALASH STOCK MARKET PVT. LTD.,Thrive Brokerage House Pvt. Ltd,472,211.0,99592.0,2025-09-02 14:58:29.888063
2025-09-02,1517,2025090201050086,PRVU,Kalika Securities Pvt. Ltd.,Thrive Brokerage House Pvt. Ltd,60,211.0,12660.0,2025-09-02 14:59:00.683478
2025-09-02,16,2025090201050507,PRVU,Opal Securities Investment (PVT) Ltd.,Creative Securities Pvt Ltd,500,210.0,105000.0,2025-09-02 14:59:59.728963
