Date,S.N.,Contract ID,Symbol,Buyer Broker,Seller Broker,quantity,rate,amount,transaction_time
2025-09-02,89374,2025090201000355,SANIMA,Sri Hari Securities Pvt. Ltd.,Arun Securities (PVT) Ltd.,10,379.7,3797.0,2025-09-02 10:46:00.127637
2025-09-02,89373,2025090201000356,SANIMA,KALASH STOCK MARKET PVT. LTD.,Arun Securities (PVT) Ltd.,10,379.7,3797.0,2025-09-02 10:46:00.127681
2025-09-02,89042,2025090201000661,SANIMA,Imperial Securities Company Pvt. Ltd.,Pragyan Securities (PVT) Ltd.,100,378.0,37800.0,2025-09-02 11:00:45.711497
2025-09-02,88657,2025090201001019,SANIMA,Dipshikha Dhitopatra Karobar Co. Pvt Ltd.,Vision Securities Pvt. Ltd,10,377.9,3779.0,2025-09-02 11:01:13.811569
2025-09-02,85528,2025090201003696,SANIMA,Property Wiard Limited,Market Securities & Exchange (PVT) Ltd.,200,374.0,74800.0,2025-09-02 11:05:56.961947
2025-09-02,85157,2025090201003982,SANIMA,Imperial Securities Company Pvt. Ltd.,Sani Securities Company Ltd.,30,374.0,11220.0,2025-09-02 11:06:44.285597
2025-09-02,84819,2025090201004273,SANIMA,South Asian Bulls Pvt. Ltd.,Sani Securities Company Ltd.,470,374.0,175780.0,2025-09-02 11:07:03.969338
2025-09-02,84818,2025090201004274,SANIMA,South Asian Bulls Pvt. Ltd.,Market Securities & Exchange (PVT) Ltd.,30,374.0,11220.0,2025-09-02 11:07:03.969441
2025-09-02,84361,2025090201004622,SANIMA,Agrawal Securities (PVT) Ltd.,Kohinoor Investment & Securities Pvt. Ltd.,109,372.0,40548.0,2025-09-02 11:07:57.272477
2025-09-02,84315,2025090201004647,SANIMA,Agrawal Securities (PVT) Ltd.,Sewa Securities Pvt. Ltd.,1000,372.0,372000.0,2025-09-02 11:08:01.312373
2025-09-02,84115,2025090201004809,SANIMA,Elite Stock House Limited,Market Securities & Exchange (PVT) Ltd.,120,374.0,44880.0,2025-09-02 11:08:26.266921
2025-09-02,83965,2025090201004925,SANIMA,Agrawal Securities (PVT) Ltd.,Sweta Securities Private Limited,891,372.0,331452.0,2025-09-02 11:08:48.033363
2025-09-02,83964,2025090201004926,SANIMA,Sumeru Securities Pvt. Ltd.,Sweta Securities Private Limited,109,372.0,40548.0,2025-09-02 11:08:48.033419
2025-09-02,83821,2025090201005028,SANIMA,Sumeru Securities Pvt. Ltd.,Sri Hari Securities Pvt. Ltd.,91,372.0,33852.0,2025-09-02 11:09:04.938334
2025-09-02,83820,2025090201005029,SANIMA,Online Securities Pvt. Ltd.,Sri Hari Securities Pvt. Ltd.,109,372.0,40548.0,2025-09-02 11:09:04.938513
2025-09-02,83064,2025090201005611,SANIMA,Online Securities Pvt. Ltd.,Agrawal Securities (PVT) Ltd.,189,372.0,70308.0,2025-09-02 11:10:13.051879
2025-09-02,83063,2025090201005612,SANIMA,Sumeru Securities Pvt. Ltd.,Agrawal Securities (PVT) Ltd.,50,372.0,18600.0,2025-09-02 11:10:13.051974
2025-09-02,81919,2025090201006554,SANIMA,Bhrikuti Stock Broking Co. Pvt. Ltd.,Naasa Securities Co. Ltd.,500,371.5,185750.0,2025-09-02 11:12:26.148196
2025-09-02,80794,2025090201007482,SANIMA,Citizens Share Broker Limited,Himalayan Brokerage Company Limited,106,371.6,39389.6,2025-09-02 11:14:35.447239
2025-09-02,80280,2025090201007902,SANIMA,Linch Stock Market Ltd.,Agrawal Securities (PVT) Ltd.,55,372.0,20460.0,2025-09-02 11:15:41.260519
2025-09-02,80086,2025090201008057,SANIMA,KALASH STOCK MARKET PVT. LTD.,Agrawal Securities (PVT) Ltd.,50,372.0,18600.0,2025-09-02 11:16:10.637954
2025-09-02,80080,2025090201008062,SANIMA,Trisul Securities & Invt. Ltd.,Agrawal Securities (PVT) Ltd.,60,372.0,22320.0,2025-09-02 11:16:11.735517
2025-09-02,78936,2025090201009002,SANIMA,Citizens Share Broker Limited,Agrawal Securities (PVT) Ltd.,96,372.0,35712.0,2025-09-02 11:18:08.203101
2025-09-02,78935,2025090201009003,SANIMA,Citizens Share Broker Limited,Kohinoor Investment & Securities Pvt. Ltd.,20,372.0,7440.0,2025-09-02 11:18:08.203333
2025-09-02,77869,2025090201009845,SANIMA,KALASH STOCK MARKET PVT. LTD.,Naasa Securities Co. Ltd.,10,373.9,3739.0,2025-09-02 11:20:27.336688
2025-09-02,77724,2025090201009948,SANIMA,Cristal Kanchanjanga Securites Pvt. Ltd.,Online Securities Pvt. Ltd.,500,373.5,186750.0,2025-09-02 11:20:50.033709
2025-09-02,77605,2025090201010024,SANIMA,Opal Securities Investment (PVT) Ltd.,Naasa Securities Co. Ltd.,340,373.9,127126.0,2025-09-02 11:21:07.201326
2025-09-02,77604,2025090201010025,SANIMA,Opal Securities Investment (PVT) Ltd.,Online Securities Pvt. Ltd.,140,374.0,52360.0,2025-09-02 11:21:07.201478
2025-09-02,77603,2025090201010026,SANIMA,Opal Securities Investment (PVT) Ltd.,Kumari Securities Private Limited,50,374.0,18700.0,2025-09-02 11:21:07.201540
2025-09-02,77602,2025090201010027,SANIMA,Opal Securities Investment (PVT) Ltd.,Sani Securities Company Ltd.,500,374.0,187000.0,2025-09-02 11:21:07.201605
2025-09-02,77601,2025090201010028,SANIMA,Opal Securities Investment (PVT) Ltd.,Market Securities & Exchange (PVT) Ltd.,150,374.0,56100.0,2025-09-02 11:21:07.201668
2025-09-02,77600,2025090201010029,SANIMA,Opal Securities Investment (PVT) Ltd.,Agrawal Securities (PVT) Ltd.,613,374.0,229262.0,2025-09-02 11:21:07.201721
2025-09-02,77599,2025090201010030,SANIMA,Opal Securities Investment (PVT) Ltd.,Online Securities Pvt. Ltd.,500,374.9,187450.0,2025-09-02 11:21:07.201778
2025-09-02,77598,2025090201010031,SANIMA,Opal Securities Investment (PVT) Ltd.,Primo Securities (PVT) Ltd.,10,375.0,3750.0,2025-09-02 11:21:07.201831
2025-09-02,77597,2025090201010032,SANIMA,Opal Securities Investment (PVT) Ltd.,Imperial Securities Company Pvt. Ltd.,100,375.0,37500.0,2025-09-02 11:21:07.201887
2025-09-02,77596,2025090201010033,SANIMA,Opal Securities Investment (PVT) Ltd.,Sumeru Securities Pvt. Ltd.,1000,375.0,375000.0,2025-09-02 11:21:07.201952
2025-09-02,77595,2025090201010034,SANIMA,Opal Securities Investment (PVT) Ltd.,Linch Stock Market Ltd.,140,375.0,52500.0,2025-09-02 11:21:07.202046
2025-09-02,77431,2025090201010145,SANIMA,Opal Securities Investment (PVT) Ltd.,Sewa Securities Pvt. Ltd.,500,375.0,187500.0,2025-09-02 11:21:31.549602
2025-09-02,77338,2025090201010224,SANIMA,Opal Securities Investment (PVT) Ltd.,Online Securities Pvt. Ltd.,500,375.0,187500.0,2025-09-02 11:21:41.970230
2025-09-02,77128,2025090201010365,SANIMA,Opal Securities Investment (PVT) Ltd.,Market Securities & Exchange (PVT) Ltd.,400,375.0,150000.0,2025-09-02 11:22:15.665074
2025-09-02,77061,2025090201010414,SANIMA,Opal Securities Investment (PVT) Ltd.,Midas Stock Broking Company Private Limited,500,375.0,187500.0,2025-09-02 11:22:28.457546
2025-09-02,77051,2025090201010423,SANIMA,Opal Securities Investment (PVT) Ltd.,Shree Krishna Securities Ltd.,112,375.0,42000.0,2025-09-02 11:22:29.340481
2025-09-02,76731,2025090201010688,SANIMA,Kohinoor Investment & Securities Pvt. Ltd.,Shree Krishna Securities Ltd.,300,373.1,111930.0,2025-09-02 11:23:16.644518
2025-09-02,76730,2025090201010689,SANIMA,Premier Securities Company Ltd.,Shree Krishna Securities Ltd.,500,373.0,186500.0,2025-09-02 11:23:16.644654
2025-09-02,76729,2025090201010690,SANIMA,Dakshinkali Investment & Securities Pvt. Ltd.,Shree Krishna Securities Ltd.,1200,373.0,447600.0,2025-09-02 11:23:16.644721
2025-09-02,75177,2025090201011829,SANIMA,Nepal Stock House (PVT) Ltd.,Shree Krishna Securities Ltd.,500,375.0,187500.0,2025-09-02 11:26:54.734802
2025-09-02,75176,2025090201011830,SANIMA,Nepal Stock House (PVT) Ltd.,Online Securities Pvt. Ltd.,500,375.0,187500.0,2025-09-02 11:26:54.734855
2025-09-02,75175,2025090201011831,SANIMA,Nepal Stock House (PVT) Ltd.,Market Securities & Exchange (PVT) Ltd.,100,375.0,37500.0,2025-09-02 11:26:54.734890
2025-09-02,75174,2025090201011832,SANIMA,Nepal Stock House (PVT) Ltd.,Cristal Kanchanjanga Securites Pvt. Ltd.,100,375.7,37570.0,2025-09-02 11:26:54.734916
2025-09-02,75173,2025090201011833,SANIMA,Nepal Stock House (PVT) Ltd.,Shree Krishna Securities Ltd.,500,375.8,187900.0,2025-09-02 11:26:54.734943
2025-09-02,75172,2025090201011834,SANIMA,Nepal Stock House (PVT) Ltd.,Kohinoor Investment & Securities Pvt. Ltd.,150,376.0,56400.0,2025-09-02 11:26:54.734970
2025-09-02,75171,2025090201011835,SANIMA,Nepal Stock House (PVT) Ltd.,Vision Securities Pvt. Ltd,27,376.7,10170.9,2025-09-02 11:26:54.735000
2025-09-02,75170,2025090201011836,SANIMA,Nepal Stock House (PVT) Ltd.,Kohinoor Investment & Securities Pvt. Ltd.,123,376.8,46346.4,2025-09-02 11:26:54.735034
2025-09-02,73576,2025090201013054,SANIMA,Premier Securities Company Ltd.,Midas Stock Broking Company Private Limited,200,376.5,75300.0,2025-09-02 11:30:38.282818
2025-09-02,73341,2025090201013217,SANIMA,Primo Securities (PVT) Ltd.,Kumari Securities Private Limited,100,376.0,37600.0,2025-09-02 11:31:09.215928
2025-09-02,73340,2025090201013218,SANIMA,Secured Securities Ltd.,Kumari Securities Private Limited,15,375.0,5625.0,2025-09-02 11:31:09.216128
2025-09-02,73339,2025090201013219,SANIMA,Naasa Securities Co. Ltd.,Kumari Securities Private Limited,131,375.0,49125.0,2025-09-02 11:31:09.216201
2025-09-02,73150,2025090201013345,SANIMA,Swarna Laxmi Securities Pvt. Ltd.,Malla & Malla Stock Broking Company Pvt. Limited,1,370.0,370.0,2025-09-02 11:31:39.155626
2025-09-02,73136,2025090201013353,SANIMA,Agrawal Securities (PVT) Ltd.,Kumari Securities Private Limited,150,375.0,56250.0,2025-09-02 11:31:42.004050
2025-09-02,73059,2025090201013399,SANIMA,Swarna Laxmi Securities Pvt. Ltd.,Asian Securities Private Ltd.,2,370.0,740.0,2025-09-02 11:31:55.244843
2025-09-02,72565,2025090201013745,SANIMA,Siprabi Securities Pvt. Ltd.,Imperial Securities Company Pvt. Ltd.,100,376.1,37610.0,2025-09-02 11:33:01.934410
2025-09-02,72119,2025090201014039,SANIMA,Shree Krishna Securities Ltd.,Kohinoor Investment & Securities Pvt. Ltd.,23,375.1,8627.3,2025-09-02 11:34:08.986727
2025-09-02,71961,2025090201014159,SANIMA,Capital Max Securities Ltd,Kumari Securities Private Limited,4,368.0,1472.0,2025-09-02 11:34:30.040790
2025-09-02,71680,2025090201014333,SANIMA,Shree Krishna Securities Ltd.,Opal Securities Investment (PVT) Ltd.,300,375.1,112530.0,2025-09-02 11:35:18.990620
2025-09-02,71546,2025090201014428,SANIMA,Shree Krishna Securities Ltd.,Dakshinkali Investment & Securities Pvt. Ltd.,177,375.1,66392.7,2025-09-02 11:35:39.729650
2025-09-02,71545,2025090201014429,SANIMA,Imperial Securities Company Pvt. Ltd.,Dakshinkali Investment & Securities Pvt. Ltd.,23,375.0,8625.0,2025-09-02 11:35:39.729820
2025-09-02,71084,2025090201014740,SANIMA,Imperial Securities Company Pvt. Ltd.,Opal Securities Investment (PVT) Ltd.,100,375.0,37500.0,2025-09-02 11:36:45.434799
2025-09-02,71069,2025090201014753,SANIMA,Kohinoor Investment & Securities Pvt. Ltd.,Opal Securities Investment (PVT) Ltd.,100,376.0,37600.0,2025-09-02 11:36:49.001168
2025-09-02,71068,2025090201014754,SANIMA,Kohinoor Investment & Securities Pvt. Ltd.,Dakshinkali Investment & Securities Pvt. Ltd.,300,376.0,112800.0,2025-09-02 11:36:49.001528
2025-09-02,71067,2025090201014755,SANIMA,Kohinoor Investment & Securities Pvt. Ltd.,Imperial Securities Company Pvt. Ltd.,150,376.6,56490.0,2025-09-02 11:36:49.001711
2025-09-02,71066,2025090201014756,SANIMA,Kohinoor Investment & Securities Pvt. Ltd.,Vision Securities Pvt. Ltd,40,376.7,15068.0,2025-09-02 11:36:49.001842
2025-09-02,71065,2025090201014757,SANIMA,Kohinoor Investment & Securities Pvt. Ltd.,Shree Krishna Securities Ltd.,500,376.7,188350.0,2025-09-02 11:36:49.001923
2025-09-02,71064,2025090201014758,SANIMA,Kohinoor Investment & Securities Pvt. Ltd.,Nepal Stock House (PVT) Ltd.,50,376.7,18835.0,2025-09-02 11:36:49.002001
2025-09-02,71063,2025090201014759,SANIMA,Kohinoor Investment & Securities Pvt. Ltd.,Kohinoor Investment & Securities Pvt. Ltd.,360,376.8,135648.0,2025-09-02 11:36:49.002087
2025-09-02,69082,2025090201016140,SANIMA,Imperial Securities Company Pvt. Ltd.,Trisul Securities & Invt. Ltd.,90,375.0,33750.0,2025-09-02 11:41:22.100479
2025-09-02,69081,2025090201016141,SANIMA,Online Securities Pvt. Ltd.,Trisul Securities & Invt. Ltd.,29,375.0,10875.0,2025-09-02 11:41:22.100693
2025-09-02,69011,2025090201016192,SANIMA,Dipshikha Dhitopatra Karobar Co. Pvt Ltd.,Secured Securities Ltd.,1000,376.0,376000.0,2025-09-02 11:41:31.666915
2025-09-02,68489,2025090201016571,SANIMA,Primo Securities (PVT) Ltd.,Kalika Securities Pvt. Ltd.,200,375.1,75020.0,2025-09-02 11:42:47.757554
2025-09-02,68488,2025090201016572,SANIMA,Online Securities Pvt. Ltd.,Kalika Securities Pvt. Ltd.,171,375.0,64125.0,2025-09-02 11:42:47.757750
2025-09-02,68487,2025090201016573,SANIMA,Oxford Securities Pvt. Ltd.,Kalika Securities Pvt. Ltd.,100,375.0,37500.0,2025-09-02 11:42:47.757854
2025-09-02,68486,2025090201016574,SANIMA,Secured Securities Ltd.,Kalika Securities Pvt. Ltd.,50,375.0,18750.0,2025-09-02 11:42:47.757976
2025-09-02,68485,2025090201016575,SANIMA,Arun Securities (PVT) Ltd.,Kalika Securities Pvt. Ltd.,500,375.0,187500.0,2025-09-02 11:42:47.758103
2025-09-02,68484,2025090201016576,SANIMA,Premier Securities Company Ltd.,Kalika Securities Pvt. Ltd.,40,375.0,15000.0,2025-09-02 11:42:47.758196
2025-09-02,68483,2025090201016577,SANIMA,Aryatara Investment & Securities,Kalika Securities Pvt. Ltd.,139,375.0,52125.0,2025-09-02 11:42:47.758279
2025-09-02,68178,2025090201016755,SANIMA,Aryatara Investment & Securities,Linch Stock Market Ltd.,126,375.0,47250.0,2025-09-02 11:43:31.260587
2025-09-02,68177,2025090201016756,SANIMA,KALASH STOCK MARKET PVT. LTD.,Linch Stock Market Ltd.,230,375.0,86250.0,2025-09-02 11:43:31.261001
2025-09-02,67072,2025090201017564,SANIMA,Shree Krishna Securities Ltd.,Linch Stock Market Ltd.,345,375.0,129375.0,2025-09-02 11:46:10.659522
2025-09-02,67071,2025090201017565,SANIMA,Shree Krishna Securities Ltd.,INDEX SECURITIES LIMITED,500,375.0,187500.0,2025-09-02 11:46:10.659697
2025-09-02,66971,2025090201017638,SANIMA,Shree Krishna Securities Ltd.,Naasa Securities Co. Ltd.,155,375.0,58125.0,2025-09-02 11:46:31.307810
2025-09-02,66970,2025090201017639,SANIMA,Property Wiard Limited,Naasa Securities Co. Ltd.,10,375.0,3750.0,2025-09-02 11:46:31.308018
2025-09-02,66615,2025090201017868,SANIMA,Aryatara Investment & Securities,Kohinoor Investment & Securities Pvt. Ltd.,100,374.3,37430.0,2025-09-02 11:47:27.057074
2025-09-02,66614,2025090201017869,SANIMA,Siprabi Securities Pvt. Ltd.,Kohinoor Investment & Securities Pvt. Ltd.,100,374.2,37420.0,2025-09-02 11:47:27.057293
2025-09-02,66613,2025090201017870,SANIMA,Dipshikha Dhitopatra Karobar Co. Pvt Ltd.,Kohinoor Investment & Securities Pvt. Ltd.,800,374.1,299280.0,2025-09-02 11:47:27.057384
2025-09-02,65648,2025090201018395,SANIMA,Bhrikuti Stock Broking Co. Pvt. Ltd.,Imperial Securities Company Pvt. Ltd.,1000,375.9,375900.0,2025-09-02 11:49:38.280361
2025-09-02,65079,2025090201018726,SANIMA,Bhrikuti Stock Broking Co. Pvt. Ltd.,Vision Securities Pvt. Ltd,50,375.9,18795.0,2025-09-02 11:51:05.001750
2025-09-02,65078,2025090201018727,SANIMA,Bhrikuti Stock Broking Co. Pvt. Ltd.,Dipshikha Dhitopatra Karobar Co. Pvt Ltd.,14,376.0,5264.0,2025-09-02 11:51:05.001996
2025-09-02,62625,2025090201020294,SANIMA,Dipshikha Dhitopatra Karobar Co. Pvt Ltd.,Nepal Stock House (PVT) Ltd.,154,374.1,57611.4,2025-09-02 11:56:29.368834
2025-09-02,61973,2025090201020689,SANIMA,Dipshikha Dhitopatra Karobar Co. Pvt Ltd.,Imperial Securities Company Pvt. Ltd.,46,374.1,17208.6,2025-09-02 11:58:15.997239
2025-09-02,61972,2025090201020690,SANIMA,Shree Krishna Securities Ltd.,Imperial Securities Company Pvt. Ltd.,954,374.1,356891.4,2025-09-02 11:58:15.997659
2025-09-02,61470,2025090201020984,SANIMA,Naasa Securities Co. Ltd.,Siprabi Securities Pvt. Ltd.,2,375.0,750.0,2025-09-02 11:59:14.251474
2025-09-02,60759,2025090201021438,SANIMA,Shree Krishna Securities Ltd.,Trisul Securities & Invt. Ltd.,46,374.1,17208.6,2025-09-02 12:01:11.405108
2025-09-02,60758,2025090201021439,SANIMA,ABC Securities Private Limited,Trisul Securities & Invt. Ltd.,100,374.1,37410.0,2025-09-02 12:01:11.405386
2025-09-02,60019,2025090201021914,SANIMA,Naasa Securities Co. Ltd.,Secured Securities Ltd.,1,374.0,374.0,2025-09-02 12:03:23.508976
2025-09-02,58962,2025090201022590,SANIMA,Dynamic Money Managers Securities Pvt. Ltd.,Sweta Securities Private Limited,239,373.3,89218.7,2025-09-02 12:06:07.772530
2025-09-02,58708,2025090201022680,SANIMA,Imperial Securities Company Pvt. Ltd.,Kohinoor Investment & Securities Pvt. Ltd.,10,374.0,3740.0,2025-09-02 12:06:34.563498
2025-09-02,58271,2025090201022944,SANIMA,Nepal Stock House (PVT) Ltd.,Online Securities Pvt. Ltd.,700,373.5,261450.0,2025-09-02 12:07:53.810265
2025-09-02,57795,2025090201023208,SANIMA,Sewa Securities Pvt. Ltd.,Deevyaa Securities & Stock House Pvt. Ltd,100,373.4,37340.0,2025-09-02 12:09:23.763078
2025-09-02,57725,2025090201023248,SANIMA,Citizens Share Broker Limited,Online Securities Pvt. Ltd.,200,373.5,74700.0,2025-09-02 12:09:36.901966
2025-09-02,57304,2025090201023529,SANIMA,Sewa Securities Pvt. Ltd.,Kohinoor Investment & Securities Pvt. Ltd.,189,374.0,70686.0,2025-09-02 12:10:53.258822
2025-09-02,57303,2025090201023530,SANIMA,Sewa Securities Pvt. Ltd.,Agrawal Securities (PVT) Ltd.,10,374.0,3740.0,2025-09-02 12:10:53.259368
2025-09-02,57224,2025090201023569,SANIMA,Capital Max Securities Ltd,Deevyaa Securities & Stock House Pvt. Ltd,100,374.0,37400.0,2025-09-02 12:11:09.183567
2025-09-02,56899,2025090201023774,SANIMA,Online Securities Pvt. Ltd.,Kalika Securities Pvt. Ltd.,70,374.0,26180.0,2025-09-02 12:12:11.232282
2025-09-02,56898,2025090201023775,SANIMA,Agrawal Securities (PVT) Ltd.,Kalika Securities Pvt. Ltd.,500,373.6,186800.0,2025-09-02 12:12:11.232569
2025-09-02,56897,2025090201023776,SANIMA,Citizens Share Broker Limited,Kalika Securities Pvt. Ltd.,78,373.5,29133.0,2025-09-02 12:12:11.232694
2025-09-02,56896,2025090201023777,SANIMA,Dynamic Money Managers Securities Pvt. Ltd.,Kalika Securities Pvt. Ltd.,352,373.3,131401.6,2025-09-02 12:12:11.232808
2025-09-02,56662,2025090201023926,SANIMA,Online Securities Pvt. Ltd.,Deevyaa Securities & Stock House Pvt. Ltd,50,374.0,18700.0,2025-09-02 12:13:00.727086
2025-09-02,56661,2025090201023927,SANIMA,Online Securities Pvt. Ltd.,Deevyaa Securities & Stock House Pvt. Ltd,50,374.4,18720.0,2025-09-02 12:13:00.727372
2025-09-02,56043,2025090201024308,SANIMA,Ashutosh Brokerage & Securities (PVT) Ltd.,Shree Krishna Securities Ltd.,200,374.5,74900.0,2025-09-02 12:15:13.435004
2025-09-02,55828,2025090201024447,SANIMA,Online Securities Pvt. Ltd.,Online Securities Pvt. Ltd.,100,374.0,37400.0,2025-09-02 12:15:54.218876
2025-09-02,55624,2025090201024564,SANIMA,Dynamic Money Managers Securities Pvt. Ltd.,Imperial Securities Company Pvt. Ltd.,409,373.3,152679.7,2025-09-02 12:16:46.501886
2025-09-02,55623,2025090201024565,SANIMA,Nepal Stock House (PVT) Ltd.,Imperial Securities Company Pvt. Ltd.,100,373.3,37330.0,2025-09-02 12:16:46.502165
2025-09-02,55622,2025090201024566,SANIMA,Shree Krishna Securities Ltd.,Imperial Securities Company Pvt. Ltd.,201,373.2,75013.2,2025-09-02 12:16:46.502284
2025-09-02,55066,2025090201024930,SANIMA,Vision Securities Pvt. Ltd,Vision Securities Pvt. Ltd,215,374.4,80496.0,2025-09-02 12:18:41.010373
2025-09-02,54599,2025090201025221,SANIMA,Citizens Share Broker Limited,Dipshikha Dhitopatra Karobar Co. Pvt Ltd.,500,374.3,187150.0,2025-09-02 12:20:22.358682
2025-09-02,53903,2025090201025634,SANIMA,Opal Securities Investment (PVT) Ltd.,Imperial Securities Company Pvt. Ltd.,100,374.0,37400.0,2025-09-02 12:22:40.507758
2025-09-02,53831,2025090201025678,SANIMA,Shree Krishna Securities Ltd.,Dipshikha Dhitopatra Karobar Co. Pvt Ltd.,50,374.3,18715.0,2025-09-02 12:22:56.692195
2025-09-02,53751,2025090201025711,SANIMA,Property Wiard Limited,Dipshikha Dhitopatra Karobar Co. Pvt Ltd.,98,374.3,36681.4,2025-09-02 12:23:10.828189
2025-09-02,53750,2025090201025712,SANIMA,Property Wiard Limited,Vision Securities Pvt. Ltd,1285,374.4,481104.0,2025-09-02 12:23:10.828806
2025-09-02,53749,2025090201025713,SANIMA,Property Wiard Limited,Shree Krishna Securities Ltd.,1617,374.5,605566.5,2025-09-02 12:23:10.829396
2025-09-02,53641,2025090201025767,SANIMA,Opal Securities Investment (PVT) Ltd.,Naasa Securities Co. Ltd.,10,374.0,3740.0,2025-09-02 12:23:31.797217
2025-09-02,53591,2025090201025788,SANIMA,Opal Securities Investment (PVT) Ltd.,Imperial Securities Company Pvt. Ltd.,100,374.0,37400.0,2025-09-02 12:23:40.113152
2025-09-02,53334,2025090201025925,SANIMA,Cristal Kanchanjanga Securites Pvt. Ltd.,Shree Krishna Securities Ltd.,500,374.5,187250.0,2025-09-02 12:24:30.583297
2025-09-02,53291,2025090201025956,SANIMA,Opal Securities Investment (PVT) Ltd.,Naasa Securities Co. Ltd.,40,374.0,14960.0,2025-09-02 12:24:42.177440
2025-09-02,53158,2025090201026032,SANIMA,Oxford Securities Pvt. Ltd.,Shree Krishna Securities Ltd.,90,374.5,33705.0,2025-09-02 12:25:11.316048
2025-09-02,53157,2025090201026033,SANIMA,Oxford Securities Pvt. Ltd.,Kalika Securities Pvt. Ltd.,10,374.5,3745.0,2025-09-02 12:25:11.316310
2025-09-02,53156,2025090201026034,SANIMA,Oxford Securities Pvt. Ltd.,Deevyaa Securities & Stock House Pvt. Ltd,100,374.6,37460.0,2025-09-02 12:25:11.316433
2025-09-02,53155,2025090201026035,SANIMA,Oxford Securities Pvt. Ltd.,Deevyaa Securities & Stock House Pvt. Ltd,50,374.7,18735.0,2025-09-02 12:25:11.316550
2025-09-02,53154,2025090201026036,SANIMA,Oxford Securities Pvt. Ltd.,Vision Securities Pvt. Ltd,50,374.8,18740.0,2025-09-02 12:25:11.316662
2025-09-02,53153,2025090201026037,SANIMA,Oxford Securities Pvt. Ltd.,Thrive Brokerage House Pvt. Ltd,1000,374.8,374800.0,2025-09-02 12:25:11.316777
2025-09-02,53152,2025090201026038,SANIMA,Oxford Securities Pvt. Ltd.,Agrawal Securities (PVT) Ltd.,920,375.0,345000.0,2025-09-02 12:25:11.316893
2025-09-02,52835,2025090201026228,SANIMA,Online Securities Pvt. Ltd.,Agrawal Securities (PVT) Ltd.,482,375.0,180750.0,2025-09-02 12:26:21.956966
2025-09-02,52834,2025090201026229,SANIMA,Online Securities Pvt. Ltd.,Malla & Malla Stock Broking Company Pvt. Limited,32,375.0,12000.0,2025-09-02 12:26:21.957246
2025-09-02,52833,2025090201026230,SANIMA,Online Securities Pvt. Ltd.,Sewa Securities Pvt. Ltd.,160,375.0,60000.0,2025-09-02 12:26:21.957373
2025-09-02,52832,2025090201026231,SANIMA,Online Securities Pvt. Ltd.,Naasa Securities Co. Ltd.,30,375.0,11250.0,2025-09-02 12:26:21.957494
2025-09-02,52831,2025090201026232,SANIMA,Online Securities Pvt. Ltd.,Secured Securities Ltd.,500,375.0,187500.0,2025-09-02 12:26:21.957618
2025-09-02,52830,2025090201026233,SANIMA,Online Securities Pvt. Ltd.,Dakshinkali Investment & Securities Pvt. Ltd.,100,375.0,37500.0,2025-09-02 12:26:21.957745
2025-09-02,52829,2025090201026234,SANIMA,Online Securities Pvt. Ltd.,Imperial Securities Company Pvt. Ltd.,300,375.0,112500.0,2025-09-02 12:26:21.957869
2025-09-02,52828,2025090201026235,SANIMA,Online Securities Pvt. Ltd.,Linch Stock Market Ltd.,896,375.0,336000.0,2025-09-02 12:26:21.958000
2025-09-02,52719,2025090201026302,SANIMA,Opal Securities Investment (PVT) Ltd.,Linch Stock Market Ltd.,19,375.0,7125.0,2025-09-02 12:26:47.266700
2025-09-02,52718,2025090201026303,SANIMA,Opal Securities Investment (PVT) Ltd.,Online Securities Pvt. Ltd.,400,375.0,150000.0,2025-09-02 12:26:47.266742
2025-09-02,52717,2025090201026304,SANIMA,Opal Securities Investment (PVT) Ltd.,MILKY WAY SHARE BROKER COMPANY LTD ,81,375.0,30375.0,2025-09-02 12:26:47.266769
2025-09-02,52656,2025090201026352,SANIMA,Ashutosh Brokerage & Securities (PVT) Ltd.,Imperial Securities Company Pvt. Ltd.,300,374.5,112350.0,2025-09-02 12:26:59.859504
2025-09-02,52655,2025090201026353,SANIMA,Opal Securities Investment (PVT) Ltd.,Imperial Securities Company Pvt. Ltd.,700,374.0,261800.0,2025-09-02 12:26:59.859758
2025-09-02,52568,2025090201026414,SANIMA,Opal Securities Investment (PVT) Ltd.,Naasa Securities Co. Ltd.,500,374.0,187000.0,2025-09-02 12:27:20.184720
2025-09-02,52356,2025090201026584,SANIMA,Thrive Brokerage House Pvt. Ltd,Deevyaa Securities & Stock House Pvt. Ltd,50,374.8,18740.0,2025-09-02 12:28:00.471549
2025-09-02,52355,2025090201026585,SANIMA,Thrive Brokerage House Pvt. Ltd,MILKY WAY SHARE BROKER COMPANY LTD ,950,375.0,356250.0,2025-09-02 12:28:00.471872
2025-09-02,52308,2025090201026610,SANIMA,Opal Securities Investment (PVT) Ltd.,MILKY WAY SHARE BROKER COMPANY LTD ,3969,375.0,1488375.0,2025-09-02 12:28:14.611656
2025-09-02,52307,2025090201026611,SANIMA,Opal Securities Investment (PVT) Ltd.,Bhrikuti Stock Broking Co. Pvt. Ltd.,35,375.0,13125.0,2025-09-02 12:28:14.612217
2025-09-02,52306,2025090201026612,SANIMA,Opal Securities Investment (PVT) Ltd.,Midas Stock Broking Company Private Limited,71,375.0,26625.0,2025-09-02 12:28:14.612581
2025-09-02,52305,2025090201026613,SANIMA,Opal Securities Investment (PVT) Ltd.,Malla & Malla Stock Broking Company Pvt. Limited,50,375.0,18750.0,2025-09-02 12:28:14.612907
2025-09-02,52299,2025090201026619,SANIMA,Opal Securities Investment (PVT) Ltd.,Naasa Securities Co. Ltd.,300,375.0,112500.0,2025-09-02 12:28:17.062513
2025-09-02,52201,2025090201026690,SANIMA,Opal Securities Investment (PVT) Ltd.,Imperial Securities Company Pvt. Ltd.,791,375.0,296625.0,2025-09-02 12:28:32.475272
2025-09-02,51398,2025090201027171,SANIMA,Dynamic Money Managers Securities Pvt. Ltd.,Capital Max Securities Ltd,500,375.0,187500.0,2025-09-02 12:31:29.175941
2025-09-02,50559,2025090201027684,SANIMA,Sewa Securities Pvt. Ltd.,Online Securities Pvt. Ltd.,1,374.0,374.0,2025-09-02 12:34:18.985460
2025-09-02,50313,2025090201027815,SANIMA,South Asian Bulls Pvt. Ltd.,Asian Securities Private Ltd.,200,374.3,74860.0,2025-09-02 12:35:13.945865
2025-09-02,49588,2025090201028205,SANIMA,Naasa Securities Co. Ltd.,Asian Securities Private Ltd.,100,374.3,37430.0,2025-09-02 12:37:16.487794
2025-09-02,48982,2025090201028541,SANIMA,Naasa Securities Co. Ltd.,Imperial Securities Company Pvt. Ltd.,22,374.3,8234.6,2025-09-02 12:39:34.100759
2025-09-02,48981,2025090201028542,SANIMA,Dynamic Money Managers Securities Pvt. Ltd.,Imperial Securities Company Pvt. Ltd.,170,374.2,63614.0,2025-09-02 12:39:34.101092
2025-09-02,48952,2025090201028563,SANIMA,Midas Stock Broking Company Private Limited,Imperial Securities Company Pvt. Ltd.,80,374.0,29920.0,2025-09-02 12:39:42.852643
2025-09-02,48951,2025090201028564,SANIMA,Primo Securities (PVT) Ltd.,Imperial Securities Company Pvt. Ltd.,100,374.0,37400.0,2025-09-02 12:39:42.852923
2025-09-02,48647,2025090201028754,SANIMA,Dipshikha Dhitopatra Karobar Co. Pvt Ltd.,Roadshow securities limited,300,374.9,112470.0,2025-09-02 12:40:49.845863
2025-09-02,48548,2025090201028811,SANIMA,Opal Securities Investment (PVT) Ltd.,Himalayan Brokerage Company Limited,500,374.0,187000.0,2025-09-02 12:41:18.485398
2025-09-02,48231,2025090201029020,SANIMA,Naasa Securities Co. Ltd.,Dynamic Money Managers Securities Pvt. Ltd.,110,373.3,41063.0,2025-09-02 12:42:26.179141
2025-09-02,48230,2025090201029021,SANIMA,Shree Krishna Securities Ltd.,Dynamic Money Managers Securities Pvt. Ltd.,299,373.2,111586.8,2025-09-02 12:42:26.179397
2025-09-02,48229,2025090201029022,SANIMA,Dynamic Money Managers Securities Pvt. Ltd.,Dynamic Money Managers Securities Pvt. Ltd.,91,373.2,33961.2,2025-09-02 12:42:26.179523
2025-09-02,47933,2025090201029195,SANIMA,Creative Securities Pvt Ltd,Himalayan Brokerage Company Limited,24,374.0,8976.0,2025-09-02 12:43:37.807820
2025-09-02,47353,2025090201029582,SANIMA,Dynamic Money Managers Securities Pvt. Ltd.,Aryatara Investment & Securities,200,373.3,74660.0,2025-09-02 12:45:33.185114
2025-09-02,46990,2025090201029827,SANIMA,Dynamic Money Managers Securities Pvt. Ltd.,Aryatara Investment & Securities,150,373.2,55980.0,2025-09-02 12:47:10.380302
2025-09-02,46822,2025090201029933,SANIMA,Dynamic Money Managers Securities Pvt. Ltd.,Ashutosh Brokerage & Securities (PVT) Ltd.,759,373.2,283258.8,2025-09-02 12:47:39.951597
2025-09-02,46821,2025090201029934,SANIMA,Capital Max Securities Ltd,Ashutosh Brokerage & Securities (PVT) Ltd.,100,373.2,37320.0,2025-09-02 12:47:39.951663
2025-09-02,46820,2025090201029935,SANIMA,Cristal Kanchanjanga Securites Pvt. Ltd.,Ashutosh Brokerage & Securities (PVT) Ltd.,1000,373.1,373100.0,2025-09-02 12:47:39.951719
2025-09-02,46819,2025090201029936,SANIMA,Naasa Securities Co. Ltd.,Ashutosh Brokerage & Securities (PVT) Ltd.,100,373.1,37310.0,2025-09-02 12:47:39.951749
2025-09-02,46818,2025090201029937,SANIMA,Vision Securities Pvt. Ltd,Ashutosh Brokerage & Securities (PVT) Ltd.,2000,373.1,746200.0,2025-09-02 12:47:39.951774
2025-09-02,46817,2025090201029938,SANIMA,Dakshinkali Investment & Securities Pvt. Ltd.,Ashutosh Brokerage & Securities (PVT) Ltd.,2041,373.0,761293.0,2025-09-02 12:47:39.951807
2025-09-02,46635,2025090201030029,SANIMA,Imperial Securities Company Pvt. Ltd.,Sagarmatha Securities Private Limited,50,374.0,18700.0,2025-09-02 12:48:25.505374
2025-09-02,46630,2025090201030034,SANIMA,Dakshinkali Investment & Securities Pvt. Ltd.,Sagarmatha Securities Private Limited,22,374.0,8228.0,2025-09-02 12:48:27.532420
2025-09-02,46629,2025090201030035,SANIMA,Dakshinkali Investment & Securities Pvt. Ltd.,Dynamic Money Managers Securities Pvt. Ltd.,78,374.0,29172.0,2025-09-02 12:48:27.533139
2025-09-02,46596,2025090201030058,SANIMA,Dakshinkali Investment & Securities Pvt. Ltd.,Nepal Stock House (PVT) Ltd.,6759,373.0,2521107.0,2025-09-02 12:48:39.226603
2025-09-02,46595,2025090201030059,SANIMA,Vision Securities Pvt. Ltd,Nepal Stock House (PVT) Ltd.,126,373.0,46998.0,2025-09-02 12:48:39.226640
2025-09-02,45900,2025090201030467,SANIMA,Vision Securities Pvt. Ltd,Asian Securities Private Ltd.,255,373.0,95115.0,2025-09-02 12:51:30.020380
2025-09-02,45672,2025090201030586,SANIMA,Vision Securities Pvt. Ltd,Naasa Securities Co. Ltd.,119,373.0,44387.0,2025-09-02 12:52:29.265291
2025-09-02,45671,2025090201030587,SANIMA,ABC Securities Private Limited,Naasa Securities Co. Ltd.,200,373.0,74600.0,2025-09-02 12:52:29.265582
2025-09-02,45670,2025090201030588,SANIMA,Dipshikha Dhitopatra Karobar Co. Pvt Ltd.,Naasa Securities Co. Ltd.,21,373.0,7833.0,2025-09-02 12:52:29.265715
2025-09-02,45583,2025090201030667,SANIMA,Dipshikha Dhitopatra Karobar Co. Pvt Ltd.,Premier Securities Company Ltd.,50,373.0,18650.0,2025-09-02 12:52:36.464837
2025-09-02,45374,2025090201030806,SANIMA,Dipshikha Dhitopatra Karobar Co. Pvt Ltd.,Secured Securities Ltd.,29,373.0,10817.0,2025-09-02 12:53:25.062474
2025-09-02,45373,2025090201030807,SANIMA,Linch Stock Market Ltd.,Secured Securities Ltd.,100,373.0,37300.0,2025-09-02 12:53:25.062794
2025-09-02,45372,2025090201030808,SANIMA,Thrive Brokerage House Pvt. Ltd,Secured Securities Ltd.,200,373.0,74600.0,2025-09-02 12:53:25.062926
2025-09-02,45371,2025090201030809,SANIMA,Vision Securities Pvt. Ltd,Secured Securities Ltd.,100,373.0,37300.0,2025-09-02 12:53:25.063073
2025-09-02,45370,2025090201030810,SANIMA,Deevyaa Securities & Stock House Pvt. Ltd,Secured Securities Ltd.,10,373.0,3730.0,2025-09-02 12:53:25.063202
2025-09-02,45369,2025090201030811,SANIMA,Shree Krishna Securities Ltd.,Secured Securities Ltd.,1000,372.7,372700.0,2025-09-02 12:53:25.063327
2025-09-02,45368,2025090201030812,SANIMA,Agrawal Securities (PVT) Ltd.,Secured Securities Ltd.,184,372.6,68558.4,2025-09-02 12:53:25.063459
2025-09-02,45367,2025090201030813,SANIMA,Cristal Kanchanjanga Securites Pvt. Ltd.,Secured Securities Ltd.,500,372.5,186250.0,2025-09-02 12:53:25.063609
2025-09-02,45366,2025090201030814,SANIMA,Capital Hub P. Ltd,Secured Securities Ltd.,500,372.5,186250.0,2025-09-02 12:53:25.063770
2025-09-02,45365,2025090201030815,SANIMA,Sharepro Securities Private Limited,Secured Securities Ltd.,4097,372.1,1524493.7,2025-09-02 12:53:25.063905
2025-09-02,43851,2025090201031625,SANIMA,Thrive Brokerage House Pvt. Ltd,Premier Securities Company Ltd.,30,373.0,11190.0,2025-09-02 12:59:43.102344
2025-09-02,43584,2025090201031752,SANIMA,Capital Max Securities Ltd,Premier Securities Company Ltd.,10,373.0,3730.0,2025-09-02 13:00:42.290617
2025-09-02,43450,2025090201031828,SANIMA,Aryatara Investment & Securities,Sanima Securities Limited,100,373.0,37300.0,2025-09-02 13:01:15.295477
2025-09-02,43161,2025090201032017,SANIMA,Kalika Securities Pvt. Ltd.,Dynamic Money Managers Securities Pvt. Ltd.,22,374.0,8228.0,2025-09-02 13:02:30.449558
2025-09-02,43160,2025090201032018,SANIMA,Kalika Securities Pvt. Ltd.,Cristal Kanchanjanga Securites Pvt. Ltd.,53,374.0,19822.0,2025-09-02 13:02:30.450195
2025-09-02,42790,2025090201032244,SANIMA,Aryatara Investment & Securities,Dipshikha Dhitopatra Karobar Co. Pvt Ltd.,20,373.0,7460.0,2025-09-02 13:04:07.123141
2025-09-02,42401,2025090201032470,SANIMA,Aryatara Investment & Securities,Himalayan Brokerage Company Limited,226,373.0,84298.0,2025-09-02 13:05:40.581775
2025-09-02,42224,2025090201032555,SANIMA,Dipshikha Dhitopatra Karobar Co. Pvt Ltd.,Online Securities Pvt. Ltd.,200,373.5,74700.0,2025-09-02 13:06:23.308849
2025-09-02,41546,2025090201032902,SANIMA,Aryatara Investment & Securities,Naasa Securities Co. Ltd.,500,373.0,186500.0,2025-09-02 13:09:05.204445
2025-09-02,40997,2025090201033182,SANIMA,Kohinoor Investment & Securities Pvt. Ltd.,Online Securities Pvt. Ltd.,30,373.5,11205.0,2025-09-02 13:11:21.582778
2025-09-02,40651,2025090201033358,SANIMA,Aryatara Investment & Securities,Vision Securities Pvt. Ltd,59,373.0,22007.0,2025-09-02 13:12:32.636011
2025-09-02,40633,2025090201033372,SANIMA,Swarna Laxmi Securities Pvt. Ltd.,Swarna Laxmi Securities Pvt. Ltd.,2,367.9,735.8,2025-09-02 13:12:37.943328
2025-09-02,40411,2025090201033507,SANIMA,Citizens Share Broker Limited,Online Securities Pvt. Ltd.,270,373.5,100845.0,2025-09-02 13:13:32.164284
2025-09-02,40410,2025090201033508,SANIMA,Citizens Share Broker Limited,Cristal Kanchanjanga Securites Pvt. Ltd.,230,374.0,86020.0,2025-09-02 13:13:32.164332
2025-09-02,39919,2025090201033797,SANIMA,Online Securities Pvt. Ltd.,Cristal Kanchanjanga Securites Pvt. Ltd.,14,374.0,5236.0,2025-09-02 13:15:21.445046
2025-09-02,38741,2025090201034384,SANIMA,Imperial Securities Company Pvt. Ltd.,Kalika Securities Pvt. Ltd.,100,373.2,37320.0,2025-09-02 13:20:07.577163
2025-09-02,38740,2025090201034385,SANIMA,Imperial Securities Company Pvt. Ltd.,Kalika Securities Pvt. Ltd.,300,373.1,111930.0,2025-09-02 13:20:07.577483
2025-09-02,38629,2025090201034448,SANIMA,Imperial Securities Company Pvt. Ltd.,Imperial Securities Company Pvt. Ltd.,70,373.1,26117.0,2025-09-02 13:20:46.170077
2025-09-02,38178,2025090201034696,SANIMA,Imperial Securities Company Pvt. Ltd.,Sundhara Securities Limited,490,373.1,182819.0,2025-09-02 13:22:51.148500
2025-09-02,38157,2025090201034706,SANIMA,KALASH STOCK MARKET PVT. LTD.,Cristal Kanchanjanga Securites Pvt. Ltd.,10,374.0,3740.0,2025-09-02 13:22:58.921785
2025-09-02,37697,2025090201034954,SANIMA,Imperial Securities Company Pvt. Ltd.,Cristal Kanchanjanga Securites Pvt. Ltd.,100,374.0,37400.0,2025-09-02 13:24:48.233551
2025-09-02,36700,2025090201035475,SANIMA,Bhrikuti Stock Broking Co. Pvt. Ltd.,Kalika Securities Pvt. Ltd.,13,373.5,4855.5,2025-09-02 13:28:14.463015
2025-09-02,36699,2025090201035476,SANIMA,Imperial Securities Company Pvt. Ltd.,Kalika Securities Pvt. Ltd.,140,373.1,52234.0,2025-09-02 13:28:14.463679
2025-09-02,36698,2025090201035477,SANIMA,Aryatara Investment & Securities,Kalika Securities Pvt. Ltd.,165,373.0,61545.0,2025-09-02 13:28:14.464123
2025-09-02,36697,2025090201035478,SANIMA,Trisul Securities & Invt. Ltd.,Kalika Securities Pvt. Ltd.,30,373.0,11190.0,2025-09-02 13:28:14.464539
2025-09-02,36696,2025090201035479,SANIMA,Sewa Securities Pvt. Ltd.,Kalika Securities Pvt. Ltd.,12,373.0,4476.0,2025-09-02 13:28:14.464940
2025-09-02,36695,2025090201035480,SANIMA,Nabil Stock Dealer Ltd.,Kalika Securities Pvt. Ltd.,50,373.0,18650.0,2025-09-02 13:28:14.465368
2025-09-02,36694,2025090201035481,SANIMA,Primo Securities (PVT) Ltd.,Kalika Securities Pvt. Ltd.,30,373.0,11190.0,2025-09-02 13:28:14.465775
2025-09-02,36693,2025090201035482,SANIMA,Premier Securities Company Ltd.,Kalika Securities Pvt. Ltd.,300,373.0,111900.0,2025-09-02 13:28:14.466191
2025-09-02,36692,2025090201035483,SANIMA,Imperial Securities Company Pvt. Ltd.,Kalika Securities Pvt. Ltd.,260,373.0,96980.0,2025-09-02 13:28:14.466590
2025-09-02,36553,2025090201035571,SANIMA,Siprabi Securities Pvt. Ltd.,Cristal Kanchanjanga Securites Pvt. Ltd.,131,374.0,48994.0,2025-09-02 13:28:44.581822
2025-09-02,35397,2025090201036202,SANIMA,Ashutosh Brokerage & Securities (PVT) Ltd.,Naasa Securities Co. Ltd.,20,373.5,7470.0,2025-09-02 13:33:21.891302
2025-09-02,35313,2025090201036234,SANIMA,Aryatara Investment & Securities,Naasa Securities Co. Ltd.,50,373.1,18655.0,2025-09-02 13:33:41.213971
2025-09-02,35312,2025090201036235,SANIMA,Shree Krishna Securities Ltd.,Naasa Securities Co. Ltd.,430,373.1,160433.0,2025-09-02 13:33:41.214289
2025-09-02,34788,2025090201036543,SANIMA,Shree Krishna Securities Ltd.,Capital Max Securities Ltd,570,373.1,212667.0,2025-09-02 13:35:24.718683
2025-09-02,34787,2025090201036544,SANIMA,Imperial Securities Company Pvt. Ltd.,Capital Max Securities Ltd,205,373.0,76465.0,2025-09-02 13:35:24.719346
2025-09-02,34786,2025090201036545,SANIMA,Dakshinkali Investment & Securities Pvt. Ltd.,Capital Max Securities Ltd,225,373.0,83925.0,2025-09-02 13:35:24.719777
2025-09-02,34734,2025090201036568,SANIMA,Dakshinkali Investment & Securities Pvt. Ltd.,South Asian Bulls Pvt. Ltd.,100,373.0,37300.0,2025-09-02 13:35:35.879262
2025-09-02,34536,2025090201036651,SANIMA,Dakshinkali Investment & Securities Pvt. Ltd.,Sri Hari Securities Pvt. Ltd.,200,373.0,74600.0,2025-09-02 13:36:05.901592
2025-09-02,33976,2025090201036910,SANIMA,Dakshinkali Investment & Securities Pvt. Ltd.,Dakshinkali Investment & Securities Pvt. Ltd.,2790,373.0,1040670.0,2025-09-02 13:38:05.143449
2025-09-02,33799,2025090201036978,SANIMA,Dakshinkali Investment & Securities Pvt. Ltd.,South Asian Bulls Pvt. Ltd.,600,373.0,223800.0,2025-09-02 13:38:42.603269
2025-09-02,33757,2025090201037000,SANIMA,Dakshinkali Investment & Securities Pvt. Ltd.,Naasa Securities Co. Ltd.,119,373.0,44387.0,2025-09-02 13:38:51.744798
2025-09-02,33750,2025090201037002,SANIMA,Dakshinkali Investment & Securities Pvt. Ltd.,Ashutosh Brokerage & Securities (PVT) Ltd.,200,373.0,74600.0,2025-09-02 13:38:53.459197
2025-09-02,32576,2025090201037513,SANIMA,Nepal Stock House (PVT) Ltd.,J.F. Securites (PVT) Ltd.,100,373.1,37310.0,2025-09-02 13:43:09.765891
2025-09-02,32205,2025090201037689,SANIMA,Dakshinkali Investment & Securities Pvt. Ltd.,Capital Max Securities Ltd,500,373.0,186500.0,2025-09-02 13:44:11.792503
2025-09-02,31931,2025090201037827,SANIMA,Dakshinkali Investment & Securities Pvt. Ltd.,Naasa Securities Co. Ltd.,266,373.0,99218.0,2025-09-02 13:44:58.359739
2025-09-02,31930,2025090201037828,SANIMA,Naasa Securities Co. Ltd.,Naasa Securities Co. Ltd.,10,373.0,3730.0,2025-09-02 13:44:58.360061
2025-09-02,31929,2025090201037829,SANIMA,Vision Securities Pvt. Ltd,Naasa Securities Co. Ltd.,10,373.0,3730.0,2025-09-02 13:44:58.360206
2025-09-02,31171,2025090201038265,SANIMA,Dynamic Money Managers Securities Pvt. Ltd.,J.F. Securites (PVT) Ltd.,30,372.6,11178.0,2025-09-02 13:47:09.113354
2025-09-02,30509,2025090201038550,SANIMA,Aryatara Investment & Securities,Swarna Laxmi Securities Pvt. Ltd.,20,373.0,7460.0,2025-09-02 13:49:17.775110
2025-09-02,29741,2025090201038901,SANIMA,Dynamic Money Managers Securities Pvt. Ltd.,Imperial Securities Company Pvt. Ltd.,20,372.6,7452.0,2025-09-02 13:51:41.962999
2025-09-02,29740,2025090201038902,SANIMA,Dynamic Money Managers Securities Pvt. Ltd.,Imperial Securities Company Pvt. Ltd.,30,372.6,11178.0,2025-09-02 13:51:41.963649
2025-09-02,29739,2025090201038903,SANIMA,Shree Krishna Securities Ltd.,Imperial Securities Company Pvt. Ltd.,850,372.5,316625.0,2025-09-02 13:51:41.964098
2025-09-02,29738,2025090201038904,SANIMA,Shree Krishna Securities Ltd.,Imperial Securities Company Pvt. Ltd.,100,372.4,37240.0,2025-09-02 13:51:41.964531
2025-09-02,29565,2025090201038957,SANIMA,Swarna Laxmi Securities Pvt. Ltd.,Swarna Laxmi Securities Pvt. Ltd.,30,373.0,11190.0,2025-09-02 13:52:20.631186
2025-09-02,29417,2025090201039019,SANIMA,Naasa Securities Co. Ltd.,J.F. Securites (PVT) Ltd.,20,373.1,7462.0,2025-09-02 13:52:46.745646
2025-09-02,29379,2025090201039046,SANIMA,Swarna Laxmi Securities Pvt. Ltd.,J.F. Securites (PVT) Ltd.,15,373.1,5596.5,2025-09-02 13:52:53.847890
2025-09-02,29132,2025090201039140,SANIMA,Swarna Laxmi Securities Pvt. Ltd.,Naasa Securities Co. Ltd.,20,373.0,7460.0,2025-09-02 13:53:42.465548
2025-09-02,29131,2025090201039141,SANIMA,Shree Krishna Securities Ltd.,Naasa Securities Co. Ltd.,900,372.4,335160.0,2025-09-02 13:53:42.466206
2025-09-02,29130,2025090201039142,SANIMA,Dipshikha Dhitopatra Karobar Co. Pvt Ltd.,Naasa Securities Co. Ltd.,50,372.3,18615.0,2025-09-02 13:53:42.466634
2025-09-02,29129,2025090201039143,SANIMA,Cristal Kanchanjanga Securites Pvt. Ltd.,Naasa Securities Co. Ltd.,111,372.3,41325.3,2025-09-02 13:53:42.467106
2025-09-02,29092,2025090201039156,SANIMA,Cristal Kanchanjanga Securites Pvt. Ltd.,Naasa Securities Co. Ltd.,389,372.3,144824.7,2025-09-02 13:53:51.579790
2025-09-02,29091,2025090201039157,SANIMA,Sharepro Securities Private Limited,Naasa Securities Co. Ltd.,611,372.3,227475.3,2025-09-02 13:53:51.580342
2025-09-02,28818,2025090201039274,SANIMA,Naasa Securities Co. Ltd.,Trishakti Securities Public Limited,30,373.0,11190.0,2025-09-02 13:54:36.058806
2025-09-02,28354,2025090201039470,SANIMA,Swarna Laxmi Securities Pvt. Ltd.,Premier Securities Company Ltd.,3,373.0,1119.0,2025-09-02 13:56:09.691247
2025-09-02,28128,2025090201039601,SANIMA,Swarna Laxmi Securities Pvt. Ltd.,Trishakti Securities Public Limited,180,373.0,67140.0,2025-09-02 13:56:52.841965
2025-09-02,27768,2025090201039753,SANIMA,Sharepro Securities Private Limited,pahiinvestment,292,372.3,108711.6,2025-09-02 13:58:08.658309
2025-09-02,27767,2025090201039754,SANIMA,Swarna Laxmi Securities Pvt. Ltd.,pahiinvestment,14,372.3,5212.2,2025-09-02 13:58:08.658958
2025-09-02,27677,2025090201039802,SANIMA,Naasa Securities Co. Ltd.,Agrawal Securities (PVT) Ltd.,10,373.0,3730.0,2025-09-02 13:58:34.596369
2025-09-02,27624,2025090201039821,SANIMA,Sewa Securities Pvt. Ltd.,Vision Securities Pvt. Ltd,50,373.9,18695.0,2025-09-02 13:58:49.058931
2025-09-02,27623,2025090201039822,SANIMA,Sewa Securities Pvt. Ltd.,Sani Securities Company Ltd.,50,373.9,18695.0,2025-09-02 13:58:49.059569
2025-09-02,27599,2025090201039834,SANIMA,Naasa Securities Co. Ltd.,Sewa Securities Pvt. Ltd.,145,373.0,54085.0,2025-09-02 13:58:55.083875
2025-09-02,27410,2025090201039902,SANIMA,Swarna Laxmi Securities Pvt. Ltd.,Online Securities Pvt. Ltd.,47,373.0,17531.0,2025-09-02 13:59:25.390332
2025-09-02,25804,2025090201040597,SANIMA,Oxford Securities Pvt. Ltd.,Neev Securities Pvt. Ltd.,200,373.0,74600.0,2025-09-02 14:04:50.481575
2025-09-02,25526,2025090201040713,SANIMA,Oxford Securities Pvt. Ltd.,Online Securities Pvt. Ltd.,93,373.0,34689.0,2025-09-02 14:05:47.216242
2025-09-02,25525,2025090201040714,SANIMA,Himalayan Brokerage Company Limited,Online Securities Pvt. Ltd.,207,373.0,77211.0,2025-09-02 14:05:47.216619
2025-09-02,25403,2025090201040763,SANIMA,Machhapuchchhre Securities Limited,Imperial Securities Company Pvt. Ltd.,10,373.9,3739.0,2025-09-02 14:06:13.628017
2025-09-02,25307,2025090201040804,SANIMA,Online Securities Pvt. Ltd.,Dakshinkali Investment & Securities Pvt. Ltd.,330,373.2,123156.0,2025-09-02 14:06:35.575215
2025-09-02,25001,2025090201040919,SANIMA,Online Securities Pvt. Ltd.,Online Securities Pvt. Ltd.,100,373.2,37320.0,2025-09-02 14:07:37.513101
2025-09-02,24997,2025090201040923,SANIMA,Online Securities Pvt. Ltd.,Online Securities Pvt. Ltd.,165,373.2,61578.0,2025-09-02 14:07:39.541833
2025-09-02,24856,2025090201041000,SANIMA,Machhapuchchhre Securities Limited,Imperial Securities Company Pvt. Ltd.,10,373.9,3739.0,2025-09-02 14:07:59.870253
2025-09-02,24775,2025090201041044,SANIMA,Secured Securities Ltd.,Sweta Securities Private Limited,43,373.8,16073.4,2025-09-02 14:08:18.944093
2025-09-02,24477,2025090201041216,SANIMA,Secured Securities Ltd.,Sewa Securities Pvt. Ltd.,55,373.8,20559.0,2025-09-02 14:09:39.248393
2025-09-02,24423,2025090201041250,SANIMA,Secured Securities Ltd.,Online Securities Pvt. Ltd.,35,373.8,13083.0,2025-09-02 14:09:53.974295
2025-09-02,24366,2025090201041277,SANIMA,Secured Securities Ltd.,Linch Stock Market Ltd.,100,373.8,37380.0,2025-09-02 14:10:08.242876
2025-09-02,24341,2025090201041286,SANIMA,Secured Securities Ltd.,Imperial Securities Company Pvt. Ltd.,10,373.9,3739.0,2025-09-02 14:10:17.314911
2025-09-02,24024,2025090201041437,SANIMA,Secured Securities Ltd.,Linch Stock Market Ltd.,13,373.8,4859.4,2025-09-02 14:11:14.714151
2025-09-02,23739,2025090201041587,SANIMA,Arun Securities (PVT) Ltd.,Linch Stock Market Ltd.,12,373.8,4485.6,2025-09-02 14:12:21.634061
2025-09-02,23395,2025090201041738,SANIMA,Machhapuchchhre Securities Limited,Swarna Laxmi Securities Pvt. Ltd.,100,373.2,37320.0,2025-09-02 14:13:32.466169
2025-09-02,23394,2025090201041739,SANIMA,Machhapuchchhre Securities Limited,Swarna Laxmi Securities Pvt. Ltd.,10,373.1,3731.0,2025-09-02 14:13:32.466312
2025-09-02,23393,2025090201041740,SANIMA,Himalayan Brokerage Company Limited,Swarna Laxmi Securities Pvt. Ltd.,30,373.0,11190.0,2025-09-02 14:13:32.466389
2025-09-02,23392,2025090201041741,SANIMA,Aryatara Investment & Securities,Swarna Laxmi Securities Pvt. Ltd.,30,372.5,11175.0,2025-09-02 14:13:32.466483
2025-09-02,23391,2025090201041742,SANIMA,Swarna Laxmi Securities Pvt. Ltd.,Swarna Laxmi Securities Pvt. Ltd.,86,372.4,32026.4,2025-09-02 14:13:32.466562
2025-09-02,23390,2025090201041743,SANIMA,Dynamic Money Managers Securities Pvt. Ltd.,Swarna Laxmi Securities Pvt. Ltd.,334,372.3,124348.2,2025-09-02 14:13:32.466639
2025-09-02,23272,2025090201041801,SANIMA,Secured Securities Ltd.,Linch Stock Market Ltd.,10,373.8,3738.0,2025-09-02 14:13:57.093985
2025-09-02,23163,2025090201041842,SANIMA,Dynamic Money Managers Securities Pvt. Ltd.,Dynamic Money Managers Securities Pvt. Ltd.,200,372.3,74460.0,2025-09-02 14:14:17.315715
2025-09-02,22887,2025090201041936,SANIMA,Machhapuchchhre Securities Limited,Linch Stock Market Ltd.,10,373.8,3738.0,2025-09-02 14:15:04.262440
2025-09-02,21121,2025090201042785,SANIMA,Secured Securities Ltd.,Linch Stock Market Ltd.,55,373.8,20559.0,2025-09-02 14:20:43.531213
2025-09-02,21120,2025090201042786,SANIMA,Secured Securities Ltd.,Neev Securities Pvt. Ltd.,111,373.8,41491.8,2025-09-02 14:20:43.531801
2025-09-02,20931,2025090201042875,SANIMA,Opal Securities Investment (PVT) Ltd.,Neev Securities Pvt. Ltd.,1389,373.8,519208.2,2025-09-02 14:21:24.281633
2025-09-02,20930,2025090201042876,SANIMA,Opal Securities Investment (PVT) Ltd.,Sanima Securities Limited,50,373.8,18690.0,2025-09-02 14:21:24.282267
2025-09-02,20929,2025090201042877,SANIMA,Opal Securities Investment (PVT) Ltd.,Imperial Securities Company Pvt. Ltd.,907,373.9,339127.3,2025-09-02 14:21:24.282696
2025-09-02,20928,2025090201042878,SANIMA,Opal Securities Investment (PVT) Ltd.,Online Securities Pvt. Ltd.,122,373.9,45615.8,2025-09-02 14:21:24.283128
2025-09-02,20927,2025090201042879,SANIMA,Opal Securities Investment (PVT) Ltd.,Cristal Kanchanjanga Securites Pvt. Ltd.,462,374.0,172788.0,2025-09-02 14:21:24.283542
2025-09-02,20926,2025090201042880,SANIMA,Opal Securities Investment (PVT) Ltd.,Dipshikha Dhitopatra Karobar Co. Pvt Ltd.,12,374.0,4488.0,2025-09-02 14:21:24.283971
2025-09-02,20925,2025090201042881,SANIMA,Opal Securities Investment (PVT) Ltd.,Nepal Stock House (PVT) Ltd.,1000,374.0,374000.0,2025-09-02 14:21:24.284393
2025-09-02,20924,2025090201042882,SANIMA,Opal Securities Investment (PVT) Ltd.,Nepal Stock House (PVT) Ltd.,50,374.0,18700.0,2025-09-02 14:21:24.284800
2025-09-02,20923,2025090201042883,SANIMA,Opal Securities Investment (PVT) Ltd.,Asian Securities Private Ltd.,50,374.0,18700.0,2025-09-02 14:21:24.285228
2025-09-02,20922,2025090201042884,SANIMA,Opal Securities Investment (PVT) Ltd.,Nepal Investment And Securities Trading Private Limited,54,374.0,20196.0,2025-09-02 14:21:24.285635
2025-09-02,20921,2025090201042885,SANIMA,Opal Securities Investment (PVT) Ltd.,Sani Securities Company Ltd.,300,374.0,112200.0,2025-09-02 14:21:24.286039
2025-09-02,20920,2025090201042886,SANIMA,Opal Securities Investment (PVT) Ltd.,Online Securities Pvt. Ltd.,10,374.0,3740.0,2025-09-02 14:21:24.286435
2025-09-02,20826,2025090201042929,SANIMA,Opal Securities Investment (PVT) Ltd.,Online Securities Pvt. Ltd.,500,374.0,187000.0,2025-09-02 14:21:50.952201
2025-09-02,20726,2025090201042977,SANIMA,Opal Securities Investment (PVT) Ltd.,Vision Securities Pvt. Ltd,20,374.0,7480.0,2025-09-02 14:22:12.912599
2025-09-02,20632,2025090201043020,SANIMA,Naasa Securities Co. Ltd.,Thrive Brokerage House Pvt. Ltd,204,374.1,76316.4,2025-09-02 14:22:28.881033
2025-09-02,20501,2025090201043082,SANIMA,Opal Securities Investment (PVT) Ltd.,Kohinoor Investment & Securities Pvt. Ltd.,73,374.0,27302.0,2025-09-02 14:22:59.840675
2025-09-02,20407,2025090201043123,SANIMA,Linch Stock Market Ltd.,Kohinoor Investment & Securities Pvt. Ltd.,427,374.0,159698.0,2025-09-02 14:23:14.556237
2025-09-02,20406,2025090201043124,SANIMA,Linch Stock Market Ltd.,Thrive Brokerage House Pvt. Ltd,96,374.1,35913.6,2025-09-02 14:23:14.556886
2025-09-02,20405,2025090201043125,SANIMA,Linch Stock Market Ltd.,Creative Securities Pvt Ltd,350,374.1,130935.0,2025-09-02 14:23:14.557463
2025-09-02,20404,2025090201043126,SANIMA,Linch Stock Market Ltd.,Sanima Securities Limited,100,374.5,37450.0,2025-09-02 14:23:14.557981
2025-09-02,20403,2025090201043127,SANIMA,Linch Stock Market Ltd.,Sani Securities Company Ltd.,400,374.5,149800.0,2025-09-02 14:23:14.558440
2025-09-02,20402,2025090201043128,SANIMA,Linch Stock Market Ltd.,Naasa Securities Co. Ltd.,127,374.8,47599.6,2025-09-02 14:23:14.559005
2025-09-02,19935,2025090201043342,SANIMA,Swarna Laxmi Securities Pvt. Ltd.,ABC Securities Private Limited,100,372.4,37240.0,2025-09-02 14:24:43.846251
2025-09-02,19835,2025090201043387,SANIMA,Dynamic Money Managers Securities Pvt. Ltd.,ABC Securities Private Limited,100,372.3,37230.0,2025-09-02 14:24:58.959294
2025-09-02,19450,2025090201043506,SANIMA,KALASH STOCK MARKET PVT. LTD.,Nepal Stock House (PVT) Ltd.,10,373.5,3735.0,2025-09-02 14:25:49.456264
2025-09-02,15428,2025090201044988,SANIMA,Dynamic Money Managers Securities Pvt. Ltd.,Trishakti Securities Public Limited,100,372.3,37230.0,2025-09-02 14:35:17.050681
2025-09-02,14700,2025090201045242,SANIMA,Secured Securities Ltd.,Dipshikha Dhitopatra Karobar Co. Pvt Ltd.,100,372.4,37240.0,2025-09-02 14:36:51.536614
2025-09-02,14653,2025090201045254,SANIMA,KALASH STOCK MARKET PVT. LTD.,Cristal Kanchanjanga Securites Pvt. Ltd.,10,373.0,3730.0,2025-09-02 14:36:57.166876
2025-09-02,14578,2025090201045287,SANIMA,Dynamic Money Managers Securities Pvt. Ltd.,Online Securities Pvt. Ltd.,30,372.3,11169.0,2025-09-02 14:37:05.961400
2025-09-02,14507,2025090201045314,SANIMA,KALASH STOCK MARKET PVT. LTD.,Cristal Kanchanjanga Securites Pvt. Ltd.,10,373.0,3730.0,2025-09-02 14:37:15.220172
2025-09-02,13765,2025090201045597,SANIMA,Dynamic Money Managers Securities Pvt. Ltd.,Nepal Stock House (PVT) Ltd.,80,372.3,29784.0,2025-09-02 14:38:52.808446
2025-09-02,13692,2025090201045610,SANIMA,KALASH STOCK MARKET PVT. LTD.,Cristal Kanchanjanga Securites Pvt. Ltd.,10,373.0,3730.0,2025-09-02 14:39:03.820193
2025-09-02,13475,2025090201045682,SANIMA,Nabil Stock Dealer Ltd.,Cristal Kanchanjanga Securites Pvt. Ltd.,40,373.0,14920.0,2025-09-02 14:39:25.888539
2025-09-02,13438,2025090201045695,SANIMA,Dynamic Money Managers Securities Pvt. Ltd.,Dynamic Money Managers Securities Pvt. Ltd.,100,372.3,37230.0,2025-09-02 14:39:30.528457
2025-09-02,13227,2025090201045770,SANIMA,KALASH STOCK MARKET PVT. LTD.,Cristal Kanchanjanga Securites Pvt. Ltd.,10,373.0,3730.0,2025-09-02 14:40:03.005711
2025-09-02,12441,2025090201046037,SANIMA,Swarna Laxmi Securities Pvt. Ltd.,Cristal Kanchanjanga Securites Pvt. Ltd.,20,373.0,7460.0,2025-09-02 14:41:48.428561
2025-09-02,12440,2025090201046038,SANIMA,Swarna Laxmi Securities Pvt. Ltd.,Trisul Securities & Invt. Ltd.,77,373.0,28721.0,2025-09-02 14:41:48.429225
2025-09-02,12210,2025090201046137,SANIMA,Kumari Securities Private Limited,Infinity Securities Limited,150,373.0,55950.0,2025-09-02 14:42:15.342647
2025-09-02,11955,2025090201046212,SANIMA,Swarna Laxmi Securities Pvt. Ltd.,Infinity Securities Limited,50,373.0,18650.0,2025-09-02 14:42:47.850358
2025-09-02,11940,2025090201046217,SANIMA,Swarna Laxmi Securities Pvt. Ltd.,Imperial Securities Company Pvt. Ltd.,100,372.4,37240.0,2025-09-02 14:42:48.993863
2025-09-02,11939,2025090201046218,SANIMA,Dynamic Money Managers Securities Pvt. Ltd.,Imperial Securities Company Pvt. Ltd.,400,372.3,148920.0,2025-09-02 14:42:48.994147
2025-09-02,11883,2025090201046244,SANIMA,Secured Securities Ltd.,Dipshikha Dhitopatra Karobar Co. Pvt Ltd.,100,372.5,37250.0,2025-09-02 14:42:58.690523
2025-09-02,11721,2025090201046303,SANIMA,KALASH STOCK MARKET PVT. LTD.,Shree Krishna Securities Ltd.,10,373.3,3733.0,2025-09-02 14:43:19.010765
2025-09-02,11239,2025090201046463,SANIMA,Opal Securities Investment (PVT) Ltd.,Shree Krishna Securities Ltd.,190,373.3,70927.0,2025-09-02 14:44:20.101808
2025-09-02,11120,2025090201046506,SANIMA,KALASH STOCK MARKET PVT. LTD.,Sewa Securities Pvt. Ltd.,10,373.4,3734.0,2025-09-02 14:44:36.235198
2025-09-02,10997,2025090201046553,SANIMA,Opal Securities Investment (PVT) Ltd.,Sewa Securities Pvt. Ltd.,190,373.4,70946.0,2025-09-02 14:44:53.250146
2025-09-02,10884,2025090201046600,SANIMA,KALASH STOCK MARKET PVT. LTD.,Nepal Stock House (PVT) Ltd.,10,373.5,3735.0,2025-09-02 14:45:00.307408
2025-09-02,10617,2025090201046676,SANIMA,Opal Securities Investment (PVT) Ltd.,Asian Securities Private Ltd.,500,373.0,186500.0,2025-09-02 14:45:25.404080
2025-09-02,10360,2025090201046767,SANIMA,Opal Securities Investment (PVT) Ltd.,Nepal Stock House (PVT) Ltd.,200,373.5,74700.0,2025-09-02 14:46:01.580150
2025-09-02,10097,2025090201046877,SANIMA,Property Wiard Limited,Nepal Stock House (PVT) Ltd.,180,373.5,67230.0,2025-09-02 14:46:36.092232
2025-09-02,10096,2025090201046878,SANIMA,Property Wiard Limited,Secured Securities Ltd.,50,373.5,18675.0,2025-09-02 14:46:36.092900
2025-09-02,10095,2025090201046879,SANIMA,Property Wiard Limited,Opal Securities Investment (PVT) Ltd.,100,373.6,37360.0,2025-09-02 14:46:36.093356
2025-09-02,10094,2025090201046880,SANIMA,Property Wiard Limited,KALASH STOCK MARKET PVT. LTD.,20,373.7,7474.0,2025-09-02 14:46:36.093790
2025-09-02,10093,2025090201046881,SANIMA,Property Wiard Limited,Naasa Securities Co. Ltd.,150,374.0,56100.0,2025-09-02 14:46:36.094218
2025-09-02,10092,2025090201046882,SANIMA,Property Wiard Limited,Online Securities Pvt. Ltd.,10,374.0,3740.0,2025-09-02 14:46:36.094622
2025-09-02,10091,2025090201046883,SANIMA,Property Wiard Limited,Sewa Securities Pvt. Ltd.,800,374.0,299200.0,2025-09-02 14:46:36.095058
2025-09-02,10090,2025090201046884,SANIMA,Property Wiard Limited,Ashutosh Brokerage & Securities (PVT) Ltd.,190,374.0,71060.0,2025-09-02 14:46:36.095488
2025-09-02,9971,2025090201046931,SANIMA,Swarna Laxmi Securities Pvt. Ltd.,Dipshikha Dhitopatra Karobar Co. Pvt Ltd.,100,372.4,37240.0,2025-09-02 14:46:53.238803
2025-09-02,9372,2025090201047165,SANIMA,Machhapuchchhre Securities Limited,Trisul Securities & Invt. Ltd.,16,373.0,5968.0,2025-09-02 14:48:10.954374
2025-09-02,9320,2025090201047181,SANIMA,Machhapuchchhre Securities Limited,Bhrikuti Stock Broking Co. Pvt. Ltd.,84,373.0,31332.0,2025-09-02 14:48:16.516396
2025-09-02,9319,2025090201047182,SANIMA,Naasa Securities Co. Ltd.,Bhrikuti Stock Broking Co. Pvt. Ltd.,250,372.4,93100.0,2025-09-02 14:48:16.516787
2025-09-02,9226,2025090201047211,SANIMA,Dynamic Money Managers Securities Pvt. Ltd.,Bhrikuti Stock Broking Co. Pvt. Ltd.,1000,372.3,372300.0,2025-09-02 14:48:27.606920
2025-09-02,9155,2025090201047240,SANIMA,Nepal Investment And Securities Trading Private Limited,Bhrikuti Stock Broking Co. Pvt. Ltd.,666,372.4,248018.4,2025-09-02 14:48:33.992767
2025-09-02,9148,2025090201047244,SANIMA,Nepal Investment And Securities Trading Private Limited,Bhrikuti Stock Broking Co. Pvt. Ltd.,184,372.4,68521.6,2025-09-02 14:48:35.668312
2025-09-02,9147,2025090201047245,SANIMA,Dynamic Money Managers Securities Pvt. Ltd.,Bhrikuti Stock Broking Co. Pvt. Ltd.,156,372.3,58078.8,2025-09-02 14:48:35.668962
2025-09-02,9146,2025090201047246,SANIMA,Trishakti Securities Public Limited,Bhrikuti Stock Broking Co. Pvt. Ltd.,50,372.3,18615.0,2025-09-02 14:48:35.669422
2025-09-02,9145,2025090201047247,SANIMA,Dipshikha Dhitopatra Karobar Co. Pvt Ltd.,Bhrikuti Stock Broking Co. Pvt. Ltd.,610,372.3,227103.0,2025-09-02 14:48:35.669860
2025-09-02,7848,2025090201047798,SANIMA,Dynamic Money Managers Securities Pvt. Ltd.,Ashutosh Brokerage & Securities (PVT) Ltd.,10,374.0,3740.0,2025-09-02 14:50:49.452123
2025-09-02,7847,2025090201047799,SANIMA,Dynamic Money Managers Securities Pvt. Ltd.,Secured Securities Ltd.,50,374.0,18700.0,2025-09-02 14:50:49.452495
2025-09-02,7846,2025090201047800,SANIMA,Dynamic Money Managers Securities Pvt. Ltd.,Ashutosh Brokerage & Securities (PVT) Ltd.,200,374.0,74800.0,2025-09-02 14:50:49.452641
2025-09-02,7845,2025090201047801,SANIMA,Dynamic Money Managers Securities Pvt. Ltd.,Nabil Stock Dealer Ltd.,400,374.0,149600.0,2025-09-02 14:50:49.452781
2025-09-02,7844,2025090201047802,SANIMA,Dynamic Money Managers Securities Pvt. Ltd.,Cristal Kanchanjanga Securites Pvt. Ltd.,340,374.0,127160.0,2025-09-02 14:50:49.452920
2025-09-02,6686,2025090201048303,SANIMA,Dynamic Money Managers Securities Pvt. Ltd.,Cristal Kanchanjanga Securites Pvt. Ltd.,160,374.0,59840.0,2025-09-02 14:52:26.377711
2025-09-02,6685,2025090201048304,SANIMA,Dynamic Money Managers Securities Pvt. Ltd.,Naasa Securities Co. Ltd.,20,374.4,7488.0,2025-09-02 14:52:26.378378
2025-09-02,6684,2025090201048305,SANIMA,Dynamic Money Managers Securities Pvt. Ltd.,Nepal Stock House (PVT) Ltd.,920,374.5,344540.0,2025-09-02 14:52:26.378821
2025-09-02,6509,2025090201048358,SANIMA,Opal Securities Investment (PVT) Ltd.,Arun Securities (PVT) Ltd.,200,374.0,74800.0,2025-09-02 14:52:44.591173
2025-09-02,6508,2025090201048359,SANIMA,Property Wiard Limited,Arun Securities (PVT) Ltd.,80,373.1,29848.0,2025-09-02 14:52:44.591519
2025-09-02,6258,2025090201048444,SANIMA,Property Wiard Limited,Linch Stock Market Ltd.,79,373.1,29474.9,2025-09-02 14:53:05.091748
2025-09-02,5777,2025090201048601,SANIMA,Dynamic Money Managers Securities Pvt. Ltd.,Naasa Securities Co. Ltd.,270,374.3,101061.0,2025-09-02 14:53:49.855719
2025-09-02,5776,2025090201048602,SANIMA,Dynamic Money Managers Securities Pvt. Ltd.,Naasa Securities Co. Ltd.,50,374.4,18720.0,2025-09-02 14:53:49.856031
2025-09-02,5775,2025090201048603,SANIMA,Dynamic Money Managers Securities Pvt. Ltd.,Nepal Stock House (PVT) Ltd.,80,374.5,29960.0,2025-09-02 14:53:49.856189
2025-09-02,5774,2025090201048604,SANIMA,Dynamic Money Managers Securities Pvt. Ltd.,Pragyan Securities (PVT) Ltd.,30,374.6,11238.0,2025-09-02 14:53:49.856330
2025-09-02,5773,2025090201048605,SANIMA,Dynamic Money Managers Securities Pvt. Ltd.,Ashutosh Brokerage & Securities (PVT) Ltd.,200,374.6,74920.0,2025-09-02 14:53:49.856472
2025-09-02,5772,2025090201048606,SANIMA,Dynamic Money Managers Securities Pvt. Ltd.,Asian Securities Private Ltd.,50,374.7,18735.0,2025-09-02 14:53:49.856610
2025-09-02,5703,2025090201048616,SANIMA,Dynamic Money Managers Securities Pvt. Ltd.,Creative Securities Pvt Ltd,42,374.7,15737.4,2025-09-02 14:53:54.973791
2025-09-02,5481,2025090201048689,SANIMA,Dynamic Money Managers Securities Pvt. Ltd.,Naasa Securities Co. Ltd.,173,374.8,64840.4,2025-09-02 14:54:12.952658
2025-09-02,5480,2025090201048690,SANIMA,Dynamic Money Managers Securities Pvt. Ltd.,Kohinoor Investment & Securities Pvt. Ltd.,740,374.8,277352.0,2025-09-02 14:54:12.952982
2025-09-02,5479,2025090201048691,SANIMA,Dynamic Money Managers Securities Pvt. Ltd.,Roadshow securities limited,200,374.9,74980.0,2025-09-02 14:54:12.953143
2025-09-02,5478,2025090201048692,SANIMA,Dynamic Money Managers Securities Pvt. Ltd.,ABC Securities Private Limited,500,374.9,187450.0,2025-09-02 14:54:12.953291
2025-09-02,5477,2025090201048693,SANIMA,Dynamic Money Managers Securities Pvt. Ltd.,Imperial Securities Company Pvt. Ltd.,165,374.9,61858.5,2025-09-02 14:54:12.953428
2025-09-02,4833,2025090201048905,SANIMA,Trishakti Securities Public Limited,Dynamic Money Managers Securities Pvt. Ltd.,100,374.5,37450.0,2025-09-02 14:55:13.208132
2025-09-02,4631,2025090201048990,SANIMA,N.I.M.B. Stock Markets Limited,Investment Management Nepal Pvt. Ltd.,200,374.0,74800.0,2025-09-02 14:55:29.788517
2025-09-02,4630,2025090201048991,SANIMA,Opal Securities Investment (PVT) Ltd.,Investment Management Nepal Pvt. Ltd.,200,374.0,74800.0,2025-09-02 14:55:29.788828
2025-09-02,4629,2025090201048992,SANIMA,N.I.M.B. Stock Markets Limited,Investment Management Nepal Pvt. Ltd.,200,374.0,74800.0,2025-09-02 14:55:29.788968
2025-09-02,4628,2025090201048993,SANIMA,Imperial Securities Company Pvt. Ltd.,Investment Management Nepal Pvt. Ltd.,1000,374.0,374000.0,2025-09-02 14:55:29.789116
2025-09-02,4627,2025090201048994,SANIMA,Opal Securities Investment (PVT) Ltd.,Investment Management Nepal Pvt. Ltd.,150,374.0,56100.0,2025-09-02 14:55:29.789258
2025-09-02,4626,2025090201048995,SANIMA,Property Wiard Limited,Investment Management Nepal Pvt. Ltd.,325,373.1,121257.5,2025-09-02 14:55:29.789401
2025-09-02,4414,2025090201049061,SANIMA,Sumeru Securities Pvt. Ltd.,Naasa Securities Co. Ltd.,20,374.8,7496.0,2025-09-02 14:55:53.074727
2025-09-02,4413,2025090201049062,SANIMA,Sumeru Securities Pvt. Ltd.,KALASH STOCK MARKET PVT. LTD.,80,374.8,29984.0,2025-09-02 14:55:53.074774
2025-09-02,3581,2025090201049335,SANIMA,Opal Securities Investment (PVT) Ltd.,Thrive Brokerage House Pvt. Ltd,100,374.0,37400.0,2025-09-02 14:56:59.605937
2025-09-02,3069,2025090201049578,SANIMA,Vision Securities Pvt. Ltd,Kumari Securities Private Limited,50,373.2,18660.0,2025-09-02 14:57:29.365506
2025-09-02,2464,2025090201049787,SANIMA,Creative Securities Pvt Ltd,Thrive Brokerage House Pvt. Ltd,180,374.0,67320.0,2025-09-02 14:58:07.781302
2025-09-02,2387,2025090201049810,SANIMA,Opal Securities Investment (PVT) Ltd.,Sewa Securities Pvt. Ltd.,393,374.0,146982.0,2025-09-02 14:58:12.979134
2025-09-02,2386,2025090201049811,SANIMA,Opal Securities Investment (PVT) Ltd.,Kohinoor Investment & Securities Pvt. Ltd.,50,374.3,18715.0,2025-09-02 14:58:12.979468
2025-09-02,2385,2025090201049812,SANIMA,Opal Securities Investment (PVT) Ltd.,Naasa Securities Co. Ltd.,10,374.4,3744.0,2025-09-02 14:58:12.979616
2025-09-02,2384,2025090201049813,SANIMA,Opal Securities Investment (PVT) Ltd.,Trademow Securities Private Limited,500,374.5,187250.0,2025-09-02 14:58:12.979785
2025-09-02,2383,2025090201049814,SANIMA,Opal Securities Investment (PVT) Ltd.,Sweta Securities Private Limited,50,374.6,18730.0,2025-09-02 14:58:12.979982
2025-09-02,2382,2025090201049815,SANIMA,Opal Securities Investment (PVT) Ltd.,ABC Securities Private Limited,400,374.7,149880.0,2025-09-02 14:58:12.980140
2025-09-02,2381,2025090201049816,SANIMA,Opal Securities Investment (PVT) Ltd.,KALASH STOCK MARKET PVT. LTD.,420,374.8,157416.0,2025-09-02 14:58:12.980284
2025-09-02,2380,2025090201049817,SANIMA,Opal Securities Investment (PVT) Ltd.,Imperial Securities Company Pvt. Ltd.,1000,374.8,374800.0,2025-09-02 14:58:12.980480
2025-09-02,2379,2025090201049818,SANIMA,Opal Securities Investment (PVT) Ltd.,ABC Securities Private Limited,100,374.8,37480.0,2025-09-02 14:58:12.980647
2025-09-02,2378,2025090201049819,SANIMA,Opal Securities Investment (PVT) Ltd.,Investment Management Nepal Pvt. Ltd.,150,374.8,56220.0,2025-09-02 14:58:12.980793
2025-09-02,2377,2025090201049820,SANIMA,Opal Securities Investment (PVT) Ltd.,Imperial Securities Company Pvt. Ltd.,514,374.9,192698.6,2025-09-02 14:58:12.980937
2025-09-02,2256,2025090201049862,SANIMA,Aryatara Investment & Securities,Aakashbhairab Securities Ltd.,10,373.3,3733.0,2025-09-02 14:58:19.863812
2025-09-02,2255,2025090201049863,SANIMA,Sweta Securities Private Limited,Aakashbhairab Securities Ltd.,100,373.3,37330.0,2025-09-02 14:58:19.863849
2025-09-02,2254,2025090201049864,SANIMA,Vision Securities Pvt. Ltd,Aakashbhairab Securities Ltd.,499,373.2,186226.8,2025-09-02 14:58:19.863874
2025-09-02,2253,2025090201049865,SANIMA,K.B.L. Securities Limited ,Aakashbhairab Securities Ltd.,500,373.2,186600.0,2025-09-02 14:58:19.863899
2025-09-02,2252,2025090201049866,SANIMA,Property Wiard Limited,Aakashbhairab Securities Ltd.,416,373.1,155209.6,2025-09-02 14:58:19.863935
2025-09-02,2251,2025090201049867,SANIMA,Aryatara Investment & Securities,Aakashbhairab Securities Ltd.,50,373.1,18655.0,2025-09-02 14:58:19.863973
2025-09-02,2250,2025090201049868,SANIMA,Machhapuchchhre Securities Limited,Aakashbhairab Securities Ltd.,100,373.0,37300.0,2025-09-02 14:58:19.864009
2025-09-02,2249,2025090201049869,SANIMA,Opal Securities Investment (PVT) Ltd.,Aakashbhairab Securities Ltd.,325,373.0,121225.0,2025-09-02 14:58:19.864048
2025-09-02,1908,2025090201049966,SANIMA,Dynamic Money Managers Securities Pvt. Ltd.,Nepal Stock House (PVT) Ltd.,100,374.0,37400.0,2025-09-02 14:58:38.860541
2025-09-02,1907,2025090201049967,SANIMA,Dynamic Money Managers Securities Pvt. Ltd.,Imperial Securities Company Pvt. Ltd.,436,374.9,163456.4,2025-09-02 14:58:38.860955
2025-09-02,1906,2025090201049968,SANIMA,Dynamic Money Managers Securities Pvt. Ltd.,Online Securities Pvt. Ltd.,10,374.9,3749.0,2025-09-02 14:58:38.861244
2025-09-02,1905,2025090201049969,SANIMA,Dynamic Money Managers Securities Pvt. Ltd.,Imperial Securities Company Pvt. Ltd.,414,374.9,155208.6,2025-09-02 14:58:38.861445
2025-09-02,1254,2025090201050167,SANIMA,Siprabi Securities Pvt. Ltd.,Vision Securities Pvt. Ltd,500,374.0,187000.0,2025-09-02 14:59:13.176673
2025-09-02,1253,2025090201050168,SANIMA,Online Securities Pvt. Ltd.,Vision Securities Pvt. Ltd,20,373.1,7462.0,2025-09-02 14:59:13.177019
2025-09-02,1252,2025090201050169,SANIMA,Opal Securities Investment (PVT) Ltd.,Vision Securities Pvt. Ltd,2480,373.0,925040.0,2025-09-02 14:59:13.177192
2025-09-02,896,2025090201050290,SANIMA,Opal Securities Investment (PVT) Ltd.,Naasa Securities Co. Ltd.,2000,373.0,746000.0,2025-09-02 14:59:29.132572
2025-09-02,567,2025090201050366,SANIMA,Siprabi Securities Pvt. Ltd.,Nepal Investment And Securities Trading Private Limited,250,374.0,93500.0,2025-09-02 14:59:40.645902
2025-09-02,566,2025090201050367,SANIMA,Siprabi Securities Pvt. Ltd.,Sweta Securities Private Limited,50,374.8,18740.0,2025-09-02 14:59:40.646574
2025-09-02,565,2025090201050368,SANIMA,Siprabi Securities Pvt. Ltd.,Imperial Securities Company Pvt. Ltd.,200,374.9,74980.0,2025-09-02 14:59:40.646985
2025-09-02,556,2025090201050370,SANIMA,Opal Securities Investment (PVT) Ltd.,Imperial Securities Company Pvt. Ltd.,772,373.0,287956.0,2025-09-02 14:59:40.984532
2025-09-02,555,2025090201050371,SANIMA,Cristal Kanchanjanga Securites Pvt. Ltd.,Imperial Securities Company Pvt. Ltd.,100,373.0,37300.0,2025-09-02 14:59:40.984610
2025-09-02,554,2025090201050372,SANIMA,Ashutosh Brokerage & Securities (PVT) Ltd.,Imperial Securities Company Pvt. Ltd.,100,373.0,37300.0,2025-09-02 14:59:40.984669
2025-09-02,553,2025090201050373,SANIMA,Opal Securities Investment (PVT) Ltd.,Imperial Securities Company Pvt. Ltd.,100,373.0,37300.0,2025-09-02 14:59:40.984738
2025-09-02,457,2025090201050403,SANIMA,Opal Securities Investment (PVT) Ltd.,Imperial Securities Company Pvt. Ltd.,268,374.9,100473.2,2025-09-02 14:59:45.648291
2025-09-02,416,2025090201050407,SANIMA,Kumari Securities Private Limited,Imperial Securities Company Pvt. Ltd.,118,374.9,44238.2,2025-09-02 14:59:47.067131
2025-09-02,415,2025090201050408,SANIMA,Kumari Securities Private Limited,Ashutosh Brokerage & Securities (PVT) Ltd.,562,374.9,210693.8,2025-09-02 14:59:47.067454
2025-09-02,224,2025090201050452,SANIMA,KALASH STOCK MARKET PVT. LTD.,Kumari Securities Private Limited,100,374.8,37480.0,2025-09-02 14:59:55.122948
2025-09-02,174,2025090201050462,SANIMA,Trishakti Securities Public Limited,Imperial Securities Company Pvt. Ltd.,435,372.4,161994.0,2025-09-02 14:59:56.372626
