Date,S.N.,Contract ID,Symbol,Buyer Broker,Seller Broker,volume,rate,amount,transaction_time
2025-09-02,89744,2025090203000009,SINDU,Vision Securities Pvt. Ltd,Imperial Securities Company Pvt. Ltd.,10,754.1,7541.0,2025-09-02 10:46:00.049374
2025-09-02,86313,2025090203000047,SINDU,Vision Securities Pvt. Ltd,Neev Securities Pvt. Ltd.,100,740.0,74000.0,2025-09-02 11:04:40.378213
2025-09-02,56872,2025090203001717,SINDU,Sani Securities Company Ltd.,Imperial Securities Company Pvt. Ltd.,50,740.0,37000.0,2025-09-02 12:12:16.867518
2025-09-02,53009,2025090203002072,SINDU,Sani Securities Company Ltd.,Oxford Securities Pvt. Ltd.,100,738.9,73890.0,2025-09-02 12:25:42.828624
2025-09-02,53008,2025090203002073,SINDU,Sani Securities Company Ltd.,Imperial Securities Company Pvt. Ltd.,150,740.0,111000.0,2025-09-02 12:25:42.828744
2025-09-02,53007,2025090203002074,SINDU,Sani Securities Company Ltd.,Deevyaa Securities & Stock House Pvt. Ltd,300,740.0,222000.0,2025-09-02 12:25:42.828801
2025-09-02,52700,2025090203002096,SINDU,Sani Securities Company Ltd.,Dipshikha Dhitopatra Karobar Co. Pvt Ltd.,150,740.0,111000.0,2025-09-02 12:26:52.029343
2025-09-02,52111,2025090203002124,SINDU,Sani Securities Company Ltd.,Siprabi Securities Pvt. Ltd.,100,740.0,74000.0,2025-09-02 12:28:50.505731
2025-09-02,51967,2025090203002136,SINDU,Sani Securities Company Ltd.,Sumeru Securities Pvt. Ltd.,35,740.0,25900.0,2025-09-02 12:29:24.581888
2025-09-02,51828,2025090203002145,SINDU,Sani Securities Company Ltd.,Siprabi Securities Pvt. Ltd.,165,740.0,122100.0,2025-09-02 12:29:44.006991
2025-09-02,50014,2025090203002247,SINDU,Naasa Securities Co. Ltd.,Market Securities & Exchange (PVT) Ltd.,10,738.3,7383.0,2025-09-02 12:35:59.445220
2025-09-02,47006,2025090203002498,SINDU,Opal Securities Investment (PVT) Ltd.,Asian Securities Private Ltd.,10,741.0,7410.0,2025-09-02 12:47:04.883288
2025-09-02,47005,2025090203002499,SINDU,Opal Securities Investment (PVT) Ltd.,Agrawal Securities (PVT) Ltd.,10,743.0,7430.0,2025-09-02 12:47:04.883416
2025-09-02,41882,2025090203002958,SINDU,Opal Securities Investment (PVT) Ltd.,Sharepro Securities Private Limited,40,739.9,29596.0,2025-09-02 13:07:32.817385
2025-09-02,41029,2025090203003048,SINDU,Opal Securities Investment (PVT) Ltd.,Sharepro Securities Private Limited,40,739.9,29596.0,2025-09-02 13:11:13.767133
2025-09-02,40735,2025090203003106,SINDU,Blue Chip Securities Ltd,Dynamic Money Managers Securities Pvt. Ltd.,3,742.0,2226.0,2025-09-02 13:12:13.941384
2025-09-02,40337,2025090203003137,SINDU,Blue Chip Securities Ltd,Dynamic Money Managers Securities Pvt. Ltd.,1,750.0,750.0,2025-09-02 13:13:50.945032
2025-09-02,40015,2025090203003157,SINDU,Blue Chip Securities Ltd,Dynamic Money Managers Securities Pvt. Ltd.,1,745.0,745.0,2025-09-02 13:15:05.318396
2025-09-02,39870,2025090203003161,SINDU,Online Securities Pvt. Ltd.,Sharepro Securities Private Limited,220,739.9,162778.0,2025-09-02 13:15:33.241410
2025-09-02,38973,2025090203003254,SINDU,Naasa Securities Co. Ltd.,Kohinoor Investment & Securities Pvt. Ltd.,10,739.0,7390.0,2025-09-02 13:19:14.224470
2025-09-02,38972,2025090203003255,SINDU,Opal Securities Investment (PVT) Ltd.,Kohinoor Investment & Securities Pvt. Ltd.,20,739.0,14780.0,2025-09-02 13:19:14.224694
2025-09-02,38971,2025090203003256,SINDU,Online Securities Pvt. Ltd.,Kohinoor Investment & Securities Pvt. Ltd.,24,739.0,17736.0,2025-09-02 13:19:14.224845
2025-09-02,34945,2025090203003634,SINDU,J.F. Securites (PVT) Ltd.,Linch Stock Market Ltd.,40,740.0,29600.0,2025-09-02 13:34:54.632328
2025-09-02,33486,2025090203003790,SINDU,Online Securities Pvt. Ltd.,Agrawal Securities (PVT) Ltd.,58,739.0,42862.0,2025-09-02 13:39:48.637247
2025-09-02,33441,2025090203003798,SINDU,Online Securities Pvt. Ltd.,Creative Securities Pvt Ltd,36,739.0,26604.0,2025-09-02 13:40:00.903539
2025-09-02,32991,2025090203003842,SINDU,Naasa Securities Co. Ltd.,Creative Securities Pvt Ltd,54,738.0,39852.0,2025-09-02 13:41:42.242746
2025-09-02,29071,2025090203004363,SINDU,Sani Securities Company Ltd.,Deevyaa Securities & Stock House Pvt. Ltd,35,738.1,25833.5,2025-09-02 13:53:55.786143
2025-09-02,29070,2025090203004364,SINDU,Naasa Securities Co. Ltd.,Deevyaa Securities & Stock House Pvt. Ltd,16,738.0,11808.0,2025-09-02 13:53:55.786277
2025-09-02,29069,2025090203004365,SINDU,Swarna Laxmi Securities Pvt. Ltd.,Deevyaa Securities & Stock House Pvt. Ltd,25,738.0,18450.0,2025-09-02 13:53:55.786329
2025-09-02,28651,2025090203004413,SINDU,Sani Securities Company Ltd.,Thrive Brokerage House Pvt. Ltd,35,737.6,25816.0,2025-09-02 13:55:05.603665
2025-09-02,28650,2025090203004414,SINDU,Naasa Securities Co. Ltd.,Thrive Brokerage House Pvt. Ltd,40,737.5,29500.0,2025-09-02 13:55:05.603907
2025-09-02,28649,2025090203004415,SINDU,Imperial Securities Company Pvt. Ltd.,Thrive Brokerage House Pvt. Ltd,10,736.0,7360.0,2025-09-02 13:55:05.604077
2025-09-02,28648,2025090203004416,SINDU,Asian Securities Private Ltd.,Thrive Brokerage House Pvt. Ltd,15,736.0,11040.0,2025-09-02 13:55:05.604225
2025-09-02,27130,2025090203004604,SINDU,Asian Securities Private Ltd.,Asian Securities Private Ltd.,35,736.0,25760.0,2025-09-02 14:00:11.570474
2025-09-02,27129,2025090203004605,SINDU,Imperial Securities Company Pvt. Ltd.,Asian Securities Private Ltd.,15,735.5,11032.5,2025-09-02 14:00:11.570630
2025-09-02,27128,2025090203004606,SINDU,Siprabi Securities Pvt. Ltd.,Asian Securities Private Ltd.,115,735.5,84582.5,2025-09-02 14:00:11.570681
2025-09-02,27127,2025090203004607,SINDU,Sri Hari Securities Pvt. Ltd.,Asian Securities Private Ltd.,40,735.0,29400.0,2025-09-02 14:00:11.570731
2025-09-02,27126,2025090203004608,SINDU,South Asian Bulls Pvt. Ltd.,Asian Securities Private Ltd.,60,735.0,44100.0,2025-09-02 14:00:11.570781
2025-09-02,27125,2025090203004609,SINDU,South Asian Bulls Pvt. Ltd.,Asian Securities Private Ltd.,10,735.0,7350.0,2025-09-02 14:00:11.570852
2025-09-02,27124,2025090203004610,SINDU,Miyo Securities Pvt Ltd,Asian Securities Private Ltd.,200,735.0,147000.0,2025-09-02 14:00:11.570898
2025-09-02,27123,2025090203004611,SINDU,Sundhara Securities Limited,Asian Securities Private Ltd.,50,735.0,36750.0,2025-09-02 14:00:11.570943
2025-09-02,27122,2025090203004612,SINDU,Pragyan Securities (PVT) Ltd.,Asian Securities Private Ltd.,50,735.0,36750.0,2025-09-02 14:00:11.570990
2025-09-02,27121,2025090203004613,SINDU,Sewa Securities Pvt. Ltd.,Asian Securities Private Ltd.,50,735.0,36750.0,2025-09-02 14:00:11.571043
2025-09-02,27120,2025090203004614,SINDU,Premier Securities Company Ltd.,Asian Securities Private Ltd.,250,735.0,183750.0,2025-09-02 14:00:11.571085
2025-09-02,26863,2025090203004664,SINDU,Shree Krishna Securities Ltd.,Asian Securities Private Ltd.,125,735.0,91875.0,2025-09-02 14:01:06.937481
2025-09-02,24513,2025090203004923,SINDU,Imperial Securities Company Pvt. Ltd.,Naasa Securities Co. Ltd.,10,734.0,7340.0,2025-09-02 14:09:27.178158
2025-09-02,24298,2025090203004944,SINDU,Bhrikuti Stock Broking Co. Pvt. Ltd.,Primo Securities (PVT) Ltd.,3,730.0,2190.0,2025-09-02 14:10:26.083232
2025-09-02,23803,2025090203004996,SINDU,Imperial Securities Company Pvt. Ltd.,Kalika Securities Pvt. Ltd.,40,734.0,29360.0,2025-09-02 14:12:06.959966
2025-09-02,23802,2025090203004997,SINDU,Midas Stock Broking Company Private Limited,Kalika Securities Pvt. Ltd.,10,734.0,7340.0,2025-09-02 14:12:06.960218
2025-09-02,23593,2025090203005029,SINDU,Shree Krishna Securities Ltd.,Kumari Securities Private Limited,50,735.0,36750.0,2025-09-02 14:12:48.882728
2025-09-02,23592,2025090203005030,SINDU,Shree Krishna Securities Ltd.,Vision Securities Pvt. Ltd,110,735.0,80850.0,2025-09-02 14:12:48.882966
2025-09-02,22804,2025090203005108,SINDU,Midas Stock Broking Company Private Limited,Bhrikuti Stock Broking Co. Pvt. Ltd.,21,734.0,15414.0,2025-09-02 14:15:14.575252
2025-09-02,22435,2025090203005154,SINDU,Capital Max Securities Ltd,Bhrikuti Stock Broking Co. Pvt. Ltd.,10,734.0,7340.0,2025-09-02 14:16:32.910785
2025-09-02,21800,2025090203005245,SINDU,ABC Securities Private Limited,Sani Securities Company Ltd.,110,734.0,80740.0,2025-09-02 14:18:40.700091
2025-09-02,21030,2025090203005310,SINDU,Midas Stock Broking Company Private Limited,Malla & Malla Stock Broking Company Pvt. Limited,4,732.0,2928.0,2025-09-02 14:21:05.286841
2025-09-02,17533,2025090203005840,SINDU,K.B.L. Securities Limited ,Agrawal Securities (PVT) Ltd.,100,734.0,73400.0,2025-09-02 14:30:21.841649
2025-09-02,17532,2025090203005841,SINDU,Imperial Securities Company Pvt. Ltd.,Agrawal Securities (PVT) Ltd.,500,733.0,366500.0,2025-09-02 14:30:21.841857
2025-09-02,14984,2025090203006169,SINDU,Nepal Stock House (PVT) Ltd.,J.F. Securites (PVT) Ltd.,10,735.0,7350.0,2025-09-02 14:36:23.288242
2025-09-02,14983,2025090203006170,SINDU,Midas Stock Broking Company Private Limited,Linch Stock Market Ltd.,10,733.0,7330.0,2025-09-02 14:36:23.566516
2025-09-02,14880,2025090203006189,SINDU,Shree Krishna Securities Ltd.,J.F. Securites (PVT) Ltd.,40,735.0,29400.0,2025-09-02 14:36:33.572835
2025-09-02,14085,2025090203006293,SINDU,Shree Krishna Securities Ltd.,Kohinoor Investment & Securities Pvt. Ltd.,80,735.0,58800.0,2025-09-02 14:38:16.152171
2025-09-02,13445,2025090203006360,SINDU,Aakashbhairab Securities Ltd.,Ashutosh Brokerage & Securities (PVT) Ltd.,550,736.0,404800.0,2025-09-02 14:39:27.659184
2025-09-02,13222,2025090203006392,SINDU,Aakashbhairab Securities Ltd.,Siprabi Securities Pvt. Ltd.,50,736.9,36845.0,2025-09-02 14:40:03.763960
2025-09-02,13221,2025090203006393,SINDU,Aakashbhairab Securities Ltd.,J.F. Securites (PVT) Ltd.,600,737.0,442200.0,2025-09-02 14:40:03.764211
2025-09-02,13100,2025090203006408,SINDU,Aakashbhairab Securities Ltd.,Imperial Securities Company Pvt. Ltd.,120,736.0,88320.0,2025-09-02 14:40:21.637792
2025-09-02,12762,2025090203006457,SINDU,Aakashbhairab Securities Ltd.,J.F. Securites (PVT) Ltd.,100,737.0,73700.0,2025-09-02 14:41:03.950530
2025-09-02,12305,2025090203006499,SINDU,Aakashbhairab Securities Ltd.,Dakshinkali Investment & Securities Pvt. Ltd.,535,737.0,394295.0,2025-09-02 14:42:07.115445
2025-09-02,8504,2025090203006973,SINDU,Sewa Securities Pvt. Ltd.,Naasa Securities Co. Ltd.,60,734.0,44040.0,2025-09-02 14:49:39.320742
2025-09-02,8032,2025090203007031,SINDU,Sani Securities Company Ltd.,Asian Securities Private Ltd.,20,737.4,14748.0,2025-09-02 14:50:33.568480
2025-09-02,6953,2025090203007163,SINDU,Naasa Securities Co. Ltd.,Vision Securities Pvt. Ltd,10,736.0,7360.0,2025-09-02 14:52:01.877280
2025-09-02,6149,2025090203007261,SINDU,Sewa Securities Pvt. Ltd.,Dakshinkali Investment & Securities Pvt. Ltd.,75,734.0,55050.0,2025-09-02 14:53:17.160558
2025-09-02,6148,2025090203007262,SINDU,Aryatara Investment & Securities,Dakshinkali Investment & Securities Pvt. Ltd.,25,734.0,18350.0,2025-09-02 14:53:17.160691
2025-09-02,5893,2025090203007312,SINDU,Dynamic Money Managers Securities Pvt. Ltd.,Aryatara Investment & Securities,95,736.0,69920.0,2025-09-02 14:53:40.732267
2025-09-02,5557,2025090203007350,SINDU,Dynamic Money Managers Securities Pvt. Ltd.,Vision Securities Pvt. Ltd,90,736.0,66240.0,2025-09-02 14:54:07.347847
2025-09-02,4955,2025090203007459,SINDU,Dynamic Money Managers Securities Pvt. Ltd.,Shree Krishna Securities Ltd.,300,736.0,220800.0,2025-09-02 14:55:01.608724
2025-09-02,4789,2025090203007476,SINDU,Dynamic Money Managers Securities Pvt. Ltd.,Sumeru Securities Pvt. Ltd.,15,736.0,11040.0,2025-09-02 14:55:15.834459
2025-09-02,4665,2025090203007481,SINDU,Midas Stock Broking Company Private Limited,Sumeru Securities Pvt. Ltd.,15,736.0,11040.0,2025-09-02 14:55:26.305208
2025-09-02,4549,2025090203007508,SINDU,Hatemalo Financial Services Private Limited,Asian Securities Private Ltd.,6,737.4,4424.4,2025-09-02 14:55:38.521085
2025-09-02,3957,2025090203007591,SINDU,Secured Securities Ltd.,Aryatara Investment & Securities,15,736.0,11040.0,2025-09-02 14:56:32.997958
2025-09-02,3786,2025090203007613,SINDU,Secured Securities Ltd.,Dakshinkali Investment & Securities Pvt. Ltd.,30,736.0,22080.0,2025-09-02 14:56:43.805216
2025-09-02,3777,2025090203007614,SINDU,Secured Securities Ltd.,Neev Securities Pvt. Ltd.,55,736.0,40480.0,2025-09-02 14:56:44.570759
2025-09-02,3776,2025090203007615,SINDU,Aryatara Investment & Securities,Neev Securities Pvt. Ltd.,45,734.0,33030.0,2025-09-02 14:56:44.571010
2025-09-02,2926,2025090203007719,SINDU,Nabil Stock Dealer Ltd.,Sri Hari Securities Pvt. Ltd.,90,734.1,66069.0,2025-09-02 14:57:35.884368
2025-09-02,2925,2025090203007720,SINDU,Aryatara Investment & Securities,Sri Hari Securities Pvt. Ltd.,180,734.0,132120.0,2025-09-02 14:57:35.884485
2025-09-02,2924,2025090203007721,SINDU,Dakshinkali Investment & Securities Pvt. Ltd.,Sri Hari Securities Pvt. Ltd.,30,734.0,22020.0,2025-09-02 14:57:35.884534
2025-09-02,2087,2025090203007872,SINDU,Nabil Stock Dealer Ltd.,J.F. Securites (PVT) Ltd.,57,734.1,41843.7,2025-09-02 14:58:29.275751
2025-09-02,2086,2025090203007873,SINDU,Dakshinkali Investment & Securities Pvt. Ltd.,J.F. Securites (PVT) Ltd.,50,734.1,36705.0,2025-09-02 14:58:29.275827
2025-09-02,2085,2025090203007874,SINDU,Dynamic Money Managers Securities Pvt. Ltd.,J.F. Securites (PVT) Ltd.,43,734.0,31562.0,2025-09-02 14:58:29.275858
2025-09-02,1919,2025090203007930,SINDU,Midas Stock Broking Company Private Limited,Asian Securities Private Ltd.,56,735.0,41160.0,2025-09-02 14:58:37.679225
2025-09-02,1611,2025090203007978,SINDU,Midas Stock Broking Company Private Limited,Asian Securities Private Ltd.,40,735.0,29400.0,2025-09-02 14:58:53.937109
2025-09-02,1561,2025090203007986,SINDU,Premier Securities Company Ltd.,Asian Securities Private Ltd.,50,735.0,36750.0,2025-09-02 14:58:57.644933
2025-09-02,1479,2025090203008015,SINDU,Shree Krishna Securities Ltd.,Asian Securities Private Ltd.,180,735.0,132300.0,2025-09-02 14:59:02.864748
2025-09-02,570,2025090203008165,SINDU,Vision Securities Pvt. Ltd,Asian Securities Private Ltd.,75,735.0,55125.0,2025-09-02 14:59:40.617341
2025-09-02,240,2025090203008226,SINDU,Premier Securities Company Ltd.,Asian Securities Private Ltd.,50,735.0,36750.0,2025-09-02 14:59:54.162850
2025-09-02,67,2025090203008260,SINDU,Dynamic Money Managers Securities Pvt. Ltd.,Agrawal Securities (PVT) Ltd.,37,734.0,27158.0,2025-09-02 14:59:58.832334
2025-09-02,66,2025090203008261,SINDU,Neev Securities Pvt. Ltd.,Agrawal Securities (PVT) Ltd.,100,734.0,73400.0,2025-09-02 14:59:58.832545
2025-09-02,65,2025090203008262,SINDU,Naasa Securities Co. Ltd.,Agrawal Securities (PVT) Ltd.,100,734.0,73400.0,2025-09-02 14:59:58.832689
2025-09-02,64,2025090203008263,SINDU,Dipshikha Dhitopatra Karobar Co. Pvt Ltd.,Agrawal Securities (PVT) Ltd.,45,732.1,32944.5,2025-09-02 14:59:58.832826
2025-09-02,63,2025090203008264,SINDU,Kohinoor Investment & Securities Pvt. Ltd.,Agrawal Securities (PVT) Ltd.,50,732.1,36605.0,2025-09-02 14:59:58.832944
2025-09-02,62,2025090203008265,SINDU,Trishakti Securities Public Limited,Agrawal Securities (PVT) Ltd.,150,732.1,109815.0,2025-09-02 14:59:58.833078
2025-09-02,61,2025090203008266,SINDU,Naasa Securities Co. Ltd.,Agrawal Securities (PVT) Ltd.,10,732.0,7320.0,2025-09-02 14:59:58.833199
2025-09-02,60,2025090203008267,SINDU,Bhrikuti Stock Broking Co. Pvt. Ltd.,Agrawal Securities (PVT) Ltd.,30,732.0,21960.0,2025-09-02 14:59:58.833321
