contractId,stockSymbol,buyerMemberId,sellerMemberId,quantity,price,amount,businessDate,tradeBookId,stockId,buyerBrokerName,sellerBrokerName,transaction_time,securityName
2026040904000122,AHPC,59,26,20,293.6,5872.0,2026-04-09,185670253,360,Deevyaa Securities & Stock House Pvt. Ltd,Asian Securities Private Ltd.,2026-04-09 11:03:15.623628,Arun Valley Hydropower Development Co. Ltd.
2026040904000135,AHPC,59,62,18,293.8,5288.4,2026-04-09,185670505,360,Deevyaa Securities & Stock House Pvt. Ltd,Capital Max Securities Ltd,2026-04-09 11:03:35.693622,Arun Valley Hydropower Development Co. Ltd.
2026040904000142,AHPC,22,46,60,290.3,17418.0,2026-04-09,185670592,360,Siprabi Securities Pvt. Ltd.,Kalika Securities Pvt. Ltd.,2026-04-09 11:03:41.502507,Arun Valley Hydropower Development Co. Ltd.
2026040904000161,AHPC,58,91,10,293.8,2938.0,2026-04-09,185670769,360,Naasa Securities Co. Ltd.,Citizens Share Broker Limited,2026-04-09 11:03:54.484341,Arun Valley Hydropower Development Co. Ltd.
2026040904000175,AHPC,58,91,90,293.8,26442.0,2026-04-09,185670862,360,Naasa Securities Co. Ltd.,Citizens Share Broker Limited,2026-04-09 11:03:58.443118,Arun Valley Hydropower Development Co. Ltd.
2026040904000176,AHPC,58,35,20,294.9,5898.0,2026-04-09,185670865,360,Naasa Securities Co. Ltd.,Kohinoor Investment & Securities Pvt. Ltd.,2026-04-09 11:03:58.443157,Arun Valley Hydropower Development Co. Ltd.
2026040904000204,AHPC,59,35,475,294.9,140077.5,2026-04-09,185671184,360,Deevyaa Securities & Stock House Pvt. Ltd,Kohinoor Investment & Securities Pvt. Ltd.,2026-04-09 11:04:25.968537,Arun Valley Hydropower Development Co. Ltd.
2026040904000205,AHPC,59,32,35,294.9,10321.5,2026-04-09,185671186,360,Deevyaa Securities & Stock House Pvt. Ltd,Premier Securities Company Ltd.,2026-04-09 11:04:25.968645,Arun Valley Hydropower Development Co. Ltd.
2026040904000206,AHPC,59,57,1000,294.9,294900.0,2026-04-09,185671189,360,Deevyaa Securities & Stock House Pvt. Ltd,Aryatara Investment & Securities,2026-04-09 11:04:25.968685,Arun Valley Hydropower Development Co. Ltd.
2026040904000289,AHPC,94,59,1525,292.0,445300.0,2026-04-09,185672104,360,K.B.L. Securities Limited ,Deevyaa Securities & Stock House Pvt. Ltd,2026-04-09 11:05:49.021985,Arun Valley Hydropower Development Co. Ltd.
2026040904000357,AHPC,58,41,10,294.0,2940.0,2026-04-09,185672843,360,Naasa Securities Co. Ltd.,Linch Stock Market Ltd.,2026-04-09 11:06:40.624463,Arun Valley Hydropower Development Co. Ltd.
2026040904000455,AHPC,16,97,70,293.0,20510.0,2026-04-09,185673767,360,Primo Securities (PVT) Ltd.,R.B.B. Securities Company Ltd,2026-04-09 11:07:53.404511,Arun Valley Hydropower Development Co. Ltd.
2026040904000649,AHPC,43,28,16,293.0,4688.0,2026-04-09,185675170,360,South Asian Bulls Pvt. Ltd.,Shree Krishna Securities Ltd.,2026-04-09 11:09:19.259292,Arun Valley Hydropower Development Co. Ltd.
2026040904000680,AHPC,43,49,50,293.0,14650.0,2026-04-09,185675502,360,South Asian Bulls Pvt. Ltd.,Online Securities Pvt. Ltd.,2026-04-09 11:09:39.797678,Arun Valley Hydropower Development Co. Ltd.
2026040904000681,AHPC,43,14,50,293.0,14650.0,2026-04-09,185675514,360,South Asian Bulls Pvt. Ltd.,Nepal Stock House (PVT) Ltd.,2026-04-09 11:09:41.587655,Arun Valley Hydropower Development Co. Ltd.
2026040904000687,AHPC,57,49,10,292.0,2920.0,2026-04-09,185675559,360,Aryatara Investment & Securities,Online Securities Pvt. Ltd.,2026-04-09 11:09:45.636425,Arun Valley Hydropower Development Co. Ltd.
2026040904000754,AHPC,94,16,114,291.0,33174.0,2026-04-09,185676048,360,K.B.L. Securities Limited ,Primo Securities (PVT) Ltd.,2026-04-09 11:10:12.409268,Arun Valley Hydropower Development Co. Ltd.
2026040904000758,AHPC,94,41,296,291.0,86136.0,2026-04-09,185676130,360,K.B.L. Securities Limited ,Linch Stock Market Ltd.,2026-04-09 11:10:16.570282,Arun Valley Hydropower Development Co. Ltd.
2026040904000776,AHPC,94,72,1000,291.0,291000.0,2026-04-09,185676296,360,K.B.L. Securities Limited ,Hatemalo Financial Services Private Limited,2026-04-09 11:10:27.184847,Arun Valley Hydropower Development Co. Ltd.
2026040904000806,AHPC,94,72,1000,291.0,291000.0,2026-04-09,185676632,360,K.B.L. Securities Limited ,Hatemalo Financial Services Private Limited,2026-04-09 11:10:55.873054,Arun Valley Hydropower Development Co. Ltd.
2026040904000829,AHPC,94,58,180,291.0,52380.0,2026-04-09,185676720,360,K.B.L. Securities Limited ,Naasa Securities Co. Ltd.,2026-04-09 11:11:01.892554,Arun Valley Hydropower Development Co. Ltd.
2026040904000831,AHPC,94,94,500,291.0,145500.0,2026-04-09,185676736,360,K.B.L. Securities Limited ,K.B.L. Securities Limited ,2026-04-09 11:11:03.482860,Arun Valley Hydropower Development Co. Ltd.
2026040904000846,AHPC,94,45,385,291.0,112035.0,2026-04-09,185676879,360,K.B.L. Securities Limited ,Imperial Securities Company Pvt. Ltd.,2026-04-09 11:11:11.770322,Arun Valley Hydropower Development Co. Ltd.
2026040904000940,AHPC,58,45,27,291.0,7857.0,2026-04-09,185677581,360,Naasa Securities Co. Ltd.,Imperial Securities Company Pvt. Ltd.,2026-04-09 11:11:56.328057,Arun Valley Hydropower Development Co. Ltd.
2026040904000953,AHPC,43,94,560,290.2,162512.0,2026-04-09,185677818,360,South Asian Bulls Pvt. Ltd.,K.B.L. Securities Limited ,2026-04-09 11:12:14.088387,Arun Valley Hydropower Development Co. Ltd.
2026040904000974,AHPC,59,45,70,291.0,20370.0,2026-04-09,185678069,360,Deevyaa Securities & Stock House Pvt. Ltd,Imperial Securities Company Pvt. Ltd.,2026-04-09 11:12:33.865493,Arun Valley Hydropower Development Co. Ltd.
2026040904000979,AHPC,43,14,200,290.2,58040.0,2026-04-09,185678156,360,South Asian Bulls Pvt. Ltd.,Nepal Stock House (PVT) Ltd.,2026-04-09 11:12:42.803450,Arun Valley Hydropower Development Co. Ltd.
2026040904001032,AHPC,43,48,105,290.2,30471.0,2026-04-09,185678604,360,South Asian Bulls Pvt. Ltd.,Trishakti Securities Public Limited,2026-04-09 11:13:25.742218,Arun Valley Hydropower Development Co. Ltd.
2026040904001128,AHPC,58,58,40,290.4,11616.0,2026-04-09,185679779,360,Naasa Securities Co. Ltd.,Naasa Securities Co. Ltd.,2026-04-09 11:14:55.398718,Arun Valley Hydropower Development Co. Ltd.
2026040904001129,AHPC,50,58,210,290.3,60963.0,2026-04-09,185679780,360,Cristal Kanchanjanga Securites Pvt. Ltd.,Naasa Securities Co. Ltd.,2026-04-09 11:14:55.398765,Arun Valley Hydropower Development Co. Ltd.
2026040904001199,AHPC,39,58,10,290.4,2904.0,2026-04-09,185680528,360,Sumeru Securities Pvt. Ltd.,Naasa Securities Co. Ltd.,2026-04-09 11:15:56.736926,Arun Valley Hydropower Development Co. Ltd.
2026040904001270,AHPC,29,19,300,291.0,87300.0,2026-04-09,185681509,360,Trisul Securities & Invt. Ltd.,Nepal Investment And Securities Trading Private Limited,2026-04-09 11:16:40.711490,Arun Valley Hydropower Development Co. Ltd.
2026040904001358,AHPC,29,19,300,291.0,87300.0,2026-04-09,185682413,360,Trisul Securities & Invt. Ltd.,Nepal Investment And Securities Trading Private Limited,2026-04-09 11:17:17.420921,Arun Valley Hydropower Development Co. Ltd.
2026040904001359,AHPC,39,19,189,291.0,54999.0,2026-04-09,185682435,360,Sumeru Securities Pvt. Ltd.,Nepal Investment And Securities Trading Private Limited,2026-04-09 11:17:18.447584,Arun Valley Hydropower Development Co. Ltd.
2026040904001441,AHPC,5,19,261,291.0,75951.0,2026-04-09,185683138,360,Market Securities & Exchange (PVT) Ltd.,Nepal Investment And Securities Trading Private Limited,2026-04-09 11:18:00.450151,Arun Valley Hydropower Development Co. Ltd.
2026040904001442,AHPC,5,26,30,291.0,8730.0,2026-04-09,185683140,360,Market Securities & Exchange (PVT) Ltd.,Asian Securities Private Ltd.,2026-04-09 11:18:00.450376,Arun Valley Hydropower Development Co. Ltd.
2026040904001497,AHPC,5,40,25,291.0,7275.0,2026-04-09,185683544,360,Market Securities & Exchange (PVT) Ltd.,Creative Securities Pvt Ltd,2026-04-09 11:18:28.705477,Arun Valley Hydropower Development Co. Ltd.
2026040904001498,AHPC,5,39,10,291.0,2910.0,2026-04-09,185683546,360,Market Securities & Exchange (PVT) Ltd.,Sumeru Securities Pvt. Ltd.,2026-04-09 11:18:28.705668,Arun Valley Hydropower Development Co. Ltd.
2026040904001499,AHPC,5,21,15,291.8,4377.0,2026-04-09,185683549,360,Market Securities & Exchange (PVT) Ltd.,Midas Stock Broking Company Private Limited,2026-04-09 11:18:28.705748,Arun Valley Hydropower Development Co. Ltd.
2026040904001560,AHPC,36,14,500,291.0,145500.0,2026-04-09,185684317,360,Secured Securities Ltd.,Nepal Stock House (PVT) Ltd.,2026-04-09 11:19:24.326755,Arun Valley Hydropower Development Co. Ltd.
2026040904001566,AHPC,74,14,25,291.0,7275.0,2026-04-09,185684479,360,KALASH STOCK MARKET PVT. LTD.,Nepal Stock House (PVT) Ltd.,2026-04-09 11:19:31.891047,Arun Valley Hydropower Development Co. Ltd.
2026040904001616,AHPC,74,42,100,291.0,29100.0,2026-04-09,185684992,360,KALASH STOCK MARKET PVT. LTD.,Sani Securities Company Ltd.,2026-04-09 11:20:06.340273,Arun Valley Hydropower Development Co. Ltd.
2026040904001722,AHPC,74,10,158,291.0,45978.0,2026-04-09,185685982,360,KALASH STOCK MARKET PVT. LTD.,Pragyan Securities (PVT) Ltd.,2026-04-09 11:21:17.198981,Arun Valley Hydropower Development Co. Ltd.
2026040904001729,AHPC,29,32,10,291.7,2917.0,2026-04-09,185686105,360,Trisul Securities & Invt. Ltd.,Premier Securities Company Ltd.,2026-04-09 11:21:22.598099,Arun Valley Hydropower Development Co. Ltd.
2026040904001741,AHPC,40,62,500,290.5,145250.0,2026-04-09,185686177,360,Creative Securities Pvt Ltd,Capital Max Securities Ltd,2026-04-09 11:21:27.756546,Arun Valley Hydropower Development Co. Ltd.
2026040904001742,AHPC,50,62,1000,290.4,290400.0,2026-04-09,185686179,360,Cristal Kanchanjanga Securites Pvt. Ltd.,Capital Max Securities Ltd,2026-04-09 11:21:27.756581,Arun Valley Hydropower Development Co. Ltd.
2026040904001743,AHPC,36,62,75,290.4,21780.0,2026-04-09,185686181,360,Secured Securities Ltd.,Capital Max Securities Ltd,2026-04-09 11:21:27.756604,Arun Valley Hydropower Development Co. Ltd.
2026040904001744,AHPC,50,62,425,290.3,123377.5,2026-04-09,185686182,360,Cristal Kanchanjanga Securites Pvt. Ltd.,Capital Max Securities Ltd,2026-04-09 11:21:27.756631,Arun Valley Hydropower Development Co. Ltd.
2026040904001754,AHPC,44,32,75,291.7,21877.5,2026-04-09,185686251,360,Dynamic Money Managers Securities Pvt. Ltd.,Premier Securities Company Ltd.,2026-04-09 11:21:33.859901,Arun Valley Hydropower Development Co. Ltd.
2026040904001766,AHPC,54,62,750,291.0,218250.0,2026-04-09,185686484,360,Sewa Securities Pvt. Ltd.,Capital Max Securities Ltd,2026-04-09 11:21:44.108647,Arun Valley Hydropower Development Co. Ltd.
2026040904001987,AHPC,54,41,250,291.0,72750.0,2026-04-09,185688091,360,Sewa Securities Pvt. Ltd.,Linch Stock Market Ltd.,2026-04-09 11:23:39.057005,Arun Valley Hydropower Development Co. Ltd.
2026040904002021,AHPC,42,41,150,291.0,43650.0,2026-04-09,185688366,360,Sani Securities Company Ltd.,Linch Stock Market Ltd.,2026-04-09 11:23:57.615597,Arun Valley Hydropower Development Co. Ltd.
2026040904002022,AHPC,42,28,150,291.5,43725.0,2026-04-09,185688369,360,Sani Securities Company Ltd.,Shree Krishna Securities Ltd.,2026-04-09 11:23:57.615794,Arun Valley Hydropower Development Co. Ltd.
2026040904002030,AHPC,50,43,31,290.3,8999.3,2026-04-09,185688592,360,Cristal Kanchanjanga Securites Pvt. Ltd.,South Asian Bulls Pvt. Ltd.,2026-04-09 11:24:15.081249,Arun Valley Hydropower Development Co. Ltd.
2026040904002107,AHPC,43,28,25,290.2,7255.0,2026-04-09,185689268,360,South Asian Bulls Pvt. Ltd.,Shree Krishna Securities Ltd.,2026-04-09 11:24:55.877100,Arun Valley Hydropower Development Co. Ltd.
2026040904002304,AHPC,43,10,110,290.2,31922.0,2026-04-09,185691123,360,South Asian Bulls Pvt. Ltd.,Pragyan Securities (PVT) Ltd.,2026-04-09 11:27:22.813992,Arun Valley Hydropower Development Co. Ltd.
2026040904002305,AHPC,33,10,100,290.2,29020.0,2026-04-09,185691125,360,Dakshinkali Investment & Securities Pvt. Ltd.,Pragyan Securities (PVT) Ltd.,2026-04-09 11:27:22.814424,Arun Valley Hydropower Development Co. Ltd.
2026040904002306,AHPC,7,10,20,290.0,5800.0,2026-04-09,185691127,360,J.F. Securites (PVT) Ltd.,Pragyan Securities (PVT) Ltd.,2026-04-09 11:27:22.814686,Arun Valley Hydropower Development Co. Ltd.
2026040904002307,AHPC,49,10,345,290.0,100050.0,2026-04-09,185691129,360,Online Securities Pvt. Ltd.,Pragyan Securities (PVT) Ltd.,2026-04-09 11:27:22.814931,Arun Valley Hydropower Development Co. Ltd.
2026040904002308,AHPC,57,10,200,290.0,58000.0,2026-04-09,185691131,360,Aryatara Investment & Securities,Pragyan Securities (PVT) Ltd.,2026-04-09 11:27:22.815158,Arun Valley Hydropower Development Co. Ltd.
2026040904002309,AHPC,33,10,201,290.0,58290.0,2026-04-09,185691132,360,Dakshinkali Investment & Securities Pvt. Ltd.,Pragyan Securities (PVT) Ltd.,2026-04-09 11:27:22.815412,Arun Valley Hydropower Development Co. Ltd.
2026040904002315,AHPC,33,94,100,290.0,29000.0,2026-04-09,185691152,360,Dakshinkali Investment & Securities Pvt. Ltd.,K.B.L. Securities Limited ,2026-04-09 11:27:24.525170,Arun Valley Hydropower Development Co. Ltd.
2026040904002412,AHPC,45,29,10,291.5,2915.0,2026-04-09,185692019,360,Imperial Securities Company Pvt. Ltd.,Trisul Securities & Invt. Ltd.,2026-04-09 11:28:47.995309,Arun Valley Hydropower Development Co. Ltd.
2026040904002484,AHPC,58,29,90,291.5,26235.0,2026-04-09,185692688,360,Naasa Securities Co. Ltd.,Trisul Securities & Invt. Ltd.,2026-04-09 11:30:03.584361,Arun Valley Hydropower Development Co. Ltd.
2026040904002485,AHPC,58,41,100,291.6,29160.0,2026-04-09,185692690,360,Naasa Securities Co. Ltd.,Linch Stock Market Ltd.,2026-04-09 11:30:03.584405,Arun Valley Hydropower Development Co. Ltd.
2026040904002486,AHPC,58,32,10,291.7,2917.0,2026-04-09,185692693,360,Naasa Securities Co. Ltd.,Premier Securities Company Ltd.,2026-04-09 11:30:03.584433,Arun Valley Hydropower Development Co. Ltd.
2026040904002845,AHPC,58,42,12,291.6,3499.2,2026-04-09,185695099,360,Naasa Securities Co. Ltd.,Sani Securities Company Ltd.,2026-04-09 11:33:02.303080,Arun Valley Hydropower Development Co. Ltd.
2026040904002846,AHPC,34,32,30,291.7,8751.0,2026-04-09,185695103,360,Vision Securities Pvt. Ltd,Premier Securities Company Ltd.,2026-04-09 11:33:03.040548,Arun Valley Hydropower Development Co. Ltd.
2026040904002902,AHPC,34,16,30,291.6,8748.0,2026-04-09,185695583,360,Vision Securities Pvt. Ltd,Primo Securities (PVT) Ltd.,2026-04-09 11:33:46.845508,Arun Valley Hydropower Development Co. Ltd.
2026040904003052,AHPC,58,3,25,290.3,7257.5,2026-04-09,185696710,360,Naasa Securities Co. Ltd.,Arun Securities (PVT) Ltd.,2026-04-09 11:35:07.944827,Arun Valley Hydropower Development Co. Ltd.
2026040904003122,AHPC,14,16,110,291.6,32076.0,2026-04-09,185697321,360,Nepal Stock House (PVT) Ltd.,Primo Securities (PVT) Ltd.,2026-04-09 11:35:49.802070,Arun Valley Hydropower Development Co. Ltd.
2026040904003134,AHPC,45,21,230,290.4,66792.0,2026-04-09,185697382,360,Imperial Securities Company Pvt. Ltd.,Midas Stock Broking Company Private Limited,2026-04-09 11:35:57.086820,Arun Valley Hydropower Development Co. Ltd.
2026040904003331,AHPC,54,16,360,291.6,104976.0,2026-04-09,185699110,360,Sewa Securities Pvt. Ltd.,Primo Securities (PVT) Ltd.,2026-04-09 11:37:50.519288,Arun Valley Hydropower Development Co. Ltd.
2026040904003346,AHPC,3,32,1525,291.7,444842.5,2026-04-09,185699154,360,Arun Securities (PVT) Ltd.,Premier Securities Company Ltd.,2026-04-09 11:37:53.140583,Arun Valley Hydropower Development Co. Ltd.
2026040904003347,AHPC,3,21,75,291.8,21885.0,2026-04-09,185699156,360,Arun Securities (PVT) Ltd.,Midas Stock Broking Company Private Limited,2026-04-09 11:37:53.141009,Arun Valley Hydropower Development Co. Ltd.
2026040904003348,AHPC,3,38,50,292.0,14600.0,2026-04-09,185699158,360,Arun Securities (PVT) Ltd.,Dipshikha Dhitopatra Karobar Co. Pvt Ltd.,2026-04-09 11:37:53.141303,Arun Valley Hydropower Development Co. Ltd.
2026040904003349,AHPC,3,35,31,292.0,9052.0,2026-04-09,185699160,360,Arun Securities (PVT) Ltd.,Kohinoor Investment & Securities Pvt. Ltd.,2026-04-09 11:37:53.141606,Arun Valley Hydropower Development Co. Ltd.
2026040904003350,AHPC,3,45,1000,292.0,292000.0,2026-04-09,185699162,360,Arun Securities (PVT) Ltd.,Imperial Securities Company Pvt. Ltd.,2026-04-09 11:37:53.141877,Arun Valley Hydropower Development Co. Ltd.
2026040904003351,AHPC,3,16,100,292.0,29200.0,2026-04-09,185699164,360,Arun Securities (PVT) Ltd.,Primo Securities (PVT) Ltd.,2026-04-09 11:37:53.142158,Arun Valley Hydropower Development Co. Ltd.
2026040904003392,AHPC,58,44,300,292.8,87840.0,2026-04-09,185699601,360,Naasa Securities Co. Ltd.,Dynamic Money Managers Securities Pvt. Ltd.,2026-04-09 11:38:23.343932,Arun Valley Hydropower Development Co. Ltd.
2026040904003407,AHPC,58,13,80,292.9,23432.0,2026-04-09,185699732,360,Naasa Securities Co. Ltd.,Thrive Brokerage House Pvt. Ltd,2026-04-09 11:38:30.569965,Arun Valley Hydropower Development Co. Ltd.
2026040904003408,AHPC,58,58,10,292.9,2929.0,2026-04-09,185699734,360,Naasa Securities Co. Ltd.,Naasa Securities Co. Ltd.,2026-04-09 11:38:30.570037,Arun Valley Hydropower Development Co. Ltd.
2026040904003409,AHPC,58,19,40,292.9,11716.0,2026-04-09,185699736,360,Naasa Securities Co. Ltd.,Nepal Investment And Securities Trading Private Limited,2026-04-09 11:38:30.570065,Arun Valley Hydropower Development Co. Ltd.
2026040904003410,AHPC,58,94,10,293.0,2930.0,2026-04-09,185699739,360,Naasa Securities Co. Ltd.,K.B.L. Securities Limited ,2026-04-09 11:38:30.570092,Arun Valley Hydropower Development Co. Ltd.
2026040904003446,AHPC,22,94,28,293.0,8204.0,2026-04-09,185700001,360,Siprabi Securities Pvt. Ltd.,K.B.L. Securities Limited ,2026-04-09 11:38:52.713243,Arun Valley Hydropower Development Co. Ltd.
2026040904003556,AHPC,39,94,10,293.0,2930.0,2026-04-09,185701037,360,Sumeru Securities Pvt. Ltd.,K.B.L. Securities Limited ,2026-04-09 11:40:06.209694,Arun Valley Hydropower Development Co. Ltd.
2026040904003563,AHPC,57,94,52,293.0,15236.0,2026-04-09,185701060,360,Aryatara Investment & Securities,K.B.L. Securities Limited ,2026-04-09 11:40:07.615830,Arun Valley Hydropower Development Co. Ltd.
2026040904003564,AHPC,57,26,81,293.0,23733.0,2026-04-09,185701062,360,Aryatara Investment & Securities,Asian Securities Private Ltd.,2026-04-09 11:40:07.616257,Arun Valley Hydropower Development Co. Ltd.
2026040904003578,AHPC,57,44,300,293.0,87900.0,2026-04-09,185701220,360,Aryatara Investment & Securities,Dynamic Money Managers Securities Pvt. Ltd.,2026-04-09 11:40:21.949187,Arun Valley Hydropower Development Co. Ltd.
2026040904003580,AHPC,57,21,427,293.0,125111.0,2026-04-09,185701283,360,Aryatara Investment & Securities,Midas Stock Broking Company Private Limited,2026-04-09 11:40:23.713184,Arun Valley Hydropower Development Co. Ltd.
2026040904003702,AHPC,53,26,75,292.1,21907.5,2026-04-09,185702390,360,Investment Management Nepal Pvt. Ltd.,Asian Securities Private Ltd.,2026-04-09 11:41:42.153080,Arun Valley Hydropower Development Co. Ltd.
2026040904003798,AHPC,58,21,11,293.0,3223.0,2026-04-09,185703265,360,Naasa Securities Co. Ltd.,Midas Stock Broking Company Private Limited,2026-04-09 11:42:49.991760,Arun Valley Hydropower Development Co. Ltd.
2026040904003800,AHPC,53,50,50,292.1,14605.0,2026-04-09,185703268,360,Investment Management Nepal Pvt. Ltd.,Cristal Kanchanjanga Securites Pvt. Ltd.,2026-04-09 11:42:50.401750,Arun Valley Hydropower Development Co. Ltd.
2026040904003869,AHPC,58,21,10,293.0,2930.0,2026-04-09,185703929,360,Naasa Securities Co. Ltd.,Midas Stock Broking Company Private Limited,2026-04-09 11:43:31.753427,Arun Valley Hydropower Development Co. Ltd.
2026040904003921,AHPC,53,21,52,293.0,15236.0,2026-04-09,185704322,360,Investment Management Nepal Pvt. Ltd.,Midas Stock Broking Company Private Limited,2026-04-09 11:43:52.592581,Arun Valley Hydropower Development Co. Ltd.
2026040904003922,AHPC,53,50,73,293.0,21389.0,2026-04-09,185704325,360,Investment Management Nepal Pvt. Ltd.,Cristal Kanchanjanga Securites Pvt. Ltd.,2026-04-09 11:43:52.592853,Arun Valley Hydropower Development Co. Ltd.
2026040904003967,AHPC,41,50,27,293.0,7911.0,2026-04-09,185704616,360,Linch Stock Market Ltd.,Cristal Kanchanjanga Securites Pvt. Ltd.,2026-04-09 11:44:12.058473,Arun Valley Hydropower Development Co. Ltd.
2026040904004006,AHPC,58,48,10,293.5,2935.0,2026-04-09,185704949,360,Naasa Securities Co. Ltd.,Trishakti Securities Public Limited,2026-04-09 11:44:30.738229,Arun Valley Hydropower Development Co. Ltd.
2026040904004156,AHPC,46,48,100,293.5,29350.0,2026-04-09,185706277,360,Kalika Securities Pvt. Ltd.,Trishakti Securities Public Limited,2026-04-09 11:45:48.850638,Arun Valley Hydropower Development Co. Ltd.
2026040904004193,AHPC,32,48,78,293.5,22893.0,2026-04-09,185706493,360,Premier Securities Company Ltd.,Trishakti Securities Public Limited,2026-04-09 11:46:00.934345,Arun Valley Hydropower Development Co. Ltd.
2026040904004269,AHPC,49,48,312,293.5,91572.0,2026-04-09,185706832,360,Online Securities Pvt. Ltd.,Trishakti Securities Public Limited,2026-04-09 11:46:17.903449,Arun Valley Hydropower Development Co. Ltd.
2026040904004270,AHPC,49,14,188,293.5,55178.0,2026-04-09,185706835,360,Online Securities Pvt. Ltd.,Nepal Stock House (PVT) Ltd.,2026-04-09 11:46:17.903684,Arun Valley Hydropower Development Co. Ltd.
2026040904004294,AHPC,50,14,162,293.5,47547.0,2026-04-09,185707018,360,Cristal Kanchanjanga Securites Pvt. Ltd.,Nepal Stock House (PVT) Ltd.,2026-04-09 11:46:34.115967,Arun Valley Hydropower Development Co. Ltd.
2026040904004371,AHPC,58,39,47,293.9,13813.3,2026-04-09,185707551,360,Naasa Securities Co. Ltd.,Sumeru Securities Pvt. Ltd.,2026-04-09 11:47:06.869668,Arun Valley Hydropower Development Co. Ltd.
2026040904004514,AHPC,58,39,500,293.9,146950.0,2026-04-09,185708425,360,Naasa Securities Co. Ltd.,Sumeru Securities Pvt. Ltd.,2026-04-09 11:47:56.443446,Arun Valley Hydropower Development Co. Ltd.
2026040904004558,AHPC,58,39,218,293.9,64070.2,2026-04-09,185708680,360,Naasa Securities Co. Ltd.,Sumeru Securities Pvt. Ltd.,2026-04-09 11:48:13.160706,Arun Valley Hydropower Development Co. Ltd.
2026040904004559,AHPC,58,39,12,294.0,3528.0,2026-04-09,185708683,360,Naasa Securities Co. Ltd.,Sumeru Securities Pvt. Ltd.,2026-04-09 11:48:13.160772,Arun Valley Hydropower Development Co. Ltd.
2026040904004753,AHPC,50,62,438,293.1,128377.8,2026-04-09,185709875,360,Cristal Kanchanjanga Securites Pvt. Ltd.,Capital Max Securities Ltd,2026-04-09 11:49:28.131901,Arun Valley Hydropower Development Co. Ltd.
2026040904004754,AHPC,41,62,53,293.0,15529.0,2026-04-09,185709877,360,Linch Stock Market Ltd.,Capital Max Securities Ltd,2026-04-09 11:49:28.132117,Arun Valley Hydropower Development Co. Ltd.
2026040904004761,AHPC,58,39,10,294.0,2940.0,2026-04-09,185709959,360,Naasa Securities Co. Ltd.,Sumeru Securities Pvt. Ltd.,2026-04-09 11:49:36.293494,Arun Valley Hydropower Development Co. Ltd.
2026040904004769,AHPC,22,39,94,294.0,27636.0,2026-04-09,185710052,360,Siprabi Securities Pvt. Ltd.,Sumeru Securities Pvt. Ltd.,2026-04-09 11:49:44.213558,Arun Valley Hydropower Development Co. Ltd.
2026040904004819,AHPC,25,49,388,294.0,114072.0,2026-04-09,185710391,360,Sweta Securities Private Limited,Online Securities Pvt. Ltd.,2026-04-09 11:50:02.860522,Arun Valley Hydropower Development Co. Ltd.
2026040904004870,AHPC,4,28,200,293.9,58780.0,2026-04-09,185710818,360,Opal Securities Investment (PVT) Ltd.,Shree Krishna Securities Ltd.,2026-04-09 11:50:29.002268,Arun Valley Hydropower Development Co. Ltd.
2026040904004871,AHPC,4,49,1000,294.0,294000.0,2026-04-09,185710821,360,Opal Securities Investment (PVT) Ltd.,Online Securities Pvt. Ltd.,2026-04-09 11:50:29.002515,Arun Valley Hydropower Development Co. Ltd.
2026040904004927,AHPC,34,49,10,294.0,2940.0,2026-04-09,185711229,360,Vision Securities Pvt. Ltd,Online Securities Pvt. Ltd.,2026-04-09 11:50:56.984637,Arun Valley Hydropower Development Co. Ltd.
2026040904004967,AHPC,43,49,100,294.0,29400.0,2026-04-09,185711549,360,South Asian Bulls Pvt. Ltd.,Online Securities Pvt. Ltd.,2026-04-09 11:51:20.156794,Arun Valley Hydropower Development Co. Ltd.
2026040904005101,AHPC,25,74,300,293.5,88050.0,2026-04-09,185712448,360,Sweta Securities Private Limited,KALASH STOCK MARKET PVT. LTD.,2026-04-09 11:52:15.838215,Arun Valley Hydropower Development Co. Ltd.
2026040904005166,AHPC,16,45,15,293.0,4395.0,2026-04-09,185712806,360,Primo Securities (PVT) Ltd.,Imperial Securities Company Pvt. Ltd.,2026-04-09 11:52:35.970885,Arun Valley Hydropower Development Co. Ltd.
2026040904005210,AHPC,63,39,50,293.9,14695.0,2026-04-09,185713123,360,Himalayan Brokerage Company Limited,Sumeru Securities Pvt. Ltd.,2026-04-09 11:52:55.477445,Arun Valley Hydropower Development Co. Ltd.
2026040904005262,AHPC,16,35,25,293.0,7325.0,2026-04-09,185713456,360,Primo Securities (PVT) Ltd.,Kohinoor Investment & Securities Pvt. Ltd.,2026-04-09 11:53:15.729939,Arun Valley Hydropower Development Co. Ltd.
2026040904005324,AHPC,16,11,107,293.2,31372.4,2026-04-09,185713912,360,Primo Securities (PVT) Ltd.,Malla & Malla Stock Broking Company Pvt. Limited,2026-04-09 11:53:41.977866,Arun Valley Hydropower Development Co. Ltd.
2026040904005460,AHPC,16,33,43,293.4,12616.2,2026-04-09,185714943,360,Primo Securities (PVT) Ltd.,Dakshinkali Investment & Securities Pvt. Ltd.,2026-04-09 11:54:43.474511,Arun Valley Hydropower Development Co. Ltd.
2026040904005479,AHPC,63,16,51,293.1,14948.1,2026-04-09,185715010,360,Himalayan Brokerage Company Limited,Primo Securities (PVT) Ltd.,2026-04-09 11:54:48.342554,Arun Valley Hydropower Development Co. Ltd.
2026040904005637,AHPC,63,17,57,293.1,16706.7,2026-04-09,185716039,360,Himalayan Brokerage Company Limited,ABC Securities Private Limited,2026-04-09 11:55:45.995149,Arun Valley Hydropower Development Co. Ltd.
2026040904005638,AHPC,16,17,60,293.0,17580.0,2026-04-09,185716041,360,Primo Securities (PVT) Ltd.,ABC Securities Private Limited,2026-04-09 11:55:45.995663,Arun Valley Hydropower Development Co. Ltd.
2026040904005639,AHPC,49,17,83,293.0,24319.0,2026-04-09,185716042,360,Online Securities Pvt. Ltd.,ABC Securities Private Limited,2026-04-09 11:55:45.995975,Arun Valley Hydropower Development Co. Ltd.
2026040904005663,AHPC,58,33,50,293.4,14670.0,2026-04-09,185716233,360,Naasa Securities Co. Ltd.,Dakshinkali Investment & Securities Pvt. Ltd.,2026-04-09 11:55:54.118562,Arun Valley Hydropower Development Co. Ltd.
2026040904005877,AHPC,49,20,15,293.0,4395.0,2026-04-09,185717600,360,Online Securities Pvt. Ltd.,Sipla Securities Private Limited,2026-04-09 11:56:55.109196,Arun Valley Hydropower Development Co. Ltd.
2026040904005990,AHPC,49,77,30,293.0,8790.0,2026-04-09,185718390,360,Online Securities Pvt. Ltd.,Nabil Stock Dealer Ltd.,2026-04-09 11:57:35.931510,Arun Valley Hydropower Development Co. Ltd.
2026040904005998,AHPC,49,53,22,293.0,6446.0,2026-04-09,185718431,360,Online Securities Pvt. Ltd.,Investment Management Nepal Pvt. Ltd.,2026-04-09 11:57:38.892374,Arun Valley Hydropower Development Co. Ltd.
2026040904005999,AHPC,57,53,100,293.0,29300.0,2026-04-09,185718433,360,Aryatara Investment & Securities,Investment Management Nepal Pvt. Ltd.,2026-04-09 11:57:38.892649,Arun Valley Hydropower Development Co. Ltd.
2026040904006000,AHPC,25,53,200,293.0,58600.0,2026-04-09,185718435,360,Sweta Securities Private Limited,Investment Management Nepal Pvt. Ltd.,2026-04-09 11:57:38.892798,Arun Valley Hydropower Development Co. Ltd.
2026040904006321,AHPC,74,58,99,292.8,28987.2,2026-04-09,185720808,360,KALASH STOCK MARKET PVT. LTD.,Naasa Securities Co. Ltd.,2026-04-09 12:00:18.363974,Arun Valley Hydropower Development Co. Ltd.
2026040904006322,AHPC,74,4,65,292.9,19038.5,2026-04-09,185720810,360,KALASH STOCK MARKET PVT. LTD.,Opal Securities Investment (PVT) Ltd.,2026-04-09 12:00:18.364261,Arun Valley Hydropower Development Co. Ltd.
2026040904006323,AHPC,74,53,78,293.0,22854.0,2026-04-09,185720812,360,KALASH STOCK MARKET PVT. LTD.,Investment Management Nepal Pvt. Ltd.,2026-04-09 12:00:18.364402,Arun Valley Hydropower Development Co. Ltd.
2026040904006324,AHPC,74,19,58,293.0,16994.0,2026-04-09,185720815,360,KALASH STOCK MARKET PVT. LTD.,Nepal Investment And Securities Trading Private Limited,2026-04-09 12:00:18.364519,Arun Valley Hydropower Development Co. Ltd.
2026040904006327,AHPC,42,42,100,292.2,29220.0,2026-04-09,185720843,360,Sani Securities Company Ltd.,Sani Securities Company Ltd.,2026-04-09 12:00:22.690353,Arun Valley Hydropower Development Co. Ltd.
2026040904006328,AHPC,7,42,64,292.1,18694.4,2026-04-09,185720844,360,J.F. Securites (PVT) Ltd.,Sani Securities Company Ltd.,2026-04-09 12:00:22.690409,Arun Valley Hydropower Development Co. Ltd.
2026040904006364,AHPC,7,38,82,292.1,23952.2,2026-04-09,185721183,360,J.F. Securites (PVT) Ltd.,Dipshikha Dhitopatra Karobar Co. Pvt Ltd.,2026-04-09 12:00:45.791602,Arun Valley Hydropower Development Co. Ltd.
2026040904006365,AHPC,3,38,218,292.0,63656.0,2026-04-09,185721184,360,Arun Securities (PVT) Ltd.,Dipshikha Dhitopatra Karobar Co. Pvt Ltd.,2026-04-09 12:00:45.791917,Arun Valley Hydropower Development Co. Ltd.
2026040904006411,AHPC,17,50,50,292.0,14600.0,2026-04-09,185721533,360,ABC Securities Private Limited,Cristal Kanchanjanga Securites Pvt. Ltd.,2026-04-09 12:01:07.753160,Arun Valley Hydropower Development Co. Ltd.
2026040904006412,AHPC,25,50,150,292.0,43800.0,2026-04-09,185721534,360,Sweta Securities Private Limited,Cristal Kanchanjanga Securites Pvt. Ltd.,2026-04-09 12:01:07.753467,Arun Valley Hydropower Development Co. Ltd.
2026040904006439,AHPC,42,39,99,292.0,28908.0,2026-04-09,185721919,360,Sani Securities Company Ltd.,Sumeru Securities Pvt. Ltd.,2026-04-09 12:01:36.678983,Arun Valley Hydropower Development Co. Ltd.
2026040904006440,AHPC,54,39,140,291.6,40824.0,2026-04-09,185721921,360,Sewa Securities Pvt. Ltd.,Sumeru Securities Pvt. Ltd.,2026-04-09 12:01:36.679246,Arun Valley Hydropower Development Co. Ltd.
2026040904006441,AHPC,58,39,50,291.0,14550.0,2026-04-09,185721923,360,Naasa Securities Co. Ltd.,Sumeru Securities Pvt. Ltd.,2026-04-09 12:01:36.679374,Arun Valley Hydropower Development Co. Ltd.
2026040904006442,AHPC,44,39,57,291.0,16587.0,2026-04-09,185721924,360,Dynamic Money Managers Securities Pvt. Ltd.,Sumeru Securities Pvt. Ltd.,2026-04-09 12:01:36.679496,Arun Valley Hydropower Development Co. Ltd.
2026040904006702,AHPC,48,4,210,292.0,61320.0,2026-04-09,185724164,360,Trishakti Securities Public Limited,Opal Securities Investment (PVT) Ltd.,2026-04-09 12:04:47.354986,Arun Valley Hydropower Development Co. Ltd.
2026040904006999,AHPC,16,58,100,292.1,29210.0,2026-04-09,185725627,360,Primo Securities (PVT) Ltd.,Naasa Securities Co. Ltd.,2026-04-09 12:06:31.962988,Arun Valley Hydropower Development Co. Ltd.
2026040904007057,AHPC,29,17,100,292.1,29210.0,2026-04-09,185725966,360,Trisul Securities & Invt. Ltd.,ABC Securities Private Limited,2026-04-09 12:06:57.072818,Arun Valley Hydropower Development Co. Ltd.
2026040904007066,AHPC,29,38,300,292.1,87630.0,2026-04-09,185726043,360,Trisul Securities & Invt. Ltd.,Dipshikha Dhitopatra Karobar Co. Pvt Ltd.,2026-04-09 12:07:07.995128,Arun Valley Hydropower Development Co. Ltd.
2026040904007067,AHPC,48,38,36,292.0,10512.0,2026-04-09,185726044,360,Trishakti Securities Public Limited,Dipshikha Dhitopatra Karobar Co. Pvt Ltd.,2026-04-09 12:07:07.995692,Arun Valley Hydropower Development Co. Ltd.
2026040904007167,AHPC,42,85,100,292.1,29210.0,2026-04-09,185726739,360,Sani Securities Company Ltd.,Capital Hub P. Ltd,2026-04-09 12:07:59.645097,Arun Valley Hydropower Development Co. Ltd.
2026040904007185,AHPC,48,85,300,292.0,87600.0,2026-04-09,185726894,360,Trishakti Securities Public Limited,Capital Hub P. Ltd,2026-04-09 12:08:10.510978,Arun Valley Hydropower Development Co. Ltd.
2026040904007271,AHPC,40,19,142,293.0,41606.0,2026-04-09,185727784,360,Creative Securities Pvt Ltd,Nepal Investment And Securities Trading Private Limited,2026-04-09 12:09:11.040494,Arun Valley Hydropower Development Co. Ltd.
2026040904007272,AHPC,40,6,300,293.0,87900.0,2026-04-09,185727786,360,Creative Securities Pvt Ltd,Agrawal Securities (PVT) Ltd.,2026-04-09 12:09:11.041051,Arun Valley Hydropower Development Co. Ltd.
2026040904007273,AHPC,40,14,21,293.0,6153.0,2026-04-09,185727788,360,Creative Securities Pvt Ltd,Nepal Stock House (PVT) Ltd.,2026-04-09 12:09:11.041406,Arun Valley Hydropower Development Co. Ltd.
2026040904007286,AHPC,33,58,500,293.5,146750.0,2026-04-09,185728094,360,Dakshinkali Investment & Securities Pvt. Ltd.,Naasa Securities Co. Ltd.,2026-04-09 12:09:29.259227,Arun Valley Hydropower Development Co. Ltd.
2026040904007287,AHPC,33,3,500,293.5,146750.0,2026-04-09,185728097,360,Dakshinkali Investment & Securities Pvt. Ltd.,Arun Securities (PVT) Ltd.,2026-04-09 12:09:29.259777,Arun Valley Hydropower Development Co. Ltd.
2026040904007290,AHPC,40,99,25,293.0,7325.0,2026-04-09,185728156,360,Creative Securities Pvt Ltd,Prabhu Stock Market Limited,2026-04-09 12:09:34.949893,Arun Valley Hydropower Development Co. Ltd.
2026040904007429,AHPC,74,58,300,293.5,88050.0,2026-04-09,185729629,360,KALASH STOCK MARKET PVT. LTD.,Naasa Securities Co. Ltd.,2026-04-09 12:10:48.635691,Arun Valley Hydropower Development Co. Ltd.
2026040904007439,AHPC,33,58,200,293.5,58700.0,2026-04-09,185729662,360,Dakshinkali Investment & Securities Pvt. Ltd.,Naasa Securities Co. Ltd.,2026-04-09 12:10:50.262465,Arun Valley Hydropower Development Co. Ltd.
2026040904007463,AHPC,33,34,96,293.5,28176.0,2026-04-09,185729714,360,Dakshinkali Investment & Securities Pvt. Ltd.,Vision Securities Pvt. Ltd,2026-04-09 12:10:50.912811,Arun Valley Hydropower Development Co. Ltd.
2026040904007642,AHPC,4,59,11,293.6,3229.6,2026-04-09,185731465,360,Opal Securities Investment (PVT) Ltd.,Deevyaa Securities & Stock House Pvt. Ltd,2026-04-09 12:12:58.895399,Arun Valley Hydropower Development Co. Ltd.
2026040904007704,AHPC,33,34,95,293.5,27882.5,2026-04-09,185731796,360,Dakshinkali Investment & Securities Pvt. Ltd.,Vision Securities Pvt. Ltd,2026-04-09 12:13:25.916912,Arun Valley Hydropower Development Co. Ltd.
2026040904007818,AHPC,33,6,15,293.5,4402.5,2026-04-09,185732534,360,Dakshinkali Investment & Securities Pvt. Ltd.,Agrawal Securities (PVT) Ltd.,2026-04-09 12:14:18.845724,Arun Valley Hydropower Development Co. Ltd.
2026040904007867,AHPC,45,59,62,293.6,18203.2,2026-04-09,185733056,360,Imperial Securities Company Pvt. Ltd.,Deevyaa Securities & Stock House Pvt. Ltd,2026-04-09 12:15:02.445976,Arun Valley Hydropower Development Co. Ltd.
2026040904007868,AHPC,45,35,135,293.7,39649.5,2026-04-09,185733058,360,Imperial Securities Company Pvt. Ltd.,Kohinoor Investment & Securities Pvt. Ltd.,2026-04-09 12:15:02.446593,Arun Valley Hydropower Development Co. Ltd.
2026040904008101,AHPC,1,43,50,293.7,14685.0,2026-04-09,185734708,360,Kumari Securities Private Limited,South Asian Bulls Pvt. Ltd.,2026-04-09 12:17:05.985025,Arun Valley Hydropower Development Co. Ltd.
2026040904008102,AHPC,1,16,100,293.7,29370.0,2026-04-09,185734710,360,Kumari Securities Private Limited,Primo Securities (PVT) Ltd.,2026-04-09 12:17:05.985345,Arun Valley Hydropower Development Co. Ltd.
2026040904008103,AHPC,1,58,100,293.8,29380.0,2026-04-09,185734712,360,Kumari Securities Private Limited,Naasa Securities Co. Ltd.,2026-04-09 12:17:05.985471,Arun Valley Hydropower Development Co. Ltd.
2026040904008104,AHPC,1,10,74,293.8,21741.2,2026-04-09,185734714,360,Kumari Securities Private Limited,Pragyan Securities (PVT) Ltd.,2026-04-09 12:17:05.985591,Arun Valley Hydropower Development Co. Ltd.
2026040904008105,AHPC,1,44,551,293.8,161883.8,2026-04-09,185734716,360,Kumari Securities Private Limited,Dynamic Money Managers Securities Pvt. Ltd.,2026-04-09 12:17:05.985712,Arun Valley Hydropower Development Co. Ltd.
2026040904008106,AHPC,1,42,525,293.8,154245.0,2026-04-09,185734719,360,Kumari Securities Private Limited,Sani Securities Company Ltd.,2026-04-09 12:17:05.985833,Arun Valley Hydropower Development Co. Ltd.
2026040904008157,AHPC,14,42,1000,293.8,293800.0,2026-04-09,185735353,360,Nepal Stock House (PVT) Ltd.,Sani Securities Company Ltd.,2026-04-09 12:17:29.903401,Arun Valley Hydropower Development Co. Ltd.
2026040904008222,AHPC,14,42,500,293.8,146900.0,2026-04-09,185735713,360,Nepal Stock House (PVT) Ltd.,Sani Securities Company Ltd.,2026-04-09 12:17:56.809747,Arun Valley Hydropower Development Co. Ltd.
2026040904008409,AHPC,33,42,86,293.5,25241.0,2026-04-09,185737040,360,Dakshinkali Investment & Securities Pvt. Ltd.,Sani Securities Company Ltd.,2026-04-09 12:19:22.550452,Arun Valley Hydropower Development Co. Ltd.
2026040904008472,AHPC,58,5,11,293.8,3231.8,2026-04-09,185737517,360,Naasa Securities Co. Ltd.,Market Securities & Exchange (PVT) Ltd.,2026-04-09 12:19:54.449092,Arun Valley Hydropower Development Co. Ltd.
2026040904008473,AHPC,63,5,100,293.1,29310.0,2026-04-09,185737519,360,Himalayan Brokerage Company Limited,Market Securities & Exchange (PVT) Ltd.,2026-04-09 12:19:54.449135,Arun Valley Hydropower Development Co. Ltd.
2026040904008474,AHPC,40,5,12,293.0,3516.0,2026-04-09,185737521,360,Creative Securities Pvt Ltd,Market Securities & Exchange (PVT) Ltd.,2026-04-09 12:19:54.449167,Arun Valley Hydropower Development Co. Ltd.
2026040904008475,AHPC,5,5,177,292.7,51807.9,2026-04-09,185737522,360,Market Securities & Exchange (PVT) Ltd.,Market Securities & Exchange (PVT) Ltd.,2026-04-09 12:19:54.449191,Arun Valley Hydropower Development Co. Ltd.
2026040904008512,AHPC,17,39,200,293.9,58780.0,2026-04-09,185737799,360,ABC Securities Private Limited,Sumeru Securities Pvt. Ltd.,2026-04-09 12:20:16.315410,Arun Valley Hydropower Development Co. Ltd.
2026040904008535,AHPC,46,44,28,293.7,8223.6,2026-04-09,185737961,360,Kalika Securities Pvt. Ltd.,Dynamic Money Managers Securities Pvt. Ltd.,2026-04-09 12:20:30.824818,Arun Valley Hydropower Development Co. Ltd.
2026040904008601,AHPC,35,58,10,293.0,2930.0,2026-04-09,185738333,360,Kohinoor Investment & Securities Pvt. Ltd.,Naasa Securities Co. Ltd.,2026-04-09 12:21:04.384963,Arun Valley Hydropower Development Co. Ltd.
2026040904008602,AHPC,17,58,100,293.0,29300.0,2026-04-09,185738335,360,ABC Securities Private Limited,Naasa Securities Co. Ltd.,2026-04-09 12:21:04.385341,Arun Valley Hydropower Development Co. Ltd.
2026040904008610,AHPC,5,58,240,293.0,70320.0,2026-04-09,185738356,360,Market Securities & Exchange (PVT) Ltd.,Naasa Securities Co. Ltd.,2026-04-09 12:21:06.386098,Arun Valley Hydropower Development Co. Ltd.
2026040904008611,AHPC,5,47,60,293.6,17616.0,2026-04-09,185738359,360,Market Securities & Exchange (PVT) Ltd.,Neev Securities Pvt. Ltd.,2026-04-09 12:21:06.386191,Arun Valley Hydropower Development Co. Ltd.
2026040904008636,AHPC,5,75,25,292.7,7317.5,2026-04-09,185738680,360,Market Securities & Exchange (PVT) Ltd.,N.I.M.B. Stock Markets Limited,2026-04-09 12:21:35.006081,Arun Valley Hydropower Development Co. Ltd.
2026040904008639,AHPC,5,29,40,292.7,11708.0,2026-04-09,185738710,360,Market Securities & Exchange (PVT) Ltd.,Trisul Securities & Invt. Ltd.,2026-04-09 12:21:36.887588,Arun Valley Hydropower Development Co. Ltd.
2026040904008836,AHPC,33,47,190,293.6,55784.0,2026-04-09,185740256,360,Dakshinkali Investment & Securities Pvt. Ltd.,Neev Securities Pvt. Ltd.,2026-04-09 12:23:24.952472,Arun Valley Hydropower Development Co. Ltd.
2026040904008877,AHPC,33,52,310,293.6,91016.0,2026-04-09,185740529,360,Dakshinkali Investment & Securities Pvt. Ltd.,Sundhara Securities Limited,2026-04-09 12:23:41.782540,Arun Valley Hydropower Development Co. Ltd.
2026040904008915,AHPC,58,52,16,293.6,4697.6,2026-04-09,185741175,360,Naasa Securities Co. Ltd.,Sundhara Securities Limited,2026-04-09 12:24:19.409998,Arun Valley Hydropower Development Co. Ltd.
2026040904008988,AHPC,42,52,10,293.1,2931.0,2026-04-09,185741822,360,Sani Securities Company Ltd.,Sundhara Securities Limited,2026-04-09 12:24:55.897665,Arun Valley Hydropower Development Co. Ltd.
2026040904009078,AHPC,74,37,15,293.3,4399.5,2026-04-09,185742674,360,KALASH STOCK MARKET PVT. LTD.,Swarna Laxmi Securities Pvt. Ltd.,2026-04-09 12:25:55.883670,Arun Valley Hydropower Development Co. Ltd.
2026040904009182,AHPC,43,57,6,291.0,1746.0,2026-04-09,185743902,360,South Asian Bulls Pvt. Ltd.,Aryatara Investment & Securities,2026-04-09 12:27:36.419939,Arun Valley Hydropower Development Co. Ltd.
2026040904009189,AHPC,39,48,100,293.5,29350.0,2026-04-09,185744013,360,Sumeru Securities Pvt. Ltd.,Trishakti Securities Public Limited,2026-04-09 12:27:45.298528,Arun Valley Hydropower Development Co. Ltd.
2026040904009363,AHPC,14,45,225,293.4,66015.0,2026-04-09,185745302,360,Nepal Stock House (PVT) Ltd.,Imperial Securities Company Pvt. Ltd.,2026-04-09 12:29:15.818185,Arun Valley Hydropower Development Co. Ltd.
2026040904009364,AHPC,14,48,342,293.5,100377.0,2026-04-09,185745304,360,Nepal Stock House (PVT) Ltd.,Trishakti Securities Public Limited,2026-04-09 12:29:15.818620,Arun Valley Hydropower Development Co. Ltd.
2026040904009403,AHPC,14,26,233,293.5,68385.5,2026-04-09,185745791,360,Nepal Stock House (PVT) Ltd.,Asian Securities Private Ltd.,2026-04-09 12:29:49.141934,Arun Valley Hydropower Development Co. Ltd.
2026040904009602,AHPC,74,85,85,293.3,24930.5,2026-04-09,185747307,360,KALASH STOCK MARKET PVT. LTD.,Capital Hub P. Ltd,2026-04-09 12:31:21.393601,Arun Valley Hydropower Development Co. Ltd.
2026040904009603,AHPC,53,85,10,293.2,2932.0,2026-04-09,185747309,360,Investment Management Nepal Pvt. Ltd.,Capital Hub P. Ltd,2026-04-09 12:31:21.394394,Arun Valley Hydropower Development Co. Ltd.
2026040904009604,AHPC,51,85,10,293.2,2932.0,2026-04-09,185747311,360,Oxford Securities Pvt. Ltd.,Capital Hub P. Ltd,2026-04-09 12:31:21.395040,Arun Valley Hydropower Development Co. Ltd.
2026040904009605,AHPC,58,85,500,293.2,146600.0,2026-04-09,185747313,360,Naasa Securities Co. Ltd.,Capital Hub P. Ltd,2026-04-09 12:31:21.395491,Arun Valley Hydropower Development Co. Ltd.
2026040904009606,AHPC,42,85,190,293.1,55689.0,2026-04-09,185747315,360,Sani Securities Company Ltd.,Capital Hub P. Ltd,2026-04-09 12:31:21.395882,Arun Valley Hydropower Development Co. Ltd.
2026040904009607,AHPC,54,85,500,293.0,146500.0,2026-04-09,185747317,360,Sewa Securities Pvt. Ltd.,Capital Hub P. Ltd,2026-04-09 12:31:21.396287,Arun Valley Hydropower Development Co. Ltd.
2026040904009608,AHPC,25,85,555,293.0,162615.0,2026-04-09,185747318,360,Sweta Securities Private Limited,Capital Hub P. Ltd,2026-04-09 12:31:21.396699,Arun Valley Hydropower Development Co. Ltd.
2026040904009639,AHPC,4,26,30,293.5,8805.0,2026-04-09,185747545,360,Opal Securities Investment (PVT) Ltd.,Asian Securities Private Ltd.,2026-04-09 12:31:33.362362,Arun Valley Hydropower Development Co. Ltd.
2026040904009856,AHPC,48,8,200,293.1,58620.0,2026-04-09,185748966,360,Trishakti Securities Public Limited,Brilliant Securities Pvt. Ltd.,2026-04-09 12:33:05.682824,Arun Valley Hydropower Development Co. Ltd.
2026040904009857,AHPC,25,8,100,293.0,29300.0,2026-04-09,185748968,360,Sweta Securities Private Limited,Brilliant Securities Pvt. Ltd.,2026-04-09 12:33:05.683192,Arun Valley Hydropower Development Co. Ltd.
2026040904009873,AHPC,25,58,345,293.0,101085.0,2026-04-09,185749157,360,Sweta Securities Private Limited,Naasa Securities Co. Ltd.,2026-04-09 12:33:20.133161,Arun Valley Hydropower Development Co. Ltd.
2026040904009874,AHPC,41,58,10,293.0,2930.0,2026-04-09,185749159,360,Linch Stock Market Ltd.,Naasa Securities Co. Ltd.,2026-04-09 12:33:20.133487,Arun Valley Hydropower Development Co. Ltd.
2026040904009875,AHPC,38,58,145,293.0,42485.0,2026-04-09,185749160,360,Dipshikha Dhitopatra Karobar Co. Pvt Ltd.,Naasa Securities Co. Ltd.,2026-04-09 12:33:20.133631,Arun Valley Hydropower Development Co. Ltd.
2026040904009938,AHPC,38,59,75,293.0,21975.0,2026-04-09,185749572,360,Dipshikha Dhitopatra Karobar Co. Pvt Ltd.,Deevyaa Securities & Stock House Pvt. Ltd,2026-04-09 12:33:51.849865,Arun Valley Hydropower Development Co. Ltd.
2026040904009989,AHPC,45,59,55,293.0,16115.0,2026-04-09,185750080,360,Imperial Securities Company Pvt. Ltd.,Deevyaa Securities & Stock House Pvt. Ltd,2026-04-09 12:34:32.288871,Arun Valley Hydropower Development Co. Ltd.
2026040904010049,AHPC,45,59,10,293.0,2930.0,2026-04-09,185750538,360,Imperial Securities Company Pvt. Ltd.,Deevyaa Securities & Stock House Pvt. Ltd,2026-04-09 12:34:59.429365,Arun Valley Hydropower Development Co. Ltd.
2026040904010050,AHPC,45,41,5,293.0,1465.0,2026-04-09,185750540,360,Imperial Securities Company Pvt. Ltd.,Linch Stock Market Ltd.,2026-04-09 12:34:59.429492,Arun Valley Hydropower Development Co. Ltd.
2026040904010150,AHPC,52,89,65,293.0,19045.0,2026-04-09,185751297,360,Sundhara Securities Limited,Global IME Securities Limited,2026-04-09 12:35:56.258587,Arun Valley Hydropower Development Co. Ltd.
2026040904010151,AHPC,38,89,14,293.0,4102.0,2026-04-09,185751299,360,Dipshikha Dhitopatra Karobar Co. Pvt Ltd.,Global IME Securities Limited,2026-04-09 12:35:56.258914,Arun Valley Hydropower Development Co. Ltd.
2026040904010204,AHPC,71,20,1500,292.8,439200.0,2026-04-09,185751664,360,SHUBHAKAMANA SECURITIES PVT. LTD,Sipla Securities Private Limited,2026-04-09 12:36:27.996942,Arun Valley Hydropower Development Co. Ltd.
2026040904010308,AHPC,58,89,10,293.0,2930.0,2026-04-09,185752289,360,Naasa Securities Co. Ltd.,Global IME Securities Limited,2026-04-09 12:37:11.270527,Arun Valley Hydropower Development Co. Ltd.
2026040904010318,AHPC,5,34,100,292.7,29270.0,2026-04-09,185752426,360,Market Securities & Exchange (PVT) Ltd.,Vision Securities Pvt. Ltd,2026-04-09 12:37:26.081960,Arun Valley Hydropower Development Co. Ltd.
2026040904010368,AHPC,5,40,250,292.7,73175.0,2026-04-09,185752820,360,Market Securities & Exchange (PVT) Ltd.,Creative Securities Pvt Ltd,2026-04-09 12:37:52.997011,Arun Valley Hydropower Development Co. Ltd.
2026040904010450,AHPC,5,89,408,292.7,119421.6,2026-04-09,185753531,360,Market Securities & Exchange (PVT) Ltd.,Global IME Securities Limited,2026-04-09 12:38:31.690910,Arun Valley Hydropower Development Co. Ltd.
2026040904010451,AHPC,16,89,1000,292.6,292600.0,2026-04-09,185753533,360,Primo Securities (PVT) Ltd.,Global IME Securities Limited,2026-04-09 12:38:31.691261,Arun Valley Hydropower Development Co. Ltd.
2026040904010452,AHPC,22,89,10,292.6,2926.0,2026-04-09,185753535,360,Siprabi Securities Pvt. Ltd.,Global IME Securities Limited,2026-04-09 12:38:31.691429,Arun Valley Hydropower Development Co. Ltd.
2026040904010453,AHPC,39,89,20,292.6,5852.0,2026-04-09,185753537,360,Sumeru Securities Pvt. Ltd.,Global IME Securities Limited,2026-04-09 12:38:31.691567,Arun Valley Hydropower Development Co. Ltd.
2026040904010454,AHPC,26,89,430,292.5,125775.0,2026-04-09,185753539,360,Asian Securities Private Ltd.,Global IME Securities Limited,2026-04-09 12:38:31.691707,Arun Valley Hydropower Development Co. Ltd.
2026040904010455,AHPC,37,89,1000,292.5,292500.0,2026-04-09,185753541,360,Swarna Laxmi Securities Pvt. Ltd.,Global IME Securities Limited,2026-04-09 12:38:31.691898,Arun Valley Hydropower Development Co. Ltd.
2026040904010469,AHPC,3,36,1,292.0,292.0,2026-04-09,185753726,360,Arun Securities (PVT) Ltd.,Secured Securities Ltd.,2026-04-09 12:38:41.695985,Arun Valley Hydropower Development Co. Ltd.
2026040904010679,AHPC,58,29,38,292.1,11099.8,2026-04-09,185755205,360,Naasa Securities Co. Ltd.,Trisul Securities & Invt. Ltd.,2026-04-09 12:40:26.560992,Arun Valley Hydropower Development Co. Ltd.
2026040904010692,AHPC,57,29,174,292.1,50825.4,2026-04-09,185755298,360,Aryatara Investment & Securities,Trisul Securities & Invt. Ltd.,2026-04-09 12:40:38.656086,Arun Valley Hydropower Development Co. Ltd.
2026040904010693,AHPC,57,41,10,292.1,2921.0,2026-04-09,185755300,360,Aryatara Investment & Securities,Linch Stock Market Ltd.,2026-04-09 12:40:38.656691,Arun Valley Hydropower Development Co. Ltd.
2026040904010694,AHPC,57,89,316,292.5,92430.0,2026-04-09,185755303,360,Aryatara Investment & Securities,Global IME Securities Limited,2026-04-09 12:40:38.657111,Arun Valley Hydropower Development Co. Ltd.
2026040904010702,AHPC,16,89,500,292.5,146250.0,2026-04-09,185755353,360,Primo Securities (PVT) Ltd.,Global IME Securities Limited,2026-04-09 12:40:47.608135,Arun Valley Hydropower Development Co. Ltd.
2026040904010824,AHPC,48,29,100,292.0,29200.0,2026-04-09,185756320,360,Trishakti Securities Public Limited,Trisul Securities & Invt. Ltd.,2026-04-09 12:42:02.799785,Arun Valley Hydropower Development Co. Ltd.
2026040904010914,AHPC,48,14,125,292.0,36500.0,2026-04-09,185757282,360,Trishakti Securities Public Limited,Nepal Stock House (PVT) Ltd.,2026-04-09 12:43:27.228452,Arun Valley Hydropower Development Co. Ltd.
2026040904010946,AHPC,48,39,229,292.0,66868.0,2026-04-09,185757493,360,Trishakti Securities Public Limited,Sumeru Securities Pvt. Ltd.,2026-04-09 12:43:45.321373,Arun Valley Hydropower Development Co. Ltd.
2026040904010947,AHPC,16,39,100,292.0,29200.0,2026-04-09,185757495,360,Primo Securities (PVT) Ltd.,Sumeru Securities Pvt. Ltd.,2026-04-09 12:43:45.321708,Arun Valley Hydropower Development Co. Ltd.
2026040904010948,AHPC,16,39,300,292.0,87600.0,2026-04-09,185757497,360,Primo Securities (PVT) Ltd.,Sumeru Securities Pvt. Ltd.,2026-04-09 12:43:45.321843,Arun Valley Hydropower Development Co. Ltd.
2026040904010949,AHPC,17,39,1000,292.0,292000.0,2026-04-09,185757499,360,ABC Securities Private Limited,Sumeru Securities Pvt. Ltd.,2026-04-09 12:43:45.321978,Arun Valley Hydropower Development Co. Ltd.
2026040904010950,AHPC,59,39,500,292.0,146000.0,2026-04-09,185757501,360,Deevyaa Securities & Stock House Pvt. Ltd,Sumeru Securities Pvt. Ltd.,2026-04-09 12:43:45.322157,Arun Valley Hydropower Development Co. Ltd.
2026040904010951,AHPC,59,39,100,292.0,29200.0,2026-04-09,185757503,360,Deevyaa Securities & Stock House Pvt. Ltd,Sumeru Securities Pvt. Ltd.,2026-04-09 12:43:45.322296,Arun Valley Hydropower Development Co. Ltd.
2026040904010952,AHPC,58,39,35,292.0,10220.0,2026-04-09,185757505,360,Naasa Securities Co. Ltd.,Sumeru Securities Pvt. Ltd.,2026-04-09 12:43:45.322478,Arun Valley Hydropower Development Co. Ltd.
2026040904010953,AHPC,47,39,100,292.0,29200.0,2026-04-09,185757507,360,Neev Securities Pvt. Ltd.,Sumeru Securities Pvt. Ltd.,2026-04-09 12:43:45.322615,Arun Valley Hydropower Development Co. Ltd.
2026040904010954,AHPC,50,39,136,292.0,39712.0,2026-04-09,185757508,360,Cristal Kanchanjanga Securites Pvt. Ltd.,Sumeru Securities Pvt. Ltd.,2026-04-09 12:43:45.322782,Arun Valley Hydropower Development Co. Ltd.
2026040904011034,AHPC,50,85,31,292.0,9052.0,2026-04-09,185757997,360,Cristal Kanchanjanga Securites Pvt. Ltd.,Capital Hub P. Ltd,2026-04-09 12:44:29.690634,Arun Valley Hydropower Development Co. Ltd.
2026040904011035,AHPC,54,85,170,292.0,49640.0,2026-04-09,185757999,360,Sewa Securities Pvt. Ltd.,Capital Hub P. Ltd,2026-04-09 12:44:29.691303,Arun Valley Hydropower Development Co. Ltd.
2026040904011116,AHPC,57,85,257,292.0,75044.0,2026-04-09,185758871,360,Aryatara Investment & Securities,Capital Hub P. Ltd,2026-04-09 12:45:37.466487,Arun Valley Hydropower Development Co. Ltd.
2026040904011141,AHPC,44,74,16,291.5,4664.0,2026-04-09,185759096,360,Dynamic Money Managers Securities Pvt. Ltd.,KALASH STOCK MARKET PVT. LTD.,2026-04-09 12:46:01.654305,Arun Valley Hydropower Development Co. Ltd.
2026040904011260,AHPC,58,85,10,292.0,2920.0,2026-04-09,185763073,360,Naasa Securities Co. Ltd.,Capital Hub P. Ltd,2026-04-09 12:47:28.067739,Arun Valley Hydropower Development Co. Ltd.
2026040904011274,AHPC,52,85,32,292.0,9344.0,2026-04-09,185763426,360,Sundhara Securities Limited,Capital Hub P. Ltd,2026-04-09 12:47:52.282390,Arun Valley Hydropower Development Co. Ltd.
2026040904011275,AHPC,52,13,151,292.0,44092.0,2026-04-09,185763428,360,Sundhara Securities Limited,Thrive Brokerage House Pvt. Ltd,2026-04-09 12:47:52.282724,Arun Valley Hydropower Development Co. Ltd.
2026040904011276,AHPC,52,89,10,292.0,2920.0,2026-04-09,185763430,360,Sundhara Securities Limited,Global IME Securities Limited,2026-04-09 12:47:52.282864,Arun Valley Hydropower Development Co. Ltd.
2026040904011277,AHPC,52,91,100,292.4,29240.0,2026-04-09,185763432,360,Sundhara Securities Limited,Citizens Share Broker Limited,2026-04-09 12:47:52.283000,Arun Valley Hydropower Development Co. Ltd.
2026040904011278,AHPC,52,89,1197,292.5,350122.5,2026-04-09,185763434,360,Sundhara Securities Limited,Global IME Securities Limited,2026-04-09 12:47:52.283162,Arun Valley Hydropower Development Co. Ltd.
2026040904011279,AHPC,52,16,160,292.9,46864.0,2026-04-09,185763437,360,Sundhara Securities Limited,Primo Securities (PVT) Ltd.,2026-04-09 12:47:52.283323,Arun Valley Hydropower Development Co. Ltd.
2026040904011519,AHPC,57,16,20,292.9,5858.0,2026-04-09,185765481,360,Aryatara Investment & Securities,Primo Securities (PVT) Ltd.,2026-04-09 12:50:24.383947,Arun Valley Hydropower Development Co. Ltd.
2026040904011554,AHPC,8,16,950,292.9,278255.0,2026-04-09,185765795,360,Brilliant Securities Pvt. Ltd.,Primo Securities (PVT) Ltd.,2026-04-09 12:50:46.100091,Arun Valley Hydropower Development Co. Ltd.
2026040904011594,AHPC,35,33,25,292.2,7305.0,2026-04-09,185766276,360,Kohinoor Investment & Securities Pvt. Ltd.,Dakshinkali Investment & Securities Pvt. Ltd.,2026-04-09 12:51:21.762741,Arun Valley Hydropower Development Co. Ltd.
2026040904011606,AHPC,58,57,10,293.0,2930.0,2026-04-09,185766433,360,Naasa Securities Co. Ltd.,Aryatara Investment & Securities,2026-04-09 12:51:41.117397,Arun Valley Hydropower Development Co. Ltd.
2026040904011620,AHPC,41,52,10,293.0,2930.0,2026-04-09,185766537,360,Linch Stock Market Ltd.,Sundhara Securities Limited,2026-04-09 12:51:54.678712,Arun Valley Hydropower Development Co. Ltd.
2026040904011646,AHPC,42,11,40,293.0,11720.0,2026-04-09,185766740,360,Sani Securities Company Ltd.,Malla & Malla Stock Broking Company Pvt. Limited,2026-04-09 12:52:18.938262,Arun Valley Hydropower Development Co. Ltd.
2026040904011668,AHPC,58,26,50,293.5,14675.0,2026-04-09,185766809,360,Naasa Securities Co. Ltd.,Asian Securities Private Ltd.,2026-04-09 12:52:22.007160,Arun Valley Hydropower Development Co. Ltd.
2026040904011706,AHPC,42,59,60,293.0,17580.0,2026-04-09,185767034,360,Sani Securities Company Ltd.,Deevyaa Securities & Stock House Pvt. Ltd,2026-04-09 12:52:40.727644,Arun Valley Hydropower Development Co. Ltd.
2026040904011792,AHPC,13,44,77,292.6,22530.2,2026-04-09,185767846,360,Thrive Brokerage House Pvt. Ltd,Dynamic Money Managers Securities Pvt. Ltd.,2026-04-09 12:53:41.357916,Arun Valley Hydropower Development Co. Ltd.
2026040904011794,AHPC,58,11,11,293.0,3223.0,2026-04-09,185767867,360,Naasa Securities Co. Ltd.,Malla & Malla Stock Broking Company Pvt. Limited,2026-04-09 12:53:45.860044,Arun Valley Hydropower Development Co. Ltd.
2026040904011803,AHPC,58,26,10,293.5,2935.0,2026-04-09,185767917,360,Naasa Securities Co. Ltd.,Asian Securities Private Ltd.,2026-04-09 12:53:50.517417,Arun Valley Hydropower Development Co. Ltd.
2026040904011804,AHPC,14,52,60,293.0,17580.0,2026-04-09,185767925,360,Nepal Stock House (PVT) Ltd.,Sundhara Securities Limited,2026-04-09 12:53:52.172203,Arun Valley Hydropower Development Co. Ltd.
2026040904011805,AHPC,13,52,223,292.6,65249.8,2026-04-09,185767927,360,Thrive Brokerage House Pvt. Ltd,Sundhara Securities Limited,2026-04-09 12:53:52.172602,Arun Valley Hydropower Development Co. Ltd.
2026040904011806,AHPC,46,52,100,292.6,29260.0,2026-04-09,185767929,360,Kalika Securities Pvt. Ltd.,Sundhara Securities Limited,2026-04-09 12:53:52.172743,Arun Valley Hydropower Development Co. Ltd.
2026040904011807,AHPC,39,52,10,292.6,2926.0,2026-04-09,185767931,360,Sumeru Securities Pvt. Ltd.,Sundhara Securities Limited,2026-04-09 12:53:52.172882,Arun Valley Hydropower Development Co. Ltd.
2026040904011808,AHPC,17,52,150,292.6,43890.0,2026-04-09,185767933,360,ABC Securities Private Limited,Sundhara Securities Limited,2026-04-09 12:53:52.173019,Arun Valley Hydropower Development Co. Ltd.
2026040904011911,AHPC,58,26,10,293.5,2935.0,2026-04-09,185768645,360,Naasa Securities Co. Ltd.,Asian Securities Private Ltd.,2026-04-09 12:54:55.628959,Arun Valley Hydropower Development Co. Ltd.
2026040904012028,AHPC,26,45,25,293.0,7325.0,2026-04-09,185770330,360,Asian Securities Private Ltd.,Imperial Securities Company Pvt. Ltd.,2026-04-09 12:56:13.581045,Arun Valley Hydropower Development Co. Ltd.
2026040904012034,AHPC,50,26,167,293.5,49014.5,2026-04-09,185770356,360,Cristal Kanchanjanga Securites Pvt. Ltd.,Asian Securities Private Ltd.,2026-04-09 12:56:15.601664,Arun Valley Hydropower Development Co. Ltd.
2026040904012035,AHPC,50,38,50,293.6,14680.0,2026-04-09,185770358,360,Cristal Kanchanjanga Securites Pvt. Ltd.,Dipshikha Dhitopatra Karobar Co. Pvt Ltd.,2026-04-09 12:56:15.601728,Arun Valley Hydropower Development Co. Ltd.
2026040904012036,AHPC,50,52,283,293.6,83088.8,2026-04-09,185770361,360,Cristal Kanchanjanga Securites Pvt. Ltd.,Sundhara Securities Limited,2026-04-09 12:56:15.601767,Arun Valley Hydropower Development Co. Ltd.
2026040904012090,AHPC,58,49,91,293.6,26717.6,2026-04-09,185771001,360,Naasa Securities Co. Ltd.,Online Securities Pvt. Ltd.,2026-04-09 12:56:59.790485,Arun Valley Hydropower Development Co. Ltd.
2026040904012091,AHPC,26,49,59,293.0,17287.0,2026-04-09,185771002,360,Asian Securities Private Ltd.,Online Securities Pvt. Ltd.,2026-04-09 12:56:59.790825,Arun Valley Hydropower Development Co. Ltd.
2026040904012114,AHPC,58,44,10,293.7,2937.0,2026-04-09,185771391,360,Naasa Securities Co. Ltd.,Dynamic Money Managers Securities Pvt. Ltd.,2026-04-09 12:57:26.072703,Arun Valley Hydropower Development Co. Ltd.
2026040904012192,AHPC,21,44,30,293.7,8811.0,2026-04-09,185772079,360,Midas Stock Broking Company Private Limited,Dynamic Money Managers Securities Pvt. Ltd.,2026-04-09 12:58:10.055012,Arun Valley Hydropower Development Co. Ltd.
2026040904012200,AHPC,50,44,250,293.7,73425.0,2026-04-09,185772171,360,Cristal Kanchanjanga Securites Pvt. Ltd.,Dynamic Money Managers Securities Pvt. Ltd.,2026-04-09 12:58:15.568175,Arun Valley Hydropower Development Co. Ltd.
2026040904012202,AHPC,26,11,116,293.0,33988.0,2026-04-09,185772221,360,Asian Securities Private Ltd.,Malla & Malla Stock Broking Company Pvt. Limited,2026-04-09 12:58:18.984296,Arun Valley Hydropower Development Co. Ltd.
2026040904012203,AHPC,50,11,196,293.0,57428.0,2026-04-09,185772222,360,Cristal Kanchanjanga Securites Pvt. Ltd.,Malla & Malla Stock Broking Company Pvt. Limited,2026-04-09 12:58:18.984632,Arun Valley Hydropower Development Co. Ltd.
2026040904012246,AHPC,58,44,10,293.7,2937.0,2026-04-09,185772525,360,Naasa Securities Co. Ltd.,Dynamic Money Managers Securities Pvt. Ltd.,2026-04-09 12:58:43.837375,Arun Valley Hydropower Development Co. Ltd.
2026040904012375,AHPC,49,11,200,293.6,58720.0,2026-04-09,185773746,360,Online Securities Pvt. Ltd.,Malla & Malla Stock Broking Company Pvt. Limited,2026-04-09 12:59:54.233276,Arun Valley Hydropower Development Co. Ltd.
2026040904012376,AHPC,49,34,525,293.6,154140.0,2026-04-09,185773748,360,Online Securities Pvt. Ltd.,Vision Securities Pvt. Ltd,2026-04-09 12:59:54.234005,Arun Valley Hydropower Development Co. Ltd.
2026040904012377,AHPC,49,44,275,293.7,80767.5,2026-04-09,185773751,360,Online Securities Pvt. Ltd.,Dynamic Money Managers Securities Pvt. Ltd.,2026-04-09 12:59:54.234445,Arun Valley Hydropower Development Co. Ltd.
2026040904012396,AHPC,44,44,220,293.7,64614.0,2026-04-09,185773908,360,Dynamic Money Managers Securities Pvt. Ltd.,Dynamic Money Managers Securities Pvt. Ltd.,2026-04-09 13:00:06.286502,Arun Valley Hydropower Development Co. Ltd.
2026040904012397,AHPC,44,52,152,293.8,44657.6,2026-04-09,185773910,360,Dynamic Money Managers Securities Pvt. Ltd.,Sundhara Securities Limited,2026-04-09 13:00:06.286830,Arun Valley Hydropower Development Co. Ltd.
2026040904012398,AHPC,44,17,500,293.8,146900.0,2026-04-09,185773912,360,Dynamic Money Managers Securities Pvt. Ltd.,ABC Securities Private Limited,2026-04-09 13:00:06.286976,Arun Valley Hydropower Development Co. Ltd.
2026040904012399,AHPC,44,39,750,293.9,220425.0,2026-04-09,185773914,360,Dynamic Money Managers Securities Pvt. Ltd.,Sumeru Securities Pvt. Ltd.,2026-04-09 13:00:06.287118,Arun Valley Hydropower Development Co. Ltd.
2026040904012400,AHPC,44,3,500,293.9,146950.0,2026-04-09,185773916,360,Dynamic Money Managers Securities Pvt. Ltd.,Arun Securities (PVT) Ltd.,2026-04-09 13:00:06.287261,Arun Valley Hydropower Development Co. Ltd.
2026040904012401,AHPC,44,39,878,293.9,258044.2,2026-04-09,185773919,360,Dynamic Money Managers Securities Pvt. Ltd.,Sumeru Securities Pvt. Ltd.,2026-04-09 13:00:06.287416,Arun Valley Hydropower Development Co. Ltd.
2026040904012407,AHPC,39,39,20,293.9,5878.0,2026-04-09,185773979,360,Sumeru Securities Pvt. Ltd.,Sumeru Securities Pvt. Ltd.,2026-04-09 13:00:11.820065,Arun Valley Hydropower Development Co. Ltd.
2026040904012493,AHPC,58,39,11,293.9,3232.9,2026-04-09,185774903,360,Naasa Securities Co. Ltd.,Sumeru Securities Pvt. Ltd.,2026-04-09 13:01:08.235451,Arun Valley Hydropower Development Co. Ltd.
2026040904012554,AHPC,49,39,500,293.9,146950.0,2026-04-09,185775365,360,Online Securities Pvt. Ltd.,Sumeru Securities Pvt. Ltd.,2026-04-09 13:01:46.057802,Arun Valley Hydropower Development Co. Ltd.
2026040904012618,AHPC,47,57,50,293.5,14675.0,2026-04-09,185775722,360,Neev Securities Pvt. Ltd.,Aryatara Investment & Securities,2026-04-09 13:02:10.909460,Arun Valley Hydropower Development Co. Ltd.
2026040904012625,AHPC,47,49,80,293.5,23480.0,2026-04-09,185775769,360,Neev Securities Pvt. Ltd.,Online Securities Pvt. Ltd.,2026-04-09 13:02:13.682060,Arun Valley Hydropower Development Co. Ltd.
2026040904012626,AHPC,39,49,100,293.3,29330.0,2026-04-09,185775771,360,Sumeru Securities Pvt. Ltd.,Online Securities Pvt. Ltd.,2026-04-09 13:02:13.682446,Arun Valley Hydropower Development Co. Ltd.
2026040904012627,AHPC,45,49,114,293.2,33424.8,2026-04-09,185775772,360,Imperial Securities Company Pvt. Ltd.,Online Securities Pvt. Ltd.,2026-04-09 13:02:13.682591,Arun Valley Hydropower Development Co. Ltd.
2026040904012642,AHPC,58,39,10,293.9,2939.0,2026-04-09,185775915,360,Naasa Securities Co. Ltd.,Sumeru Securities Pvt. Ltd.,2026-04-09 13:02:26.542663,Arun Valley Hydropower Development Co. Ltd.
2026040904012669,AHPC,14,17,30,293.3,8799.0,2026-04-09,185776425,360,Nepal Stock House (PVT) Ltd.,ABC Securities Private Limited,2026-04-09 13:02:56.850645,Arun Valley Hydropower Development Co. Ltd.
2026040904012673,AHPC,49,17,10,293.3,2933.0,2026-04-09,185776469,360,Online Securities Pvt. Ltd.,ABC Securities Private Limited,2026-04-09 13:02:59.324640,Arun Valley Hydropower Development Co. Ltd.
2026040904012714,AHPC,14,17,20,293.3,5866.0,2026-04-09,185776807,360,Nepal Stock House (PVT) Ltd.,ABC Securities Private Limited,2026-04-09 13:03:22.258910,Arun Valley Hydropower Development Co. Ltd.
2026040904012743,AHPC,45,4,26,293.2,7623.2,2026-04-09,185777122,360,Imperial Securities Company Pvt. Ltd.,Opal Securities Investment (PVT) Ltd.,2026-04-09 13:03:44.454547,Arun Valley Hydropower Development Co. Ltd.
2026040904012755,AHPC,52,17,40,293.3,11732.0,2026-04-09,185777326,360,Sundhara Securities Limited,ABC Securities Private Limited,2026-04-09 13:03:57.686836,Arun Valley Hydropower Development Co. Ltd.
2026040904012756,AHPC,52,39,581,293.9,170755.9,2026-04-09,185777328,360,Sundhara Securities Limited,Sumeru Securities Pvt. Ltd.,2026-04-09 13:03:57.687184,Arun Valley Hydropower Development Co. Ltd.
2026040904012757,AHPC,52,49,102,294.0,29988.0,2026-04-09,185777330,360,Sundhara Securities Limited,Online Securities Pvt. Ltd.,2026-04-09 13:03:57.687343,Arun Valley Hydropower Development Co. Ltd.
2026040904012758,AHPC,52,54,52,294.0,15288.0,2026-04-09,185777332,360,Sundhara Securities Limited,Sewa Securities Pvt. Ltd.,2026-04-09 13:03:57.687503,Arun Valley Hydropower Development Co. Ltd.
2026040904012759,AHPC,52,44,20,294.0,5880.0,2026-04-09,185777334,360,Sundhara Securities Limited,Dynamic Money Managers Securities Pvt. Ltd.,2026-04-09 13:03:57.687683,Arun Valley Hydropower Development Co. Ltd.
2026040904012760,AHPC,52,17,20,294.0,5880.0,2026-04-09,185777336,360,Sundhara Securities Limited,ABC Securities Private Limited,2026-04-09 13:03:57.687852,Arun Valley Hydropower Development Co. Ltd.
2026040904012761,AHPC,52,47,185,294.0,54390.0,2026-04-09,185777339,360,Sundhara Securities Limited,Neev Securities Pvt. Ltd.,2026-04-09 13:03:57.688031,Arun Valley Hydropower Development Co. Ltd.
2026040904012773,AHPC,14,4,40,293.3,11732.0,2026-04-09,185777435,360,Nepal Stock House (PVT) Ltd.,Opal Securities Investment (PVT) Ltd.,2026-04-09 13:04:07.727420,Arun Valley Hydropower Development Co. Ltd.
2026040904012774,AHPC,45,4,275,293.2,80630.0,2026-04-09,185777436,360,Imperial Securities Company Pvt. Ltd.,Opal Securities Investment (PVT) Ltd.,2026-04-09 13:04:07.728201,Arun Valley Hydropower Development Co. Ltd.
2026040904012817,AHPC,58,38,10,293.9,2939.0,2026-04-09,185777810,360,Naasa Securities Co. Ltd.,Dipshikha Dhitopatra Karobar Co. Pvt Ltd.,2026-04-09 13:04:31.148427,Arun Valley Hydropower Development Co. Ltd.
2026040904012818,AHPC,58,47,10,294.0,2940.0,2026-04-09,185777813,360,Naasa Securities Co. Ltd.,Neev Securities Pvt. Ltd.,2026-04-09 13:04:31.148529,Arun Valley Hydropower Development Co. Ltd.
2026040904012843,AHPC,22,48,100,293.9,29390.0,2026-04-09,185778201,360,Siprabi Securities Pvt. Ltd.,Trishakti Securities Public Limited,2026-04-09 13:05:02.888208,Arun Valley Hydropower Development Co. Ltd.
2026040904012851,AHPC,49,48,20,293.9,5878.0,2026-04-09,185778257,360,Online Securities Pvt. Ltd.,Trishakti Securities Public Limited,2026-04-09 13:05:07.735340,Arun Valley Hydropower Development Co. Ltd.
2026040904013050,AHPC,45,17,500,293.1,146550.0,2026-04-09,185779988,360,Imperial Securities Company Pvt. Ltd.,ABC Securities Private Limited,2026-04-09 13:07:24.341168,Arun Valley Hydropower Development Co. Ltd.
2026040904013145,AHPC,48,45,24,293.2,7036.8,2026-04-09,185780776,360,Trishakti Securities Public Limited,Imperial Securities Company Pvt. Ltd.,2026-04-09 13:08:29.835072,Arun Valley Hydropower Development Co. Ltd.
2026040904013291,AHPC,22,35,210,293.5,61635.0,2026-04-09,185781898,360,Siprabi Securities Pvt. Ltd.,Kohinoor Investment & Securities Pvt. Ltd.,2026-04-09 13:09:45.813471,Arun Valley Hydropower Development Co. Ltd.
2026040904013293,AHPC,22,42,241,293.5,70733.5,2026-04-09,185781914,360,Siprabi Securities Pvt. Ltd.,Sani Securities Company Ltd.,2026-04-09 13:09:47.355531,Arun Valley Hydropower Development Co. Ltd.
2026040904013452,AHPC,45,6,1000,293.7,293700.0,2026-04-09,185783352,360,Imperial Securities Company Pvt. Ltd.,Agrawal Securities (PVT) Ltd.,2026-04-09 13:11:21.167295,Arun Valley Hydropower Development Co. Ltd.
2026040904013453,AHPC,45,74,527,293.8,154832.6,2026-04-09,185783354,360,Imperial Securities Company Pvt. Ltd.,KALASH STOCK MARKET PVT. LTD.,2026-04-09 13:11:21.167719,Arun Valley Hydropower Development Co. Ltd.
2026040904013454,AHPC,45,48,280,293.9,82292.0,2026-04-09,185783356,360,Imperial Securities Company Pvt. Ltd.,Trishakti Securities Public Limited,2026-04-09 13:11:21.167922,Arun Valley Hydropower Development Co. Ltd.
2026040904013455,AHPC,45,41,1193,293.9,350622.7,2026-04-09,185783359,360,Imperial Securities Company Pvt. Ltd.,Linch Stock Market Ltd.,2026-04-09 13:11:21.168070,Arun Valley Hydropower Development Co. Ltd.
2026040904013785,AHPC,14,59,50,293.8,14690.0,2026-04-09,185785598,360,Nepal Stock House (PVT) Ltd.,Deevyaa Securities & Stock House Pvt. Ltd,2026-04-09 13:14:14.660814,Arun Valley Hydropower Development Co. Ltd.
2026040904013786,AHPC,14,41,1807,293.9,531077.3,2026-04-09,185785601,360,Nepal Stock House (PVT) Ltd.,Linch Stock Market Ltd.,2026-04-09 13:14:14.661515,Arun Valley Hydropower Development Co. Ltd.
2026040904013826,AHPC,58,47,10,294.0,2940.0,2026-04-09,185785989,360,Naasa Securities Co. Ltd.,Neev Securities Pvt. Ltd.,2026-04-09 13:14:47.291245,Arun Valley Hydropower Development Co. Ltd.
2026040904013855,AHPC,58,34,300,293.8,88140.0,2026-04-09,185786153,360,Naasa Securities Co. Ltd.,Vision Securities Pvt. Ltd,2026-04-09 13:14:57.652821,Arun Valley Hydropower Development Co. Ltd.
2026040904013856,AHPC,48,34,76,293.7,22321.2,2026-04-09,185786155,360,Trishakti Securities Public Limited,Vision Securities Pvt. Ltd,2026-04-09 13:14:57.653187,Arun Valley Hydropower Development Co. Ltd.
2026040904013857,AHPC,59,34,124,293.7,36418.8,2026-04-09,185786156,360,Deevyaa Securities & Stock House Pvt. Ltd,Vision Securities Pvt. Ltd,2026-04-09 13:14:57.653353,Arun Valley Hydropower Development Co. Ltd.
2026040904013898,AHPC,17,47,295,294.0,86730.0,2026-04-09,185786526,360,ABC Securities Private Limited,Neev Securities Pvt. Ltd.,2026-04-09 13:15:28.085658,Arun Valley Hydropower Development Co. Ltd.
2026040904013899,AHPC,17,38,19,294.0,5586.0,2026-04-09,185786528,360,ABC Securities Private Limited,Dipshikha Dhitopatra Karobar Co. Pvt Ltd.,2026-04-09 13:15:28.085986,Arun Valley Hydropower Development Co. Ltd.
2026040904013900,AHPC,17,26,106,294.0,31164.0,2026-04-09,185786531,360,ABC Securities Private Limited,Asian Securities Private Ltd.,2026-04-09 13:15:28.086162,Arun Valley Hydropower Development Co. Ltd.
2026040904013941,AHPC,59,58,11,293.7,3230.7,2026-04-09,185786898,360,Deevyaa Securities & Stock House Pvt. Ltd,Naasa Securities Co. Ltd.,2026-04-09 13:15:54.607445,Arun Valley Hydropower Development Co. Ltd.
2026040904013947,AHPC,70,26,80,294.0,23520.0,2026-04-09,185786931,360,Infinity Securities Limited,Asian Securities Private Ltd.,2026-04-09 13:15:58.267439,Arun Valley Hydropower Development Co. Ltd.
2026040904013953,AHPC,59,49,20,293.7,5874.0,2026-04-09,185787039,360,Deevyaa Securities & Stock House Pvt. Ltd,Online Securities Pvt. Ltd.,2026-04-09 13:16:05.060222,Arun Valley Hydropower Development Co. Ltd.
2026040904014070,AHPC,47,26,395,294.0,116130.0,2026-04-09,185787548,360,Neev Securities Pvt. Ltd.,Asian Securities Private Ltd.,2026-04-09 13:16:47.306380,Arun Valley Hydropower Development Co. Ltd.
2026040904014071,AHPC,47,11,19,294.0,5586.0,2026-04-09,185787550,360,Neev Securities Pvt. Ltd.,Malla & Malla Stock Broking Company Pvt. Limited,2026-04-09 13:16:47.306428,Arun Valley Hydropower Development Co. Ltd.
2026040904014072,AHPC,47,33,77,294.0,22638.0,2026-04-09,185787552,360,Neev Securities Pvt. Ltd.,Dakshinkali Investment & Securities Pvt. Ltd.,2026-04-09 13:16:47.306450,Arun Valley Hydropower Development Co. Ltd.
2026040904014267,AHPC,59,29,18,293.7,5286.6,2026-04-09,185789264,360,Deevyaa Securities & Stock House Pvt. Ltd,Trisul Securities & Invt. Ltd.,2026-04-09 13:19:11.060216,Arun Valley Hydropower Development Co. Ltd.
2026040904014307,AHPC,59,43,27,293.9,7935.3,2026-04-09,185789613,360,Deevyaa Securities & Stock House Pvt. Ltd,South Asian Bulls Pvt. Ltd.,2026-04-09 13:19:30.621693,Arun Valley Hydropower Development Co. Ltd.
2026040904014343,AHPC,42,45,50,293.7,14685.0,2026-04-09,185789876,360,Sani Securities Company Ltd.,Imperial Securities Company Pvt. Ltd.,2026-04-09 13:19:50.545231,Arun Valley Hydropower Development Co. Ltd.
2026040904014348,AHPC,42,45,17,293.7,4992.9,2026-04-09,185789900,360,Sani Securities Company Ltd.,Imperial Securities Company Pvt. Ltd.,2026-04-09 13:19:53.442557,Arun Valley Hydropower Development Co. Ltd.
2026040904014358,AHPC,42,49,200,293.7,58740.0,2026-04-09,185789954,360,Sani Securities Company Ltd.,Online Securities Pvt. Ltd.,2026-04-09 13:19:59.339572,Arun Valley Hydropower Development Co. Ltd.
2026040904014393,AHPC,14,43,23,293.9,6759.7,2026-04-09,185790168,360,Nepal Stock House (PVT) Ltd.,South Asian Bulls Pvt. Ltd.,2026-04-09 13:20:16.531291,Arun Valley Hydropower Development Co. Ltd.
2026040904014394,AHPC,14,19,62,293.9,18221.8,2026-04-09,185790170,360,Nepal Stock House (PVT) Ltd.,Nepal Investment And Securities Trading Private Limited,2026-04-09 13:20:16.532012,Arun Valley Hydropower Development Co. Ltd.
2026040904014395,AHPC,14,17,245,294.0,72030.0,2026-04-09,185790172,360,Nepal Stock House (PVT) Ltd.,ABC Securities Private Limited,2026-04-09 13:20:16.532493,Arun Valley Hydropower Development Co. Ltd.
2026040904014396,AHPC,14,6,1000,294.0,294000.0,2026-04-09,185790174,360,Nepal Stock House (PVT) Ltd.,Agrawal Securities (PVT) Ltd.,2026-04-09 13:20:16.532972,Arun Valley Hydropower Development Co. Ltd.
2026040904014397,AHPC,14,14,50,294.0,14700.0,2026-04-09,185790176,360,Nepal Stock House (PVT) Ltd.,Nepal Stock House (PVT) Ltd.,2026-04-09 13:20:16.533476,Arun Valley Hydropower Development Co. Ltd.
2026040904014398,AHPC,14,51,320,294.0,94080.0,2026-04-09,185790179,360,Nepal Stock House (PVT) Ltd.,Oxford Securities Pvt. Ltd.,2026-04-09 13:20:16.533957,Arun Valley Hydropower Development Co. Ltd.
2026040904014429,AHPC,42,32,100,293.7,29370.0,2026-04-09,185790448,360,Sani Securities Company Ltd.,Premier Securities Company Ltd.,2026-04-09 13:20:38.871803,Arun Valley Hydropower Development Co. Ltd.
2026040904014476,AHPC,41,51,34,294.0,9996.0,2026-04-09,185790909,360,Linch Stock Market Ltd.,Oxford Securities Pvt. Ltd.,2026-04-09 13:21:16.036251,Arun Valley Hydropower Development Co. Ltd.
2026040904014492,AHPC,48,51,200,294.0,58800.0,2026-04-09,185791135,360,Trishakti Securities Public Limited,Oxford Securities Pvt. Ltd.,2026-04-09 13:21:33.125814,Arun Valley Hydropower Development Co. Ltd.
2026040904014516,AHPC,38,51,10,294.0,2940.0,2026-04-09,185791337,360,Dipshikha Dhitopatra Karobar Co. Pvt Ltd.,Oxford Securities Pvt. Ltd.,2026-04-09 13:21:50.075453,Arun Valley Hydropower Development Co. Ltd.
2026040904014554,AHPC,49,51,602,294.0,176988.0,2026-04-09,185791671,360,Online Securities Pvt. Ltd.,Oxford Securities Pvt. Ltd.,2026-04-09 13:22:14.909982,Arun Valley Hydropower Development Co. Ltd.
2026040904014593,AHPC,28,51,934,294.0,274596.0,2026-04-09,185791940,360,Shree Krishna Securities Ltd.,Oxford Securities Pvt. Ltd.,2026-04-09 13:22:30.215414,Arun Valley Hydropower Development Co. Ltd.
2026040904014594,AHPC,28,57,450,294.0,132300.0,2026-04-09,185791942,360,Shree Krishna Securities Ltd.,Aryatara Investment & Securities,2026-04-09 13:22:30.216093,Arun Valley Hydropower Development Co. Ltd.
2026040904014595,AHPC,28,85,26,294.0,7644.0,2026-04-09,185791945,360,Shree Krishna Securities Ltd.,Capital Hub P. Ltd,2026-04-09 13:22:30.216563,Arun Valley Hydropower Development Co. Ltd.
2026040904014603,AHPC,16,85,474,294.0,139356.0,2026-04-09,185792030,360,Primo Securities (PVT) Ltd.,Capital Hub P. Ltd,2026-04-09 13:22:34.403939,Arun Valley Hydropower Development Co. Ltd.
2026040904014604,AHPC,16,40,500,294.0,147000.0,2026-04-09,185792032,360,Primo Securities (PVT) Ltd.,Creative Securities Pvt Ltd,2026-04-09 13:22:34.404352,Arun Valley Hydropower Development Co. Ltd.
2026040904014605,AHPC,16,42,26,294.0,7644.0,2026-04-09,185792035,360,Primo Securities (PVT) Ltd.,Sani Securities Company Ltd.,2026-04-09 13:22:34.404505,Arun Valley Hydropower Development Co. Ltd.
2026040904014619,AHPC,22,32,6,294.0,1764.0,2026-04-09,185792142,360,Siprabi Securities Pvt. Ltd.,Premier Securities Company Ltd.,2026-04-09 13:22:42.160194,Arun Valley Hydropower Development Co. Ltd.
2026040904014628,AHPC,56,89,1133,293.9,332988.7,2026-04-09,185792264,360,Sri Hari Securities Pvt. Ltd.,Global IME Securities Limited,2026-04-09 13:22:51.462423,Arun Valley Hydropower Development Co. Ltd.
2026040904014650,AHPC,56,49,100,293.9,29390.0,2026-04-09,185792386,360,Sri Hari Securities Pvt. Ltd.,Online Securities Pvt. Ltd.,2026-04-09 13:23:03.410724,Arun Valley Hydropower Development Co. Ltd.
2026040904014756,AHPC,36,44,20,293.9,5878.0,2026-04-09,185793134,360,Secured Securities Ltd.,Dynamic Money Managers Securities Pvt. Ltd.,2026-04-09 13:23:45.106922,Arun Valley Hydropower Development Co. Ltd.
2026040904014757,AHPC,36,42,142,294.0,41748.0,2026-04-09,185793136,360,Secured Securities Ltd.,Sani Securities Company Ltd.,2026-04-09 13:23:45.107266,Arun Valley Hydropower Development Co. Ltd.
2026040904014758,AHPC,36,28,100,294.0,29400.0,2026-04-09,185793138,360,Secured Securities Ltd.,Shree Krishna Securities Ltd.,2026-04-09 13:23:45.107426,Arun Valley Hydropower Development Co. Ltd.
2026040904014759,AHPC,36,49,57,294.0,16758.0,2026-04-09,185793140,360,Secured Securities Ltd.,Online Securities Pvt. Ltd.,2026-04-09 13:23:45.107574,Arun Valley Hydropower Development Co. Ltd.
2026040904014760,AHPC,36,45,181,294.0,53214.0,2026-04-09,185793143,360,Secured Securities Ltd.,Imperial Securities Company Pvt. Ltd.,2026-04-09 13:23:45.107722,Arun Valley Hydropower Development Co. Ltd.
2026040904014769,AHPC,42,49,103,293.7,30251.1,2026-04-09,185793200,360,Sani Securities Company Ltd.,Online Securities Pvt. Ltd.,2026-04-09 13:23:48.377487,Arun Valley Hydropower Development Co. Ltd.
2026040904014836,AHPC,42,85,40,293.7,11748.0,2026-04-09,185793633,360,Sani Securities Company Ltd.,Capital Hub P. Ltd,2026-04-09 13:24:19.445874,Arun Valley Hydropower Development Co. Ltd.
2026040904014837,AHPC,42,85,35,293.7,10279.5,2026-04-09,185793635,360,Sani Securities Company Ltd.,Capital Hub P. Ltd,2026-04-09 13:24:19.446627,Arun Valley Hydropower Development Co. Ltd.
2026040904014903,AHPC,45,48,85,293.1,24913.5,2026-04-09,185794095,360,Imperial Securities Company Pvt. Ltd.,Trishakti Securities Public Limited,2026-04-09 13:24:50.093135,Arun Valley Hydropower Development Co. Ltd.
2026040904014904,AHPC,57,48,1585,293.1,464563.5,2026-04-09,185794097,360,Aryatara Investment & Securities,Trishakti Securities Public Limited,2026-04-09 13:24:50.093796,Arun Valley Hydropower Development Co. Ltd.
2026040904014905,AHPC,50,48,54,293.0,15822.0,2026-04-09,185794099,360,Cristal Kanchanjanga Securites Pvt. Ltd.,Trishakti Securities Public Limited,2026-04-09 13:24:50.094259,Arun Valley Hydropower Development Co. Ltd.
2026040904014906,AHPC,21,48,70,293.0,20510.0,2026-04-09,185794101,360,Midas Stock Broking Company Private Limited,Trishakti Securities Public Limited,2026-04-09 13:24:50.094793,Arun Valley Hydropower Development Co. Ltd.
2026040904014907,AHPC,44,48,500,293.0,146500.0,2026-04-09,185794103,360,Dynamic Money Managers Securities Pvt. Ltd.,Trishakti Securities Public Limited,2026-04-09 13:24:50.095337,Arun Valley Hydropower Development Co. Ltd.
2026040904014908,AHPC,25,48,206,293.0,60358.0,2026-04-09,185794104,360,Sweta Securities Private Limited,Trishakti Securities Public Limited,2026-04-09 13:24:50.095817,Arun Valley Hydropower Development Co. Ltd.
2026040904015008,AHPC,89,4,10,293.4,2934.0,2026-04-09,185794734,360,Global IME Securities Limited,Opal Securities Investment (PVT) Ltd.,2026-04-09 13:25:30.696031,Arun Valley Hydropower Development Co. Ltd.
2026040904015073,AHPC,17,17,500,293.1,146550.0,2026-04-09,185795124,360,ABC Securities Private Limited,ABC Securities Private Limited,2026-04-09 13:25:50.793643,Arun Valley Hydropower Development Co. Ltd.
2026040904015132,AHPC,17,48,200,293.1,58620.0,2026-04-09,185795478,360,ABC Securities Private Limited,Trishakti Securities Public Limited,2026-04-09 13:26:13.581892,Arun Valley Hydropower Development Co. Ltd.
2026040904015166,AHPC,17,35,300,293.1,87930.0,2026-04-09,185795678,360,ABC Securities Private Limited,Kohinoor Investment & Securities Pvt. Ltd.,2026-04-09 13:26:23.507273,Arun Valley Hydropower Development Co. Ltd.
2026040904015209,AHPC,25,77,106,293.0,31058.0,2026-04-09,185795974,360,Sweta Securities Private Limited,Nabil Stock Dealer Ltd.,2026-04-09 13:26:47.213456,Arun Valley Hydropower Development Co. Ltd.
2026040904015245,AHPC,33,13,30,293.1,8793.0,2026-04-09,185796318,360,Dakshinkali Investment & Securities Pvt. Ltd.,Thrive Brokerage House Pvt. Ltd,2026-04-09 13:27:07.061398,Arun Valley Hydropower Development Co. Ltd.
2026040904015317,AHPC,33,58,108,293.1,31654.8,2026-04-09,185797006,360,Dakshinkali Investment & Securities Pvt. Ltd.,Naasa Securities Co. Ltd.,2026-04-09 13:27:58.715849,Arun Valley Hydropower Development Co. Ltd.
2026040904015365,AHPC,33,16,152,293.1,44551.2,2026-04-09,185797339,360,Dakshinkali Investment & Securities Pvt. Ltd.,Primo Securities (PVT) Ltd.,2026-04-09 13:28:26.079638,Arun Valley Hydropower Development Co. Ltd.
2026040904015366,AHPC,25,16,348,293.0,101964.0,2026-04-09,185797340,360,Sweta Securities Private Limited,Primo Securities (PVT) Ltd.,2026-04-09 13:28:26.080032,Arun Valley Hydropower Development Co. Ltd.
2026040904015498,AHPC,45,4,20,293.4,5868.0,2026-04-09,185798399,360,Imperial Securities Company Pvt. Ltd.,Opal Securities Investment (PVT) Ltd.,2026-04-09 13:29:42.189852,Arun Valley Hydropower Development Co. Ltd.
2026040904015519,AHPC,17,38,50,293.1,14655.0,2026-04-09,185798562,360,ABC Securities Private Limited,Dipshikha Dhitopatra Karobar Co. Pvt Ltd.,2026-04-09 13:29:59.238213,Arun Valley Hydropower Development Co. Ltd.
2026040904015598,AHPC,17,40,25,293.1,7327.5,2026-04-09,185799210,360,ABC Securities Private Limited,Creative Securities Pvt Ltd,2026-04-09 13:30:50.724966,Arun Valley Hydropower Development Co. Ltd.
2026040904015670,AHPC,17,13,925,293.1,271117.5,2026-04-09,185799955,360,ABC Securities Private Limited,Thrive Brokerage House Pvt. Ltd,2026-04-09 13:32:00.427666,Arun Valley Hydropower Development Co. Ltd.
2026040904015671,AHPC,25,13,2175,293.0,637275.0,2026-04-09,185799956,360,Sweta Securities Private Limited,Thrive Brokerage House Pvt. Ltd,2026-04-09 13:32:00.428036,Arun Valley Hydropower Development Co. Ltd.
2026040904015729,AHPC,58,32,10,293.3,2933.0,2026-04-09,185800470,360,Naasa Securities Co. Ltd.,Premier Securities Company Ltd.,2026-04-09 13:32:56.241697,Arun Valley Hydropower Development Co. Ltd.
2026040904015730,AHPC,58,4,20,293.4,5868.0,2026-04-09,185800472,360,Naasa Securities Co. Ltd.,Opal Securities Investment (PVT) Ltd.,2026-04-09 13:32:56.241827,Arun Valley Hydropower Development Co. Ltd.
2026040904015736,AHPC,59,85,20,293.4,5868.0,2026-04-09,185800575,360,Deevyaa Securities & Stock House Pvt. Ltd,Capital Hub P. Ltd,2026-04-09 13:33:08.725395,Arun Valley Hydropower Development Co. Ltd.
2026040904015737,AHPC,54,85,405,293.2,118746.0,2026-04-09,185800576,360,Sewa Securities Pvt. Ltd.,Capital Hub P. Ltd,2026-04-09 13:33:08.725735,Arun Valley Hydropower Development Co. Ltd.
2026040904015821,AHPC,89,22,10,293.4,2934.0,2026-04-09,185801085,360,Global IME Securities Limited,Siprabi Securities Pvt. Ltd.,2026-04-09 13:33:56.027304,Arun Valley Hydropower Development Co. Ltd.
2026040904015822,AHPC,54,22,416,293.2,121971.2,2026-04-09,185801086,360,Sewa Securities Pvt. Ltd.,Siprabi Securities Pvt. Ltd.,2026-04-09 13:33:56.027678,Arun Valley Hydropower Development Co. Ltd.
2026040904015997,AHPC,58,38,10,293.7,2937.0,2026-04-09,185802897,360,Naasa Securities Co. Ltd.,Dipshikha Dhitopatra Karobar Co. Pvt Ltd.,2026-04-09 13:36:55.126328,Arun Valley Hydropower Development Co. Ltd.
2026040904016005,AHPC,58,45,10,294.0,2940.0,2026-04-09,185802923,360,Naasa Securities Co. Ltd.,Imperial Securities Company Pvt. Ltd.,2026-04-09 13:36:57.565644,Arun Valley Hydropower Development Co. Ltd.
2026040904016068,AHPC,54,45,109,294.0,32046.0,2026-04-09,185803392,360,Sewa Securities Pvt. Ltd.,Imperial Securities Company Pvt. Ltd.,2026-04-09 13:37:45.543220,Arun Valley Hydropower Development Co. Ltd.
2026040904016069,AHPC,54,45,50,294.0,14700.0,2026-04-09,185803394,360,Sewa Securities Pvt. Ltd.,Imperial Securities Company Pvt. Ltd.,2026-04-09 13:37:45.543633,Arun Valley Hydropower Development Co. Ltd.
2026040904016070,AHPC,54,42,100,294.0,29400.0,2026-04-09,185803396,360,Sewa Securities Pvt. Ltd.,Sani Securities Company Ltd.,2026-04-09 13:37:45.543790,Arun Valley Hydropower Development Co. Ltd.
2026040904016071,AHPC,54,50,41,294.0,12054.0,2026-04-09,185803399,360,Sewa Securities Pvt. Ltd.,Cristal Kanchanjanga Securites Pvt. Ltd.,2026-04-09 13:37:45.543956,Arun Valley Hydropower Development Co. Ltd.
2026040904016077,AHPC,44,50,1459,294.0,428946.0,2026-04-09,185803416,360,Dynamic Money Managers Securities Pvt. Ltd.,Cristal Kanchanjanga Securites Pvt. Ltd.,2026-04-09 13:37:45.997204,Arun Valley Hydropower Development Co. Ltd.
2026040904016147,AHPC,44,6,102,294.0,29988.0,2026-04-09,185803702,360,Dynamic Money Managers Securities Pvt. Ltd.,Agrawal Securities (PVT) Ltd.,2026-04-09 13:38:08.823539,Arun Valley Hydropower Development Co. Ltd.
2026040904016305,AHPC,36,28,60,294.1,17646.0,2026-04-09,185805215,360,Secured Securities Ltd.,Shree Krishna Securities Ltd.,2026-04-09 13:40:55.341853,Arun Valley Hydropower Development Co. Ltd.
2026040904016306,AHPC,44,28,139,294.0,40866.0,2026-04-09,185805217,360,Dynamic Money Managers Securities Pvt. Ltd.,Shree Krishna Securities Ltd.,2026-04-09 13:40:55.341960,Arun Valley Hydropower Development Co. Ltd.
2026040904016307,AHPC,49,28,50,294.0,14700.0,2026-04-09,185805219,360,Online Securities Pvt. Ltd.,Shree Krishna Securities Ltd.,2026-04-09 13:40:55.342040,Arun Valley Hydropower Development Co. Ltd.
2026040904016308,AHPC,59,28,150,294.0,44100.0,2026-04-09,185805221,360,Deevyaa Securities & Stock House Pvt. Ltd,Shree Krishna Securities Ltd.,2026-04-09 13:40:55.342115,Arun Valley Hydropower Development Co. Ltd.
2026040904016309,AHPC,58,28,100,294.0,29400.0,2026-04-09,185805223,360,Naasa Securities Co. Ltd.,Shree Krishna Securities Ltd.,2026-04-09 13:40:55.342183,Arun Valley Hydropower Development Co. Ltd.
2026040904016310,AHPC,54,28,679,293.5,199286.5,2026-04-09,185805225,360,Sewa Securities Pvt. Ltd.,Shree Krishna Securities Ltd.,2026-04-09 13:40:55.342248,Arun Valley Hydropower Development Co. Ltd.
2026040904016311,AHPC,7,28,30,293.5,8805.0,2026-04-09,185805227,360,J.F. Securites (PVT) Ltd.,Shree Krishna Securities Ltd.,2026-04-09 13:40:55.342353,Arun Valley Hydropower Development Co. Ltd.
2026040904016312,AHPC,58,28,30,293.2,8796.0,2026-04-09,185805229,360,Naasa Securities Co. Ltd.,Shree Krishna Securities Ltd.,2026-04-09 13:40:55.342435,Arun Valley Hydropower Development Co. Ltd.
2026040904016313,AHPC,74,28,262,293.1,76792.2,2026-04-09,185805230,360,KALASH STOCK MARKET PVT. LTD.,Shree Krishna Securities Ltd.,2026-04-09 13:40:55.342512,Arun Valley Hydropower Development Co. Ltd.
2026040904016424,AHPC,74,14,215,293.1,63016.5,2026-04-09,185805932,360,KALASH STOCK MARKET PVT. LTD.,Nepal Stock House (PVT) Ltd.,2026-04-09 13:42:06.239720,Arun Valley Hydropower Development Co. Ltd.
2026040904016429,AHPC,74,41,1523,293.1,446391.3,2026-04-09,185805971,360,KALASH STOCK MARKET PVT. LTD.,Linch Stock Market Ltd.,2026-04-09 13:42:09.227544,Arun Valley Hydropower Development Co. Ltd.
2026040904016430,AHPC,25,41,309,293.0,90537.0,2026-04-09,185805972,360,Sweta Securities Private Limited,Linch Stock Market Ltd.,2026-04-09 13:42:09.227648,Arun Valley Hydropower Development Co. Ltd.
2026040904016502,AHPC,25,45,300,293.0,87900.0,2026-04-09,185806486,360,Sweta Securities Private Limited,Imperial Securities Company Pvt. Ltd.,2026-04-09 13:43:01.886436,Arun Valley Hydropower Development Co. Ltd.
2026040904016506,AHPC,58,40,10,294.1,2941.0,2026-04-09,185806517,360,Naasa Securities Co. Ltd.,Creative Securities Pvt Ltd,2026-04-09 13:43:06.255937,Arun Valley Hydropower Development Co. Ltd.
2026040904016528,AHPC,25,89,200,293.0,58600.0,2026-04-09,185806728,360,Sweta Securities Private Limited,Global IME Securities Limited,2026-04-09 13:43:27.774818,Arun Valley Hydropower Development Co. Ltd.
2026040904016532,AHPC,58,40,40,294.1,11764.0,2026-04-09,185806763,360,Naasa Securities Co. Ltd.,Creative Securities Pvt Ltd,2026-04-09 13:43:34.476210,Arun Valley Hydropower Development Co. Ltd.
2026040904016553,AHPC,25,89,90,293.0,26370.0,2026-04-09,185807076,360,Sweta Securities Private Limited,Global IME Securities Limited,2026-04-09 13:44:03.162485,Arun Valley Hydropower Development Co. Ltd.
2026040904016759,AHPC,17,16,21,293.1,6155.1,2026-04-09,185808234,360,ABC Securities Private Limited,Primo Securities (PVT) Ltd.,2026-04-09 13:46:06.557187,Arun Valley Hydropower Development Co. Ltd.
2026040904016823,AHPC,17,49,11,293.1,3224.1,2026-04-09,185808748,360,ABC Securities Private Limited,Online Securities Pvt. Ltd.,2026-04-09 13:47:04.344354,Arun Valley Hydropower Development Co. Ltd.
2026040904016854,AHPC,17,16,50,293.1,14655.0,2026-04-09,185809016,360,ABC Securities Private Limited,Primo Securities (PVT) Ltd.,2026-04-09 13:47:38.762699,Arun Valley Hydropower Development Co. Ltd.
2026040904016868,AHPC,74,40,200,293.9,58780.0,2026-04-09,185809147,360,KALASH STOCK MARKET PVT. LTD.,Creative Securities Pvt Ltd,2026-04-09 13:47:50.950804,Arun Valley Hydropower Development Co. Ltd.
2026040904016910,AHPC,17,42,54,293.1,15827.4,2026-04-09,185809418,360,ABC Securities Private Limited,Sani Securities Company Ltd.,2026-04-09 13:48:11.394424,Arun Valley Hydropower Development Co. Ltd.
2026040904016962,AHPC,58,58,10,294.0,2940.0,2026-04-09,185809731,360,Naasa Securities Co. Ltd.,Naasa Securities Co. Ltd.,2026-04-09 13:48:38.512966,Arun Valley Hydropower Development Co. Ltd.
2026040904017034,AHPC,53,58,300,294.0,88200.0,2026-04-09,185810395,360,Investment Management Nepal Pvt. Ltd.,Naasa Securities Co. Ltd.,2026-04-09 13:49:38.938680,Arun Valley Hydropower Development Co. Ltd.
2026040904017190,AHPC,35,43,5,290.0,1450.0,2026-04-09,185811958,360,Kohinoor Investment & Securities Pvt. Ltd.,South Asian Bulls Pvt. Ltd.,2026-04-09 13:51:51.868661,Arun Valley Hydropower Development Co. Ltd.
2026040904017228,AHPC,35,35,7,290.0,2030.0,2026-04-09,185812446,360,Kohinoor Investment & Securities Pvt. Ltd.,Kohinoor Investment & Securities Pvt. Ltd.,2026-04-09 13:52:28.240947,Arun Valley Hydropower Development Co. Ltd.
2026040904017369,AHPC,85,58,90,294.0,26460.0,2026-04-09,185813634,360,Capital Hub P. Ltd,Naasa Securities Co. Ltd.,2026-04-09 13:53:55.668990,Arun Valley Hydropower Development Co. Ltd.
2026040904017370,AHPC,85,58,161,294.0,47334.0,2026-04-09,185813636,360,Capital Hub P. Ltd,Naasa Securities Co. Ltd.,2026-04-09 13:53:55.669731,Arun Valley Hydropower Development Co. Ltd.
2026040904017371,AHPC,85,51,50,294.0,14700.0,2026-04-09,185813638,360,Capital Hub P. Ltd,Oxford Securities Pvt. Ltd.,2026-04-09 13:53:55.670218,Arun Valley Hydropower Development Co. Ltd.
2026040904017384,AHPC,85,49,277,294.0,81438.0,2026-04-09,185813776,360,Capital Hub P. Ltd,Online Securities Pvt. Ltd.,2026-04-09 13:54:10.325114,Arun Valley Hydropower Development Co. Ltd.
2026040904017393,AHPC,58,39,20,294.2,5884.0,2026-04-09,185813869,360,Naasa Securities Co. Ltd.,Sumeru Securities Pvt. Ltd.,2026-04-09 13:54:16.447756,Arun Valley Hydropower Development Co. Ltd.
2026040904017409,AHPC,85,19,100,294.0,29400.0,2026-04-09,185814106,360,Capital Hub P. Ltd,Nepal Investment And Securities Trading Private Limited,2026-04-09 13:54:35.236956,Arun Valley Hydropower Development Co. Ltd.
2026040904017445,AHPC,95,39,1000,294.2,294200.0,2026-04-09,185814271,360,Magnet Securities and Investment Company Private Limited,Sumeru Securities Pvt. Ltd.,2026-04-09 13:54:42.835237,Arun Valley Hydropower Development Co. Ltd.
2026040904017504,AHPC,45,39,980,294.2,288316.0,2026-04-09,185814570,360,Imperial Securities Company Pvt. Ltd.,Sumeru Securities Pvt. Ltd.,2026-04-09 13:55:07.983708,Arun Valley Hydropower Development Co. Ltd.
2026040904017505,AHPC,45,39,500,294.4,147200.0,2026-04-09,185814572,360,Imperial Securities Company Pvt. Ltd.,Sumeru Securities Pvt. Ltd.,2026-04-09 13:55:07.984060,Arun Valley Hydropower Development Co. Ltd.
2026040904017506,AHPC,45,58,100,294.4,29440.0,2026-04-09,185814574,360,Imperial Securities Company Pvt. Ltd.,Naasa Securities Co. Ltd.,2026-04-09 13:55:07.984218,Arun Valley Hydropower Development Co. Ltd.
2026040904017507,AHPC,45,38,10,294.5,2945.0,2026-04-09,185814576,360,Imperial Securities Company Pvt. Ltd.,Dipshikha Dhitopatra Karobar Co. Pvt Ltd.,2026-04-09 13:55:07.984401,Arun Valley Hydropower Development Co. Ltd.
2026040904017508,AHPC,45,17,200,294.7,58940.0,2026-04-09,185814578,360,Imperial Securities Company Pvt. Ltd.,ABC Securities Private Limited,2026-04-09 13:55:07.984552,Arun Valley Hydropower Development Co. Ltd.
2026040904017509,AHPC,45,44,500,294.8,147400.0,2026-04-09,185814580,360,Imperial Securities Company Pvt. Ltd.,Dynamic Money Managers Securities Pvt. Ltd.,2026-04-09 13:55:07.984708,Arun Valley Hydropower Development Co. Ltd.
2026040904017510,AHPC,45,74,283,294.9,83456.7,2026-04-09,185814582,360,Imperial Securities Company Pvt. Ltd.,KALASH STOCK MARKET PVT. LTD.,2026-04-09 13:55:07.984883,Arun Valley Hydropower Development Co. Ltd.
2026040904017511,AHPC,45,74,406,294.9,119729.4,2026-04-09,185814584,360,Imperial Securities Company Pvt. Ltd.,KALASH STOCK MARKET PVT. LTD.,2026-04-09 13:55:07.985034,Arun Valley Hydropower Development Co. Ltd.
2026040904017512,AHPC,45,33,21,295.0,6195.0,2026-04-09,185814587,360,Imperial Securities Company Pvt. Ltd.,Dakshinkali Investment & Securities Pvt. Ltd.,2026-04-09 13:55:07.985187,Arun Valley Hydropower Development Co. Ltd.
2026040904017532,AHPC,52,19,100,294.2,29420.0,2026-04-09,185814738,360,Sundhara Securities Limited,Nepal Investment And Securities Trading Private Limited,2026-04-09 13:55:22.104223,Arun Valley Hydropower Development Co. Ltd.
2026040904017544,AHPC,26,33,979,295.0,288805.0,2026-04-09,185814854,360,Asian Securities Private Ltd.,Dakshinkali Investment & Securities Pvt. Ltd.,2026-04-09 13:55:39.998742,Arun Valley Hydropower Development Co. Ltd.
2026040904017545,AHPC,26,14,525,295.0,154875.0,2026-04-09,185814856,360,Asian Securities Private Ltd.,Nepal Stock House (PVT) Ltd.,2026-04-09 13:55:39.999120,Arun Valley Hydropower Development Co. Ltd.
2026040904017546,AHPC,26,85,1000,295.0,295000.0,2026-04-09,185814858,360,Asian Securities Private Ltd.,Capital Hub P. Ltd,2026-04-09 13:55:39.999276,Arun Valley Hydropower Development Co. Ltd.
2026040904017547,AHPC,26,47,500,295.0,147500.0,2026-04-09,185814860,360,Asian Securities Private Ltd.,Neev Securities Pvt. Ltd.,2026-04-09 13:55:39.999439,Arun Valley Hydropower Development Co. Ltd.
2026040904017548,AHPC,26,53,200,295.0,59000.0,2026-04-09,185814862,360,Asian Securities Private Ltd.,Investment Management Nepal Pvt. Ltd.,2026-04-09 13:55:39.999599,Arun Valley Hydropower Development Co. Ltd.
2026040904017549,AHPC,26,90,300,295.0,88500.0,2026-04-09,185814864,360,Asian Securities Private Ltd.,Sajilo Broker Limited,2026-04-09 13:55:39.999748,Arun Valley Hydropower Development Co. Ltd.
2026040904017550,AHPC,26,28,100,295.0,29500.0,2026-04-09,185814866,360,Asian Securities Private Ltd.,Shree Krishna Securities Ltd.,2026-04-09 13:55:39.999904,Arun Valley Hydropower Development Co. Ltd.
2026040904017551,AHPC,26,26,1000,295.0,295000.0,2026-04-09,185814868,360,Asian Securities Private Ltd.,Asian Securities Private Ltd.,2026-04-09 13:55:40.000057,Arun Valley Hydropower Development Co. Ltd.
2026040904017552,AHPC,26,48,1000,295.0,295000.0,2026-04-09,185814870,360,Asian Securities Private Ltd.,Trishakti Securities Public Limited,2026-04-09 13:55:40.000205,Arun Valley Hydropower Development Co. Ltd.
2026040904017553,AHPC,26,10,30,295.0,8850.0,2026-04-09,185814872,360,Asian Securities Private Ltd.,Pragyan Securities (PVT) Ltd.,2026-04-09 13:55:40.000360,Arun Valley Hydropower Development Co. Ltd.
2026040904017554,AHPC,26,85,500,295.0,147500.0,2026-04-09,185814874,360,Asian Securities Private Ltd.,Capital Hub P. Ltd,2026-04-09 13:55:40.000514,Arun Valley Hydropower Development Co. Ltd.
2026040904017555,AHPC,26,5,25,295.0,7375.0,2026-04-09,185814876,360,Asian Securities Private Ltd.,Market Securities & Exchange (PVT) Ltd.,2026-04-09 13:55:40.000665,Arun Valley Hydropower Development Co. Ltd.
2026040904017556,AHPC,26,17,1000,295.0,295000.0,2026-04-09,185814878,360,Asian Securities Private Ltd.,ABC Securities Private Limited,2026-04-09 13:55:40.000814,Arun Valley Hydropower Development Co. Ltd.
2026040904017557,AHPC,26,1,200,295.0,59000.0,2026-04-09,185814880,360,Asian Securities Private Ltd.,Kumari Securities Private Limited,2026-04-09 13:55:40.000961,Arun Valley Hydropower Development Co. Ltd.
2026040904017558,AHPC,26,44,200,295.0,59000.0,2026-04-09,185814882,360,Asian Securities Private Ltd.,Dynamic Money Managers Securities Pvt. Ltd.,2026-04-09 13:55:40.001107,Arun Valley Hydropower Development Co. Ltd.
2026040904017559,AHPC,26,32,233,295.0,68735.0,2026-04-09,185814884,360,Asian Securities Private Ltd.,Premier Securities Company Ltd.,2026-04-09 13:55:40.001254,Arun Valley Hydropower Development Co. Ltd.
2026040904017560,AHPC,26,11,40,295.0,11800.0,2026-04-09,185814886,360,Asian Securities Private Ltd.,Malla & Malla Stock Broking Company Pvt. Limited,2026-04-09 13:55:40.001402,Arun Valley Hydropower Development Co. Ltd.
2026040904017561,AHPC,26,29,50,295.0,14750.0,2026-04-09,185814888,360,Asian Securities Private Ltd.,Trisul Securities & Invt. Ltd.,2026-04-09 13:55:40.001570,Arun Valley Hydropower Development Co. Ltd.
2026040904017562,AHPC,26,17,50,295.0,14750.0,2026-04-09,185814890,360,Asian Securities Private Ltd.,ABC Securities Private Limited,2026-04-09 13:55:40.001715,Arun Valley Hydropower Development Co. Ltd.
2026040904017563,AHPC,26,45,20,295.0,5900.0,2026-04-09,185814892,360,Asian Securities Private Ltd.,Imperial Securities Company Pvt. Ltd.,2026-04-09 13:55:40.001861,Arun Valley Hydropower Development Co. Ltd.
2026040904017564,AHPC,26,45,48,295.0,14160.0,2026-04-09,185814895,360,Asian Securities Private Ltd.,Imperial Securities Company Pvt. Ltd.,2026-04-09 13:55:40.002005,Arun Valley Hydropower Development Co. Ltd.
2026040904017566,AHPC,74,38,10,295.0,2950.0,2026-04-09,185814904,360,KALASH STOCK MARKET PVT. LTD.,Dipshikha Dhitopatra Karobar Co. Pvt Ltd.,2026-04-09 13:55:41.036947,Arun Valley Hydropower Development Co. Ltd.
2026040904017567,AHPC,74,32,290,295.0,85550.0,2026-04-09,185814907,360,KALASH STOCK MARKET PVT. LTD.,Premier Securities Company Ltd.,2026-04-09 13:55:41.037325,Arun Valley Hydropower Development Co. Ltd.
2026040904017624,AHPC,63,32,79,295.0,23305.0,2026-04-09,185815354,360,Himalayan Brokerage Company Limited,Premier Securities Company Ltd.,2026-04-09 13:56:21.931018,Arun Valley Hydropower Development Co. Ltd.
2026040904017625,AHPC,63,38,16,295.0,4720.0,2026-04-09,185815356,360,Himalayan Brokerage Company Limited,Dipshikha Dhitopatra Karobar Co. Pvt Ltd.,2026-04-09 13:56:21.931354,Arun Valley Hydropower Development Co. Ltd.
2026040904017626,AHPC,63,35,300,295.0,88500.0,2026-04-09,185815358,360,Himalayan Brokerage Company Limited,Kohinoor Investment & Securities Pvt. Ltd.,2026-04-09 13:56:21.931502,Arun Valley Hydropower Development Co. Ltd.
2026040904017627,AHPC,63,58,42,295.0,12390.0,2026-04-09,185815360,360,Himalayan Brokerage Company Limited,Naasa Securities Co. Ltd.,2026-04-09 13:56:21.931657,Arun Valley Hydropower Development Co. Ltd.
2026040904017628,AHPC,63,50,10,295.0,2950.0,2026-04-09,185815362,360,Himalayan Brokerage Company Limited,Cristal Kanchanjanga Securites Pvt. Ltd.,2026-04-09 13:56:21.931800,Arun Valley Hydropower Development Co. Ltd.
2026040904017648,AHPC,58,52,10,295.5,2955.0,2026-04-09,185815558,360,Naasa Securities Co. Ltd.,Sundhara Securities Limited,2026-04-09 13:56:33.629648,Arun Valley Hydropower Development Co. Ltd.
2026040904017649,AHPC,58,59,10,295.6,2956.0,2026-04-09,185815561,360,Naasa Securities Co. Ltd.,Deevyaa Securities & Stock House Pvt. Ltd,2026-04-09 13:56:33.629703,Arun Valley Hydropower Development Co. Ltd.
2026040904017732,AHPC,35,45,2,291.0,582.0,2026-04-09,185816108,360,Kohinoor Investment & Securities Pvt. Ltd.,Imperial Securities Company Pvt. Ltd.,2026-04-09 13:57:24.747266,Arun Valley Hydropower Development Co. Ltd.
2026040904017733,AHPC,34,59,90,295.6,26604.0,2026-04-09,185816112,360,Vision Securities Pvt. Ltd,Deevyaa Securities & Stock House Pvt. Ltd,2026-04-09 13:57:26.667502,Arun Valley Hydropower Development Co. Ltd.
2026040904017734,AHPC,34,44,500,295.6,147800.0,2026-04-09,185816114,360,Vision Securities Pvt. Ltd,Dynamic Money Managers Securities Pvt. Ltd.,2026-04-09 13:57:26.667860,Arun Valley Hydropower Development Co. Ltd.
2026040904017735,AHPC,34,44,15,295.6,4434.0,2026-04-09,185816116,360,Vision Securities Pvt. Ltd,Dynamic Money Managers Securities Pvt. Ltd.,2026-04-09 13:57:26.668015,Arun Valley Hydropower Development Co. Ltd.
2026040904017736,AHPC,34,43,14,295.6,4138.4,2026-04-09,185816119,360,Vision Securities Pvt. Ltd,South Asian Bulls Pvt. Ltd.,2026-04-09 13:57:26.668161,Arun Valley Hydropower Development Co. Ltd.
