contractId,stockSymbol,buyerMemberId,sellerMemberId,quantity,price,amount,businessDate,tradeBookId,stockId,buyerBrokerName,sellerBrokerName,transaction_time,securityName
2026040904000274,CHL,43,13,10,294.0,2940.0,2026-04-09,185671971,2766,South Asian Bulls Pvt. Ltd.,Thrive Brokerage House Pvt. Ltd,2026-04-09 11:05:36.171692,Chhyangdi Hydropower Ltd.
2026040904000329,CHL,58,44,31,292.0,9052.0,2026-04-09,185672624,2766,Naasa Securities Co. Ltd.,Dynamic Money Managers Securities Pvt. Ltd.,2026-04-09 11:06:27.841564,Chhyangdi Hydropower Ltd.
2026040904000409,CHL,58,72,128,292.0,37376.0,2026-04-09,185673457,2766,Naasa Securities Co. Ltd.,Hatemalo Financial Services Private Limited,2026-04-09 11:07:24.685213,Chhyangdi Hydropower Ltd.
2026040904000410,CHL,58,72,12,291.1,3493.2,2026-04-09,185673459,2766,Naasa Securities Co. Ltd.,Hatemalo Financial Services Private Limited,2026-04-09 11:07:24.685342,Chhyangdi Hydropower Ltd.
2026040904000411,CHL,42,72,500,291.0,145500.0,2026-04-09,185673461,2766,Sani Securities Company Ltd.,Hatemalo Financial Services Private Limited,2026-04-09 11:07:24.685427,Chhyangdi Hydropower Ltd.
2026040904001502,CHL,19,19,100,290.9,29090.0,2026-04-09,185683578,2766,Nepal Investment And Securities Trading Private Limited,Nepal Investment And Securities Trading Private Limited,2026-04-09 11:18:31.230946,Chhyangdi Hydropower Ltd.
2026040904001503,CHL,19,95,78,290.9,22690.2,2026-04-09,185683580,2766,Nepal Investment And Securities Trading Private Limited,Magnet Securities and Investment Company Private Limited,2026-04-09 11:18:31.231040,Chhyangdi Hydropower Ltd.
2026040904001504,CHL,19,36,200,290.9,58180.0,2026-04-09,185683582,2766,Nepal Investment And Securities Trading Private Limited,Secured Securities Ltd.,2026-04-09 11:18:31.231076,Chhyangdi Hydropower Ltd.
2026040904001505,CHL,19,22,122,291.0,35502.0,2026-04-09,185683585,2766,Nepal Investment And Securities Trading Private Limited,Siprabi Securities Pvt. Ltd.,2026-04-09 11:18:31.231108,Chhyangdi Hydropower Ltd.
2026040904001634,CHL,19,22,500,291.0,145500.0,2026-04-09,185685093,2766,Nepal Investment And Securities Trading Private Limited,Siprabi Securities Pvt. Ltd.,2026-04-09 11:20:14.352685,Chhyangdi Hydropower Ltd.
2026040904001646,CHL,11,22,378,291.0,109998.0,2026-04-09,185685240,2766,Malla & Malla Stock Broking Company Pvt. Limited,Siprabi Securities Pvt. Ltd.,2026-04-09 11:20:26.634731,Chhyangdi Hydropower Ltd.
2026040904001647,CHL,11,48,211,291.0,61401.0,2026-04-09,185685242,2766,Malla & Malla Stock Broking Company Pvt. Limited,Trishakti Securities Public Limited,2026-04-09 11:20:26.634880,Chhyangdi Hydropower Ltd.
2026040904001934,CHL,11,33,11,291.0,3201.0,2026-04-09,185687530,2766,Malla & Malla Stock Broking Company Pvt. Limited,Dakshinkali Investment & Securities Pvt. Ltd.,2026-04-09 11:22:49.776214,Chhyangdi Hydropower Ltd.
2026040904002059,CHL,48,6,50,292.0,14600.0,2026-04-09,185688846,2766,Trishakti Securities Public Limited,Agrawal Securities (PVT) Ltd.,2026-04-09 11:24:28.482543,Chhyangdi Hydropower Ltd.
2026040904002060,CHL,48,59,30,292.0,8760.0,2026-04-09,185688849,2766,Trishakti Securities Public Limited,Deevyaa Securities & Stock House Pvt. Ltd,2026-04-09 11:24:28.482665,Chhyangdi Hydropower Ltd.
2026040904002195,CHL,48,58,100,291.1,29110.0,2026-04-09,185690219,2766,Trishakti Securities Public Limited,Naasa Securities Co. Ltd.,2026-04-09 11:26:03.416582,Chhyangdi Hydropower Ltd.
2026040904002196,CHL,42,58,500,291.1,145550.0,2026-04-09,185690221,2766,Sani Securities Company Ltd.,Naasa Securities Co. Ltd.,2026-04-09 11:26:03.416699,Chhyangdi Hydropower Ltd.
2026040904002197,CHL,11,58,1400,291.0,407400.0,2026-04-09,185690222,2766,Malla & Malla Stock Broking Company Pvt. Limited,Naasa Securities Co. Ltd.,2026-04-09 11:26:03.416774,Chhyangdi Hydropower Ltd.
2026040904002303,CHL,53,19,100,292.0,29200.0,2026-04-09,185691113,2766,Investment Management Nepal Pvt. Ltd.,Nepal Investment And Securities Trading Private Limited,2026-04-09 11:27:20.243255,Chhyangdi Hydropower Ltd.
2026040904002482,CHL,1,39,900,293.0,263700.0,2026-04-09,185692676,2766,Kumari Securities Private Limited,Sumeru Securities Pvt. Ltd.,2026-04-09 11:30:01.904761,Chhyangdi Hydropower Ltd.
2026040904002483,CHL,1,57,100,293.0,29300.0,2026-04-09,185692679,2766,Kumari Securities Private Limited,Aryatara Investment & Securities,2026-04-09 11:30:01.904837,Chhyangdi Hydropower Ltd.
2026040904002627,CHL,58,57,10,293.0,2930.0,2026-04-09,185693815,2766,Naasa Securities Co. Ltd.,Aryatara Investment & Securities,2026-04-09 11:31:36.312562,Chhyangdi Hydropower Ltd.
2026040904002852,CHL,58,57,120,293.0,35160.0,2026-04-09,185695145,2766,Naasa Securities Co. Ltd.,Aryatara Investment & Securities,2026-04-09 11:33:07.132137,Chhyangdi Hydropower Ltd.
2026040904002898,CHL,3,57,270,293.0,79110.0,2026-04-09,185695531,2766,Arun Securities (PVT) Ltd.,Aryatara Investment & Securities,2026-04-09 11:33:42.256579,Chhyangdi Hydropower Ltd.
2026040904003084,CHL,35,74,100,293.0,29300.0,2026-04-09,185696936,2766,Kohinoor Investment & Securities Pvt. Ltd.,KALASH STOCK MARKET PVT. LTD.,2026-04-09 11:35:23.667120,Chhyangdi Hydropower Ltd.
2026040904003871,CHL,7,32,10,292.1,2921.0,2026-04-09,185703933,2766,J.F. Securites (PVT) Ltd.,Premier Securities Company Ltd.,2026-04-09 11:43:31.916429,Chhyangdi Hydropower Ltd.
2026040904003872,CHL,32,32,490,292.1,143129.0,2026-04-09,185703934,2766,Premier Securities Company Ltd.,Premier Securities Company Ltd.,2026-04-09 11:43:31.916591,Chhyangdi Hydropower Ltd.
2026040904003952,CHL,44,53,20,292.9,5858.0,2026-04-09,185704524,2766,Dynamic Money Managers Securities Pvt. Ltd.,Investment Management Nepal Pvt. Ltd.,2026-04-09 11:44:02.852150,Chhyangdi Hydropower Ltd.
2026040904004127,CHL,43,17,50,293.0,14650.0,2026-04-09,185706068,2766,South Asian Bulls Pvt. Ltd.,ABC Securities Private Limited,2026-04-09 11:45:35.497914,Chhyangdi Hydropower Ltd.
2026040904004128,CHL,43,19,50,294.0,14700.0,2026-04-09,185706070,2766,South Asian Bulls Pvt. Ltd.,Nepal Investment And Securities Trading Private Limited,2026-04-09 11:45:35.498012,Chhyangdi Hydropower Ltd.
2026040904004129,CHL,43,7,150,294.0,44100.0,2026-04-09,185706072,2766,South Asian Bulls Pvt. Ltd.,J.F. Securites (PVT) Ltd.,2026-04-09 11:45:35.498050,Chhyangdi Hydropower Ltd.
2026040904004317,CHL,52,72,500,294.1,147050.0,2026-04-09,185707194,2766,Sundhara Securities Limited,Hatemalo Financial Services Private Limited,2026-04-09 11:46:43.195783,Chhyangdi Hydropower Ltd.
2026040904004357,CHL,49,42,11,294.8,3242.8,2026-04-09,185707392,2766,Online Securities Pvt. Ltd.,Sani Securities Company Ltd.,2026-04-09 11:46:58.659107,Chhyangdi Hydropower Ltd.
2026040904004358,CHL,49,44,129,294.8,38029.2,2026-04-09,185707395,2766,Online Securities Pvt. Ltd.,Dynamic Money Managers Securities Pvt. Ltd.,2026-04-09 11:46:58.659197,Chhyangdi Hydropower Ltd.
2026040904004374,CHL,32,44,371,294.8,109370.8,2026-04-09,185707598,2766,Premier Securities Company Ltd.,Dynamic Money Managers Securities Pvt. Ltd.,2026-04-09 11:47:12.148626,Chhyangdi Hydropower Ltd.
2026040904004375,CHL,32,60,850,294.8,250580.0,2026-04-09,185707600,2766,Premier Securities Company Ltd.,Nagarik Stock Dealer ,2026-04-09 11:47:12.148724,Chhyangdi Hydropower Ltd.
2026040904004376,CHL,32,37,779,294.9,229727.1,2026-04-09,185707603,2766,Premier Securities Company Ltd.,Swarna Laxmi Securities Pvt. Ltd.,2026-04-09 11:47:12.148769,Chhyangdi Hydropower Ltd.
2026040904004466,CHL,22,19,10,294.8,2948.0,2026-04-09,185708127,2766,Siprabi Securities Pvt. Ltd.,Nepal Investment And Securities Trading Private Limited,2026-04-09 11:47:41.243278,Chhyangdi Hydropower Ltd.
2026040904004564,CHL,43,21,130,294.0,38220.0,2026-04-09,185708700,2766,South Asian Bulls Pvt. Ltd.,Midas Stock Broking Company Private Limited,2026-04-09 11:48:15.083553,Chhyangdi Hydropower Ltd.
2026040904004660,CHL,43,94,20,294.0,5880.0,2026-04-09,185709367,2766,South Asian Bulls Pvt. Ltd.,K.B.L. Securities Limited ,2026-04-09 11:48:56.581447,Chhyangdi Hydropower Ltd.
2026040904004661,CHL,35,94,80,294.0,23520.0,2026-04-09,185709368,2766,Kohinoor Investment & Securities Pvt. Ltd.,K.B.L. Securities Limited ,2026-04-09 11:48:56.581626,Chhyangdi Hydropower Ltd.
2026040904005159,CHL,14,45,30,294.1,8823.0,2026-04-09,185712789,2766,Nepal Stock House (PVT) Ltd.,Imperial Securities Company Pvt. Ltd.,2026-04-09 11:52:35.428209,Chhyangdi Hydropower Ltd.
2026040904005160,CHL,35,45,20,294.0,5880.0,2026-04-09,185712791,2766,Kohinoor Investment & Securities Pvt. Ltd.,Imperial Securities Company Pvt. Ltd.,2026-04-09 11:52:35.428321,Chhyangdi Hydropower Ltd.
2026040904005968,CHL,35,39,10,293.9,2939.0,2026-04-09,185718231,2766,Kohinoor Investment & Securities Pvt. Ltd.,Sumeru Securities Pvt. Ltd.,2026-04-09 11:57:27.311781,Chhyangdi Hydropower Ltd.
2026040904006206,CHL,35,39,10,293.2,2932.0,2026-04-09,185719877,2766,Kohinoor Investment & Securities Pvt. Ltd.,Sumeru Securities Pvt. Ltd.,2026-04-09 11:59:09.878753,Chhyangdi Hydropower Ltd.
2026040904006339,CHL,35,62,10,293.0,2930.0,2026-04-09,185721002,2766,Kohinoor Investment & Securities Pvt. Ltd.,Capital Max Securities Ltd,2026-04-09 12:00:29.607567,Chhyangdi Hydropower Ltd.
2026040904006406,CHL,35,36,90,293.0,26370.0,2026-04-09,185721507,2766,Kohinoor Investment & Securities Pvt. Ltd.,Secured Securities Ltd.,2026-04-09 12:01:06.707478,Chhyangdi Hydropower Ltd.
2026040904006407,CHL,32,36,100,293.0,29300.0,2026-04-09,185721509,2766,Premier Securities Company Ltd.,Secured Securities Ltd.,2026-04-09 12:01:06.707638,Chhyangdi Hydropower Ltd.
2026040904006408,CHL,45,36,100,293.0,29300.0,2026-04-09,185721511,2766,Imperial Securities Company Pvt. Ltd.,Secured Securities Ltd.,2026-04-09 12:01:06.707687,Chhyangdi Hydropower Ltd.
2026040904006409,CHL,34,36,10,293.0,2930.0,2026-04-09,185721512,2766,Vision Securities Pvt. Ltd,Secured Securities Ltd.,2026-04-09 12:01:06.707745,Chhyangdi Hydropower Ltd.
2026040904006463,CHL,34,46,90,293.0,26370.0,2026-04-09,185722044,2766,Vision Securities Pvt. Ltd,Kalika Securities Pvt. Ltd.,2026-04-09 12:01:44.520562,Chhyangdi Hydropower Ltd.
2026040904006564,CHL,100,37,31,293.0,9083.0,2026-04-09,185722928,2766,Sunrise Securities Limited,Swarna Laxmi Securities Pvt. Ltd.,2026-04-09 12:03:01.137736,Chhyangdi Hydropower Ltd.
2026040904006757,CHL,100,39,19,293.0,5567.0,2026-04-09,185724691,2766,Sunrise Securities Limited,Sumeru Securities Pvt. Ltd.,2026-04-09 12:05:32.863950,Chhyangdi Hydropower Ltd.
2026040904006788,CHL,19,13,39,292.2,11395.8,2026-04-09,185724868,2766,Nepal Investment And Securities Trading Private Limited,Thrive Brokerage House Pvt. Ltd,2026-04-09 12:05:48.437031,Chhyangdi Hydropower Ltd.
2026040904006917,CHL,42,18,1,287.0,287.0,2026-04-09,185725300,2766,Sani Securities Company Ltd.,Sagarmatha Securities Private Limited,2026-04-09 12:06:11.866950,Chhyangdi Hydropower Ltd.
2026040904007041,CHL,44,39,61,293.9,17927.9,2026-04-09,185725822,2766,Dynamic Money Managers Securities Pvt. Ltd.,Sumeru Securities Pvt. Ltd.,2026-04-09 12:06:46.953607,Chhyangdi Hydropower Ltd.
2026040904007092,CHL,58,45,290,294.0,85260.0,2026-04-09,185726140,2766,Naasa Securities Co. Ltd.,Imperial Securities Company Pvt. Ltd.,2026-04-09 12:07:15.658833,Chhyangdi Hydropower Ltd.
2026040904007093,CHL,58,46,70,294.0,20580.0,2026-04-09,185726142,2766,Naasa Securities Co. Ltd.,Kalika Securities Pvt. Ltd.,2026-04-09 12:07:15.659028,Chhyangdi Hydropower Ltd.
2026040904007094,CHL,58,42,13,294.0,3822.0,2026-04-09,185726144,2766,Naasa Securities Co. Ltd.,Sani Securities Company Ltd.,2026-04-09 12:07:15.659148,Chhyangdi Hydropower Ltd.
2026040904007216,CHL,100,72,300,294.2,88260.0,2026-04-09,185727226,2766,Sunrise Securities Limited,Hatemalo Financial Services Private Limited,2026-04-09 12:08:24.204664,Chhyangdi Hydropower Ltd.
2026040904007246,CHL,32,32,500,294.1,147050.0,2026-04-09,185727526,2766,Premier Securities Company Ltd.,Premier Securities Company Ltd.,2026-04-09 12:08:52.058249,Chhyangdi Hydropower Ltd.
2026040904007264,CHL,50,38,20,294.7,5894.0,2026-04-09,185727736,2766,Cristal Kanchanjanga Securites Pvt. Ltd.,Dipshikha Dhitopatra Karobar Co. Pvt Ltd.,2026-04-09 12:09:04.671710,Chhyangdi Hydropower Ltd.
2026040904007265,CHL,50,19,40,294.8,11792.0,2026-04-09,185727738,2766,Cristal Kanchanjanga Securites Pvt. Ltd.,Nepal Investment And Securities Trading Private Limited,2026-04-09 12:09:04.671810,Chhyangdi Hydropower Ltd.
2026040904007266,CHL,50,37,140,294.9,41286.0,2026-04-09,185727741,2766,Cristal Kanchanjanga Securites Pvt. Ltd.,Swarna Laxmi Securities Pvt. Ltd.,2026-04-09 12:09:04.671856,Chhyangdi Hydropower Ltd.
2026040904008004,CHL,52,36,12,294.2,3530.4,2026-04-09,185734016,2766,Sundhara Securities Limited,Secured Securities Ltd.,2026-04-09 12:16:10.715489,Chhyangdi Hydropower Ltd.
2026040904008091,CHL,52,48,100,294.2,29420.0,2026-04-09,185734558,2766,Sundhara Securities Limited,Trishakti Securities Public Limited,2026-04-09 12:16:53.455223,Chhyangdi Hydropower Ltd.
2026040904008292,CHL,52,54,500,294.2,147100.0,2026-04-09,185736110,2766,Sundhara Securities Limited,Sewa Securities Pvt. Ltd.,2026-04-09 12:18:18.816699,Chhyangdi Hydropower Ltd.
2026040904008396,CHL,58,38,10,294.8,2948.0,2026-04-09,185736884,2766,Naasa Securities Co. Ltd.,Dipshikha Dhitopatra Karobar Co. Pvt Ltd.,2026-04-09 12:19:11.319604,Chhyangdi Hydropower Ltd.
2026040904008397,CHL,58,37,81,294.9,23886.9,2026-04-09,185736886,2766,Naasa Securities Co. Ltd.,Swarna Laxmi Securities Pvt. Ltd.,2026-04-09 12:19:11.319650,Chhyangdi Hydropower Ltd.
2026040904008398,CHL,58,37,909,294.9,268064.1,2026-04-09,185736889,2766,Naasa Securities Co. Ltd.,Swarna Laxmi Securities Pvt. Ltd.,2026-04-09 12:19:11.319679,Chhyangdi Hydropower Ltd.
2026040904008570,CHL,52,37,91,294.9,26835.9,2026-04-09,185738124,2766,Sundhara Securities Limited,Swarna Laxmi Securities Pvt. Ltd.,2026-04-09 12:20:46.439696,Chhyangdi Hydropower Ltd.
2026040904008756,CHL,34,1,100,295.0,29500.0,2026-04-09,185739863,2766,Vision Securities Pvt. Ltd,Kumari Securities Private Limited,2026-04-09 12:22:55.647794,Chhyangdi Hydropower Ltd.
2026040904008780,CHL,52,1,297,295.0,87615.0,2026-04-09,185739981,2766,Sundhara Securities Limited,Kumari Securities Private Limited,2026-04-09 12:23:04.342267,Chhyangdi Hydropower Ltd.
2026040904008837,CHL,42,58,70,295.0,20650.0,2026-04-09,185740258,2766,Sani Securities Company Ltd.,Naasa Securities Co. Ltd.,2026-04-09 12:23:25.118439,Chhyangdi Hydropower Ltd.
2026040904008838,CHL,42,4,200,295.0,59000.0,2026-04-09,185740260,2766,Sani Securities Company Ltd.,Opal Securities Investment (PVT) Ltd.,2026-04-09 12:23:25.118645,Chhyangdi Hydropower Ltd.
2026040904008839,CHL,42,85,300,295.0,88500.0,2026-04-09,185740262,2766,Sani Securities Company Ltd.,Capital Hub P. Ltd,2026-04-09 12:23:25.118773,Chhyangdi Hydropower Ltd.
2026040904008840,CHL,42,19,10,295.0,2950.0,2026-04-09,185740264,2766,Sani Securities Company Ltd.,Nepal Investment And Securities Trading Private Limited,2026-04-09 12:23:25.118897,Chhyangdi Hydropower Ltd.
2026040904008841,CHL,42,40,420,295.0,123900.0,2026-04-09,185740267,2766,Sani Securities Company Ltd.,Creative Securities Pvt Ltd,2026-04-09 12:23:25.119021,Chhyangdi Hydropower Ltd.
2026040904008894,CHL,62,40,580,295.0,171100.0,2026-04-09,185740858,2766,Capital Max Securities Ltd,Creative Securities Pvt Ltd,2026-04-09 12:24:02.368933,Chhyangdi Hydropower Ltd.
2026040904008895,CHL,62,45,200,295.0,59000.0,2026-04-09,185740860,2766,Capital Max Securities Ltd,Imperial Securities Company Pvt. Ltd.,2026-04-09 12:24:02.369080,Chhyangdi Hydropower Ltd.
2026040904008896,CHL,62,57,80,295.0,23600.0,2026-04-09,185740862,2766,Capital Max Securities Ltd,Aryatara Investment & Securities,2026-04-09 12:24:02.369129,Chhyangdi Hydropower Ltd.
2026040904008989,CHL,62,38,70,295.3,20671.0,2026-04-09,185741824,2766,Capital Max Securities Ltd,Dipshikha Dhitopatra Karobar Co. Pvt Ltd.,2026-04-09 12:24:56.147719,Chhyangdi Hydropower Ltd.
2026040904008990,CHL,62,1,567,295.4,167491.8,2026-04-09,185741826,2766,Capital Max Securities Ltd,Kumari Securities Private Limited,2026-04-09 12:24:56.147818,Chhyangdi Hydropower Ltd.
2026040904008991,CHL,62,37,1000,295.5,295500.0,2026-04-09,185741828,2766,Capital Max Securities Ltd,Swarna Laxmi Securities Pvt. Ltd.,2026-04-09 12:24:56.147884,Chhyangdi Hydropower Ltd.
2026040904008992,CHL,62,37,1363,295.6,402902.8,2026-04-09,185741831,2766,Capital Max Securities Ltd,Swarna Laxmi Securities Pvt. Ltd.,2026-04-09 12:24:56.147927,Chhyangdi Hydropower Ltd.
2026040904009127,CHL,26,37,600,295.6,177360.0,2026-04-09,185743181,2766,Asian Securities Private Ltd.,Swarna Laxmi Securities Pvt. Ltd.,2026-04-09 12:26:39.540810,Chhyangdi Hydropower Ltd.
2026040904009698,CHL,62,26,60,295.0,17700.0,2026-04-09,185747968,2766,Capital Max Securities Ltd,Asian Securities Private Ltd.,2026-04-09 12:32:02.063630,Chhyangdi Hydropower Ltd.
2026040904009735,CHL,62,37,37,295.0,10915.0,2026-04-09,185748158,2766,Capital Max Securities Ltd,Swarna Laxmi Securities Pvt. Ltd.,2026-04-09 12:32:12.946395,Chhyangdi Hydropower Ltd.
2026040904009757,CHL,62,37,10,295.0,2950.0,2026-04-09,185748314,2766,Capital Max Securities Ltd,Swarna Laxmi Securities Pvt. Ltd.,2026-04-09 12:32:23.466819,Chhyangdi Hydropower Ltd.
2026040904009761,CHL,62,34,33,295.0,9735.0,2026-04-09,185748381,2766,Capital Max Securities Ltd,Vision Securities Pvt. Ltd,2026-04-09 12:32:27.639412,Chhyangdi Hydropower Ltd.
2026040904009762,CHL,4,34,205,295.0,60475.0,2026-04-09,185748383,2766,Opal Securities Investment (PVT) Ltd.,Vision Securities Pvt. Ltd,2026-04-09 12:32:27.639518,Chhyangdi Hydropower Ltd.
2026040904009870,CHL,26,34,112,295.0,33040.0,2026-04-09,185749128,2766,Asian Securities Private Ltd.,Vision Securities Pvt. Ltd,2026-04-09 12:33:17.438109,Chhyangdi Hydropower Ltd.
2026040904009871,CHL,26,1,3,295.0,885.0,2026-04-09,185749130,2766,Asian Securities Private Ltd.,Kumari Securities Private Limited,2026-04-09 12:33:17.438310,Chhyangdi Hydropower Ltd.
2026040904009994,CHL,26,26,100,296.0,29600.0,2026-04-09,185750162,2766,Asian Securities Private Ltd.,Asian Securities Private Ltd.,2026-04-09 12:34:36.895212,Chhyangdi Hydropower Ltd.
2026040904009995,CHL,26,34,188,296.0,55648.0,2026-04-09,185750165,2766,Asian Securities Private Ltd.,Vision Securities Pvt. Ltd,2026-04-09 12:34:36.895461,Chhyangdi Hydropower Ltd.
2026040904010247,CHL,26,39,17,295.7,5026.9,2026-04-09,185751867,2766,Asian Securities Private Ltd.,Sumeru Securities Pvt. Ltd.,2026-04-09 12:36:39.479859,Chhyangdi Hydropower Ltd.
2026040904010296,CHL,45,4,10,295.0,2950.0,2026-04-09,185752197,2766,Imperial Securities Company Pvt. Ltd.,Opal Securities Investment (PVT) Ltd.,2026-04-09 12:37:02.715062,Chhyangdi Hydropower Ltd.
2026040904010320,CHL,32,4,59,294.1,17351.9,2026-04-09,185752436,2766,Premier Securities Company Ltd.,Opal Securities Investment (PVT) Ltd.,2026-04-09 12:37:26.688306,Chhyangdi Hydropower Ltd.
2026040904011129,CHL,32,57,31,294.1,9117.1,2026-04-09,185759010,2766,Premier Securities Company Ltd.,Aryatara Investment & Securities,2026-04-09 12:45:50.802692,Chhyangdi Hydropower Ltd.
2026040904011492,CHL,22,39,10,295.7,2957.0,2026-04-09,185765348,2766,Siprabi Securities Pvt. Ltd.,Sumeru Securities Pvt. Ltd.,2026-04-09 12:50:09.900860,Chhyangdi Hydropower Ltd.
2026040904011600,CHL,42,40,100,295.0,29500.0,2026-04-09,185766369,2766,Sani Securities Company Ltd.,Creative Securities Pvt Ltd,2026-04-09 12:51:33.263538,Chhyangdi Hydropower Ltd.
2026040904011629,CHL,58,16,3,290.0,870.0,2026-04-09,185766606,2766,Naasa Securities Co. Ltd.,Primo Securities (PVT) Ltd.,2026-04-09 12:52:06.247068,Chhyangdi Hydropower Ltd.
2026040904012270,CHL,58,21,80,295.9,23672.0,2026-04-09,185772938,2766,Naasa Securities Co. Ltd.,Midas Stock Broking Company Private Limited,2026-04-09 12:58:58.840254,Chhyangdi Hydropower Ltd.
2026040904012271,CHL,58,34,162,296.0,47952.0,2026-04-09,185772940,2766,Naasa Securities Co. Ltd.,Vision Securities Pvt. Ltd,2026-04-09 12:58:58.840618,Chhyangdi Hydropower Ltd.
2026040904012272,CHL,58,32,280,296.0,82880.0,2026-04-09,185772942,2766,Naasa Securities Co. Ltd.,Premier Securities Company Ltd.,2026-04-09 12:58:58.840810,Chhyangdi Hydropower Ltd.
2026040904012273,CHL,58,59,478,296.0,141488.0,2026-04-09,185772945,2766,Naasa Securities Co. Ltd.,Deevyaa Securities & Stock House Pvt. Ltd,2026-04-09 12:58:58.840941,Chhyangdi Hydropower Ltd.
2026040904012524,CHL,45,59,300,296.0,88800.0,2026-04-09,185775169,2766,Imperial Securities Company Pvt. Ltd.,Deevyaa Securities & Stock House Pvt. Ltd,2026-04-09 13:01:29.898923,Chhyangdi Hydropower Ltd.
2026040904013105,CHL,21,59,222,296.0,65712.0,2026-04-09,185780422,2766,Midas Stock Broking Company Private Limited,Deevyaa Securities & Stock House Pvt. Ltd,2026-04-09 13:08:03.040943,Chhyangdi Hydropower Ltd.
2026040904013106,CHL,21,58,19,296.0,5624.0,2026-04-09,185780425,2766,Midas Stock Broking Company Private Limited,Naasa Securities Co. Ltd.,2026-04-09 13:08:03.041114,Chhyangdi Hydropower Ltd.
2026040904013119,CHL,19,58,31,296.0,9176.0,2026-04-09,185780582,2766,Nepal Investment And Securities Trading Private Limited,Naasa Securities Co. Ltd.,2026-04-09 13:08:13.701278,Chhyangdi Hydropower Ltd.
2026040904013157,CHL,41,42,33,297.0,9801.0,2026-04-09,185780871,2766,Linch Stock Market Ltd.,Sani Securities Company Ltd.,2026-04-09 13:08:39.153295,Chhyangdi Hydropower Ltd.
2026040904013245,CHL,45,26,145,297.0,43065.0,2026-04-09,185781481,2766,Imperial Securities Company Pvt. Ltd.,Asian Securities Private Ltd.,2026-04-09 13:09:18.949075,Chhyangdi Hydropower Ltd.
2026040904013384,CHL,19,42,100,296.0,29600.0,2026-04-09,185782690,2766,Nepal Investment And Securities Trading Private Limited,Sani Securities Company Ltd.,2026-04-09 13:10:40.551243,Chhyangdi Hydropower Ltd.
2026040904014317,CHL,17,64,53,296.5,15714.5,2026-04-09,185789669,2766,ABC Securities Private Limited,SUN SECURITIES PVT LTD,2026-04-09 13:19:34.583127,Chhyangdi Hydropower Ltd.
2026040904014318,CHL,19,64,369,296.0,109224.0,2026-04-09,185789671,2766,Nepal Investment And Securities Trading Private Limited,SUN SECURITIES PVT LTD,2026-04-09 13:19:34.583270,Chhyangdi Hydropower Ltd.
2026040904014319,CHL,7,64,134,296.0,39664.0,2026-04-09,185789672,2766,J.F. Securites (PVT) Ltd.,SUN SECURITIES PVT LTD,2026-04-09 13:19:34.583336,Chhyangdi Hydropower Ltd.
2026040904014402,CHL,7,21,16,296.0,4736.0,2026-04-09,185790295,2766,J.F. Securites (PVT) Ltd.,Midas Stock Broking Company Private Limited,2026-04-09 13:20:28.177200,Chhyangdi Hydropower Ltd.
2026040904014573,CHL,58,21,10,296.0,2960.0,2026-04-09,185791837,2766,Naasa Securities Co. Ltd.,Midas Stock Broking Company Private Limited,2026-04-09 13:22:23.952496,Chhyangdi Hydropower Ltd.
2026040904014851,CHL,40,59,10,295.2,2952.0,2026-04-09,185793755,2766,Creative Securities Pvt Ltd,Deevyaa Securities & Stock House Pvt. Ltd,2026-04-09 13:24:31.861821,Chhyangdi Hydropower Ltd.
2026040904014852,CHL,53,59,10,295.2,2952.0,2026-04-09,185793756,2766,Investment Management Nepal Pvt. Ltd.,Deevyaa Securities & Stock House Pvt. Ltd,2026-04-09 13:24:31.861908,Chhyangdi Hydropower Ltd.
2026040904014940,CHL,53,4,50,295.2,14760.0,2026-04-09,185794228,2766,Investment Management Nepal Pvt. Ltd.,Opal Securities Investment (PVT) Ltd.,2026-04-09 13:24:59.788552,Chhyangdi Hydropower Ltd.
2026040904015352,CHL,53,49,100,295.2,29520.0,2026-04-09,185797196,2766,Investment Management Nepal Pvt. Ltd.,Online Securities Pvt. Ltd.,2026-04-09 13:28:18.116464,Chhyangdi Hydropower Ltd.
2026040904015438,CHL,14,21,74,296.0,21904.0,2026-04-09,185797838,2766,Nepal Stock House (PVT) Ltd.,Midas Stock Broking Company Private Limited,2026-04-09 13:28:55.758362,Chhyangdi Hydropower Ltd.
2026040904015439,CHL,14,40,100,296.0,29600.0,2026-04-09,185797840,2766,Nepal Stock House (PVT) Ltd.,Creative Securities Pvt Ltd,2026-04-09 13:28:55.758501,Chhyangdi Hydropower Ltd.
2026040904015440,CHL,14,38,826,296.0,244496.0,2026-04-09,185797843,2766,Nepal Stock House (PVT) Ltd.,Dipshikha Dhitopatra Karobar Co. Pvt Ltd.,2026-04-09 13:28:55.758556,Chhyangdi Hydropower Ltd.
2026040904015789,CHL,49,38,15,296.0,4440.0,2026-04-09,185800935,2766,Online Securities Pvt. Ltd.,Dipshikha Dhitopatra Karobar Co. Pvt Ltd.,2026-04-09 13:33:43.281204,Chhyangdi Hydropower Ltd.
2026040904015843,CHL,21,38,159,296.0,47064.0,2026-04-09,185801329,2766,Midas Stock Broking Company Private Limited,Dipshikha Dhitopatra Karobar Co. Pvt Ltd.,2026-04-09 13:34:19.984677,Chhyangdi Hydropower Ltd.
2026040904015890,CHL,53,4,20,295.2,5904.0,2026-04-09,185801788,2766,Investment Management Nepal Pvt. Ltd.,Opal Securities Investment (PVT) Ltd.,2026-04-09 13:34:57.394209,Chhyangdi Hydropower Ltd.
2026040904015895,CHL,43,39,10,296.6,2966.0,2026-04-09,185801805,2766,South Asian Bulls Pvt. Ltd.,Sumeru Securities Pvt. Ltd.,2026-04-09 13:34:59.392167,Chhyangdi Hydropower Ltd.
2026040904016295,CHL,58,38,10,296.8,2968.0,2026-04-09,185805126,2766,Naasa Securities Co. Ltd.,Dipshikha Dhitopatra Karobar Co. Pvt Ltd.,2026-04-09 13:40:48.613016,Chhyangdi Hydropower Ltd.
2026040904016296,CHL,58,64,190,296.9,56411.0,2026-04-09,185805129,2766,Naasa Securities Co. Ltd.,SUN SECURITIES PVT LTD,2026-04-09 13:40:48.613191,Chhyangdi Hydropower Ltd.
2026040904016330,CHL,17,64,810,296.9,240489.0,2026-04-09,185805290,2766,ABC Securities Private Limited,SUN SECURITIES PVT LTD,2026-04-09 13:41:01.946478,Chhyangdi Hydropower Ltd.
2026040904016349,CHL,11,26,55,297.0,16335.0,2026-04-09,185805454,2766,Malla & Malla Stock Broking Company Pvt. Limited,Asian Securities Private Ltd.,2026-04-09 13:41:23.008158,Chhyangdi Hydropower Ltd.
2026040904016350,CHL,11,6,100,297.0,29700.0,2026-04-09,185805456,2766,Malla & Malla Stock Broking Company Pvt. Limited,Agrawal Securities (PVT) Ltd.,2026-04-09 13:41:23.008449,Chhyangdi Hydropower Ltd.
2026040904016351,CHL,11,32,50,297.0,14850.0,2026-04-09,185805458,2766,Malla & Malla Stock Broking Company Pvt. Limited,Premier Securities Company Ltd.,2026-04-09 13:41:23.008625,Chhyangdi Hydropower Ltd.
2026040904016653,CHL,51,39,10,297.3,2973.0,2026-04-09,185807632,2766,Oxford Securities Pvt. Ltd.,Sumeru Securities Pvt. Ltd.,2026-04-09 13:44:57.869739,Chhyangdi Hydropower Ltd.
2026040904016689,CHL,52,58,37,297.4,11003.8,2026-04-09,185807886,2766,Sundhara Securities Limited,Naasa Securities Co. Ltd.,2026-04-09 13:45:31.063911,Chhyangdi Hydropower Ltd.
2026040904016690,CHL,52,64,500,297.4,148700.0,2026-04-09,185807888,2766,Sundhara Securities Limited,SUN SECURITIES PVT LTD,2026-04-09 13:45:31.064086,Chhyangdi Hydropower Ltd.
2026040904016702,CHL,52,49,100,297.4,29740.0,2026-04-09,185807974,2766,Sundhara Securities Limited,Online Securities Pvt. Ltd.,2026-04-09 13:45:36.516055,Chhyangdi Hydropower Ltd.
2026040904016755,CHL,58,34,90,297.5,26775.0,2026-04-09,185808207,2766,Naasa Securities Co. Ltd.,Vision Securities Pvt. Ltd,2026-04-09 13:46:03.413908,Chhyangdi Hydropower Ltd.
2026040904016761,CHL,5,34,40,297.5,11900.0,2026-04-09,185808293,2766,Market Securities & Exchange (PVT) Ltd.,Vision Securities Pvt. Ltd,2026-04-09 13:46:16.486777,Chhyangdi Hydropower Ltd.
2026040904016772,CHL,52,39,10,297.4,2974.0,2026-04-09,185808326,2766,Sundhara Securities Limited,Sumeru Securities Pvt. Ltd.,2026-04-09 13:46:17.798147,Chhyangdi Hydropower Ltd.
2026040904016782,CHL,52,21,353,297.4,104982.2,2026-04-09,185808415,2766,Sundhara Securities Limited,Midas Stock Broking Company Private Limited,2026-04-09 13:46:26.028461,Chhyangdi Hydropower Ltd.
2026040904016848,CHL,51,29,30,297.3,8919.0,2026-04-09,185808952,2766,Oxford Securities Pvt. Ltd.,Trisul Securities & Invt. Ltd.,2026-04-09 13:47:30.046768,Chhyangdi Hydropower Ltd.
2026040904016855,CHL,51,29,30,297.3,8919.0,2026-04-09,185809020,2766,Oxford Securities Pvt. Ltd.,Trisul Securities & Invt. Ltd.,2026-04-09 13:47:39.406623,Chhyangdi Hydropower Ltd.
2026040904016890,CHL,58,21,50,297.4,14870.0,2026-04-09,185809325,2766,Naasa Securities Co. Ltd.,Midas Stock Broking Company Private Limited,2026-04-09 13:48:04.978342,Chhyangdi Hydropower Ltd.
2026040904017204,CHL,1,21,500,297.4,148700.0,2026-04-09,185812235,2766,Kumari Securities Private Limited,Midas Stock Broking Company Private Limited,2026-04-09 13:52:06.717845,Chhyangdi Hydropower Ltd.
2026040904017223,CHL,11,21,97,297.4,28847.8,2026-04-09,185812408,2766,Malla & Malla Stock Broking Company Pvt. Limited,Midas Stock Broking Company Private Limited,2026-04-09 13:52:23.687251,Chhyangdi Hydropower Ltd.
2026040904017341,CHL,11,48,30,297.4,8922.0,2026-04-09,185813390,2766,Malla & Malla Stock Broking Company Pvt. Limited,Trishakti Securities Public Limited,2026-04-09 13:53:38.150530,Chhyangdi Hydropower Ltd.
2026040904017361,CHL,51,48,50,297.3,14865.0,2026-04-09,185813577,2766,Oxford Securities Pvt. Ltd.,Trishakti Securities Public Limited,2026-04-09 13:53:51.428835,Chhyangdi Hydropower Ltd.
2026040904017362,CHL,21,48,20,297.3,5946.0,2026-04-09,185813578,2766,Midas Stock Broking Company Private Limited,Trishakti Securities Public Limited,2026-04-09 13:53:51.429117,Chhyangdi Hydropower Ltd.
2026040904017451,CHL,17,48,20,297.4,5948.0,2026-04-09,185814314,2766,ABC Securities Private Limited,Trishakti Securities Public Limited,2026-04-09 13:54:46.940301,Chhyangdi Hydropower Ltd.
2026040904017452,CHL,17,34,870,297.5,258825.0,2026-04-09,185814316,2766,ABC Securities Private Limited,Vision Securities Pvt. Ltd,2026-04-09 13:54:46.940486,Chhyangdi Hydropower Ltd.
2026040904017453,CHL,17,22,1595,297.8,474991.0,2026-04-09,185814318,2766,ABC Securities Private Limited,Siprabi Securities Pvt. Ltd.,2026-04-09 13:54:46.940551,Chhyangdi Hydropower Ltd.
2026040904017454,CHL,17,7,15,298.0,4470.0,2026-04-09,185814321,2766,ABC Securities Private Limited,J.F. Securites (PVT) Ltd.,2026-04-09 13:54:46.940610,Chhyangdi Hydropower Ltd.
2026040904017773,CHL,44,7,160,298.0,47680.0,2026-04-09,185816348,2766,Dynamic Money Managers Securities Pvt. Ltd.,J.F. Securites (PVT) Ltd.,2026-04-09 13:57:44.980632,Chhyangdi Hydropower Ltd.
2026040904017774,CHL,44,26,140,298.0,41720.0,2026-04-09,185816351,2766,Dynamic Money Managers Securities Pvt. Ltd.,Asian Securities Private Ltd.,2026-04-09 13:57:44.980799,Chhyangdi Hydropower Ltd.
2026040904017953,CHL,57,34,641,297.9,190953.9,2026-04-09,185817638,2766,Aryatara Investment & Securities,Vision Securities Pvt. Ltd,2026-04-09 13:59:45.746669,Chhyangdi Hydropower Ltd.
2026040904017954,CHL,57,26,60,298.0,17880.0,2026-04-09,185817640,2766,Aryatara Investment & Securities,Asian Securities Private Ltd.,2026-04-09 13:59:45.746851,Chhyangdi Hydropower Ltd.
2026040904017955,CHL,57,44,500,298.0,149000.0,2026-04-09,185817642,2766,Aryatara Investment & Securities,Dynamic Money Managers Securities Pvt. Ltd.,2026-04-09 13:59:45.746914,Chhyangdi Hydropower Ltd.
2026040904017956,CHL,57,49,1799,298.0,536102.0,2026-04-09,185817645,2766,Aryatara Investment & Securities,Online Securities Pvt. Ltd.,2026-04-09 13:59:45.746994,Chhyangdi Hydropower Ltd.
2026040904018231,CHL,21,68,30,297.3,8919.0,2026-04-09,185819793,2766,Midas Stock Broking Company Private Limited,Elite Stock House Limited,2026-04-09 14:02:56.607263,Chhyangdi Hydropower Ltd.
2026040904018232,CHL,62,68,10,297.0,2970.0,2026-04-09,185819795,2766,Capital Max Securities Ltd,Elite Stock House Limited,2026-04-09 14:02:56.607625,Chhyangdi Hydropower Ltd.
2026040904018233,CHL,17,68,59,296.1,17469.9,2026-04-09,185819796,2766,ABC Securities Private Limited,Elite Stock House Limited,2026-04-09 14:02:56.607804,Chhyangdi Hydropower Ltd.
2026040904018276,CHL,17,32,131,296.1,38789.1,2026-04-09,185819979,2766,ABC Securities Private Limited,Premier Securities Company Ltd.,2026-04-09 14:03:12.702808,Chhyangdi Hydropower Ltd.
2026040904018277,CHL,36,32,500,296.1,148050.0,2026-04-09,185819981,2766,Secured Securities Ltd.,Premier Securities Company Ltd.,2026-04-09 14:03:12.702990,Chhyangdi Hydropower Ltd.
2026040904018278,CHL,38,32,20,296.0,5920.0,2026-04-09,185819983,2766,Dipshikha Dhitopatra Karobar Co. Pvt Ltd.,Premier Securities Company Ltd.,2026-04-09 14:03:12.703061,Chhyangdi Hydropower Ltd.
2026040904018279,CHL,54,32,30,296.0,8880.0,2026-04-09,185819985,2766,Sewa Securities Pvt. Ltd.,Premier Securities Company Ltd.,2026-04-09 14:03:12.703123,Chhyangdi Hydropower Ltd.
2026040904018280,CHL,50,32,100,296.0,29600.0,2026-04-09,185819987,2766,Cristal Kanchanjanga Securites Pvt. Ltd.,Premier Securities Company Ltd.,2026-04-09 14:03:12.703182,Chhyangdi Hydropower Ltd.
2026040904018281,CHL,58,32,200,296.0,59200.0,2026-04-09,185819989,2766,Naasa Securities Co. Ltd.,Premier Securities Company Ltd.,2026-04-09 14:03:12.703242,Chhyangdi Hydropower Ltd.
2026040904018282,CHL,58,32,670,296.0,198320.0,2026-04-09,185819991,2766,Naasa Securities Co. Ltd.,Premier Securities Company Ltd.,2026-04-09 14:03:12.703297,Chhyangdi Hydropower Ltd.
2026040904018283,CHL,26,32,100,296.0,29600.0,2026-04-09,185819993,2766,Asian Securities Private Ltd.,Premier Securities Company Ltd.,2026-04-09 14:03:12.703367,Chhyangdi Hydropower Ltd.
2026040904018284,CHL,47,32,10,295.8,2958.0,2026-04-09,185819995,2766,Neev Securities Pvt. Ltd.,Premier Securities Company Ltd.,2026-04-09 14:03:12.703427,Chhyangdi Hydropower Ltd.
2026040904018285,CHL,17,32,239,295.8,70696.2,2026-04-09,185819996,2766,ABC Securities Private Limited,Premier Securities Company Ltd.,2026-04-09 14:03:12.703482,Chhyangdi Hydropower Ltd.
2026040904018789,CHL,57,50,3,290.0,870.0,2026-04-09,185823904,2766,Aryatara Investment & Securities,Cristal Kanchanjanga Securites Pvt. Ltd.,2026-04-09 14:09:24.153957,Chhyangdi Hydropower Ltd.
2026040904019840,CHL,57,43,1,290.0,290.0,2026-04-09,185830388,2766,Aryatara Investment & Securities,South Asian Bulls Pvt. Ltd.,2026-04-09 14:17:57.390987,Chhyangdi Hydropower Ltd.
2026040904020317,CHL,65,42,100,297.3,29730.0,2026-04-09,185833284,2766,Sharepro Securities Private Limited,Sani Securities Company Ltd.,2026-04-09 14:21:09.034430,Chhyangdi Hydropower Ltd.
2026040904020318,CHL,65,38,60,297.3,17838.0,2026-04-09,185833287,2766,Sharepro Securities Private Limited,Dipshikha Dhitopatra Karobar Co. Pvt Ltd.,2026-04-09 14:21:09.034735,Chhyangdi Hydropower Ltd.
2026040904020489,CHL,65,71,100,297.0,29700.0,2026-04-09,185834249,2766,Sharepro Securities Private Limited,SHUBHAKAMANA SECURITIES PVT. LTD,2026-04-09 14:22:04.635975,Chhyangdi Hydropower Ltd.
2026040904020939,CHL,44,29,1010,297.0,299970.0,2026-04-09,185837292,2766,Dynamic Money Managers Securities Pvt. Ltd.,Trisul Securities & Invt. Ltd.,2026-04-09 14:25:14.292527,Chhyangdi Hydropower Ltd.
2026040904020988,CHL,32,16,500,297.4,148700.0,2026-04-09,185837697,2766,Premier Securities Company Ltd.,Primo Securities (PVT) Ltd.,2026-04-09 14:25:37.379516,Chhyangdi Hydropower Ltd.
2026040904021040,CHL,21,1,70,297.8,20846.0,2026-04-09,185838083,2766,Midas Stock Broking Company Private Limited,Kumari Securities Private Limited,2026-04-09 14:26:08.778721,Chhyangdi Hydropower Ltd.
2026040904021247,CHL,36,1,430,297.8,128054.0,2026-04-09,185839371,2766,Secured Securities Ltd.,Kumari Securities Private Limited,2026-04-09 14:27:31.289815,Chhyangdi Hydropower Ltd.
2026040904021252,CHL,57,49,1000,298.0,298000.0,2026-04-09,185839459,2766,Aryatara Investment & Securities,Online Securities Pvt. Ltd.,2026-04-09 14:27:38.008982,Chhyangdi Hydropower Ltd.
2026040904021306,CHL,56,49,1677,298.0,499746.0,2026-04-09,185839715,2766,Sri Hari Securities Pvt. Ltd.,Online Securities Pvt. Ltd.,2026-04-09 14:27:55.728242,Chhyangdi Hydropower Ltd.
2026040904021361,CHL,56,49,1677,298.0,499746.0,2026-04-09,185839917,2766,Sri Hari Securities Pvt. Ltd.,Online Securities Pvt. Ltd.,2026-04-09 14:28:08.695292,Chhyangdi Hydropower Ltd.
2026040904021392,CHL,56,49,257,298.0,76586.0,2026-04-09,185840074,2766,Sri Hari Securities Pvt. Ltd.,Online Securities Pvt. Ltd.,2026-04-09 14:28:21.084124,Chhyangdi Hydropower Ltd.
2026040904021393,CHL,56,49,500,298.0,149000.0,2026-04-09,185840076,2766,Sri Hari Securities Pvt. Ltd.,Online Securities Pvt. Ltd.,2026-04-09 14:28:21.084303,Chhyangdi Hydropower Ltd.
2026040904021394,CHL,56,77,10,298.0,2980.0,2026-04-09,185840078,2766,Sri Hari Securities Pvt. Ltd.,Nabil Stock Dealer Ltd.,2026-04-09 14:28:21.084376,Chhyangdi Hydropower Ltd.
2026040904021395,CHL,56,53,250,298.0,74500.0,2026-04-09,185840080,2766,Sri Hari Securities Pvt. Ltd.,Investment Management Nepal Pvt. Ltd.,2026-04-09 14:28:21.084441,Chhyangdi Hydropower Ltd.
2026040904021396,CHL,56,7,100,298.0,29800.0,2026-04-09,185840082,2766,Sri Hari Securities Pvt. Ltd.,J.F. Securites (PVT) Ltd.,2026-04-09 14:28:21.084501,Chhyangdi Hydropower Ltd.
2026040904021397,CHL,56,58,500,298.1,149050.0,2026-04-09,185840084,2766,Sri Hari Securities Pvt. Ltd.,Naasa Securities Co. Ltd.,2026-04-09 14:28:21.084564,Chhyangdi Hydropower Ltd.
2026040904021466,CHL,14,46,10,298.7,2987.0,2026-04-09,185840471,2766,Nepal Stock House (PVT) Ltd.,Kalika Securities Pvt. Ltd.,2026-04-09 14:28:41.475440,Chhyangdi Hydropower Ltd.
2026040904021798,CHL,11,7,3,297.4,892.2,2026-04-09,185842104,2766,Malla & Malla Stock Broking Company Pvt. Limited,J.F. Securites (PVT) Ltd.,2026-04-09 14:30:06.048140,Chhyangdi Hydropower Ltd.
2026040904022028,CHL,58,35,20,298.8,5976.0,2026-04-09,185843366,2766,Naasa Securities Co. Ltd.,Kohinoor Investment & Securities Pvt. Ltd.,2026-04-09 14:31:16.055537,Chhyangdi Hydropower Ltd.
2026040904022029,CHL,58,13,56,299.0,16744.0,2026-04-09,185843368,2766,Naasa Securities Co. Ltd.,Thrive Brokerage House Pvt. Ltd,2026-04-09 14:31:16.055768,Chhyangdi Hydropower Ltd.
2026040904022030,CHL,58,7,200,299.0,59800.0,2026-04-09,185843370,2766,Naasa Securities Co. Ltd.,J.F. Securites (PVT) Ltd.,2026-04-09 14:31:16.055846,Chhyangdi Hydropower Ltd.
2026040904022031,CHL,58,26,200,299.0,59800.0,2026-04-09,185843372,2766,Naasa Securities Co. Ltd.,Asian Securities Private Ltd.,2026-04-09 14:31:16.055911,Chhyangdi Hydropower Ltd.
2026040904022032,CHL,58,39,450,299.9,134955.0,2026-04-09,185843374,2766,Naasa Securities Co. Ltd.,Sumeru Securities Pvt. Ltd.,2026-04-09 14:31:16.055972,Chhyangdi Hydropower Ltd.
2026040904022033,CHL,58,32,41,299.9,12295.9,2026-04-09,185843376,2766,Naasa Securities Co. Ltd.,Premier Securities Company Ltd.,2026-04-09 14:31:16.056036,Chhyangdi Hydropower Ltd.
2026040904022034,CHL,58,22,71,299.9,21292.9,2026-04-09,185843378,2766,Naasa Securities Co. Ltd.,Siprabi Securities Pvt. Ltd.,2026-04-09 14:31:16.056093,Chhyangdi Hydropower Ltd.
2026040904022035,CHL,58,21,300,299.9,89970.0,2026-04-09,185843380,2766,Naasa Securities Co. Ltd.,Midas Stock Broking Company Private Limited,2026-04-09 14:31:16.056147,Chhyangdi Hydropower Ltd.
2026040904022036,CHL,58,57,1000,300.0,300000.0,2026-04-09,185843382,2766,Naasa Securities Co. Ltd.,Aryatara Investment & Securities,2026-04-09 14:31:16.056203,Chhyangdi Hydropower Ltd.
2026040904022037,CHL,58,57,255,300.0,76500.0,2026-04-09,185843384,2766,Naasa Securities Co. Ltd.,Aryatara Investment & Securities,2026-04-09 14:31:16.056259,Chhyangdi Hydropower Ltd.
2026040904022038,CHL,58,6,150,300.0,45000.0,2026-04-09,185843386,2766,Naasa Securities Co. Ltd.,Agrawal Securities (PVT) Ltd.,2026-04-09 14:31:16.056332,Chhyangdi Hydropower Ltd.
2026040904022039,CHL,58,38,15,300.0,4500.0,2026-04-09,185843388,2766,Naasa Securities Co. Ltd.,Dipshikha Dhitopatra Karobar Co. Pvt Ltd.,2026-04-09 14:31:16.056389,Chhyangdi Hydropower Ltd.
2026040904022040,CHL,58,39,10,300.0,3000.0,2026-04-09,185843390,2766,Naasa Securities Co. Ltd.,Sumeru Securities Pvt. Ltd.,2026-04-09 14:31:16.056453,Chhyangdi Hydropower Ltd.
2026040904022041,CHL,58,1,1000,300.0,300000.0,2026-04-09,185843392,2766,Naasa Securities Co. Ltd.,Kumari Securities Private Limited,2026-04-09 14:31:16.056539,Chhyangdi Hydropower Ltd.
2026040904022042,CHL,58,50,200,300.0,60000.0,2026-04-09,185843394,2766,Naasa Securities Co. Ltd.,Cristal Kanchanjanga Securites Pvt. Ltd.,2026-04-09 14:31:16.056596,Chhyangdi Hydropower Ltd.
2026040904022043,CHL,58,42,50,300.0,15000.0,2026-04-09,185843396,2766,Naasa Securities Co. Ltd.,Sani Securities Company Ltd.,2026-04-09 14:31:16.056650,Chhyangdi Hydropower Ltd.
2026040904022044,CHL,58,33,25,300.0,7500.0,2026-04-09,185843342,2766,Naasa Securities Co. Ltd.,Dakshinkali Investment & Securities Pvt. Ltd.,2026-04-09 14:31:16.056704,Chhyangdi Hydropower Ltd.
2026040904022045,CHL,58,32,1000,300.0,300000.0,2026-04-09,185843344,2766,Naasa Securities Co. Ltd.,Premier Securities Company Ltd.,2026-04-09 14:31:16.056758,Chhyangdi Hydropower Ltd.
2026040904022046,CHL,58,43,300,300.0,90000.0,2026-04-09,185843346,2766,Naasa Securities Co. Ltd.,South Asian Bulls Pvt. Ltd.,2026-04-09 14:31:16.056811,Chhyangdi Hydropower Ltd.
2026040904022047,CHL,58,43,1000,300.0,300000.0,2026-04-09,185843348,2766,Naasa Securities Co. Ltd.,South Asian Bulls Pvt. Ltd.,2026-04-09 14:31:16.056862,Chhyangdi Hydropower Ltd.
2026040904022048,CHL,58,39,657,300.0,197100.0,2026-04-09,185843351,2766,Naasa Securities Co. Ltd.,Sumeru Securities Pvt. Ltd.,2026-04-09 14:31:16.056913,Chhyangdi Hydropower Ltd.
2026040904022103,CHL,56,48,40,298.1,11924.0,2026-04-09,185843794,2766,Sri Hari Securities Pvt. Ltd.,Trishakti Securities Public Limited,2026-04-09 14:31:39.180101,Chhyangdi Hydropower Ltd.
2026040904022167,CHL,29,39,10,300.0,3000.0,2026-04-09,185844283,2766,Trisul Securities & Invt. Ltd.,Sumeru Securities Pvt. Ltd.,2026-04-09 14:32:13.528750,Chhyangdi Hydropower Ltd.
2026040904022510,CHL,56,39,333,300.0,99900.0,2026-04-09,185846304,2766,Sri Hari Securities Pvt. Ltd.,Sumeru Securities Pvt. Ltd.,2026-04-09 14:35:47.556550,Chhyangdi Hydropower Ltd.
2026040904022511,CHL,56,44,500,300.0,150000.0,2026-04-09,185846307,2766,Sri Hari Securities Pvt. Ltd.,Dynamic Money Managers Securities Pvt. Ltd.,2026-04-09 14:35:47.556702,Chhyangdi Hydropower Ltd.
2026040904022580,CHL,45,57,200,300.9,60180.0,2026-04-09,185846783,2766,Imperial Securities Company Pvt. Ltd.,Aryatara Investment & Securities,2026-04-09 14:36:19.916568,Chhyangdi Hydropower Ltd.
2026040904022607,CHL,56,57,169,300.9,50852.1,2026-04-09,185846898,2766,Sri Hari Securities Pvt. Ltd.,Aryatara Investment & Securities,2026-04-09 14:36:25.115492,Chhyangdi Hydropower Ltd.
2026040904022608,CHL,56,36,49,301.0,14749.0,2026-04-09,185846900,2766,Sri Hari Securities Pvt. Ltd.,Secured Securities Ltd.,2026-04-09 14:36:25.115621,Chhyangdi Hydropower Ltd.
2026040904022609,CHL,56,38,70,301.4,21098.0,2026-04-09,185846902,2766,Sri Hari Securities Pvt. Ltd.,Dipshikha Dhitopatra Karobar Co. Pvt Ltd.,2026-04-09 14:36:25.115678,Chhyangdi Hydropower Ltd.
2026040904022610,CHL,56,34,131,301.5,39496.5,2026-04-09,185846904,2766,Sri Hari Securities Pvt. Ltd.,Vision Securities Pvt. Ltd,2026-04-09 14:36:25.115741,Chhyangdi Hydropower Ltd.
2026040904022611,CHL,56,34,120,301.7,36204.0,2026-04-09,185846906,2766,Sri Hari Securities Pvt. Ltd.,Vision Securities Pvt. Ltd,2026-04-09 14:36:25.115795,Chhyangdi Hydropower Ltd.
2026040904022640,CHL,56,26,40,301.7,12068.0,2026-04-09,185847080,2766,Sri Hari Securities Pvt. Ltd.,Asian Securities Private Ltd.,2026-04-09 14:36:31.790770,Chhyangdi Hydropower Ltd.
2026040904022682,CHL,56,32,160,301.7,48272.0,2026-04-09,185847357,2766,Sri Hari Securities Pvt. Ltd.,Premier Securities Company Ltd.,2026-04-09 14:36:49.246991,Chhyangdi Hydropower Ltd.
2026040904022692,CHL,1,45,20,301.0,6020.0,2026-04-09,185847422,2766,Kumari Securities Private Limited,Imperial Securities Company Pvt. Ltd.,2026-04-09 14:36:56.996206,Chhyangdi Hydropower Ltd.
2026040904022708,CHL,1,34,10,301.0,3010.0,2026-04-09,185847584,2766,Kumari Securities Private Limited,Vision Securities Pvt. Ltd,2026-04-09 14:37:06.005492,Chhyangdi Hydropower Ltd.
2026040904022790,CHL,56,32,840,301.8,253512.0,2026-04-09,185847982,2766,Sri Hari Securities Pvt. Ltd.,Premier Securities Company Ltd.,2026-04-09 14:37:29.112169,Chhyangdi Hydropower Ltd.
2026040904022791,CHL,56,7,50,301.9,15095.0,2026-04-09,185847984,2766,Sri Hari Securities Pvt. Ltd.,J.F. Securites (PVT) Ltd.,2026-04-09 14:37:29.112479,Chhyangdi Hydropower Ltd.
2026040904022792,CHL,56,46,13,301.9,3924.7,2026-04-09,185847986,2766,Sri Hari Securities Pvt. Ltd.,Kalika Securities Pvt. Ltd.,2026-04-09 14:37:29.112644,Chhyangdi Hydropower Ltd.
2026040904022793,CHL,56,49,500,301.9,150950.0,2026-04-09,185847988,2766,Sri Hari Securities Pvt. Ltd.,Online Securities Pvt. Ltd.,2026-04-09 14:37:29.112829,Chhyangdi Hydropower Ltd.
2026040904022794,CHL,56,19,252,301.9,76078.8,2026-04-09,185847991,2766,Sri Hari Securities Pvt. Ltd.,Nepal Investment And Securities Trading Private Limited,2026-04-09 14:37:29.113046,Chhyangdi Hydropower Ltd.
2026040904022821,CHL,42,19,248,301.9,74871.2,2026-04-09,185848138,2766,Sani Securities Company Ltd.,Nepal Investment And Securities Trading Private Limited,2026-04-09 14:37:34.838653,Chhyangdi Hydropower Ltd.
2026040904022822,CHL,42,33,101,301.9,30491.9,2026-04-09,185848140,2766,Sani Securities Company Ltd.,Dakshinkali Investment & Securities Pvt. Ltd.,2026-04-09 14:37:34.838775,Chhyangdi Hydropower Ltd.
2026040904022823,CHL,42,58,51,301.9,15396.9,2026-04-09,185848143,2766,Sani Securities Company Ltd.,Naasa Securities Co. Ltd.,2026-04-09 14:37:34.838833,Chhyangdi Hydropower Ltd.
2026040904022898,CHL,56,59,100,301.5,30150.0,2026-04-09,185848750,2766,Sri Hari Securities Pvt. Ltd.,Deevyaa Securities & Stock House Pvt. Ltd,2026-04-09 14:38:05.067246,Chhyangdi Hydropower Ltd.
2026040904022899,CHL,56,7,100,301.5,30150.0,2026-04-09,185848752,2766,Sri Hari Securities Pvt. Ltd.,J.F. Securites (PVT) Ltd.,2026-04-09 14:38:05.067498,Chhyangdi Hydropower Ltd.
2026040904022900,CHL,56,58,249,301.9,75173.1,2026-04-09,185848754,2766,Sri Hari Securities Pvt. Ltd.,Naasa Securities Co. Ltd.,2026-04-09 14:38:05.067554,Chhyangdi Hydropower Ltd.
2026040904022901,CHL,56,58,100,301.9,30190.0,2026-04-09,185848756,2766,Sri Hari Securities Pvt. Ltd.,Naasa Securities Co. Ltd.,2026-04-09 14:38:05.067607,Chhyangdi Hydropower Ltd.
2026040904022902,CHL,56,26,200,302.0,60400.0,2026-04-09,185848758,2766,Sri Hari Securities Pvt. Ltd.,Asian Securities Private Ltd.,2026-04-09 14:38:05.067659,Chhyangdi Hydropower Ltd.
2026040904022903,CHL,56,6,50,302.5,15125.0,2026-04-09,185848760,2766,Sri Hari Securities Pvt. Ltd.,Agrawal Securities (PVT) Ltd.,2026-04-09 14:38:05.067710,Chhyangdi Hydropower Ltd.
2026040904022904,CHL,56,57,369,302.5,111622.5,2026-04-09,185848762,2766,Sri Hari Securities Pvt. Ltd.,Aryatara Investment & Securities,2026-04-09 14:38:05.067763,Chhyangdi Hydropower Ltd.
2026040904022909,CHL,56,7,50,302.5,15125.0,2026-04-09,185848844,2766,Sri Hari Securities Pvt. Ltd.,J.F. Securites (PVT) Ltd.,2026-04-09 14:38:09.671448,Chhyangdi Hydropower Ltd.
2026040904022959,CHL,56,45,50,302.9,15145.0,2026-04-09,185849250,2766,Sri Hari Securities Pvt. Ltd.,Imperial Securities Company Pvt. Ltd.,2026-04-09 14:38:32.785162,Chhyangdi Hydropower Ltd.
2026040904022960,CHL,56,16,332,302.9,100562.8,2026-04-09,185849253,2766,Sri Hari Securities Pvt. Ltd.,Primo Securities (PVT) Ltd.,2026-04-09 14:38:32.785335,Chhyangdi Hydropower Ltd.
2026040904023068,CHL,56,29,10,302.5,3025.0,2026-04-09,185849762,2766,Sri Hari Securities Pvt. Ltd.,Trisul Securities & Invt. Ltd.,2026-04-09 14:38:57.704845,Chhyangdi Hydropower Ltd.
2026040904023069,CHL,56,16,793,302.9,240199.7,2026-04-09,185849765,2766,Sri Hari Securities Pvt. Ltd.,Primo Securities (PVT) Ltd.,2026-04-09 14:38:57.704995,Chhyangdi Hydropower Ltd.
2026040904023172,CHL,42,16,375,302.9,113587.5,2026-04-09,185850028,2766,Sani Securities Company Ltd.,Primo Securities (PVT) Ltd.,2026-04-09 14:39:05.046438,Chhyangdi Hydropower Ltd.
2026040904023173,CHL,42,45,360,302.9,109044.0,2026-04-09,185850030,2766,Sani Securities Company Ltd.,Imperial Securities Company Pvt. Ltd.,2026-04-09 14:39:05.046689,Chhyangdi Hydropower Ltd.
2026040904023174,CHL,42,41,500,303.0,151500.0,2026-04-09,185850032,2766,Sani Securities Company Ltd.,Linch Stock Market Ltd.,2026-04-09 14:39:05.046847,Chhyangdi Hydropower Ltd.
2026040904023175,CHL,42,6,50,303.0,15150.0,2026-04-09,185850034,2766,Sani Securities Company Ltd.,Agrawal Securities (PVT) Ltd.,2026-04-09 14:39:05.046993,Chhyangdi Hydropower Ltd.
2026040904023176,CHL,42,42,315,303.0,95445.0,2026-04-09,185850037,2766,Sani Securities Company Ltd.,Sani Securities Company Ltd.,2026-04-09 14:39:05.047142,Chhyangdi Hydropower Ltd.
2026040904023216,CHL,42,42,685,303.0,207555.0,2026-04-09,185850354,2766,Sani Securities Company Ltd.,Sani Securities Company Ltd.,2026-04-09 14:39:19.230141,Chhyangdi Hydropower Ltd.
2026040904023217,CHL,42,42,694,303.0,210282.0,2026-04-09,185850356,2766,Sani Securities Company Ltd.,Sani Securities Company Ltd.,2026-04-09 14:39:19.230275,Chhyangdi Hydropower Ltd.
2026040904023267,CHL,42,58,50,303.0,15150.0,2026-04-09,185850818,2766,Sani Securities Company Ltd.,Naasa Securities Co. Ltd.,2026-04-09 14:39:46.901768,Chhyangdi Hydropower Ltd.
2026040904023334,CHL,56,58,1000,303.2,303200.0,2026-04-09,185851014,2766,Sri Hari Securities Pvt. Ltd.,Naasa Securities Co. Ltd.,2026-04-09 14:39:51.777481,Chhyangdi Hydropower Ltd.
2026040904023335,CHL,56,29,10,303.3,3033.0,2026-04-09,185851016,2766,Sri Hari Securities Pvt. Ltd.,Trisul Securities & Invt. Ltd.,2026-04-09 14:39:51.777626,Chhyangdi Hydropower Ltd.
2026040904023336,CHL,56,40,100,303.3,30330.0,2026-04-09,185851018,2766,Sri Hari Securities Pvt. Ltd.,Creative Securities Pvt Ltd,2026-04-09 14:39:51.777679,Chhyangdi Hydropower Ltd.
2026040904023346,CHL,56,3,400,303.3,121320.0,2026-04-09,185851104,2766,Sri Hari Securities Pvt. Ltd.,Arun Securities (PVT) Ltd.,2026-04-09 14:39:57.422258,Chhyangdi Hydropower Ltd.
2026040904023435,CHL,56,1,30,303.9,9117.0,2026-04-09,185851500,2766,Sri Hari Securities Pvt. Ltd.,Kumari Securities Private Limited,2026-04-09 14:40:12.408510,Chhyangdi Hydropower Ltd.
2026040904023436,CHL,56,42,1000,304.0,304000.0,2026-04-09,185851502,2766,Sri Hari Securities Pvt. Ltd.,Sani Securities Company Ltd.,2026-04-09 14:40:12.408680,Chhyangdi Hydropower Ltd.
2026040904023437,CHL,56,6,200,304.0,60800.0,2026-04-09,185851504,2766,Sri Hari Securities Pvt. Ltd.,Agrawal Securities (PVT) Ltd.,2026-04-09 14:40:12.408803,Chhyangdi Hydropower Ltd.
2026040904023594,CHL,56,42,100,305.0,30500.0,2026-04-09,185852512,2766,Sri Hari Securities Pvt. Ltd.,Sani Securities Company Ltd.,2026-04-09 14:41:00.434382,Chhyangdi Hydropower Ltd.
2026040904023595,CHL,56,37,250,305.0,76250.0,2026-04-09,185852515,2766,Sri Hari Securities Pvt. Ltd.,Swarna Laxmi Securities Pvt. Ltd.,2026-04-09 14:41:00.434649,Chhyangdi Hydropower Ltd.
2026040904023660,CHL,57,75,35,305.0,10675.0,2026-04-09,185852927,2766,Aryatara Investment & Securities,N.I.M.B. Stock Markets Limited,2026-04-09 14:41:21.376251,Chhyangdi Hydropower Ltd.
2026040904023689,CHL,44,101,1500,304.0,456000.0,2026-04-09,185853071,2766,Dynamic Money Managers Securities Pvt. Ltd.,APPLE SECURITIES PRIVATE LIMITED,2026-04-09 14:41:29.609945,Chhyangdi Hydropower Ltd.
2026040904023690,CHL,44,101,500,304.0,152000.0,2026-04-09,185853072,2766,Dynamic Money Managers Securities Pvt. Ltd.,APPLE SECURITIES PRIVATE LIMITED,2026-04-09 14:41:29.610188,Chhyangdi Hydropower Ltd.
2026040904023697,CHL,56,75,187,305.0,57035.0,2026-04-09,185853115,2766,Sri Hari Securities Pvt. Ltd.,N.I.M.B. Stock Markets Limited,2026-04-09 14:41:33.908980,Chhyangdi Hydropower Ltd.
2026040904023710,CHL,44,3,1000,304.0,304000.0,2026-04-09,185853193,2766,Dynamic Money Managers Securities Pvt. Ltd.,Arun Securities (PVT) Ltd.,2026-04-09 14:41:36.394044,Chhyangdi Hydropower Ltd.
2026040904023711,CHL,44,3,710,304.0,215840.0,2026-04-09,185853194,2766,Dynamic Money Managers Securities Pvt. Ltd.,Arun Securities (PVT) Ltd.,2026-04-09 14:41:36.394181,Chhyangdi Hydropower Ltd.
2026040904023848,CHL,56,25,35,305.0,10675.0,2026-04-09,185853919,2766,Sri Hari Securities Pvt. Ltd.,Sweta Securities Private Limited,2026-04-09 14:42:17.338459,Chhyangdi Hydropower Ltd.
2026040904024561,CHL,42,6,100,304.5,30450.0,2026-04-09,185858248,2766,Sani Securities Company Ltd.,Agrawal Securities (PVT) Ltd.,2026-04-09 14:45:57.897940,Chhyangdi Hydropower Ltd.
2026040904024562,CHL,42,25,265,305.0,80825.0,2026-04-09,185858250,2766,Sani Securities Company Ltd.,Sweta Securities Private Limited,2026-04-09 14:45:57.898076,Chhyangdi Hydropower Ltd.
2026040904024563,CHL,42,32,435,305.0,132675.0,2026-04-09,185858253,2766,Sani Securities Company Ltd.,Premier Securities Company Ltd.,2026-04-09 14:45:57.898136,Chhyangdi Hydropower Ltd.
2026040904024742,CHL,52,8,20,304.2,6084.0,2026-04-09,185859285,2766,Sundhara Securities Limited,Brilliant Securities Pvt. Ltd.,2026-04-09 14:46:53.801871,Chhyangdi Hydropower Ltd.
2026040904024743,CHL,44,8,480,304.0,145920.0,2026-04-09,185859286,2766,Dynamic Money Managers Securities Pvt. Ltd.,Brilliant Securities Pvt. Ltd.,2026-04-09 14:46:53.802024,Chhyangdi Hydropower Ltd.
2026040904024792,CHL,44,29,310,304.0,94240.0,2026-04-09,185859599,2766,Dynamic Money Managers Securities Pvt. Ltd.,Trisul Securities & Invt. Ltd.,2026-04-09 14:47:06.815656,Chhyangdi Hydropower Ltd.
2026040904025035,CHL,43,32,10,305.0,3050.0,2026-04-09,185860963,2766,South Asian Bulls Pvt. Ltd.,Premier Securities Company Ltd.,2026-04-09 14:48:03.668673,Chhyangdi Hydropower Ltd.
2026040904025267,CHL,42,32,11,303.0,3333.0,2026-04-09,185862167,2766,Sani Securities Company Ltd.,Premier Securities Company Ltd.,2026-04-09 14:49:00.285165,Chhyangdi Hydropower Ltd.
2026040904025693,CHL,42,58,60,303.0,18180.0,2026-04-09,185864603,2766,Sani Securities Company Ltd.,Naasa Securities Co. Ltd.,2026-04-09 14:50:32.878382,Chhyangdi Hydropower Ltd.
2026040904025694,CHL,32,58,50,303.0,15150.0,2026-04-09,185864604,2766,Premier Securities Company Ltd.,Naasa Securities Co. Ltd.,2026-04-09 14:50:32.878535,Chhyangdi Hydropower Ltd.
2026040904026640,CHL,62,42,10,303.0,3030.0,2026-04-09,185870825,2766,Capital Max Securities Ltd,Sani Securities Company Ltd.,2026-04-09 14:54:45.634045,Chhyangdi Hydropower Ltd.
2026040904026944,CHL,7,34,300,301.3,90390.0,2026-04-09,185872332,2766,J.F. Securites (PVT) Ltd.,Vision Securities Pvt. Ltd,2026-04-09 14:55:36.789553,Chhyangdi Hydropower Ltd.
2026040904026961,CHL,7,61,10,301.3,3013.0,2026-04-09,185872418,2766,J.F. Securites (PVT) Ltd.,BHOLE GANESH SECURITIES LTD,2026-04-09 14:55:39.518627,Chhyangdi Hydropower Ltd.
2026040904027325,CHL,7,50,100,301.3,30130.0,2026-04-09,185874056,2766,J.F. Securites (PVT) Ltd.,Cristal Kanchanjanga Securites Pvt. Ltd.,2026-04-09 14:56:20.780771,Chhyangdi Hydropower Ltd.
2026040904027439,CHL,35,54,10,303.0,3030.0,2026-04-09,185874877,2766,Kohinoor Investment & Securities Pvt. Ltd.,Sewa Securities Pvt. Ltd.,2026-04-09 14:56:41.528074,Chhyangdi Hydropower Ltd.
2026040904027833,CHL,44,101,150,302.0,45300.0,2026-04-09,185877046,2766,Dynamic Money Managers Securities Pvt. Ltd.,APPLE SECURITIES PRIVATE LIMITED,2026-04-09 14:57:39.161201,Chhyangdi Hydropower Ltd.
2026040904027897,CHL,44,43,30,302.0,9060.0,2026-04-09,185877352,2766,Dynamic Money Managers Securities Pvt. Ltd.,South Asian Bulls Pvt. Ltd.,2026-04-09 14:57:46.321448,Chhyangdi Hydropower Ltd.
2026040904027911,CHL,44,32,55,302.0,16610.0,2026-04-09,185877468,2766,Dynamic Money Managers Securities Pvt. Ltd.,Premier Securities Company Ltd.,2026-04-09 14:57:49.037831,Chhyangdi Hydropower Ltd.
2026040904027965,CHL,44,32,1000,302.0,302000.0,2026-04-09,185877820,2766,Dynamic Money Managers Securities Pvt. Ltd.,Premier Securities Company Ltd.,2026-04-09 14:58:01.537401,Chhyangdi Hydropower Ltd.
2026040904027996,CHL,26,54,990,303.0,299970.0,2026-04-09,185877972,2766,Asian Securities Private Ltd.,Sewa Securities Pvt. Ltd.,2026-04-09 14:58:03.884505,Chhyangdi Hydropower Ltd.
2026040904027997,CHL,26,26,10,303.0,3030.0,2026-04-09,185877975,2766,Asian Securities Private Ltd.,Asian Securities Private Ltd.,2026-04-09 14:58:03.884651,Chhyangdi Hydropower Ltd.
2026040904028095,CHL,26,26,90,303.0,27270.0,2026-04-09,185878434,2766,Asian Securities Private Ltd.,Asian Securities Private Ltd.,2026-04-09 14:58:14.764238,Chhyangdi Hydropower Ltd.
2026040904028096,CHL,26,57,380,303.0,115140.0,2026-04-09,185878436,2766,Asian Securities Private Ltd.,Aryatara Investment & Securities,2026-04-09 14:58:14.764271,Chhyangdi Hydropower Ltd.
2026040904028097,CHL,26,41,30,303.0,9090.0,2026-04-09,185878439,2766,Asian Securities Private Ltd.,Linch Stock Market Ltd.,2026-04-09 14:58:14.764300,Chhyangdi Hydropower Ltd.
2026040904028108,CHL,39,41,170,303.0,51510.0,2026-04-09,185878534,2766,Sumeru Securities Pvt. Ltd.,Linch Stock Market Ltd.,2026-04-09 14:58:16.916859,Chhyangdi Hydropower Ltd.
2026040904028383,CHL,26,74,100,304.0,30400.0,2026-04-09,185880505,2766,Asian Securities Private Ltd.,KALASH STOCK MARKET PVT. LTD.,2026-04-09 14:59:03.094034,Chhyangdi Hydropower Ltd.
2026040904028384,CHL,26,48,305,304.0,92720.0,2026-04-09,185880507,2766,Asian Securities Private Ltd.,Trishakti Securities Public Limited,2026-04-09 14:59:03.094073,Chhyangdi Hydropower Ltd.
2026040904028385,CHL,26,32,95,304.8,28956.0,2026-04-09,185880512,2766,Asian Securities Private Ltd.,Premier Securities Company Ltd.,2026-04-09 14:59:03.094103,Chhyangdi Hydropower Ltd.
2026040904028466,CHL,58,5,100,304.0,30400.0,2026-04-09,185881068,2766,Naasa Securities Co. Ltd.,Market Securities & Exchange (PVT) Ltd.,2026-04-09 14:59:14.537069,Chhyangdi Hydropower Ltd.
2026040904028604,CHL,58,32,23,304.8,7010.4,2026-04-09,185882099,2766,Naasa Securities Co. Ltd.,Premier Securities Company Ltd.,2026-04-09 14:59:28.237711,Chhyangdi Hydropower Ltd.
2026040904028710,CHL,39,58,200,303.0,60600.0,2026-04-09,185882883,2766,Sumeru Securities Pvt. Ltd.,Naasa Securities Co. Ltd.,2026-04-09 14:59:38.549641,Chhyangdi Hydropower Ltd.
2026040904028833,CHL,39,32,500,303.0,151500.0,2026-04-09,185883640,2766,Sumeru Securities Pvt. Ltd.,Premier Securities Company Ltd.,2026-04-09 14:59:47.964193,Chhyangdi Hydropower Ltd.
2026040904028900,CHL,43,1,10,304.0,3040.0,2026-04-09,185884115,2766,South Asian Bulls Pvt. Ltd.,Kumari Securities Private Limited,2026-04-09 14:59:52.927307,Chhyangdi Hydropower Ltd.
2026040904028927,CHL,14,1,90,304.0,27360.0,2026-04-09,185884216,2766,Nepal Stock House (PVT) Ltd.,Kumari Securities Private Limited,2026-04-09 14:59:53.707358,Chhyangdi Hydropower Ltd.
2026040904028928,CHL,14,38,50,304.0,15200.0,2026-04-09,185884218,2766,Nepal Stock House (PVT) Ltd.,Dipshikha Dhitopatra Karobar Co. Pvt Ltd.,2026-04-09 14:59:53.707498,Chhyangdi Hydropower Ltd.
2026040904028929,CHL,14,57,300,304.5,91350.0,2026-04-09,185884220,2766,Nepal Stock House (PVT) Ltd.,Aryatara Investment & Securities,2026-04-09 14:59:53.707566,Chhyangdi Hydropower Ltd.
2026040904028930,CHL,14,32,60,304.8,18288.0,2026-04-09,185884223,2766,Nepal Stock House (PVT) Ltd.,Premier Securities Company Ltd.,2026-04-09 14:59:53.707625,Chhyangdi Hydropower Ltd.
