contract_id,symbol,buyer_member_id,seller_member_id,volume,price,amount,buyer_broker,seller_broker,transaction_time
2026040904000007,HDHPC,50,45,10,231.0,2310.0,Cristal Kanchanjanga Securites Pvt. Ltd.,Imperial Securities Company Pvt. Ltd.,2026-04-09 10:46:00.052921
2026040904000021,HDHPC,36,17,10,229.0,2290.0,Secured Securities Ltd.,ABC Securities Private Limited,2026-04-09 11:00:36.178241
2026040904000025,HDHPC,36,64,990,229.0,226710.0,Secured Securities Ltd.,SUN SECURITIES PVT LTD,2026-04-09 11:00:39.801215
2026040904000056,HDHPC,42,51,80,229.0,18320.0,Sani Securities Company Ltd.,Oxford Securities Pvt. Ltd.,2026-04-09 11:01:41.002543
2026040904000070,HDHPC,25,51,70,229.0,16030.0,Sweta Securities Private Limited,Oxford Securities Pvt. Ltd.,2026-04-09 11:02:15.212675
2026040904000071,HDHPC,58,6,10,227.0,2270.0,Naasa Securities Co. Ltd.,Agrawal Securities (PVT) Ltd.,2026-04-09 11:02:16.732947
2026040904000072,HDHPC,48,6,85,225.0,19125.0,Trishakti Securities Public Limited,Agrawal Securities (PVT) Ltd.,2026-04-09 11:02:16.733012
2026040904000073,HDHPC,1,41,300,229.0,68700.0,Kumari Securities Private Limited,Linch Stock Market Ltd.,2026-04-09 11:02:17.114032
2026040904000106,HDHPC,1,100,1700,229.0,389300.0,Kumari Securities Private Limited,Sunrise Securities Limited,2026-04-09 11:02:48.460844
2026040904000108,HDHPC,21,100,300,229.0,68700.0,Midas Stock Broking Company Private Limited,Sunrise Securities Limited,2026-04-09 11:02:51.726084
2026040904000125,HDHPC,21,51,300,229.0,68700.0,Midas Stock Broking Company Private Limited,Oxford Securities Pvt. Ltd.,2026-04-09 11:03:22.894019
2026040904000129,HDHPC,21,50,250,229.0,57250.0,Midas Stock Broking Company Private Limited,Cristal Kanchanjanga Securites Pvt. Ltd.,2026-04-09 11:03:28.000757
2026040904000141,HDHPC,21,43,100,229.0,22900.0,Midas Stock Broking Company Private Limited,South Asian Bulls Pvt. Ltd.,2026-04-09 11:03:40.401990
2026040904000150,HDHPC,21,50,400,229.0,91600.0,Midas Stock Broking Company Private Limited,Cristal Kanchanjanga Securites Pvt. Ltd.,2026-04-09 11:03:48.301844
2026040904000171,HDHPC,21,42,2650,229.0,606850.0,Midas Stock Broking Company Private Limited,Sani Securities Company Ltd.,2026-04-09 11:03:56.171599
2026040904000172,HDHPC,41,42,30,229.0,6870.0,Linch Stock Market Ltd.,Sani Securities Company Ltd.,2026-04-09 11:03:56.171703
2026040904000173,HDHPC,58,42,500,229.0,114500.0,Naasa Securities Co. Ltd.,Sani Securities Company Ltd.,2026-04-09 11:03:56.171742
2026040904000342,HDHPC,58,34,10,228.0,2280.0,Naasa Securities Co. Ltd.,Vision Securities Pvt. Ltd,2026-04-09 11:06:35.652682
2026040904000353,HDHPC,44,48,100,229.0,22900.0,Dynamic Money Managers Securities Pvt. Ltd.,Trishakti Securities Public Limited,2026-04-09 11:06:37.484081
2026040904000494,HDHPC,25,48,100,227.0,22700.0,Sweta Securities Private Limited,Trishakti Securities Public Limited,2026-04-09 11:08:11.699667
2026040904000495,HDHPC,7,48,155,227.0,35185.0,J.F. Securites (PVT) Ltd.,Trishakti Securities Public Limited,2026-04-09 11:08:11.699765
2026040904000497,HDHPC,58,35,30,228.4,6852.0,Naasa Securities Co. Ltd.,Kohinoor Investment & Securities Pvt. Ltd.,2026-04-09 11:08:13.519821
2026040904000582,HDHPC,7,45,845,227.0,191815.0,J.F. Securites (PVT) Ltd.,Imperial Securities Company Pvt. Ltd.,2026-04-09 11:08:59.020388
2026040904000583,HDHPC,42,45,155,227.0,35185.0,Sani Securities Company Ltd.,Imperial Securities Company Pvt. Ltd.,2026-04-09 11:08:59.020534
2026040904000607,HDHPC,42,60,65,227.0,14755.0,Sani Securities Company Ltd.,Nagarik Stock Dealer ,2026-04-09 11:09:10.905457
2026040904000608,HDHPC,14,60,500,226.0,113000.0,Nepal Stock House (PVT) Ltd.,Nagarik Stock Dealer ,2026-04-09 11:09:10.905518
2026040904000609,HDHPC,32,60,500,226.0,113000.0,Premier Securities Company Ltd.,Nagarik Stock Dealer ,2026-04-09 11:09:10.905550
2026040904000610,HDHPC,44,60,1500,225.3,337950.0,Dynamic Money Managers Securities Pvt. Ltd.,Nagarik Stock Dealer ,2026-04-09 11:09:10.905580
2026040904000611,HDHPC,84,60,1000,225.2,225200.0,MILKY WAY SHARE BROKER COMPANY LTD ,Nagarik Stock Dealer ,2026-04-09 11:09:10.905608
2026040904000612,HDHPC,99,60,1000,225.1,225100.0,Prabhu Stock Market Limited,Nagarik Stock Dealer ,2026-04-09 11:09:10.905655
2026040904000613,HDHPC,22,60,150,225.1,33765.0,Siprabi Securities Pvt. Ltd.,Nagarik Stock Dealer ,2026-04-09 11:09:10.905676
2026040904000614,HDHPC,99,60,1000,225.1,225100.0,Prabhu Stock Market Limited,Nagarik Stock Dealer ,2026-04-09 11:09:10.905717
2026040904000615,HDHPC,48,60,135,225.0,30375.0,Trishakti Securities Public Limited,Nagarik Stock Dealer ,2026-04-09 11:09:10.905757
2026040904000616,HDHPC,81,60,1000,225.0,225000.0,Aakashbhairab Securities Ltd.,Nagarik Stock Dealer ,2026-04-09 11:09:10.905778
2026040904000617,HDHPC,40,60,20,225.0,4500.0,Creative Securities Pvt Ltd,Nagarik Stock Dealer ,2026-04-09 11:09:10.905795
2026040904000618,HDHPC,96,60,1000,225.0,225000.0,Himalayan Securities Limited,Nagarik Stock Dealer ,2026-04-09 11:09:10.905813
2026040904000619,HDHPC,21,60,10,225.0,2250.0,Midas Stock Broking Company Private Limited,Nagarik Stock Dealer ,2026-04-09 11:09:10.905832
2026040904000620,HDHPC,92,60,120,225.0,27000.0,Roadshow securities limited,Nagarik Stock Dealer ,2026-04-09 11:09:10.905850
2026040904000636,HDHPC,92,42,280,225.0,63000.0,Roadshow securities limited,Sani Securities Company Ltd.,2026-04-09 11:09:18.575524
2026040904000637,HDHPC,37,42,300,225.0,67500.0,Swarna Laxmi Securities Pvt. Ltd.,Sani Securities Company Ltd.,2026-04-09 11:09:18.575577
2026040904000638,HDHPC,75,42,500,225.0,112500.0,N.I.M.B. Stock Markets Limited,Sani Securities Company Ltd.,2026-04-09 11:09:18.575601
2026040904000639,HDHPC,22,42,1510,225.0,339750.0,Siprabi Securities Pvt. Ltd.,Sani Securities Company Ltd.,2026-04-09 11:09:18.575624
2026040904000640,HDHPC,22,42,90,225.0,20250.0,Siprabi Securities Pvt. Ltd.,Sani Securities Company Ltd.,2026-04-09 11:09:18.575643
2026040904000641,HDHPC,14,42,1000,225.0,225000.0,Nepal Stock House (PVT) Ltd.,Sani Securities Company Ltd.,2026-04-09 11:09:18.575693
2026040904000642,HDHPC,28,42,888,225.0,199800.0,Shree Krishna Securities Ltd.,Sani Securities Company Ltd.,2026-04-09 11:09:18.575728
2026040904000643,HDHPC,78,42,200,225.0,45000.0,Garima Securities Limited,Sani Securities Company Ltd.,2026-04-09 11:09:18.575752
2026040904000644,HDHPC,26,42,1000,225.0,225000.0,Asian Securities Private Ltd.,Sani Securities Company Ltd.,2026-04-09 11:09:18.575775
2026040904000645,HDHPC,41,42,500,224.6,112300.0,Linch Stock Market Ltd.,Sani Securities Company Ltd.,2026-04-09 11:09:18.575801
2026040904000646,HDHPC,8,42,300,224.5,67350.0,Brilliant Securities Pvt. Ltd.,Sani Securities Company Ltd.,2026-04-09 11:09:18.575824
2026040904000647,HDHPC,39,42,252,224.5,56574.0,Sumeru Securities Pvt. Ltd.,Sani Securities Company Ltd.,2026-04-09 11:09:18.575850
2026040904000782,HDHPC,68,3,10,226.0,2260.0,Elite Stock House Limited,Arun Securities (PVT) Ltd.,2026-04-09 11:10:34.254214
2026040904000783,HDHPC,58,3,1000,225.0,225000.0,Naasa Securities Co. Ltd.,Arun Securities (PVT) Ltd.,2026-04-09 11:10:34.254346
2026040904000784,HDHPC,99,3,1000,224.6,224600.0,Prabhu Stock Market Limited,Arun Securities (PVT) Ltd.,2026-04-09 11:10:34.254397
2026040904000785,HDHPC,57,3,180,224.6,40428.0,Aryatara Investment & Securities,Arun Securities (PVT) Ltd.,2026-04-09 11:10:34.254443
2026040904000813,HDHPC,16,13,400,228.0,91200.0,Primo Securities (PVT) Ltd.,Thrive Brokerage House Pvt. Ltd,2026-04-09 11:10:57.472628
2026040904000843,HDHPC,57,44,820,224.6,184172.0,Aryatara Investment & Securities,Dynamic Money Managers Securities Pvt. Ltd.,2026-04-09 11:11:09.034393
2026040904000844,HDHPC,14,44,300,224.5,67350.0,Nepal Stock House (PVT) Ltd.,Dynamic Money Managers Securities Pvt. Ltd.,2026-04-09 11:11:09.034488
2026040904000845,HDHPC,20,44,80,224.5,17960.0,Sipla Securities Private Limited,Dynamic Money Managers Securities Pvt. Ltd.,2026-04-09 11:11:09.034536
2026040904001019,HDHPC,7,58,200,225.0,45000.0,J.F. Securites (PVT) Ltd.,Naasa Securities Co. Ltd.,2026-04-09 11:13:10.689599
2026040904001061,HDHPC,92,57,300,225.1,67530.0,Roadshow securities limited,Aryatara Investment & Securities,2026-04-09 11:14:09.179127
2026040904001062,HDHPC,28,57,200,225.1,45020.0,Shree Krishna Securities Ltd.,Aryatara Investment & Securities,2026-04-09 11:14:09.179212
2026040904001066,HDHPC,62,101,10,226.0,2260.0,Capital Max Securities Ltd,APPLE SECURITIES PRIVATE LIMITED,2026-04-09 11:14:13.391829
2026040904001080,HDHPC,35,101,990,226.0,223740.0,Kohinoor Investment & Securities Pvt. Ltd.,APPLE SECURITIES PRIVATE LIMITED,2026-04-09 11:14:27.873499
2026040904001113,HDHPC,21,21,325,226.9,73742.5,Midas Stock Broking Company Private Limited,Midas Stock Broking Company Private Limited,2026-04-09 11:14:47.269930
2026040904001208,HDHPC,53,21,25,226.9,5672.5,Investment Management Nepal Pvt. Ltd.,Midas Stock Broking Company Private Limited,2026-04-09 11:16:16.030702
2026040904001300,HDHPC,45,54,310,227.5,70525.0,Imperial Securities Company Pvt. Ltd.,Sewa Securities Pvt. Ltd.,2026-04-09 11:16:56.737148
2026040904001301,HDHPC,45,44,500,227.9,113950.0,Imperial Securities Company Pvt. Ltd.,Dynamic Money Managers Securities Pvt. Ltd.,2026-04-09 11:16:56.737274
2026040904001302,HDHPC,45,13,100,228.0,22800.0,Imperial Securities Company Pvt. Ltd.,Thrive Brokerage House Pvt. Ltd,2026-04-09 11:16:56.737356
2026040904001303,HDHPC,45,48,380,228.0,86640.0,Imperial Securities Company Pvt. Ltd.,Trishakti Securities Public Limited,2026-04-09 11:16:56.737455
2026040904001304,HDHPC,45,41,710,228.0,161880.0,Imperial Securities Company Pvt. Ltd.,Linch Stock Market Ltd.,2026-04-09 11:16:56.737622
2026040904001325,HDHPC,99,41,2000,228.0,456000.0,Prabhu Stock Market Limited,Linch Stock Market Ltd.,2026-04-09 11:17:06.491166
2026040904001401,HDHPC,87,49,500,228.2,114100.0,S.P.S.A. Securities Limited,Online Securities Pvt. Ltd.,2026-04-09 11:17:38.040157
2026040904001414,HDHPC,36,35,20,228.4,4568.0,Secured Securities Ltd.,Kohinoor Investment & Securities Pvt. Ltd.,2026-04-09 11:17:47.397499
2026040904001415,HDHPC,36,44,1000,228.5,228500.0,Secured Securities Ltd.,Dynamic Money Managers Securities Pvt. Ltd.,2026-04-09 11:17:47.397648
2026040904001433,HDHPC,53,19,500,228.9,114450.0,Investment Management Nepal Pvt. Ltd.,Nepal Investment And Securities Trading Private Limited,2026-04-09 11:17:57.974984
2026040904001434,HDHPC,53,42,13,228.9,2975.7,Investment Management Nepal Pvt. Ltd.,Sani Securities Company Ltd.,2026-04-09 11:17:57.975268
2026040904001435,HDHPC,53,56,500,229.0,114500.0,Investment Management Nepal Pvt. Ltd.,Sri Hari Securities Pvt. Ltd.,2026-04-09 11:17:57.975504
2026040904001436,HDHPC,53,64,11,229.0,2519.0,Investment Management Nepal Pvt. Ltd.,SUN SECURITIES PVT LTD,2026-04-09 11:17:57.975672
2026040904001437,HDHPC,53,42,1000,229.0,229000.0,Investment Management Nepal Pvt. Ltd.,Sani Securities Company Ltd.,2026-04-09 11:17:57.975844
2026040904001438,HDHPC,53,34,700,229.0,160300.0,Investment Management Nepal Pvt. Ltd.,Vision Securities Pvt. Ltd,2026-04-09 11:17:57.976012
2026040904001439,HDHPC,53,41,1251,229.0,286479.0,Investment Management Nepal Pvt. Ltd.,Linch Stock Market Ltd.,2026-04-09 11:17:57.976170
2026040904001444,HDHPC,36,46,480,228.5,109680.0,Secured Securities Ltd.,Kalika Securities Pvt. Ltd.,2026-04-09 11:18:02.802066
2026040904001445,HDHPC,59,46,20,228.5,4570.0,Deevyaa Securities & Stock House Pvt. Ltd,Kalika Securities Pvt. Ltd.,2026-04-09 11:18:02.802213
2026040904001506,HDHPC,56,41,703,229.0,160987.0,Sri Hari Securities Pvt. Ltd.,Linch Stock Market Ltd.,2026-04-09 11:18:32.749455
2026040904001507,HDHPC,56,48,200,229.5,45900.0,Sri Hari Securities Pvt. Ltd.,Trishakti Securities Public Limited,2026-04-09 11:18:32.749789
2026040904001508,HDHPC,56,17,1000,229.5,229500.0,Sri Hari Securities Pvt. Ltd.,ABC Securities Private Limited,2026-04-09 11:18:32.749995
2026040904001509,HDHPC,56,44,500,229.5,114750.0,Sri Hari Securities Pvt. Ltd.,Dynamic Money Managers Securities Pvt. Ltd.,2026-04-09 11:18:32.750198
2026040904001510,HDHPC,56,32,97,229.8,22290.6,Sri Hari Securities Pvt. Ltd.,Premier Securities Company Ltd.,2026-04-09 11:18:32.750402
2026040904001521,HDHPC,58,32,103,229.8,23669.4,Naasa Securities Co. Ltd.,Premier Securities Company Ltd.,2026-04-09 11:18:43.838182
2026040904001546,HDHPC,58,19,250,229.9,57475.0,Naasa Securities Co. Ltd.,Nepal Investment And Securities Trading Private Limited,2026-04-09 11:19:00.263543
2026040904001551,HDHPC,91,19,250,229.9,57475.0,Citizens Share Broker Limited,Nepal Investment And Securities Trading Private Limited,2026-04-09 11:19:16.327640
2026040904001552,HDHPC,91,1,11,230.0,2530.0,Citizens Share Broker Limited,Kumari Securities Private Limited,2026-04-09 11:19:16.327780
2026040904001553,HDHPC,91,49,239,230.0,54970.0,Citizens Share Broker Limited,Online Securities Pvt. Ltd.,2026-04-09 11:19:16.327847
2026040904001564,HDHPC,49,49,50,230.0,11500.0,Online Securities Pvt. Ltd.,Online Securities Pvt. Ltd.,2026-04-09 11:19:28.512974
2026040904001585,HDHPC,49,49,130,230.0,29900.0,Online Securities Pvt. Ltd.,Online Securities Pvt. Ltd.,2026-04-09 11:19:47.794387
2026040904001587,HDHPC,36,49,581,230.0,133630.0,Secured Securities Ltd.,Online Securities Pvt. Ltd.,2026-04-09 11:19:49.717836
2026040904001588,HDHPC,36,49,1200,230.0,276000.0,Secured Securities Ltd.,Online Securities Pvt. Ltd.,2026-04-09 11:19:49.717995
2026040904001602,HDHPC,36,32,219,230.0,50370.0,Secured Securities Ltd.,Premier Securities Company Ltd.,2026-04-09 11:19:58.361166
2026040904001603,HDHPC,62,32,10,230.0,2300.0,Capital Max Securities Ltd,Premier Securities Company Ltd.,2026-04-09 11:19:58.361330
2026040904001688,HDHPC,58,32,508,230.0,116840.0,Naasa Securities Co. Ltd.,Premier Securities Company Ltd.,2026-04-09 11:21:02.427682
2026040904001724,HDHPC,65,29,950,229.8,218310.0,Sharepro Securities Private Limited,Trisul Securities & Invt. Ltd.,2026-04-09 11:21:19.076018
2026040904001725,HDHPC,65,32,50,230.0,11500.0,Sharepro Securities Private Limited,Premier Securities Company Ltd.,2026-04-09 11:21:19.076203
2026040904001769,HDHPC,58,32,500,230.0,115000.0,Naasa Securities Co. Ltd.,Premier Securities Company Ltd.,2026-04-09 11:21:46.846376
2026040904001889,HDHPC,58,32,100,230.0,23000.0,Naasa Securities Co. Ltd.,Premier Securities Company Ltd.,2026-04-09 11:22:23.016228
2026040904001941,HDHPC,59,58,10,228.3,2283.0,Deevyaa Securities & Stock House Pvt. Ltd,Naasa Securities Co. Ltd.,2026-04-09 11:22:56.141134
2026040904001944,HDHPC,58,32,30,230.0,6900.0,Naasa Securities Co. Ltd.,Premier Securities Company Ltd.,2026-04-09 11:23:02.926307
2026040904001982,HDHPC,59,57,90,228.3,20547.0,Deevyaa Securities & Stock House Pvt. Ltd,Aryatara Investment & Securities,2026-04-09 11:23:36.373999
2026040904001983,HDHPC,58,57,1000,228.3,228300.0,Naasa Securities Co. Ltd.,Aryatara Investment & Securities,2026-04-09 11:23:36.374301
2026040904001984,HDHPC,68,57,3660,228.2,835212.0,Elite Stock House Limited,Aryatara Investment & Securities,2026-04-09 11:23:36.374516
2026040904002010,HDHPC,91,32,83,230.0,19090.0,Citizens Share Broker Limited,Premier Securities Company Ltd.,2026-04-09 11:23:50.449924
2026040904002011,HDHPC,91,45,417,230.0,95910.0,Citizens Share Broker Limited,Imperial Securities Company Pvt. Ltd.,2026-04-09 11:23:50.450087
2026040904002029,HDHPC,58,56,10,229.9,2299.0,Naasa Securities Co. Ltd.,Sri Hari Securities Pvt. Ltd.,2026-04-09 11:24:09.624299
2026040904002055,HDHPC,68,70,800,228.2,182560.0,Elite Stock House Limited,Infinity Securities Limited,2026-04-09 11:24:26.817796
2026040904002056,HDHPC,68,5,540,228.2,123228.0,Elite Stock House Limited,Market Securities & Exchange (PVT) Ltd.,2026-04-09 11:24:27.310167
2026040904002057,HDHPC,58,5,200,228.2,45640.0,Naasa Securities Co. Ltd.,Market Securities & Exchange (PVT) Ltd.,2026-04-09 11:24:27.310330
2026040904002114,HDHPC,58,5,10,228.2,2282.0,Naasa Securities Co. Ltd.,Market Securities & Exchange (PVT) Ltd.,2026-04-09 11:25:05.386454
2026040904002131,HDHPC,91,62,300,227.5,68250.0,Citizens Share Broker Limited,Capital Max Securities Ltd,2026-04-09 11:25:18.207667
2026040904002132,HDHPC,49,62,100,227.5,22750.0,Online Securities Pvt. Ltd.,Capital Max Securities Ltd,2026-04-09 11:25:18.207859
2026040904002133,HDHPC,44,62,600,227.1,136260.0,Dynamic Money Managers Securities Pvt. Ltd.,Capital Max Securities Ltd,2026-04-09 11:25:18.207935
2026040904002241,HDHPC,74,53,650,228.0,148200.0,KALASH STOCK MARKET PVT. LTD.,Investment Management Nepal Pvt. Ltd.,2026-04-09 11:26:43.797896
2026040904002318,HDHPC,74,36,4000,228.0,912000.0,KALASH STOCK MARKET PVT. LTD.,Secured Securities Ltd.,2026-04-09 11:27:29.581096
2026040904002344,HDHPC,28,5,219,228.2,49975.8,Shree Krishna Securities Ltd.,Market Securities & Exchange (PVT) Ltd.,2026-04-09 11:27:45.893174
2026040904002345,HDHPC,74,36,350,228.0,79800.0,KALASH STOCK MARKET PVT. LTD.,Secured Securities Ltd.,2026-04-09 11:27:46.224655
2026040904002346,HDHPC,4,36,650,228.0,148200.0,Opal Securities Investment (PVT) Ltd.,Secured Securities Ltd.,2026-04-09 11:27:46.224834
2026040904002356,HDHPC,45,5,31,228.2,7074.2,Imperial Securities Company Pvt. Ltd.,Market Securities & Exchange (PVT) Ltd.,2026-04-09 11:27:58.302813
2026040904002453,HDHPC,94,36,1000,228.3,228300.0,K.B.L. Securities Limited ,Secured Securities Ltd.,2026-04-09 11:29:28.761707
2026040904002473,HDHPC,45,48,100,228.1,22810.0,Imperial Securities Company Pvt. Ltd.,Trishakti Securities Public Limited,2026-04-09 11:29:53.387675
2026040904002536,HDHPC,49,41,50,228.9,11445.0,Online Securities Pvt. Ltd.,Linch Stock Market Ltd.,2026-04-09 11:30:42.753782
2026040904002561,HDHPC,20,54,100,228.8,22880.0,Sipla Securities Private Limited,Sewa Securities Pvt. Ltd.,2026-04-09 11:30:55.043371
2026040904002562,HDHPC,20,41,50,228.9,11445.0,Sipla Securities Private Limited,Linch Stock Market Ltd.,2026-04-09 11:30:55.043577
2026040904002563,HDHPC,20,80,120,228.9,27468.0,Sipla Securities Private Limited,Indira securities pvt. ltd,2026-04-09 11:30:55.043697
2026040904002565,HDHPC,53,41,1000,229.0,229000.0,Investment Management Nepal Pvt. Ltd.,Linch Stock Market Ltd.,2026-04-09 11:31:01.825694
2026040904002628,HDHPC,53,58,10,229.5,2295.0,Investment Management Nepal Pvt. Ltd.,Naasa Securities Co. Ltd.,2026-04-09 11:31:38.687406
2026040904002629,HDHPC,53,3,500,229.8,114900.0,Investment Management Nepal Pvt. Ltd.,Arun Securities (PVT) Ltd.,2026-04-09 11:31:38.687614
2026040904002630,HDHPC,53,14,50,229.9,11495.0,Investment Management Nepal Pvt. Ltd.,Nepal Stock House (PVT) Ltd.,2026-04-09 11:31:38.687705
2026040904002631,HDHPC,53,25,440,229.9,101156.0,Investment Management Nepal Pvt. Ltd.,Sweta Securities Private Limited,2026-04-09 11:31:38.687786
2026040904002674,HDHPC,45,25,249,229.9,57245.1,Imperial Securities Company Pvt. Ltd.,Sweta Securities Private Limited,2026-04-09 11:31:56.407754
2026040904002685,HDHPC,53,25,311,229.9,71498.9,Investment Management Nepal Pvt. Ltd.,Sweta Securities Private Limited,2026-04-09 11:31:57.380727
2026040904002686,HDHPC,53,45,83,230.0,19090.0,Investment Management Nepal Pvt. Ltd.,Imperial Securities Company Pvt. Ltd.,2026-04-09 11:31:57.380930
2026040904002687,HDHPC,53,44,200,230.0,46000.0,Investment Management Nepal Pvt. Ltd.,Dynamic Money Managers Securities Pvt. Ltd.,2026-04-09 11:31:57.381018
2026040904002688,HDHPC,53,22,100,230.0,23000.0,Investment Management Nepal Pvt. Ltd.,Siprabi Securities Pvt. Ltd.,2026-04-09 11:31:57.381097
2026040904002689,HDHPC,53,58,306,230.0,70380.0,Investment Management Nepal Pvt. Ltd.,Naasa Securities Co. Ltd.,2026-04-09 11:31:57.381176
2026040904002706,HDHPC,51,58,194,230.0,44620.0,Oxford Securities Pvt. Ltd.,Naasa Securities Co. Ltd.,2026-04-09 11:32:06.117179
2026040904002707,HDHPC,51,32,700,230.0,161000.0,Oxford Securities Pvt. Ltd.,Premier Securities Company Ltd.,2026-04-09 11:32:06.117561
2026040904002708,HDHPC,51,21,360,230.0,82800.0,Oxford Securities Pvt. Ltd.,Midas Stock Broking Company Private Limited,2026-04-09 11:32:06.117776
2026040904002709,HDHPC,51,57,350,230.0,80500.0,Oxford Securities Pvt. Ltd.,Aryatara Investment & Securities,2026-04-09 11:32:06.117993
2026040904002710,HDHPC,51,17,805,230.0,185150.0,Oxford Securities Pvt. Ltd.,ABC Securities Private Limited,2026-04-09 11:32:06.118218
2026040904002711,HDHPC,51,49,500,230.0,115000.0,Oxford Securities Pvt. Ltd.,Online Securities Pvt. Ltd.,2026-04-09 11:32:06.118449
2026040904002712,HDHPC,51,34,1000,230.0,230000.0,Oxford Securities Pvt. Ltd.,Vision Securities Pvt. Ltd,2026-04-09 11:32:06.118654
2026040904002724,HDHPC,65,57,450,230.5,103725.0,Sharepro Securities Private Limited,Aryatara Investment & Securities,2026-04-09 11:32:10.963811
2026040904002876,HDHPC,50,8,400,230.8,92320.0,Cristal Kanchanjanga Securites Pvt. Ltd.,Brilliant Securities Pvt. Ltd.,2026-04-09 11:33:28.974231
2026040904002915,HDHPC,71,32,50,230.9,11545.0,SHUBHAKAMANA SECURITIES PVT. LTD,Premier Securities Company Ltd.,2026-04-09 11:33:51.982030
2026040904002916,HDHPC,71,58,20,230.9,4618.0,SHUBHAKAMANA SECURITIES PVT. LTD,Naasa Securities Co. Ltd.,2026-04-09 11:33:51.982205
2026040904002917,HDHPC,71,34,1000,230.9,230900.0,SHUBHAKAMANA SECURITIES PVT. LTD,Vision Securities Pvt. Ltd,2026-04-09 11:33:51.982287
2026040904002918,HDHPC,71,32,800,231.0,184800.0,SHUBHAKAMANA SECURITIES PVT. LTD,Premier Securities Company Ltd.,2026-04-09 11:33:51.982378
2026040904002919,HDHPC,71,40,250,231.0,57750.0,SHUBHAKAMANA SECURITIES PVT. LTD,Creative Securities Pvt Ltd,2026-04-09 11:33:51.982454
2026040904002920,HDHPC,71,46,270,231.0,62370.0,SHUBHAKAMANA SECURITIES PVT. LTD,Kalika Securities Pvt. Ltd.,2026-04-09 11:33:51.982559
2026040904002921,HDHPC,71,39,30,231.0,6930.0,SHUBHAKAMANA SECURITIES PVT. LTD,Sumeru Securities Pvt. Ltd.,2026-04-09 11:33:51.982647
2026040904002922,HDHPC,71,36,2490,231.0,575190.0,SHUBHAKAMANA SECURITIES PVT. LTD,Secured Securities Ltd.,2026-04-09 11:33:51.982720
2026040904002923,HDHPC,71,43,90,231.0,20790.0,SHUBHAKAMANA SECURITIES PVT. LTD,South Asian Bulls Pvt. Ltd.,2026-04-09 11:33:51.982794
2026040904002926,HDHPC,29,49,200,230.9,46180.0,Trisul Securities & Invt. Ltd.,Online Securities Pvt. Ltd.,2026-04-09 11:33:56.070738
2026040904002956,HDHPC,34,43,150,231.0,34650.0,Vision Securities Pvt. Ltd,South Asian Bulls Pvt. Ltd.,2026-04-09 11:34:12.745050
2026040904002992,HDHPC,48,43,260,231.0,60060.0,Trishakti Securities Public Limited,South Asian Bulls Pvt. Ltd.,2026-04-09 11:34:33.954891
2026040904002993,HDHPC,48,7,1000,231.2,231200.0,Trishakti Securities Public Limited,J.F. Securites (PVT) Ltd.,2026-04-09 11:34:33.955058
2026040904002994,HDHPC,48,35,230,231.2,53176.0,Trishakti Securities Public Limited,Kohinoor Investment & Securities Pvt. Ltd.,2026-04-09 11:34:33.955136
2026040904002995,HDHPC,48,18,510,231.4,118014.0,Trishakti Securities Public Limited,Sagarmatha Securities Private Limited,2026-04-09 11:34:33.955211
2026040904003106,HDHPC,29,17,500,230.9,115450.0,Trisul Securities & Invt. Ltd.,ABC Securities Private Limited,2026-04-09 11:35:38.322719
2026040904003128,HDHPC,29,6,20,230.9,4618.0,Trisul Securities & Invt. Ltd.,Agrawal Securities (PVT) Ltd.,2026-04-09 11:35:53.547335
2026040904003129,HDHPC,29,14,50,230.9,11545.0,Trisul Securities & Invt. Ltd.,Nepal Stock House (PVT) Ltd.,2026-04-09 11:35:54.218608
2026040904003138,HDHPC,1,14,50,231.3,11565.0,Kumari Securities Private Limited,Nepal Stock House (PVT) Ltd.,2026-04-09 11:36:00.353255
2026040904003139,HDHPC,1,18,125,231.4,28925.0,Kumari Securities Private Limited,Sagarmatha Securities Private Limited,2026-04-09 11:36:00.353460
2026040904003140,HDHPC,1,92,100,231.5,23150.0,Kumari Securities Private Limited,Roadshow securities limited,2026-04-09 11:36:00.353590
2026040904003141,HDHPC,1,42,225,231.5,52087.5,Kumari Securities Private Limited,Sani Securities Company Ltd.,2026-04-09 11:36:00.353675
2026040904003142,HDHPC,26,42,30,231.5,6945.0,Asian Securities Private Ltd.,Sani Securities Company Ltd.,2026-04-09 11:36:00.554354
2026040904003237,HDHPC,19,100,500,231.0,115500.0,Nepal Investment And Securities Trading Private Limited,Sunrise Securities Limited,2026-04-09 11:36:55.297584
2026040904003238,HDHPC,35,100,200,231.0,46200.0,Kohinoor Investment & Securities Pvt. Ltd.,Sunrise Securities Limited,2026-04-09 11:36:55.297770
2026040904003249,HDHPC,42,100,300,231.0,69300.0,Sani Securities Company Ltd.,Sunrise Securities Limited,2026-04-09 11:37:09.381602
2026040904003250,HDHPC,42,70,1700,231.0,392700.0,Sani Securities Company Ltd.,Infinity Securities Limited,2026-04-09 11:37:09.381960
2026040904003251,HDHPC,81,70,300,231.0,69300.0,Aakashbhairab Securities Ltd.,Infinity Securities Limited,2026-04-09 11:37:09.414492
2026040904003291,HDHPC,29,34,230,230.9,53107.0,Trisul Securities & Invt. Ltd.,Vision Securities Pvt. Ltd,2026-04-09 11:37:23.243374
2026040904003297,HDHPC,65,48,10,230.5,2305.0,Sharepro Securities Private Limited,Trishakti Securities Public Limited,2026-04-09 11:37:29.435601
2026040904003337,HDHPC,65,100,40,230.5,9220.0,Sharepro Securities Private Limited,Sunrise Securities Limited,2026-04-09 11:37:52.363806
2026040904003338,HDHPC,45,100,200,230.1,46020.0,Imperial Securities Company Pvt. Ltd.,Sunrise Securities Limited,2026-04-09 11:37:52.364041
2026040904003339,HDHPC,51,100,504,230.0,115920.0,Oxford Securities Pvt. Ltd.,Sunrise Securities Limited,2026-04-09 11:37:52.364124
2026040904003340,HDHPC,22,100,1000,230.0,230000.0,Siprabi Securities Pvt. Ltd.,Sunrise Securities Limited,2026-04-09 11:37:52.364201
2026040904003341,HDHPC,17,100,250,230.0,57500.0,ABC Securities Private Limited,Sunrise Securities Limited,2026-04-09 11:37:52.364281
2026040904003342,HDHPC,48,100,250,230.0,57500.0,Trishakti Securities Public Limited,Sunrise Securities Limited,2026-04-09 11:37:52.364367
2026040904003343,HDHPC,77,100,100,230.0,23000.0,Nabil Stock Dealer Ltd.,Sunrise Securities Limited,2026-04-09 11:37:52.364445
2026040904003383,HDHPC,74,100,656,230.0,150880.0,KALASH STOCK MARKET PVT. LTD.,Sunrise Securities Limited,2026-04-09 11:38:16.289367
2026040904003384,HDHPC,74,34,770,230.9,177793.0,KALASH STOCK MARKET PVT. LTD.,Vision Securities Pvt. Ltd,2026-04-09 11:38:16.289575
2026040904003385,HDHPC,74,70,1500,231.0,346500.0,KALASH STOCK MARKET PVT. LTD.,Infinity Securities Limited,2026-04-09 11:38:16.289660
2026040904003386,HDHPC,74,72,2074,231.0,479094.0,KALASH STOCK MARKET PVT. LTD.,Hatemalo Financial Services Private Limited,2026-04-09 11:38:16.289742
2026040904003447,HDHPC,45,34,20,230.8,4616.0,Imperial Securities Company Pvt. Ltd.,Vision Securities Pvt. Ltd,2026-04-09 11:38:52.851606
2026040904003489,HDHPC,17,34,100,230.8,23080.0,ABC Securities Private Limited,Vision Securities Pvt. Ltd,2026-04-09 11:39:17.352711
2026040904003511,HDHPC,71,34,295,230.8,68086.0,SHUBHAKAMANA SECURITIES PVT. LTD,Vision Securities Pvt. Ltd,2026-04-09 11:39:30.011879
2026040904003512,HDHPC,71,25,1000,230.8,230800.0,SHUBHAKAMANA SECURITIES PVT. LTD,Sweta Securities Private Limited,2026-04-09 11:39:30.011938
2026040904003536,HDHPC,74,35,3000,231.0,693000.0,KALASH STOCK MARKET PVT. LTD.,Kohinoor Investment & Securities Pvt. Ltd.,2026-04-09 11:39:46.391648
2026040904003551,HDHPC,81,25,261,230.8,60238.8,Aakashbhairab Securities Ltd.,Sweta Securities Private Limited,2026-04-09 11:40:02.381427
2026040904003555,HDHPC,71,35,2000,231.0,462000.0,SHUBHAKAMANA SECURITIES PVT. LTD,Kohinoor Investment & Securities Pvt. Ltd.,2026-04-09 11:40:05.743654
2026040904003575,HDHPC,1,17,500,230.8,115400.0,Kumari Securities Private Limited,ABC Securities Private Limited,2026-04-09 11:40:19.663924
2026040904003576,HDHPC,1,63,200,231.0,46200.0,Kumari Securities Private Limited,Himalayan Brokerage Company Limited,2026-04-09 11:40:19.664140
2026040904003577,HDHPC,1,48,100,231.0,23100.0,Kumari Securities Private Limited,Trishakti Securities Public Limited,2026-04-09 11:40:19.664227
2026040904003612,HDHPC,1,45,400,231.0,92400.0,Kumari Securities Private Limited,Imperial Securities Company Pvt. Ltd.,2026-04-09 11:40:35.045014
2026040904003623,HDHPC,1,1,200,231.0,46200.0,Kumari Securities Private Limited,Kumari Securities Private Limited,2026-04-09 11:40:48.984543
2026040904003699,HDHPC,1,41,200,231.0,46200.0,Kumari Securities Private Limited,Linch Stock Market Ltd.,2026-04-09 11:41:38.072006
2026040904003710,HDHPC,1,74,100,231.0,23100.0,Kumari Securities Private Limited,KALASH STOCK MARKET PVT. LTD.,2026-04-09 11:41:50.343169
2026040904003722,HDHPC,1,34,300,231.0,69300.0,Kumari Securities Private Limited,Vision Securities Pvt. Ltd,2026-04-09 11:41:59.258793
2026040904003723,HDHPC,49,34,100,231.0,23100.0,Online Securities Pvt. Ltd.,Vision Securities Pvt. Ltd,2026-04-09 11:41:59.259038
2026040904003733,HDHPC,49,49,100,231.0,23100.0,Online Securities Pvt. Ltd.,Online Securities Pvt. Ltd.,2026-04-09 11:42:10.369257
2026040904003771,HDHPC,49,45,75,231.0,17325.0,Online Securities Pvt. Ltd.,Imperial Securities Company Pvt. Ltd.,2026-04-09 11:42:37.295071
2026040904003791,HDHPC,49,45,163,231.0,37653.0,Online Securities Pvt. Ltd.,Imperial Securities Company Pvt. Ltd.,2026-04-09 11:42:44.966082
2026040904003792,HDHPC,53,45,350,231.0,80850.0,Investment Management Nepal Pvt. Ltd.,Imperial Securities Company Pvt. Ltd.,2026-04-09 11:42:44.966335
2026040904003793,HDHPC,34,45,1000,231.0,231000.0,Vision Securities Pvt. Ltd,Imperial Securities Company Pvt. Ltd.,2026-04-09 11:42:44.966429
2026040904003794,HDHPC,28,45,115,231.0,26565.0,Shree Krishna Securities Ltd.,Imperial Securities Company Pvt. Ltd.,2026-04-09 11:42:44.966514
2026040904003795,HDHPC,54,45,50,231.0,11550.0,Sewa Securities Pvt. Ltd.,Imperial Securities Company Pvt. Ltd.,2026-04-09 11:42:45.385363
2026040904003801,HDHPC,51,45,12,231.0,2772.0,Oxford Securities Pvt. Ltd.,Imperial Securities Company Pvt. Ltd.,2026-04-09 11:42:51.829621
2026040904003819,HDHPC,50,45,1000,231.0,231000.0,Cristal Kanchanjanga Securites Pvt. Ltd.,Imperial Securities Company Pvt. Ltd.,2026-04-09 11:42:58.167244
2026040904003827,HDHPC,59,100,20,230.5,4610.0,Deevyaa Securities & Stock House Pvt. Ltd,Sunrise Securities Limited,2026-04-09 11:43:05.515018
2026040904003828,HDHPC,4,100,2500,230.2,575500.0,Opal Securities Investment (PVT) Ltd.,Sunrise Securities Limited,2026-04-09 11:43:05.515235
2026040904003829,HDHPC,57,100,10,230.1,2301.0,Aryatara Investment & Securities,Sunrise Securities Limited,2026-04-09 11:43:05.515335
2026040904003830,HDHPC,22,100,400,230.0,92000.0,Siprabi Securities Pvt. Ltd.,Sunrise Securities Limited,2026-04-09 11:43:05.515452
2026040904003831,HDHPC,65,100,70,230.0,16100.0,Sharepro Securities Private Limited,Sunrise Securities Limited,2026-04-09 11:43:05.515595
2026040904003841,HDHPC,42,100,390,230.0,89700.0,Sani Securities Company Ltd.,Sunrise Securities Limited,2026-04-09 11:43:14.221844
2026040904003842,HDHPC,4,100,1000,230.0,230000.0,Opal Securities Investment (PVT) Ltd.,Sunrise Securities Limited,2026-04-09 11:43:14.222058
2026040904003844,HDHPC,74,100,1610,230.0,370300.0,KALASH STOCK MARKET PVT. LTD.,Sunrise Securities Limited,2026-04-09 11:43:16.608497
2026040904003845,HDHPC,74,45,3390,231.0,783090.0,KALASH STOCK MARKET PVT. LTD.,Imperial Securities Company Pvt. Ltd.,2026-04-09 11:43:16.608701
2026040904003862,HDHPC,4,45,39,231.0,9009.0,Opal Securities Investment (PVT) Ltd.,Imperial Securities Company Pvt. Ltd.,2026-04-09 11:43:24.530884
2026040904003895,HDHPC,58,45,10,231.0,2310.0,Naasa Securities Co. Ltd.,Imperial Securities Company Pvt. Ltd.,2026-04-09 11:43:37.805467
2026040904003955,HDHPC,34,100,500,230.9,115450.0,Vision Securities Pvt. Ltd,Sunrise Securities Limited,2026-04-09 11:44:03.989230
2026040904003982,HDHPC,21,100,100,230.9,23090.0,Midas Stock Broking Company Private Limited,Sunrise Securities Limited,2026-04-09 11:44:20.521908
2026040904003985,HDHPC,1,100,400,230.9,92360.0,Kumari Securities Private Limited,Sunrise Securities Limited,2026-04-09 11:44:23.858448
2026040904003986,HDHPC,1,45,2600,231.0,600600.0,Kumari Securities Private Limited,Imperial Securities Company Pvt. Ltd.,2026-04-09 11:44:23.858672
2026040904004018,HDHPC,67,45,200,231.0,46200.0,Property Wiard Limited,Imperial Securities Company Pvt. Ltd.,2026-04-09 11:44:34.588026
2026040904004028,HDHPC,35,45,300,231.0,69300.0,Kohinoor Investment & Securities Pvt. Ltd.,Imperial Securities Company Pvt. Ltd.,2026-04-09 11:44:37.945941
2026040904004048,HDHPC,45,45,771,231.0,178101.0,Imperial Securities Company Pvt. Ltd.,Imperial Securities Company Pvt. Ltd.,2026-04-09 11:44:55.165994
2026040904004049,HDHPC,45,40,1000,231.0,231000.0,Imperial Securities Company Pvt. Ltd.,Creative Securities Pvt Ltd,2026-04-09 11:44:55.166449
2026040904004088,HDHPC,45,48,229,231.0,52899.0,Imperial Securities Company Pvt. Ltd.,Trishakti Securities Public Limited,2026-04-09 11:45:17.560817
2026040904004089,HDHPC,1,48,771,231.0,178101.0,Kumari Securities Private Limited,Trishakti Securities Public Limited,2026-04-09 11:45:17.561057
2026040904004096,HDHPC,1,45,500,231.0,115500.0,Kumari Securities Private Limited,Imperial Securities Company Pvt. Ltd.,2026-04-09 11:45:19.510120
2026040904004119,HDHPC,1,48,1700,231.0,392700.0,Kumari Securities Private Limited,Trishakti Securities Public Limited,2026-04-09 11:45:30.250170
2026040904004137,HDHPC,48,58,60,231.2,13872.0,Trishakti Securities Public Limited,Naasa Securities Co. Ltd.,2026-04-09 11:45:39.730359
2026040904004142,HDHPC,74,17,50,231.4,11570.0,KALASH STOCK MARKET PVT. LTD.,ABC Securities Private Limited,2026-04-09 11:45:43.665471
2026040904004143,HDHPC,74,49,100,231.5,23150.0,KALASH STOCK MARKET PVT. LTD.,Online Securities Pvt. Ltd.,2026-04-09 11:45:43.665885
2026040904004144,HDHPC,74,36,200,231.5,46300.0,KALASH STOCK MARKET PVT. LTD.,Secured Securities Ltd.,2026-04-09 11:45:43.666161
2026040904004145,HDHPC,74,8,200,231.8,46360.0,KALASH STOCK MARKET PVT. LTD.,Brilliant Securities Pvt. Ltd.,2026-04-09 11:45:43.666443
2026040904004146,HDHPC,74,34,1000,231.9,231900.0,KALASH STOCK MARKET PVT. LTD.,Vision Securities Pvt. Ltd,2026-04-09 11:45:43.666711
2026040904004147,HDHPC,74,58,150,232.0,34800.0,KALASH STOCK MARKET PVT. LTD.,Naasa Securities Co. Ltd.,2026-04-09 11:45:43.666982
2026040904004148,HDHPC,74,56,300,232.0,69600.0,KALASH STOCK MARKET PVT. LTD.,Sri Hari Securities Pvt. Ltd.,2026-04-09 11:45:43.667244
2026040904004271,HDHPC,34,26,500,232.0,116000.0,Vision Securities Pvt. Ltd,Asian Securities Private Ltd.,2026-04-09 11:46:18.147422
2026040904004272,HDHPC,48,25,50,232.0,11600.0,Trishakti Securities Public Limited,Sweta Securities Private Limited,2026-04-09 11:46:18.217627
2026040904004273,HDHPC,48,3,190,232.0,44080.0,Trishakti Securities Public Limited,Arun Securities (PVT) Ltd.,2026-04-09 11:46:18.217819
2026040904004289,HDHPC,56,3,810,232.0,187920.0,Sri Hari Securities Pvt. Ltd.,Arun Securities (PVT) Ltd.,2026-04-09 11:46:27.610770
2026040904004290,HDHPC,56,81,500,232.0,116000.0,Sri Hari Securities Pvt. Ltd.,Aakashbhairab Securities Ltd.,2026-04-09 11:46:27.610991
2026040904004321,HDHPC,1,3,29,232.5,6742.5,Kumari Securities Private Limited,Arun Securities (PVT) Ltd.,2026-04-09 11:46:44.676942
2026040904004322,HDHPC,54,3,100,232.5,23250.0,Sewa Securities Pvt. Ltd.,Arun Securities (PVT) Ltd.,2026-04-09 11:46:45.040907
2026040904004414,HDHPC,56,48,746,232.0,173072.0,Sri Hari Securities Pvt. Ltd.,Trishakti Securities Public Limited,2026-04-09 11:47:24.869203
2026040904004447,HDHPC,65,3,71,232.5,16507.5,Sharepro Securities Private Limited,Arun Securities (PVT) Ltd.,2026-04-09 11:47:36.744299
2026040904004448,HDHPC,65,39,30,232.5,6975.0,Sharepro Securities Private Limited,Sumeru Securities Pvt. Ltd.,2026-04-09 11:47:36.744567
2026040904004563,HDHPC,65,25,600,232.5,139500.0,Sharepro Securities Private Limited,Sweta Securities Private Limited,2026-04-09 11:48:14.116417
2026040904004566,HDHPC,6,25,400,232.5,93000.0,Agrawal Securities (PVT) Ltd.,Sweta Securities Private Limited,2026-04-09 11:48:15.701516
2026040904004576,HDHPC,29,41,200,232.9,46580.0,Trisul Securities & Invt. Ltd.,Linch Stock Market Ltd.,2026-04-09 11:48:22.985747
2026040904004577,HDHPC,29,26,500,232.9,116450.0,Trisul Securities & Invt. Ltd.,Asian Securities Private Ltd.,2026-04-09 11:48:22.986206
2026040904004578,HDHPC,29,29,1000,232.9,232900.0,Trisul Securities & Invt. Ltd.,Trisul Securities & Invt. Ltd.,2026-04-09 11:48:22.986520
2026040904004579,HDHPC,29,14,10,232.9,2329.0,Trisul Securities & Invt. Ltd.,Nepal Stock House (PVT) Ltd.,2026-04-09 11:48:22.986797
2026040904004580,HDHPC,29,74,100,233.0,23300.0,Trisul Securities & Invt. Ltd.,KALASH STOCK MARKET PVT. LTD.,2026-04-09 11:48:22.987083
2026040904004581,HDHPC,29,45,1000,233.0,233000.0,Trisul Securities & Invt. Ltd.,Imperial Securities Company Pvt. Ltd.,2026-04-09 11:48:22.987379
2026040904004582,HDHPC,29,42,1000,233.0,233000.0,Trisul Securities & Invt. Ltd.,Sani Securities Company Ltd.,2026-04-09 11:48:22.987634
2026040904004583,HDHPC,29,57,100,233.0,23300.0,Trisul Securities & Invt. Ltd.,Aryatara Investment & Securities,2026-04-09 11:48:22.987900
2026040904004584,HDHPC,29,25,500,233.0,116500.0,Trisul Securities & Invt. Ltd.,Sweta Securities Private Limited,2026-04-09 11:48:22.988160
2026040904004585,HDHPC,29,62,1400,233.1,326340.0,Trisul Securities & Invt. Ltd.,Capital Max Securities Ltd,2026-04-09 11:48:22.988434
2026040904004586,HDHPC,29,34,1000,233.5,233500.0,Trisul Securities & Invt. Ltd.,Vision Securities Pvt. Ltd,2026-04-09 11:48:22.988726
2026040904004587,HDHPC,29,25,1690,233.5,394615.0,Trisul Securities & Invt. Ltd.,Sweta Securities Private Limited,2026-04-09 11:48:22.988992
2026040904004608,HDHPC,59,43,200,233.0,46600.0,Deevyaa Securities & Stock House Pvt. Ltd,South Asian Bulls Pvt. Ltd.,2026-04-09 11:48:31.313873
2026040904004610,HDHPC,8,25,310,233.5,72385.0,Brilliant Securities Pvt. Ltd.,Sweta Securities Private Limited,2026-04-09 11:48:36.456785
2026040904004611,HDHPC,8,17,170,233.5,39695.0,Brilliant Securities Pvt. Ltd.,ABC Securities Private Limited,2026-04-09 11:48:36.457014
2026040904004612,HDHPC,8,70,500,233.5,116750.0,Brilliant Securities Pvt. Ltd.,Infinity Securities Limited,2026-04-09 11:48:36.457124
2026040904004613,HDHPC,8,60,220,233.5,51370.0,Brilliant Securities Pvt. Ltd.,Nagarik Stock Dealer ,2026-04-09 11:48:36.457216
2026040904004614,HDHPC,8,43,230,233.5,53705.0,Brilliant Securities Pvt. Ltd.,South Asian Bulls Pvt. Ltd.,2026-04-09 11:48:36.457305
2026040904004615,HDHPC,8,8,500,233.5,116750.0,Brilliant Securities Pvt. Ltd.,Brilliant Securities Pvt. Ltd.,2026-04-09 11:48:36.457410
2026040904004616,HDHPC,8,42,1000,234.0,234000.0,Brilliant Securities Pvt. Ltd.,Sani Securities Company Ltd.,2026-04-09 11:48:36.457504
2026040904004617,HDHPC,8,4,500,234.0,117000.0,Brilliant Securities Pvt. Ltd.,Opal Securities Investment (PVT) Ltd.,2026-04-09 11:48:36.457593
2026040904004618,HDHPC,8,62,500,234.0,117000.0,Brilliant Securities Pvt. Ltd.,Capital Max Securities Ltd,2026-04-09 11:48:36.457680
2026040904004619,HDHPC,8,13,500,234.0,117000.0,Brilliant Securities Pvt. Ltd.,Thrive Brokerage House Pvt. Ltd,2026-04-09 11:48:36.457765
2026040904004620,HDHPC,8,39,25,234.0,5850.0,Brilliant Securities Pvt. Ltd.,Sumeru Securities Pvt. Ltd.,2026-04-09 11:48:36.457847
2026040904004621,HDHPC,8,57,500,234.0,117000.0,Brilliant Securities Pvt. Ltd.,Aryatara Investment & Securities,2026-04-09 11:48:36.457927
2026040904004622,HDHPC,8,91,500,234.3,117150.0,Brilliant Securities Pvt. Ltd.,Citizens Share Broker Limited,2026-04-09 11:48:36.458016
2026040904004623,HDHPC,8,36,20,234.3,4686.0,Brilliant Securities Pvt. Ltd.,Secured Securities Ltd.,2026-04-09 11:48:36.458104
2026040904004624,HDHPC,8,91,500,234.5,117250.0,Brilliant Securities Pvt. Ltd.,Citizens Share Broker Limited,2026-04-09 11:48:36.458192
2026040904004625,HDHPC,8,42,430,234.5,100835.0,Brilliant Securities Pvt. Ltd.,Sani Securities Company Ltd.,2026-04-09 11:48:36.458273
2026040904004626,HDHPC,8,82,1000,234.6,234600.0,Brilliant Securities Pvt. Ltd.,N.M.B. SECURITIES LIMITED,2026-04-09 11:48:36.458362
2026040904004627,HDHPC,8,42,1000,234.6,234600.0,Brilliant Securities Pvt. Ltd.,Sani Securities Company Ltd.,2026-04-09 11:48:36.458447
2026040904004628,HDHPC,8,39,500,234.6,117300.0,Brilliant Securities Pvt. Ltd.,Sumeru Securities Pvt. Ltd.,2026-04-09 11:48:36.458525
2026040904004629,HDHPC,8,7,50,234.6,11730.0,Brilliant Securities Pvt. Ltd.,J.F. Securites (PVT) Ltd.,2026-04-09 11:48:36.458604
2026040904004630,HDHPC,8,28,900,234.6,211140.0,Brilliant Securities Pvt. Ltd.,Shree Krishna Securities Ltd.,2026-04-09 11:48:36.458686
2026040904004631,HDHPC,8,45,145,235.0,34075.0,Brilliant Securities Pvt. Ltd.,Imperial Securities Company Pvt. Ltd.,2026-04-09 11:48:36.458774
2026040904004636,HDHPC,51,45,235,235.0,55225.0,Oxford Securities Pvt. Ltd.,Imperial Securities Company Pvt. Ltd.,2026-04-09 11:48:39.639852
2026040904004649,HDHPC,48,59,780,234.0,182520.0,Trishakti Securities Public Limited,Deevyaa Securities & Stock House Pvt. Ltd,2026-04-09 11:48:48.510083
2026040904004651,HDHPC,48,94,100,234.0,23400.0,Trishakti Securities Public Limited,K.B.L. Securities Limited ,2026-04-09 11:48:50.971953
2026040904004674,HDHPC,48,29,120,234.0,28080.0,Trishakti Securities Public Limited,Trisul Securities & Invt. Ltd.,2026-04-09 11:49:02.767623
2026040904004675,HDHPC,53,29,880,234.0,205920.0,Investment Management Nepal Pvt. Ltd.,Trisul Securities & Invt. Ltd.,2026-04-09 11:49:02.767818
2026040904004712,HDHPC,53,96,20,234.0,4680.0,Investment Management Nepal Pvt. Ltd.,Himalayan Securities Limited,2026-04-09 11:49:10.040221
2026040904004729,HDHPC,53,96,10,234.0,2340.0,Investment Management Nepal Pvt. Ltd.,Himalayan Securities Limited,2026-04-09 11:49:18.073821
2026040904004738,HDHPC,53,59,90,234.0,21060.0,Investment Management Nepal Pvt. Ltd.,Deevyaa Securities & Stock House Pvt. Ltd,2026-04-09 11:49:23.633269
2026040904004757,HDHPC,51,59,30,234.0,7020.0,Oxford Securities Pvt. Ltd.,Deevyaa Securities & Stock House Pvt. Ltd,2026-04-09 11:49:31.815607
2026040904004758,HDHPC,51,14,10,234.8,2348.0,Oxford Securities Pvt. Ltd.,Nepal Stock House (PVT) Ltd.,2026-04-09 11:49:31.815832
2026040904004790,HDHPC,79,59,40,234.0,9360.0,pahiinvestment,Deevyaa Securities & Stock House Pvt. Ltd,2026-04-09 11:49:50.780119
2026040904004821,HDHPC,35,14,90,234.8,21132.0,Kohinoor Investment & Securities Pvt. Ltd.,Nepal Stock House (PVT) Ltd.,2026-04-09 11:50:04.364301
2026040904004822,HDHPC,35,51,300,234.9,70470.0,Kohinoor Investment & Securities Pvt. Ltd.,Oxford Securities Pvt. Ltd.,2026-04-09 11:50:04.364739
2026040904004823,HDHPC,35,50,350,234.9,82215.0,Kohinoor Investment & Securities Pvt. Ltd.,Cristal Kanchanjanga Securites Pvt. Ltd.,2026-04-09 11:50:04.364989
2026040904004824,HDHPC,35,43,200,234.9,46980.0,Kohinoor Investment & Securities Pvt. Ltd.,South Asian Bulls Pvt. Ltd.,2026-04-09 11:50:04.365269
2026040904004825,HDHPC,35,29,60,234.9,14094.0,Kohinoor Investment & Securities Pvt. Ltd.,Trisul Securities & Invt. Ltd.,2026-04-09 11:50:04.365526
2026040904004834,HDHPC,84,51,500,234.8,117400.0,MILKY WAY SHARE BROKER COMPANY LTD ,Oxford Securities Pvt. Ltd.,2026-04-09 11:50:10.920263
2026040904004835,HDHPC,84,29,940,234.9,220806.0,MILKY WAY SHARE BROKER COMPANY LTD ,Trisul Securities & Invt. Ltd.,2026-04-09 11:50:10.920507
2026040904004836,HDHPC,84,56,2000,234.9,469800.0,MILKY WAY SHARE BROKER COMPANY LTD ,Sri Hari Securities Pvt. Ltd.,2026-04-09 11:50:10.920609
2026040904004845,HDHPC,84,38,60,234.9,14094.0,MILKY WAY SHARE BROKER COMPANY LTD ,Dipshikha Dhitopatra Karobar Co. Pvt Ltd.,2026-04-09 11:50:15.728194
2026040904004931,HDHPC,54,87,100,233.2,23320.0,Sewa Securities Pvt. Ltd.,S.P.S.A. Securities Limited,2026-04-09 11:51:04.165283
2026040904004957,HDHPC,54,96,10,233.2,2332.0,Sewa Securities Pvt. Ltd.,Himalayan Securities Limited,2026-04-09 11:51:13.357678
2026040904004969,HDHPC,58,35,200,234.0,46800.0,Naasa Securities Co. Ltd.,Kohinoor Investment & Securities Pvt. Ltd.,2026-04-09 11:51:24.303287
2026040904004997,HDHPC,54,43,300,233.2,69960.0,Sewa Securities Pvt. Ltd.,South Asian Bulls Pvt. Ltd.,2026-04-09 11:51:32.679830
2026040904005027,HDHPC,57,35,780,233.3,181974.0,Aryatara Investment & Securities,Kohinoor Investment & Securities Pvt. Ltd.,2026-04-09 11:51:54.413597
2026040904005091,HDHPC,57,49,100,233.3,23330.0,Aryatara Investment & Securities,Online Securities Pvt. Ltd.,2026-04-09 11:52:15.665290
2026040904005111,HDHPC,57,96,10,233.3,2333.0,Aryatara Investment & Securities,Himalayan Securities Limited,2026-04-09 11:52:19.869731
2026040904005151,HDHPC,62,74,500,233.8,116900.0,Capital Max Securities Ltd,KALASH STOCK MARKET PVT. LTD.,2026-04-09 11:52:34.195282
2026040904005152,HDHPC,62,38,100,233.9,23390.0,Capital Max Securities Ltd,Dipshikha Dhitopatra Karobar Co. Pvt Ltd.,2026-04-09 11:52:34.195710
2026040904005167,HDHPC,38,38,900,233.9,210510.0,Dipshikha Dhitopatra Karobar Co. Pvt Ltd.,Dipshikha Dhitopatra Karobar Co. Pvt Ltd.,2026-04-09 11:52:37.493503
2026040904005169,HDHPC,38,39,15,233.9,3508.5,Dipshikha Dhitopatra Karobar Co. Pvt Ltd.,Sumeru Securities Pvt. Ltd.,2026-04-09 11:52:37.788719
2026040904005193,HDHPC,38,14,85,233.9,19881.5,Dipshikha Dhitopatra Karobar Co. Pvt Ltd.,Nepal Stock House (PVT) Ltd.,2026-04-09 11:52:50.432709
2026040904005201,HDHPC,26,14,415,233.9,97068.5,Asian Securities Private Ltd.,Nepal Stock House (PVT) Ltd.,2026-04-09 11:52:54.048460
2026040904005202,HDHPC,26,6,785,234.0,183690.0,Asian Securities Private Ltd.,Agrawal Securities (PVT) Ltd.,2026-04-09 11:52:54.048678
2026040904005252,HDHPC,59,38,580,233.9,135662.0,Deevyaa Securities & Stock House Pvt. Ltd,Dipshikha Dhitopatra Karobar Co. Pvt Ltd.,2026-04-09 11:53:06.718715
2026040904005296,HDHPC,80,38,360,233.9,84204.0,Indira securities pvt. ltd,Dipshikha Dhitopatra Karobar Co. Pvt Ltd.,2026-04-09 11:53:29.406491
2026040904005297,HDHPC,80,6,70,234.0,16380.0,Indira securities pvt. ltd,Agrawal Securities (PVT) Ltd.,2026-04-09 11:53:29.406608
2026040904005325,HDHPC,62,42,500,233.4,116700.0,Capital Max Securities Ltd,Sani Securities Company Ltd.,2026-04-09 11:53:43.299283
2026040904005381,HDHPC,91,6,190,234.0,44460.0,Citizens Share Broker Limited,Agrawal Securities (PVT) Ltd.,2026-04-09 11:54:08.070184
2026040904005382,HDHPC,91,45,500,234.0,117000.0,Citizens Share Broker Limited,Imperial Securities Company Pvt. Ltd.,2026-04-09 11:54:08.070703
2026040904005416,HDHPC,57,45,20,234.5,4690.0,Aryatara Investment & Securities,Imperial Securities Company Pvt. Ltd.,2026-04-09 11:54:16.940460
2026040904005417,HDHPC,57,8,300,234.8,70440.0,Aryatara Investment & Securities,Brilliant Securities Pvt. Ltd.,2026-04-09 11:54:16.940705
2026040904005418,HDHPC,57,42,1000,234.9,234900.0,Aryatara Investment & Securities,Sani Securities Company Ltd.,2026-04-09 11:54:16.940801
2026040904005419,HDHPC,57,3,1122,234.9,263557.8,Aryatara Investment & Securities,Arun Securities (PVT) Ltd.,2026-04-09 11:54:16.940896
2026040904005420,HDHPC,57,45,620,235.0,145700.0,Aryatara Investment & Securities,Imperial Securities Company Pvt. Ltd.,2026-04-09 11:54:16.940987
2026040904005421,HDHPC,57,58,10,235.0,2350.0,Aryatara Investment & Securities,Naasa Securities Co. Ltd.,2026-04-09 11:54:16.941080
2026040904005422,HDHPC,57,42,288,235.0,67680.0,Aryatara Investment & Securities,Sani Securities Company Ltd.,2026-04-09 11:54:16.941170
2026040904005435,HDHPC,34,42,100,235.0,23500.0,Vision Securities Pvt. Ltd,Sani Securities Company Ltd.,2026-04-09 11:54:24.050790
2026040904005472,HDHPC,36,42,985,235.0,231475.0,Secured Securities Ltd.,Sani Securities Company Ltd.,2026-04-09 11:54:48.333804
2026040904005473,HDHPC,36,41,500,235.0,117500.0,Secured Securities Ltd.,Linch Stock Market Ltd.,2026-04-09 11:54:48.334024
2026040904005474,HDHPC,36,17,200,235.0,47000.0,Secured Securities Ltd.,ABC Securities Private Limited,2026-04-09 11:54:48.334119
2026040904005475,HDHPC,36,21,100,235.0,23500.0,Secured Securities Ltd.,Midas Stock Broking Company Private Limited,2026-04-09 11:54:48.334209
2026040904005476,HDHPC,36,11,200,235.0,47000.0,Secured Securities Ltd.,Malla & Malla Stock Broking Company Pvt. Limited,2026-04-09 11:54:48.334297
2026040904005477,HDHPC,36,58,100,235.0,23500.0,Secured Securities Ltd.,Naasa Securities Co. Ltd.,2026-04-09 11:54:48.334401
2026040904005478,HDHPC,36,44,1915,235.0,450025.0,Secured Securities Ltd.,Dynamic Money Managers Securities Pvt. Ltd.,2026-04-09 11:54:48.334503
2026040904005480,HDHPC,26,26,1000,234.9,234900.0,Asian Securities Private Ltd.,Asian Securities Private Ltd.,2026-04-09 11:54:48.796686
2026040904005520,HDHPC,26,40,500,234.9,117450.0,Asian Securities Private Ltd.,Creative Securities Pvt Ltd,2026-04-09 11:55:04.776206
2026040904005525,HDHPC,54,45,500,234.9,117450.0,Sewa Securities Pvt. Ltd.,Imperial Securities Company Pvt. Ltd.,2026-04-09 11:55:05.532631
2026040904005526,HDHPC,56,44,85,235.0,19975.0,Sri Hari Securities Pvt. Ltd.,Dynamic Money Managers Securities Pvt. Ltd.,2026-04-09 11:55:05.760755
2026040904005527,HDHPC,56,50,600,235.0,141000.0,Sri Hari Securities Pvt. Ltd.,Cristal Kanchanjanga Securites Pvt. Ltd.,2026-04-09 11:55:05.761153
2026040904005528,HDHPC,56,92,100,235.0,23500.0,Sri Hari Securities Pvt. Ltd.,Roadshow securities limited,2026-04-09 11:55:05.761441
2026040904005529,HDHPC,56,33,159,235.0,37365.0,Sri Hari Securities Pvt. Ltd.,Dakshinkali Investment & Securities Pvt. Ltd.,2026-04-09 11:55:05.761699
2026040904005540,HDHPC,48,33,841,235.0,197635.0,Trishakti Securities Public Limited,Dakshinkali Investment & Securities Pvt. Ltd.,2026-04-09 11:55:12.992869
2026040904005541,HDHPC,48,43,1000,235.0,235000.0,Trishakti Securities Public Limited,South Asian Bulls Pvt. Ltd.,2026-04-09 11:55:12.992904
2026040904005542,HDHPC,48,25,21,235.0,4935.0,Trishakti Securities Public Limited,Sweta Securities Private Limited,2026-04-09 11:55:12.992929
2026040904005543,HDHPC,48,25,50,235.0,11750.0,Trishakti Securities Public Limited,Sweta Securities Private Limited,2026-04-09 11:55:12.992951
2026040904005544,HDHPC,48,58,40,235.0,9400.0,Trishakti Securities Public Limited,Naasa Securities Co. Ltd.,2026-04-09 11:55:12.992975
2026040904005545,HDHPC,48,45,200,235.1,47020.0,Trishakti Securities Public Limited,Imperial Securities Company Pvt. Ltd.,2026-04-09 11:55:12.993027
2026040904005546,HDHPC,48,54,60,235.1,14106.0,Trishakti Securities Public Limited,Sewa Securities Pvt. Ltd.,2026-04-09 11:55:12.993049
2026040904005547,HDHPC,48,32,25,235.4,5885.0,Trishakti Securities Public Limited,Premier Securities Company Ltd.,2026-04-09 11:55:12.993071
2026040904005548,HDHPC,48,26,290,235.4,68266.0,Trishakti Securities Public Limited,Asian Securities Private Ltd.,2026-04-09 11:55:12.993093
2026040904005549,HDHPC,48,7,2473,235.5,582391.5,Trishakti Securities Public Limited,J.F. Securites (PVT) Ltd.,2026-04-09 11:55:12.993116
2026040904005553,HDHPC,54,56,90,234.9,21141.0,Sewa Securities Pvt. Ltd.,Sri Hari Securities Pvt. Ltd.,2026-04-09 11:55:13.491144
2026040904005557,HDHPC,91,77,1444,234.0,337896.0,Citizens Share Broker Limited,Nabil Stock Dealer Ltd.,2026-04-09 11:55:17.556127
2026040904005558,HDHPC,34,77,500,234.0,117000.0,Vision Securities Pvt. Ltd,Nabil Stock Dealer Ltd.,2026-04-09 11:55:17.556379
2026040904005559,HDHPC,56,77,56,234.0,13104.0,Sri Hari Securities Pvt. Ltd.,Nabil Stock Dealer Ltd.,2026-04-09 11:55:17.556494
2026040904005562,HDHPC,42,56,300,234.9,70470.0,Sani Securities Company Ltd.,Sri Hari Securities Pvt. Ltd.,2026-04-09 11:55:19.467727
2026040904005568,HDHPC,68,56,1610,234.9,378189.0,Elite Stock House Limited,Sri Hari Securities Pvt. Ltd.,2026-04-09 11:55:21.639106
2026040904005606,HDHPC,68,56,390,234.9,91611.0,Elite Stock House Limited,Sri Hari Securities Pvt. Ltd.,2026-04-09 11:55:30.194480
2026040904005607,HDHPC,56,56,600,234.0,140400.0,Sri Hari Securities Pvt. Ltd.,Sri Hari Securities Pvt. Ltd.,2026-04-09 11:55:30.194711
2026040904005631,HDHPC,38,59,150,234.0,35100.0,Dipshikha Dhitopatra Karobar Co. Pvt Ltd.,Deevyaa Securities & Stock House Pvt. Ltd,2026-04-09 11:55:43.414064
2026040904005632,HDHPC,41,59,350,234.0,81900.0,Linch Stock Market Ltd.,Deevyaa Securities & Stock House Pvt. Ltd,2026-04-09 11:55:43.414297
2026040904005643,HDHPC,41,48,150,234.0,35100.0,Linch Stock Market Ltd.,Trishakti Securities Public Limited,2026-04-09 11:55:48.147210
2026040904005652,HDHPC,32,48,350,234.0,81900.0,Premier Securities Company Ltd.,Trishakti Securities Public Limited,2026-04-09 11:55:48.197057
2026040904005653,HDHPC,32,101,100,234.0,23400.0,Premier Securities Company Ltd.,APPLE SECURITIES PRIVATE LIMITED,2026-04-09 11:55:48.223998
2026040904005658,HDHPC,32,42,100,234.0,23400.0,Premier Securities Company Ltd.,Sani Securities Company Ltd.,2026-04-09 11:55:52.334632
2026040904005712,HDHPC,36,43,1000,233.9,233900.0,Secured Securities Ltd.,South Asian Bulls Pvt. Ltd.,2026-04-09 11:56:05.753728
2026040904005719,HDHPC,36,42,450,234.0,105300.0,Secured Securities Ltd.,Sani Securities Company Ltd.,2026-04-09 11:56:07.758613
2026040904005721,HDHPC,36,77,1000,233.9,233900.0,Secured Securities Ltd.,Nabil Stock Dealer Ltd.,2026-04-09 11:56:09.018540
2026040904005722,HDHPC,26,77,200,233.9,46780.0,Asian Securities Private Ltd.,Nabil Stock Dealer Ltd.,2026-04-09 11:56:09.018803
2026040904005723,HDHPC,28,34,1000,233.8,233800.0,Shree Krishna Securities Ltd.,Vision Securities Pvt. Ltd,2026-04-09 11:56:09.513073
2026040904005729,HDHPC,62,50,1000,233.7,233700.0,Capital Max Securities Ltd,Cristal Kanchanjanga Securites Pvt. Ltd.,2026-04-09 11:56:11.553199
2026040904005774,HDHPC,62,57,500,233.7,116850.0,Capital Max Securities Ltd,Aryatara Investment & Securities,2026-04-09 11:56:28.438082
2026040904005775,HDHPC,62,71,1000,233.7,233700.0,Capital Max Securities Ltd,SHUBHAKAMANA SECURITIES PVT. LTD,2026-04-09 11:56:28.875230
2026040904005801,HDHPC,21,71,100,233.6,23360.0,Midas Stock Broking Company Private Limited,SHUBHAKAMANA SECURITIES PVT. LTD,2026-04-09 11:56:35.669485
2026040904005806,HDHPC,72,71,400,233.6,93440.0,Hatemalo Financial Services Private Limited,SHUBHAKAMANA SECURITIES PVT. LTD,2026-04-09 11:56:39.405039
2026040904005853,HDHPC,72,22,10,233.6,2336.0,Hatemalo Financial Services Private Limited,Siprabi Securities Pvt. Ltd.,2026-04-09 11:56:47.715919
2026040904005921,HDHPC,72,17,590,233.6,137824.0,Hatemalo Financial Services Private Limited,ABC Securities Private Limited,2026-04-09 11:57:10.150075
2026040904005922,HDHPC,4,17,350,233.3,81655.0,Opal Securities Investment (PVT) Ltd.,ABC Securities Private Limited,2026-04-09 11:57:10.150373
2026040904005923,HDHPC,42,17,60,233.1,13986.0,Sani Securities Company Ltd.,ABC Securities Private Limited,2026-04-09 11:57:10.150499
2026040904005950,HDHPC,42,33,500,233.1,116550.0,Sani Securities Company Ltd.,Dakshinkali Investment & Securities Pvt. Ltd.,2026-04-09 11:57:14.674173
2026040904005964,HDHPC,42,71,240,233.1,55944.0,Sani Securities Company Ltd.,SHUBHAKAMANA SECURITIES PVT. LTD,2026-04-09 11:57:25.699512
2026040904005965,HDHPC,28,71,500,233.0,116500.0,Shree Krishna Securities Ltd.,SHUBHAKAMANA SECURITIES PVT. LTD,2026-04-09 11:57:25.699737
2026040904005966,HDHPC,58,71,260,233.0,60580.0,Naasa Securities Co. Ltd.,SHUBHAKAMANA SECURITIES PVT. LTD,2026-04-09 11:57:25.699840
2026040904006015,HDHPC,58,81,185,233.0,43105.0,Naasa Securities Co. Ltd.,Aakashbhairab Securities Ltd.,2026-04-09 11:57:43.461789
2026040904006016,HDHPC,14,81,105,233.0,24465.0,Nepal Stock House (PVT) Ltd.,Aakashbhairab Securities Ltd.,2026-04-09 11:57:43.462227
2026040904006017,HDHPC,58,81,50,233.0,11650.0,Naasa Securities Co. Ltd.,Aakashbhairab Securities Ltd.,2026-04-09 11:57:43.462538
2026040904006040,HDHPC,6,69,500,232.5,116250.0,Agrawal Securities (PVT) Ltd.,INDEX SECURITIES LIMITED,2026-04-09 11:57:54.124548
2026040904006085,HDHPC,6,57,100,232.5,23250.0,Agrawal Securities (PVT) Ltd.,Aryatara Investment & Securities,2026-04-09 11:58:10.499715
2026040904006086,HDHPC,58,57,100,232.1,23210.0,Naasa Securities Co. Ltd.,Aryatara Investment & Securities,2026-04-09 11:58:10.499956
2026040904006117,HDHPC,58,5,500,232.1,116050.0,Naasa Securities Co. Ltd.,Market Securities & Exchange (PVT) Ltd.,2026-04-09 11:58:29.819042
2026040904006131,HDHPC,58,94,15,232.1,3481.5,Naasa Securities Co. Ltd.,K.B.L. Securities Limited ,2026-04-09 11:58:35.476596
2026040904006143,HDHPC,58,11,500,232.1,116050.0,Naasa Securities Co. Ltd.,Malla & Malla Stock Broking Company Pvt. Limited,2026-04-09 11:58:43.681348
2026040904006164,HDHPC,58,10,267,232.1,61970.7,Naasa Securities Co. Ltd.,Pragyan Securities (PVT) Ltd.,2026-04-09 11:58:56.626192
2026040904006165,HDHPC,58,51,470,232.1,109087.0,Naasa Securities Co. Ltd.,Oxford Securities Pvt. Ltd.,2026-04-09 11:58:56.817039
2026040904006166,HDHPC,58,45,70,232.1,16247.0,Naasa Securities Co. Ltd.,Imperial Securities Company Pvt. Ltd.,2026-04-09 11:58:56.940333
2026040904006182,HDHPC,58,36,78,232.1,18103.8,Naasa Securities Co. Ltd.,Secured Securities Ltd.,2026-04-09 11:59:05.638466
2026040904006183,HDHPC,57,36,422,232.1,97946.2,Aryatara Investment & Securities,Secured Securities Ltd.,2026-04-09 11:59:05.638937
2026040904006184,HDHPC,57,7,628,232.1,145758.8,Aryatara Investment & Securities,J.F. Securites (PVT) Ltd.,2026-04-09 11:59:05.995364
2026040904006185,HDHPC,48,7,200,232.0,46400.0,Trishakti Securities Public Limited,J.F. Securites (PVT) Ltd.,2026-04-09 11:59:05.995613
2026040904006186,HDHPC,57,7,200,232.0,46400.0,Aryatara Investment & Securities,J.F. Securites (PVT) Ltd.,2026-04-09 11:59:05.995744
2026040904006187,HDHPC,38,7,1250,232.0,290000.0,Dipshikha Dhitopatra Karobar Co. Pvt Ltd.,J.F. Securites (PVT) Ltd.,2026-04-09 11:59:05.995840
2026040904006188,HDHPC,14,7,500,232.0,116000.0,Nepal Stock House (PVT) Ltd.,J.F. Securites (PVT) Ltd.,2026-04-09 11:59:05.995933
2026040904006189,HDHPC,28,7,1100,232.0,255200.0,Shree Krishna Securities Ltd.,J.F. Securites (PVT) Ltd.,2026-04-09 11:59:05.996024
2026040904006190,HDHPC,58,7,600,232.0,139200.0,Naasa Securities Co. Ltd.,J.F. Securites (PVT) Ltd.,2026-04-09 11:59:05.996124
2026040904006191,HDHPC,34,7,1000,232.0,232000.0,Vision Securities Pvt. Ltd,J.F. Securites (PVT) Ltd.,2026-04-09 11:59:05.996239
2026040904006251,HDHPC,67,29,50,231.5,11575.0,Property Wiard Limited,Trisul Securities & Invt. Ltd.,2026-04-09 11:59:31.222665
2026040904006252,HDHPC,33,29,300,231.5,69450.0,Dakshinkali Investment & Securities Pvt. Ltd.,Trisul Securities & Invt. Ltd.,2026-04-09 11:59:31.222880
2026040904006294,HDHPC,36,58,10,231.0,2310.0,Secured Securities Ltd.,Naasa Securities Co. Ltd.,2026-04-09 12:00:00.216701
2026040904006301,HDHPC,59,58,110,231.0,25410.0,Deevyaa Securities & Stock House Pvt. Ltd,Naasa Securities Co. Ltd.,2026-04-09 12:00:08.767857
2026040904006302,HDHPC,51,58,75,231.0,17325.0,Oxford Securities Pvt. Ltd.,Naasa Securities Co. Ltd.,2026-04-09 12:00:08.768106
2026040904006370,HDHPC,74,58,815,231.0,188265.0,KALASH STOCK MARKET PVT. LTD.,Naasa Securities Co. Ltd.,2026-04-09 12:00:48.036431
2026040904006371,HDHPC,74,45,50,231.0,11550.0,KALASH STOCK MARKET PVT. LTD.,Imperial Securities Company Pvt. Ltd.,2026-04-09 12:00:48.036869
2026040904006372,HDHPC,74,29,2635,231.0,608685.0,KALASH STOCK MARKET PVT. LTD.,Trisul Securities & Invt. Ltd.,2026-04-09 12:00:48.037166
2026040904006377,HDHPC,57,66,100,230.6,23060.0,Aryatara Investment & Securities,Miyo Securities Pvt Ltd,2026-04-09 12:00:52.941542
2026040904006378,HDHPC,10,66,50,230.5,11525.0,Pragyan Securities (PVT) Ltd.,Miyo Securities Pvt Ltd,2026-04-09 12:00:52.941798
2026040904006379,HDHPC,57,66,300,230.2,69060.0,Aryatara Investment & Securities,Miyo Securities Pvt Ltd,2026-04-09 12:00:52.941892
2026040904006380,HDHPC,57,66,50,230.1,11505.0,Aryatara Investment & Securities,Miyo Securities Pvt Ltd,2026-04-09 12:00:52.941988
2026040904006402,HDHPC,26,29,1000,231.0,231000.0,Asian Securities Private Ltd.,Trisul Securities & Invt. Ltd.,2026-04-09 12:01:02.798127
2026040904006404,HDHPC,63,29,15,231.0,3465.0,Himalayan Brokerage Company Limited,Trisul Securities & Invt. Ltd.,2026-04-09 12:01:06.372691
2026040904006405,HDHPC,63,45,60,231.0,13860.0,Himalayan Brokerage Company Limited,Imperial Securities Company Pvt. Ltd.,2026-04-09 12:01:06.372976
2026040904006420,HDHPC,63,21,1000,231.0,231000.0,Himalayan Brokerage Company Limited,Midas Stock Broking Company Private Limited,2026-04-09 12:01:22.141038
2026040904006526,HDHPC,63,14,25,231.0,5775.0,Himalayan Brokerage Company Limited,Nepal Stock House (PVT) Ltd.,2026-04-09 12:02:28.195410
2026040904006527,HDHPC,26,14,63,231.0,14553.0,Asian Securities Private Ltd.,Nepal Stock House (PVT) Ltd.,2026-04-09 12:02:28.195873
2026040904006553,HDHPC,38,7,2010,232.0,466320.0,Dipshikha Dhitopatra Karobar Co. Pvt Ltd.,J.F. Securites (PVT) Ltd.,2026-04-09 12:02:53.191537
2026040904006594,HDHPC,3,7,500,232.0,116000.0,Arun Securities (PVT) Ltd.,J.F. Securites (PVT) Ltd.,2026-04-09 12:03:25.526628
2026040904006601,HDHPC,88,7,1000,232.0,232000.0,Blue Chip Securities Ltd,J.F. Securites (PVT) Ltd.,2026-04-09 12:03:29.778414
2026040904006602,HDHPC,56,7,344,232.0,79808.0,Sri Hari Securities Pvt. Ltd.,J.F. Securites (PVT) Ltd.,2026-04-09 12:03:29.816189
2026040904006603,HDHPC,71,7,668,232.0,154976.0,SHUBHAKAMANA SECURITIES PVT. LTD,J.F. Securites (PVT) Ltd.,2026-04-09 12:03:30.653176
2026040904006604,HDHPC,71,50,770,232.0,178640.0,SHUBHAKAMANA SECURITIES PVT. LTD,Cristal Kanchanjanga Securites Pvt. Ltd.,2026-04-09 12:03:30.653477
2026040904006614,HDHPC,71,38,1000,232.0,232000.0,SHUBHAKAMANA SECURITIES PVT. LTD,Dipshikha Dhitopatra Karobar Co. Pvt Ltd.,2026-04-09 12:03:43.417468
2026040904006629,HDHPC,42,81,50,233.0,11650.0,Sani Securities Company Ltd.,Aakashbhairab Securities Ltd.,2026-04-09 12:04:01.917434
2026040904006709,HDHPC,14,58,18,232.5,4185.0,Nepal Stock House (PVT) Ltd.,Naasa Securities Co. Ltd.,2026-04-09 12:04:50.780417
2026040904006713,HDHPC,48,81,110,233.0,25630.0,Trishakti Securities Public Limited,Aakashbhairab Securities Ltd.,2026-04-09 12:04:58.957512
2026040904006714,HDHPC,48,44,175,233.0,40775.0,Trishakti Securities Public Limited,Dynamic Money Managers Securities Pvt. Ltd.,2026-04-09 12:04:58.957570
2026040904006715,HDHPC,48,56,300,233.0,69900.0,Trishakti Securities Public Limited,Sri Hari Securities Pvt. Ltd.,2026-04-09 12:04:58.957595
2026040904006716,HDHPC,48,42,200,233.0,46600.0,Trishakti Securities Public Limited,Sani Securities Company Ltd.,2026-04-09 12:04:58.957616
2026040904006717,HDHPC,48,49,15,233.8,3507.0,Trishakti Securities Public Limited,Online Securities Pvt. Ltd.,2026-04-09 12:04:58.957640
2026040904006751,HDHPC,57,49,20,233.8,4676.0,Aryatara Investment & Securities,Online Securities Pvt. Ltd.,2026-04-09 12:05:28.667833
2026040904006754,HDHPC,32,49,1000,233.0,233000.0,Premier Securities Company Ltd.,Online Securities Pvt. Ltd.,2026-04-09 12:05:30.094164
2026040904006774,HDHPC,48,49,65,233.8,15197.0,Trishakti Securities Public Limited,Online Securities Pvt. Ltd.,2026-04-09 12:05:43.246699
2026040904006775,HDHPC,48,42,450,234.0,105300.0,Trishakti Securities Public Limited,Sani Securities Company Ltd.,2026-04-09 12:05:43.246746
2026040904006776,HDHPC,48,53,100,234.0,23400.0,Trishakti Securities Public Limited,Investment Management Nepal Pvt. Ltd.,2026-04-09 12:05:43.246771
2026040904006777,HDHPC,48,57,990,234.0,231660.0,Trishakti Securities Public Limited,Aryatara Investment & Securities,2026-04-09 12:05:43.246794
2026040904006778,HDHPC,48,42,201,234.0,47034.0,Trishakti Securities Public Limited,Sani Securities Company Ltd.,2026-04-09 12:05:43.246818
2026040904006779,HDHPC,48,58,40,234.0,9360.0,Trishakti Securities Public Limited,Naasa Securities Co. Ltd.,2026-04-09 12:05:43.246842
2026040904006780,HDHPC,48,42,154,234.0,36036.0,Trishakti Securities Public Limited,Sani Securities Company Ltd.,2026-04-09 12:05:43.246866
2026040904006791,HDHPC,74,42,46,234.0,10764.0,KALASH STOCK MARKET PVT. LTD.,Sani Securities Company Ltd.,2026-04-09 12:05:49.611520
2026040904006806,HDHPC,74,42,100,234.0,23400.0,KALASH STOCK MARKET PVT. LTD.,Sani Securities Company Ltd.,2026-04-09 12:05:57.903665
2026040904006990,HDHPC,74,42,200,234.0,46800.0,KALASH STOCK MARKET PVT. LTD.,Sani Securities Company Ltd.,2026-04-09 12:06:26.373049
2026040904006993,HDHPC,74,58,148,234.0,34632.0,KALASH STOCK MARKET PVT. LTD.,Naasa Securities Co. Ltd.,2026-04-09 12:06:27.138866
2026040904006997,HDHPC,74,21,1000,234.0,234000.0,KALASH STOCK MARKET PVT. LTD.,Midas Stock Broking Company Private Limited,2026-04-09 12:06:30.441853
2026040904006998,HDHPC,60,1,2000,234.8,469600.0,Nagarik Stock Dealer ,Kumari Securities Private Limited,2026-04-09 12:06:31.036688
2026040904007027,HDHPC,41,54,500,234.9,117450.0,Linch Stock Market Ltd.,Sewa Securities Pvt. Ltd.,2026-04-09 12:06:41.445898
2026040904007036,HDHPC,57,7,50,234.9,11745.0,Aryatara Investment & Securities,J.F. Securites (PVT) Ltd.,2026-04-09 12:06:43.823612
2026040904007037,HDHPC,57,43,1750,234.9,411075.0,Aryatara Investment & Securities,South Asian Bulls Pvt. Ltd.,2026-04-09 12:06:43.824066
2026040904007073,HDHPC,60,71,3000,234.8,704400.0,Nagarik Stock Dealer ,SHUBHAKAMANA SECURITIES PVT. LTD,2026-04-09 12:07:09.370431
2026040904007074,HDHPC,74,71,500,234.0,117000.0,KALASH STOCK MARKET PVT. LTD.,SHUBHAKAMANA SECURITIES PVT. LTD,2026-04-09 12:07:09.370694
2026040904007108,HDHPC,48,48,1500,234.8,352200.0,Trishakti Securities Public Limited,Trishakti Securities Public Limited,2026-04-09 12:07:23.520822
2026040904007188,HDHPC,95,43,100,234.9,23490.0,Magnet Securities and Investment Company Private Limited,South Asian Bulls Pvt. Ltd.,2026-04-09 12:08:13.241522
2026040904007230,HDHPC,5,52,500,234.8,117400.0,Market Securities & Exchange (PVT) Ltd.,Sundhara Securities Limited,2026-04-09 12:08:33.838785
2026040904007267,HDHPC,16,4,50,234.0,11700.0,Primo Securities (PVT) Ltd.,Opal Securities Investment (PVT) Ltd.,2026-04-09 12:09:05.781070
2026040904007395,HDHPC,57,35,500,234.3,117150.0,Aryatara Investment & Securities,Kohinoor Investment & Securities Pvt. Ltd.,2026-04-09 12:10:15.069466
2026040904007396,HDHPC,57,35,300,234.2,70260.0,Aryatara Investment & Securities,Kohinoor Investment & Securities Pvt. Ltd.,2026-04-09 12:10:15.069736
2026040904007414,HDHPC,63,45,300,234.3,70290.0,Himalayan Brokerage Company Limited,Imperial Securities Company Pvt. Ltd.,2026-04-09 12:10:33.917733
2026040904007430,HDHPC,57,62,14,234.2,3278.8,Aryatara Investment & Securities,Capital Max Securities Ltd,2026-04-09 12:10:49.505330
2026040904007465,HDHPC,57,28,300,234.2,70260.0,Aryatara Investment & Securities,Shree Krishna Securities Ltd.,2026-04-09 12:10:51.763695
2026040904007466,HDHPC,95,43,14,234.9,3288.6,Magnet Securities and Investment Company Private Limited,South Asian Bulls Pvt. Ltd.,2026-04-09 12:10:53.904039
2026040904007470,HDHPC,57,41,20,234.2,4684.0,Aryatara Investment & Securities,Linch Stock Market Ltd.,2026-04-09 12:10:58.598231
2026040904007494,HDHPC,68,43,136,234.9,31946.4,Elite Stock House Limited,South Asian Bulls Pvt. Ltd.,2026-04-09 12:11:14.544732
2026040904007495,HDHPC,68,49,100,234.9,23490.0,Elite Stock House Limited,Online Securities Pvt. Ltd.,2026-04-09 12:11:14.545292
2026040904007496,HDHPC,68,44,500,234.9,117450.0,Elite Stock House Limited,Dynamic Money Managers Securities Pvt. Ltd.,2026-04-09 12:11:14.545902
2026040904007497,HDHPC,68,29,264,235.0,62040.0,Elite Stock House Limited,Trisul Securities & Invt. Ltd.,2026-04-09 12:11:14.546247
2026040904007501,HDHPC,57,62,490,234.2,114758.0,Aryatara Investment & Securities,Capital Max Securities Ltd,2026-04-09 12:11:15.592022
2026040904007522,HDHPC,36,16,20,234.5,4690.0,Secured Securities Ltd.,Primo Securities (PVT) Ltd.,2026-04-09 12:11:29.558479
2026040904007531,HDHPC,85,29,450,235.0,105750.0,Capital Hub P. Ltd,Trisul Securities & Invt. Ltd.,2026-04-09 12:11:42.552292
2026040904007532,HDHPC,45,29,100,235.0,23500.0,Imperial Securities Company Pvt. Ltd.,Trisul Securities & Invt. Ltd.,2026-04-09 12:11:42.648753
2026040904007534,HDHPC,34,56,1000,234.9,234900.0,Vision Securities Pvt. Ltd,Sri Hari Securities Pvt. Ltd.,2026-04-09 12:11:51.518967
2026040904007565,HDHPC,85,56,20,234.9,4698.0,Capital Hub P. Ltd,Sri Hari Securities Pvt. Ltd.,2026-04-09 12:12:01.427318
2026040904007611,HDHPC,28,20,4900,234.8,1150520.0,Shree Krishna Securities Ltd.,Sipla Securities Private Limited,2026-04-09 12:12:27.389102
2026040904007613,HDHPC,35,20,50,234.8,11740.0,Kohinoor Investment & Securities Pvt. Ltd.,Sipla Securities Private Limited,2026-04-09 12:12:28.796611
2026040904007614,HDHPC,35,56,950,234.9,223155.0,Kohinoor Investment & Securities Pvt. Ltd.,Sri Hari Securities Pvt. Ltd.,2026-04-09 12:12:28.796881
2026040904007639,HDHPC,14,56,500,234.9,117450.0,Nepal Stock House (PVT) Ltd.,Sri Hari Securities Pvt. Ltd.,2026-04-09 12:12:55.628362
2026040904007652,HDHPC,85,56,10,234.9,2349.0,Capital Hub P. Ltd,Sri Hari Securities Pvt. Ltd.,2026-04-09 12:13:02.601903
2026040904007653,HDHPC,34,16,300,234.3,70290.0,Vision Securities Pvt. Ltd,Primo Securities (PVT) Ltd.,2026-04-09 12:13:04.915111
2026040904007693,HDHPC,85,56,10,234.9,2349.0,Capital Hub P. Ltd,Sri Hari Securities Pvt. Ltd.,2026-04-09 12:13:16.150434
2026040904007710,HDHPC,57,58,40,234.2,9368.0,Aryatara Investment & Securities,Naasa Securities Co. Ltd.,2026-04-09 12:13:36.244568
2026040904007722,HDHPC,82,34,1000,234.8,234800.0,N.M.B. SECURITIES LIMITED,Vision Securities Pvt. Ltd,2026-04-09 12:13:40.283066
2026040904007723,HDHPC,82,56,510,234.9,119799.0,N.M.B. SECURITIES LIMITED,Sri Hari Securities Pvt. Ltd.,2026-04-09 12:13:40.283712
2026040904007724,HDHPC,82,29,186,235.0,43710.0,N.M.B. SECURITIES LIMITED,Trisul Securities & Invt. Ltd.,2026-04-09 12:13:40.284177
2026040904007725,HDHPC,82,18,150,235.0,35250.0,N.M.B. SECURITIES LIMITED,Sagarmatha Securities Private Limited,2026-04-09 12:13:40.284631
2026040904007726,HDHPC,82,57,2278,235.0,535330.0,N.M.B. SECURITIES LIMITED,Aryatara Investment & Securities,2026-04-09 12:13:40.285082
2026040904007727,HDHPC,82,49,300,235.0,70500.0,N.M.B. SECURITIES LIMITED,Online Securities Pvt. Ltd.,2026-04-09 12:13:40.285528
2026040904007728,HDHPC,82,33,576,235.0,135360.0,N.M.B. SECURITIES LIMITED,Dakshinkali Investment & Securities Pvt. Ltd.,2026-04-09 12:13:40.285933
2026040904007737,HDHPC,58,33,10,235.0,2350.0,Naasa Securities Co. Ltd.,Dakshinkali Investment & Securities Pvt. Ltd.,2026-04-09 12:13:49.290653
2026040904007804,HDHPC,58,16,1000,234.3,234300.0,Naasa Securities Co. Ltd.,Primo Securities (PVT) Ltd.,2026-04-09 12:14:11.646098
2026040904007848,HDHPC,36,34,1000,234.3,234300.0,Secured Securities Ltd.,Vision Securities Pvt. Ltd,2026-04-09 12:14:50.177187
2026040904007885,HDHPC,95,35,50,234.9,11745.0,Magnet Securities and Investment Company Private Limited,Kohinoor Investment & Securities Pvt. Ltd.,2026-04-09 12:15:14.768816
2026040904007886,HDHPC,95,101,1450,234.9,340605.0,Magnet Securities and Investment Company Private Limited,APPLE SECURITIES PRIVATE LIMITED,2026-04-09 12:15:14.769156
2026040904007896,HDHPC,95,101,550,234.9,129195.0,Magnet Securities and Investment Company Private Limited,APPLE SECURITIES PRIVATE LIMITED,2026-04-09 12:15:28.205652
2026040904007897,HDHPC,95,33,414,235.0,97290.0,Magnet Securities and Investment Company Private Limited,Dakshinkali Investment & Securities Pvt. Ltd.,2026-04-09 12:15:28.206205
2026040904007898,HDHPC,95,38,536,235.0,125960.0,Magnet Securities and Investment Company Private Limited,Dipshikha Dhitopatra Karobar Co. Pvt Ltd.,2026-04-09 12:15:28.206602
2026040904007903,HDHPC,1,4,10,234.5,2345.0,Kumari Securities Private Limited,Opal Securities Investment (PVT) Ltd.,2026-04-09 12:15:34.301196
2026040904007905,HDHPC,48,38,964,235.0,226540.0,Trishakti Securities Public Limited,Dipshikha Dhitopatra Karobar Co. Pvt Ltd.,2026-04-09 12:15:36.400861
2026040904007906,HDHPC,48,11,300,235.0,70500.0,Trishakti Securities Public Limited,Malla & Malla Stock Broking Company Pvt. Limited,2026-04-09 12:15:36.400906
2026040904007907,HDHPC,48,51,175,235.0,41125.0,Trishakti Securities Public Limited,Oxford Securities Pvt. Ltd.,2026-04-09 12:15:36.400933
2026040904007908,HDHPC,48,49,100,235.0,23500.0,Trishakti Securities Public Limited,Online Securities Pvt. Ltd.,2026-04-09 12:15:36.400958
2026040904007909,HDHPC,48,42,200,235.0,47000.0,Trishakti Securities Public Limited,Sani Securities Company Ltd.,2026-04-09 12:15:36.400980
2026040904007910,HDHPC,48,17,50,235.0,11750.0,Trishakti Securities Public Limited,ABC Securities Private Limited,2026-04-09 12:15:36.401004
2026040904007911,HDHPC,48,25,200,235.0,47000.0,Trishakti Securities Public Limited,Sweta Securities Private Limited,2026-04-09 12:15:36.401029
2026040904007912,HDHPC,48,52,400,235.0,94000.0,Trishakti Securities Public Limited,Sundhara Securities Limited,2026-04-09 12:15:36.401054
2026040904007913,HDHPC,48,33,500,235.0,117500.0,Trishakti Securities Public Limited,Dakshinkali Investment & Securities Pvt. Ltd.,2026-04-09 12:15:36.401078
2026040904007914,HDHPC,48,25,111,235.0,26085.0,Trishakti Securities Public Limited,Sweta Securities Private Limited,2026-04-09 12:15:36.401106
2026040904007928,HDHPC,1,25,889,235.0,208915.0,Kumari Securities Private Limited,Sweta Securities Private Limited,2026-04-09 12:15:46.824025
2026040904007929,HDHPC,1,54,500,235.0,117500.0,Kumari Securities Private Limited,Sewa Securities Pvt. Ltd.,2026-04-09 12:15:46.824588
2026040904007983,HDHPC,32,44,50,235.3,11765.0,Premier Securities Company Ltd.,Dynamic Money Managers Securities Pvt. Ltd.,2026-04-09 12:16:07.378094
2026040904007984,HDHPC,32,7,345,235.5,81247.5,Premier Securities Company Ltd.,J.F. Securites (PVT) Ltd.,2026-04-09 12:16:07.378649
2026040904007985,HDHPC,32,22,15,235.5,3532.5,Premier Securities Company Ltd.,Siprabi Securities Pvt. Ltd.,2026-04-09 12:16:07.379022
2026040904007986,HDHPC,32,57,500,235.5,117750.0,Premier Securities Company Ltd.,Aryatara Investment & Securities,2026-04-09 12:16:07.379393
2026040904007987,HDHPC,32,7,40,235.5,9420.0,Premier Securities Company Ltd.,J.F. Securites (PVT) Ltd.,2026-04-09 12:16:07.379754
2026040904007988,HDHPC,32,17,50,235.6,11780.0,Premier Securities Company Ltd.,ABC Securities Private Limited,2026-04-09 12:16:07.380109
2026040904007989,HDHPC,32,34,4600,235.6,1083760.0,Premier Securities Company Ltd.,Vision Securities Pvt. Ltd,2026-04-09 12:16:07.380481
2026040904007990,HDHPC,32,13,100,236.0,23600.0,Premier Securities Company Ltd.,Thrive Brokerage House Pvt. Ltd,2026-04-09 12:16:07.380831
2026040904007991,HDHPC,32,32,500,236.0,118000.0,Premier Securities Company Ltd.,Premier Securities Company Ltd.,2026-04-09 12:16:07.381197
2026040904007992,HDHPC,32,45,500,236.0,118000.0,Premier Securities Company Ltd.,Imperial Securities Company Pvt. Ltd.,2026-04-09 12:16:07.381553
2026040904007993,HDHPC,32,49,100,236.0,23600.0,Premier Securities Company Ltd.,Online Securities Pvt. Ltd.,2026-04-09 12:16:07.381931
2026040904007994,HDHPC,32,35,500,236.0,118000.0,Premier Securities Company Ltd.,Kohinoor Investment & Securities Pvt. Ltd.,2026-04-09 12:16:07.382286
2026040904007995,HDHPC,32,25,1000,236.0,236000.0,Premier Securities Company Ltd.,Sweta Securities Private Limited,2026-04-09 12:16:07.382651
2026040904007996,HDHPC,32,11,500,236.0,118000.0,Premier Securities Company Ltd.,Malla & Malla Stock Broking Company Pvt. Limited,2026-04-09 12:16:07.382984
2026040904007997,HDHPC,32,45,500,236.0,118000.0,Premier Securities Company Ltd.,Imperial Securities Company Pvt. Ltd.,2026-04-09 12:16:07.383308
2026040904007998,HDHPC,32,43,1100,236.0,259600.0,Premier Securities Company Ltd.,South Asian Bulls Pvt. Ltd.,2026-04-09 12:16:07.383654
2026040904007999,HDHPC,32,33,2000,236.0,472000.0,Premier Securities Company Ltd.,Dakshinkali Investment & Securities Pvt. Ltd.,2026-04-09 12:16:07.383995
2026040904008031,HDHPC,32,96,10,236.0,2360.0,Premier Securities Company Ltd.,Himalayan Securities Limited,2026-04-09 12:16:26.318733
2026040904008032,HDHPC,32,64,450,236.0,106200.0,Premier Securities Company Ltd.,SUN SECURITIES PVT LTD,2026-04-09 12:16:26.375794
2026040904008041,HDHPC,45,58,100,236.1,23610.0,Imperial Securities Company Pvt. Ltd.,Naasa Securities Co. Ltd.,2026-04-09 12:16:27.763309
2026040904008063,HDHPC,32,58,100,236.1,23610.0,Premier Securities Company Ltd.,Naasa Securities Co. Ltd.,2026-04-09 12:16:39.444022
2026040904008064,HDHPC,32,14,500,236.5,118250.0,Premier Securities Company Ltd.,Nepal Stock House (PVT) Ltd.,2026-04-09 12:16:39.444349
2026040904008065,HDHPC,32,5,35,237.0,8295.0,Premier Securities Company Ltd.,Market Securities & Exchange (PVT) Ltd.,2026-04-09 12:16:39.444492
2026040904008066,HDHPC,32,38,218,237.0,51666.0,Premier Securities Company Ltd.,Dipshikha Dhitopatra Karobar Co. Pvt Ltd.,2026-04-09 12:16:39.444620
2026040904008067,HDHPC,32,11,200,237.0,47400.0,Premier Securities Company Ltd.,Malla & Malla Stock Broking Company Pvt. Limited,2026-04-09 12:16:39.444744
2026040904008068,HDHPC,32,8,200,237.0,47400.0,Premier Securities Company Ltd.,Brilliant Securities Pvt. Ltd.,2026-04-09 12:16:39.444875
2026040904008069,HDHPC,32,42,100,237.0,23700.0,Premier Securities Company Ltd.,Sani Securities Company Ltd.,2026-04-09 12:16:39.444996
2026040904008070,HDHPC,32,17,1000,237.0,237000.0,Premier Securities Company Ltd.,ABC Securities Private Limited,2026-04-09 12:16:39.445152
2026040904008071,HDHPC,32,58,690,237.0,163530.0,Premier Securities Company Ltd.,Naasa Securities Co. Ltd.,2026-04-09 12:16:39.445281
2026040904008072,HDHPC,32,58,200,237.0,47400.0,Premier Securities Company Ltd.,Naasa Securities Co. Ltd.,2026-04-09 12:16:39.445424
2026040904008073,HDHPC,32,48,500,237.0,118500.0,Premier Securities Company Ltd.,Trishakti Securities Public Limited,2026-04-09 12:16:39.445552
2026040904008074,HDHPC,32,45,1000,237.0,237000.0,Premier Securities Company Ltd.,Imperial Securities Company Pvt. Ltd.,2026-04-09 12:16:39.445674
2026040904008075,HDHPC,32,46,5257,237.1,1246434.7,Premier Securities Company Ltd.,Kalika Securities Pvt. Ltd.,2026-04-09 12:16:39.445801
2026040904008124,HDHPC,32,38,250,237.0,59250.0,Premier Securities Company Ltd.,Dipshikha Dhitopatra Karobar Co. Pvt Ltd.,2026-04-09 12:17:09.944434
2026040904008143,HDHPC,32,38,2140,237.0,507180.0,Premier Securities Company Ltd.,Dipshikha Dhitopatra Karobar Co. Pvt Ltd.,2026-04-09 12:17:25.285785
2026040904008168,HDHPC,65,38,1685,237.0,399345.0,Sharepro Securities Private Limited,Dipshikha Dhitopatra Karobar Co. Pvt Ltd.,2026-04-09 12:17:33.557066
2026040904008169,HDHPC,65,21,478,237.0,113286.0,Sharepro Securities Private Limited,Midas Stock Broking Company Private Limited,2026-04-09 12:17:33.557390
2026040904008170,HDHPC,65,34,50,237.0,11850.0,Sharepro Securities Private Limited,Vision Securities Pvt. Ltd,2026-04-09 12:17:33.557502
2026040904008193,HDHPC,52,46,10,237.1,2371.0,Sundhara Securities Limited,Kalika Securities Pvt. Ltd.,2026-04-09 12:17:46.645428
2026040904008196,HDHPC,10,46,283,237.1,67099.3,Pragyan Securities (PVT) Ltd.,Kalika Securities Pvt. Ltd.,2026-04-09 12:17:47.190534
2026040904008206,HDHPC,10,26,200,237.1,47420.0,Pragyan Securities (PVT) Ltd.,Asian Securities Private Ltd.,2026-04-09 12:17:49.306422
2026040904008209,HDHPC,1,59,500,237.5,118750.0,Kumari Securities Private Limited,Deevyaa Securities & Stock House Pvt. Ltd,2026-04-09 12:17:50.401659
2026040904008217,HDHPC,1,96,10,237.5,2375.0,Kumari Securities Private Limited,Himalayan Securities Limited,2026-04-09 12:17:52.480766
2026040904008256,HDHPC,1,5,1000,237.6,237600.0,Kumari Securities Private Limited,Market Securities & Exchange (PVT) Ltd.,2026-04-09 12:18:00.562910
2026040904008257,HDHPC,1,57,200,237.6,47520.0,Kumari Securities Private Limited,Aryatara Investment & Securities,2026-04-09 12:18:00.563178
2026040904008259,HDHPC,48,49,100,237.8,23780.0,Trishakti Securities Public Limited,Online Securities Pvt. Ltd.,2026-04-09 12:18:01.426484
2026040904008260,HDHPC,48,3,100,237.8,23780.0,Trishakti Securities Public Limited,Arun Securities (PVT) Ltd.,2026-04-09 12:18:01.426552
2026040904008261,HDHPC,48,48,1050,237.8,249690.0,Trishakti Securities Public Limited,Trishakti Securities Public Limited,2026-04-09 12:18:01.426578
2026040904008262,HDHPC,48,34,3750,237.8,891750.0,Trishakti Securities Public Limited,Vision Securities Pvt. Ltd,2026-04-09 12:18:01.426603
2026040904008263,HDHPC,1,45,50,237.6,11880.0,Kumari Securities Private Limited,Imperial Securities Company Pvt. Ltd.,2026-04-09 12:18:02.926351
2026040904008264,HDHPC,1,48,230,237.6,54648.0,Kumari Securities Private Limited,Trishakti Securities Public Limited,2026-04-09 12:18:03.557984
2026040904008265,HDHPC,38,48,1000,237.6,237600.0,Dipshikha Dhitopatra Karobar Co. Pvt Ltd.,Trishakti Securities Public Limited,2026-04-09 12:18:03.558263
2026040904008267,HDHPC,10,48,17,237.5,4037.5,Pragyan Securities (PVT) Ltd.,Trishakti Securities Public Limited,2026-04-09 12:18:05.278775
2026040904008270,HDHPC,60,48,4753,237.5,1128837.5,Nagarik Stock Dealer ,Trishakti Securities Public Limited,2026-04-09 12:18:09.688195
2026040904008271,HDHPC,60,8,247,237.5,58662.5,Nagarik Stock Dealer ,Brilliant Securities Pvt. Ltd.,2026-04-09 12:18:09.688790
2026040904008276,HDHPC,58,39,10,237.4,2374.0,Naasa Securities Co. Ltd.,Sumeru Securities Pvt. Ltd.,2026-04-09 12:18:13.797616
2026040904008277,HDHPC,58,8,53,237.5,12587.5,Naasa Securities Co. Ltd.,Brilliant Securities Pvt. Ltd.,2026-04-09 12:18:13.798139
2026040904008278,HDHPC,58,34,937,237.8,222818.6,Naasa Securities Co. Ltd.,Vision Securities Pvt. Ltd,2026-04-09 12:18:13.798498
2026040904008347,HDHPC,32,14,50,237.7,11885.0,Premier Securities Company Ltd.,Nepal Stock House (PVT) Ltd.,2026-04-09 12:18:46.559275
2026040904008348,HDHPC,32,33,2000,237.7,475400.0,Premier Securities Company Ltd.,Dakshinkali Investment & Securities Pvt. Ltd.,2026-04-09 12:18:46.559595
2026040904008349,HDHPC,32,34,313,237.8,74431.4,Premier Securities Company Ltd.,Vision Securities Pvt. Ltd,2026-04-09 12:18:46.559715
2026040904008350,HDHPC,32,56,2000,237.8,475600.0,Premier Securities Company Ltd.,Sri Hari Securities Pvt. Ltd.,2026-04-09 12:18:46.559839
2026040904008351,HDHPC,32,42,384,237.9,91353.6,Premier Securities Company Ltd.,Sani Securities Company Ltd.,2026-04-09 12:18:46.559966
2026040904008352,HDHPC,32,34,253,237.9,60188.7,Premier Securities Company Ltd.,Vision Securities Pvt. Ltd,2026-04-09 12:18:46.560104
2026040904008369,HDHPC,52,42,145,237.2,34394.0,Sundhara Securities Limited,Sani Securities Company Ltd.,2026-04-09 12:18:53.976352
2026040904008370,HDHPC,58,42,855,237.0,202635.0,Naasa Securities Co. Ltd.,Sani Securities Company Ltd.,2026-04-09 12:18:53.976659
2026040904008380,HDHPC,58,72,2000,237.0,474000.0,Naasa Securities Co. Ltd.,Hatemalo Financial Services Private Limited,2026-04-09 12:18:59.787303
2026040904008395,HDHPC,58,74,1000,237.0,237000.0,Naasa Securities Co. Ltd.,KALASH STOCK MARKET PVT. LTD.,2026-04-09 12:19:09.775327
2026040904008403,HDHPC,68,59,247,237.2,58588.4,Elite Stock House Limited,Deevyaa Securities & Stock House Pvt. Ltd,2026-04-09 12:19:17.429864
2026040904008404,HDHPC,68,58,356,237.8,84656.8,Elite Stock House Limited,Naasa Securities Co. Ltd.,2026-04-09 12:19:17.430139
2026040904008405,HDHPC,68,48,200,237.8,47560.0,Elite Stock House Limited,Trishakti Securities Public Limited,2026-04-09 12:19:17.430252
2026040904008406,HDHPC,68,8,400,237.8,95120.0,Elite Stock House Limited,Brilliant Securities Pvt. Ltd.,2026-04-09 12:19:17.430369
2026040904008407,HDHPC,68,34,805,237.9,191509.5,Elite Stock House Limited,Vision Securities Pvt. Ltd,2026-04-09 12:19:17.430480
2026040904008415,HDHPC,57,36,500,237.5,118750.0,Aryatara Investment & Securities,Secured Securities Ltd.,2026-04-09 12:19:25.454342
2026040904008426,HDHPC,58,41,500,237.0,118500.0,Naasa Securities Co. Ltd.,Linch Stock Market Ltd.,2026-04-09 12:19:30.873709
2026040904008466,HDHPC,58,49,145,237.0,34365.0,Naasa Securities Co. Ltd.,Online Securities Pvt. Ltd.,2026-04-09 12:19:52.481762
2026040904008467,HDHPC,36,49,50,237.0,11850.0,Secured Securities Ltd.,Online Securities Pvt. Ltd.,2026-04-09 12:19:52.482295
2026040904008468,HDHPC,17,49,55,237.0,13035.0,ABC Securities Private Limited,Online Securities Pvt. Ltd.,2026-04-09 12:19:52.482673
2026040904008508,HDHPC,17,14,145,237.0,34365.0,ABC Securities Private Limited,Nepal Stock House (PVT) Ltd.,2026-04-09 12:20:14.441746
2026040904008509,HDHPC,26,14,200,237.0,47400.0,Asian Securities Private Ltd.,Nepal Stock House (PVT) Ltd.,2026-04-09 12:20:14.442064
2026040904008510,HDHPC,7,14,1710,237.0,405270.0,J.F. Securites (PVT) Ltd.,Nepal Stock House (PVT) Ltd.,2026-04-09 12:20:14.442189
2026040904008539,HDHPC,7,14,200,237.0,47400.0,J.F. Securites (PVT) Ltd.,Nepal Stock House (PVT) Ltd.,2026-04-09 12:20:31.479786
2026040904008544,HDHPC,7,34,90,237.0,21330.0,J.F. Securites (PVT) Ltd.,Vision Securities Pvt. Ltd,2026-04-09 12:20:32.562905
2026040904008603,HDHPC,19,34,200,237.0,47400.0,Nepal Investment And Securities Trading Private Limited,Vision Securities Pvt. Ltd,2026-04-09 12:21:05.518144
2026040904008670,HDHPC,1,26,350,235.0,82250.0,Kumari Securities Private Limited,Asian Securities Private Ltd.,2026-04-09 12:21:45.788158
2026040904008678,HDHPC,34,34,10,237.0,2370.0,Vision Securities Pvt. Ltd,Vision Securities Pvt. Ltd,2026-04-09 12:21:51.452232
2026040904008679,HDHPC,34,77,90,237.0,21330.0,Vision Securities Pvt. Ltd,Nabil Stock Dealer Ltd.,2026-04-09 12:21:51.452825
2026040904008738,HDHPC,58,45,10,236.0,2360.0,Naasa Securities Co. Ltd.,Imperial Securities Company Pvt. Ltd.,2026-04-09 12:22:34.121023
2026040904008753,HDHPC,45,45,240,236.0,56640.0,Imperial Securities Company Pvt. Ltd.,Imperial Securities Company Pvt. Ltd.,2026-04-09 12:22:51.148631
2026040904008754,HDHPC,45,62,410,236.0,96760.0,Imperial Securities Company Pvt. Ltd.,Capital Max Securities Ltd,2026-04-09 12:22:51.787891
2026040904008755,HDHPC,57,62,90,235.1,21159.0,Aryatara Investment & Securities,Capital Max Securities Ltd,2026-04-09 12:22:51.788186
2026040904008784,HDHPC,57,59,1660,235.1,390266.0,Aryatara Investment & Securities,Deevyaa Securities & Stock House Pvt. Ltd,2026-04-09 12:23:07.255406
2026040904008785,HDHPC,1,59,261,235.0,61335.0,Kumari Securities Private Limited,Deevyaa Securities & Stock House Pvt. Ltd,2026-04-09 12:23:07.255486
2026040904008786,HDHPC,41,59,20,235.0,4700.0,Linch Stock Market Ltd.,Deevyaa Securities & Stock House Pvt. Ltd,2026-04-09 12:23:07.255522
2026040904008787,HDHPC,54,59,80,235.0,18800.0,Sewa Securities Pvt. Ltd.,Deevyaa Securities & Stock House Pvt. Ltd,2026-04-09 12:23:07.255558
2026040904008788,HDHPC,66,59,500,235.0,117500.0,Miyo Securities Pvt Ltd,Deevyaa Securities & Stock House Pvt. Ltd,2026-04-09 12:23:07.255583
2026040904008789,HDHPC,65,59,2023,235.0,475405.0,Sharepro Securities Private Limited,Deevyaa Securities & Stock House Pvt. Ltd,2026-04-09 12:23:07.255608
2026040904008790,HDHPC,35,59,1956,235.0,459660.0,Kohinoor Investment & Securities Pvt. Ltd.,Deevyaa Securities & Stock House Pvt. Ltd,2026-04-09 12:23:07.255632
2026040904008827,HDHPC,35,96,10,235.0,2350.0,Kohinoor Investment & Securities Pvt. Ltd.,Himalayan Securities Limited,2026-04-09 12:23:22.551968
2026040904008872,HDHPC,38,63,200,235.1,47020.0,Dipshikha Dhitopatra Karobar Co. Pvt Ltd.,Himalayan Brokerage Company Limited,2026-04-09 12:23:40.698157
2026040904008884,HDHPC,39,63,500,235.1,117550.0,Sumeru Securities Pvt. Ltd.,Himalayan Brokerage Company Limited,2026-04-09 12:23:52.215088
2026040904008931,HDHPC,35,59,34,235.0,7990.0,Kohinoor Investment & Securities Pvt. Ltd.,Deevyaa Securities & Stock House Pvt. Ltd,2026-04-09 12:24:33.368546
2026040904008932,HDHPC,68,59,96,235.0,22560.0,Elite Stock House Limited,Deevyaa Securities & Stock House Pvt. Ltd,2026-04-09 12:24:33.368886
2026040904009000,HDHPC,39,63,300,235.1,70530.0,Sumeru Securities Pvt. Ltd.,Himalayan Brokerage Company Limited,2026-04-09 12:25:01.158985
2026040904009034,HDHPC,39,48,30,235.1,7053.0,Sumeru Securities Pvt. Ltd.,Trishakti Securities Public Limited,2026-04-09 12:25:20.930801
2026040904009047,HDHPC,39,96,10,235.1,2351.0,Sumeru Securities Pvt. Ltd.,Himalayan Securities Limited,2026-04-09 12:25:30.919045
2026040904009073,HDHPC,38,50,20,236.0,4720.0,Dipshikha Dhitopatra Karobar Co. Pvt Ltd.,Cristal Kanchanjanga Securites Pvt. Ltd.,2026-04-09 12:25:49.480646
2026040904009074,HDHPC,41,50,480,235.5,113040.0,Linch Stock Market Ltd.,Cristal Kanchanjanga Securites Pvt. Ltd.,2026-04-09 12:25:49.481419
2026040904009106,HDHPC,25,45,100,236.5,23650.0,Sweta Securities Private Limited,Imperial Securities Company Pvt. Ltd.,2026-04-09 12:26:19.953529
2026040904009112,HDHPC,65,45,50,236.5,11825.0,Sharepro Securities Private Limited,Imperial Securities Company Pvt. Ltd.,2026-04-09 12:26:29.257839
2026040904009113,HDHPC,65,49,150,236.5,35475.0,Sharepro Securities Private Limited,Online Securities Pvt. Ltd.,2026-04-09 12:26:29.258516
2026040904009114,HDHPC,65,47,800,236.5,189200.0,Sharepro Securities Private Limited,Neev Securities Pvt. Ltd.,2026-04-09 12:26:29.258936
2026040904009118,HDHPC,41,83,20,235.5,4710.0,Linch Stock Market Ltd.,Sanima Securities Limited,2026-04-09 12:26:33.729563
2026040904009119,HDHPC,39,83,160,235.1,37616.0,Sumeru Securities Pvt. Ltd.,Sanima Securities Limited,2026-04-09 12:26:33.729932
2026040904009120,HDHPC,38,83,300,235.1,70530.0,Dipshikha Dhitopatra Karobar Co. Pvt Ltd.,Sanima Securities Limited,2026-04-09 12:26:33.730072
2026040904009121,HDHPC,51,83,2000,235.0,470000.0,Oxford Securities Pvt. Ltd.,Sanima Securities Limited,2026-04-09 12:26:33.730209
2026040904009122,HDHPC,51,83,1980,235.0,465300.0,Oxford Securities Pvt. Ltd.,Sanima Securities Limited,2026-04-09 12:26:33.730355
2026040904009137,HDHPC,81,50,10,236.4,2364.0,Aakashbhairab Securities Ltd.,Cristal Kanchanjanga Securites Pvt. Ltd.,2026-04-09 12:26:50.857376
2026040904009176,HDHPC,6,64,200,236.0,47200.0,Agrawal Securities (PVT) Ltd.,SUN SECURITIES PVT LTD,2026-04-09 12:27:32.925201
2026040904009190,HDHPC,51,83,20,235.0,4700.0,Oxford Securities Pvt. Ltd.,Sanima Securities Limited,2026-04-09 12:27:46.905181
2026040904009191,HDHPC,17,83,100,235.0,23500.0,ABC Securities Private Limited,Sanima Securities Limited,2026-04-09 12:27:46.905236
2026040904009192,HDHPC,58,83,50,235.0,11750.0,Naasa Securities Co. Ltd.,Sanima Securities Limited,2026-04-09 12:27:46.905265
2026040904009234,HDHPC,41,49,300,236.2,70860.0,Linch Stock Market Ltd.,Online Securities Pvt. Ltd.,2026-04-09 12:28:13.160920
2026040904009243,HDHPC,41,83,100,235.0,23500.0,Linch Stock Market Ltd.,Sanima Securities Limited,2026-04-09 12:28:22.939714
2026040904009244,HDHPC,17,83,20,235.0,4700.0,ABC Securities Private Limited,Sanima Securities Limited,2026-04-09 12:28:22.939822
2026040904009245,HDHPC,32,83,1000,235.0,235000.0,Premier Securities Company Ltd.,Sanima Securities Limited,2026-04-09 12:28:22.939896
2026040904009246,HDHPC,58,83,540,235.0,126900.0,Naasa Securities Co. Ltd.,Sanima Securities Limited,2026-04-09 12:28:22.939970
2026040904009322,HDHPC,74,71,1000,235.0,235000.0,KALASH STOCK MARKET PVT. LTD.,SHUBHAKAMANA SECURITIES PVT. LTD,2026-04-09 12:28:50.284399
2026040904009335,HDHPC,74,34,2000,235.0,470000.0,KALASH STOCK MARKET PVT. LTD.,Vision Securities Pvt. Ltd,2026-04-09 12:28:55.070949
2026040904009356,HDHPC,58,34,1000,235.0,235000.0,Naasa Securities Co. Ltd.,Vision Securities Pvt. Ltd,2026-04-09 12:29:06.231884
2026040904009452,HDHPC,58,52,16,235.0,3760.0,Naasa Securities Co. Ltd.,Sundhara Securities Limited,2026-04-09 12:30:08.185243
2026040904009456,HDHPC,58,17,20,236.0,4720.0,Naasa Securities Co. Ltd.,ABC Securities Private Limited,2026-04-09 12:30:10.959880
2026040904009476,HDHPC,48,17,30,236.0,7080.0,Trishakti Securities Public Limited,ABC Securities Private Limited,2026-04-09 12:30:17.283564
2026040904009477,HDHPC,48,58,10,236.0,2360.0,Trishakti Securities Public Limited,Naasa Securities Co. Ltd.,2026-04-09 12:30:17.283937
2026040904009478,HDHPC,48,58,60,236.0,14160.0,Trishakti Securities Public Limited,Naasa Securities Co. Ltd.,2026-04-09 12:30:17.284086
2026040904009510,HDHPC,41,58,16,236.0,3776.0,Linch Stock Market Ltd.,Naasa Securities Co. Ltd.,2026-04-09 12:30:34.501709
2026040904009522,HDHPC,41,34,984,236.0,232224.0,Linch Stock Market Ltd.,Vision Securities Pvt. Ltd,2026-04-09 12:30:42.085660
2026040904009538,HDHPC,58,58,200,235.0,47000.0,Naasa Securities Co. Ltd.,Naasa Securities Co. Ltd.,2026-04-09 12:30:57.984742
2026040904009627,HDHPC,45,4,500,235.9,117950.0,Imperial Securities Company Pvt. Ltd.,Opal Securities Investment (PVT) Ltd.,2026-04-09 12:31:26.031977
2026040904009628,HDHPC,58,47,1584,235.0,372240.0,Naasa Securities Co. Ltd.,Neev Securities Pvt. Ltd.,2026-04-09 12:31:26.177002
2026040904009629,HDHPC,74,47,616,235.0,144760.0,KALASH STOCK MARKET PVT. LTD.,Neev Securities Pvt. Ltd.,2026-04-09 12:31:26.177302
2026040904009640,HDHPC,74,34,384,235.0,90240.0,KALASH STOCK MARKET PVT. LTD.,Vision Securities Pvt. Ltd,2026-04-09 12:31:34.773516
2026040904009641,HDHPC,74,34,500,235.0,117500.0,KALASH STOCK MARKET PVT. LTD.,Vision Securities Pvt. Ltd,2026-04-09 12:31:34.773861
2026040904009642,HDHPC,4,34,200,235.0,47000.0,Opal Securities Investment (PVT) Ltd.,Vision Securities Pvt. Ltd,2026-04-09 12:31:34.774011
2026040904009643,HDHPC,58,34,200,235.0,47000.0,Naasa Securities Co. Ltd.,Vision Securities Pvt. Ltd,2026-04-09 12:31:34.774160
2026040904009644,HDHPC,17,34,200,235.0,47000.0,ABC Securities Private Limited,Vision Securities Pvt. Ltd,2026-04-09 12:31:34.774303
2026040904009645,HDHPC,4,34,200,235.0,47000.0,Opal Securities Investment (PVT) Ltd.,Vision Securities Pvt. Ltd,2026-04-09 12:31:34.774456
2026040904009647,HDHPC,32,34,1000,235.0,235000.0,Premier Securities Company Ltd.,Vision Securities Pvt. Ltd,2026-04-09 12:31:35.600399
2026040904009721,HDHPC,19,34,250,235.0,58750.0,Nepal Investment And Securities Trading Private Limited,Vision Securities Pvt. Ltd,2026-04-09 12:32:07.895443
2026040904009765,HDHPC,28,34,24,235.0,5640.0,Shree Krishna Securities Ltd.,Vision Securities Pvt. Ltd,2026-04-09 12:32:29.111129
2026040904009766,HDHPC,28,14,226,235.0,53110.0,Shree Krishna Securities Ltd.,Nepal Stock House (PVT) Ltd.,2026-04-09 12:32:29.111532
2026040904009817,HDHPC,28,67,40,235.0,9400.0,Shree Krishna Securities Ltd.,Property Wiard Limited,2026-04-09 12:32:51.263480
2026040904009839,HDHPC,57,17,455,234.6,106743.0,Aryatara Investment & Securities,ABC Securities Private Limited,2026-04-09 12:32:57.863751
2026040904009852,HDHPC,28,58,150,234.9,35235.0,Shree Krishna Securities Ltd.,Naasa Securities Co. Ltd.,2026-04-09 12:33:02.901089
2026040904009853,HDHPC,28,67,160,235.0,37600.0,Shree Krishna Securities Ltd.,Property Wiard Limited,2026-04-09 12:33:02.901810
2026040904009865,HDHPC,28,58,100,235.0,23500.0,Shree Krishna Securities Ltd.,Naasa Securities Co. Ltd.,2026-04-09 12:33:10.822049
2026040904009868,HDHPC,28,49,50,235.0,11750.0,Shree Krishna Securities Ltd.,Online Securities Pvt. Ltd.,2026-04-09 12:33:13.456947
2026040904009877,HDHPC,28,83,290,235.0,68150.0,Shree Krishna Securities Ltd.,Sanima Securities Limited,2026-04-09 12:33:20.936834
2026040904009912,HDHPC,36,58,12,235.1,2821.2,Secured Securities Ltd.,Naasa Securities Co. Ltd.,2026-04-09 12:33:38.132075
2026040904009913,HDHPC,36,96,10,235.1,2351.0,Secured Securities Ltd.,Himalayan Securities Limited,2026-04-09 12:33:40.220878
2026040904009942,HDHPC,36,45,10,235.1,2351.0,Secured Securities Ltd.,Imperial Securities Company Pvt. Ltd.,2026-04-09 12:33:55.616218
2026040904009957,HDHPC,36,83,968,235.1,227576.8,Secured Securities Ltd.,Sanima Securities Limited,2026-04-09 12:34:07.765207
2026040904010123,HDHPC,57,52,18,234.6,4222.8,Aryatara Investment & Securities,Sundhara Securities Limited,2026-04-09 12:35:46.087592
2026040904010164,HDHPC,57,77,163,234.6,38239.8,Aryatara Investment & Securities,Nabil Stock Dealer Ltd.,2026-04-09 12:36:01.071359
2026040904010165,HDHPC,41,77,400,234.6,93840.0,Linch Stock Market Ltd.,Nabil Stock Dealer Ltd.,2026-04-09 12:36:01.071715
2026040904010166,HDHPC,38,77,10,234.6,2346.0,Dipshikha Dhitopatra Karobar Co. Pvt Ltd.,Nabil Stock Dealer Ltd.,2026-04-09 12:36:01.071873
2026040904010173,HDHPC,59,77,137,234.6,32140.2,Deevyaa Securities & Stock House Pvt. Ltd,Nabil Stock Dealer Ltd.,2026-04-09 12:36:09.336922
2026040904010174,HDHPC,59,58,100,235.0,23500.0,Deevyaa Securities & Stock House Pvt. Ltd,Naasa Securities Co. Ltd.,2026-04-09 12:36:09.337665
2026040904010175,HDHPC,59,58,763,235.0,179305.0,Deevyaa Securities & Stock House Pvt. Ltd,Naasa Securities Co. Ltd.,2026-04-09 12:36:09.338149
2026040904010188,HDHPC,32,81,1000,234.5,234500.0,Premier Securities Company Ltd.,Aakashbhairab Securities Ltd.,2026-04-09 12:36:15.084686
2026040904010215,HDHPC,56,58,10,234.6,2346.0,Sri Hari Securities Pvt. Ltd.,Naasa Securities Co. Ltd.,2026-04-09 12:36:34.814413
2026040904010258,HDHPC,56,37,127,234.6,29794.2,Sri Hari Securities Pvt. Ltd.,Swarna Laxmi Securities Pvt. Ltd.,2026-04-09 12:36:44.499291
2026040904010259,HDHPC,81,37,173,234.5,40568.5,Aakashbhairab Securities Ltd.,Swarna Laxmi Securities Pvt. Ltd.,2026-04-09 12:36:44.500002
2026040904010273,HDHPC,81,49,27,234.5,6331.5,Aakashbhairab Securities Ltd.,Online Securities Pvt. Ltd.,2026-04-09 12:36:55.831851
2026040904010274,HDHPC,68,49,300,234.4,70320.0,Elite Stock House Limited,Online Securities Pvt. Ltd.,2026-04-09 12:36:55.832566
2026040904010275,HDHPC,49,49,20,234.3,4686.0,Online Securities Pvt. Ltd.,Online Securities Pvt. Ltd.,2026-04-09 12:36:55.833040
2026040904010276,HDHPC,58,49,26,234.2,6089.2,Naasa Securities Co. Ltd.,Online Securities Pvt. Ltd.,2026-04-09 12:36:55.833512
2026040904010277,HDHPC,39,49,20,234.0,4680.0,Sumeru Securities Pvt. Ltd.,Online Securities Pvt. Ltd.,2026-04-09 12:36:55.833967
2026040904010278,HDHPC,47,49,20,234.0,4680.0,Neev Securities Pvt. Ltd.,Online Securities Pvt. Ltd.,2026-04-09 12:36:55.834433
2026040904010279,HDHPC,47,49,10,234.0,2340.0,Neev Securities Pvt. Ltd.,Online Securities Pvt. Ltd.,2026-04-09 12:36:55.834891
2026040904010280,HDHPC,47,49,20,234.0,4680.0,Neev Securities Pvt. Ltd.,Online Securities Pvt. Ltd.,2026-04-09 12:36:55.835363
2026040904010281,HDHPC,45,49,50,234.0,11700.0,Imperial Securities Company Pvt. Ltd.,Online Securities Pvt. Ltd.,2026-04-09 12:36:55.835821
2026040904010282,HDHPC,29,49,420,234.0,98280.0,Trisul Securities & Invt. Ltd.,Online Securities Pvt. Ltd.,2026-04-09 12:36:55.836280
2026040904010283,HDHPC,58,49,135,234.0,31590.0,Naasa Securities Co. Ltd.,Online Securities Pvt. Ltd.,2026-04-09 12:36:55.836753
2026040904010284,HDHPC,6,49,500,234.0,117000.0,Agrawal Securities (PVT) Ltd.,Online Securities Pvt. Ltd.,2026-04-09 12:36:55.837203
2026040904010285,HDHPC,58,49,1000,234.0,234000.0,Naasa Securities Co. Ltd.,Online Securities Pvt. Ltd.,2026-04-09 12:36:55.837668
2026040904010286,HDHPC,49,49,60,234.0,14040.0,Online Securities Pvt. Ltd.,Online Securities Pvt. Ltd.,2026-04-09 12:36:55.838124
2026040904010287,HDHPC,34,49,100,234.0,23400.0,Vision Securities Pvt. Ltd,Online Securities Pvt. Ltd.,2026-04-09 12:36:55.838573
2026040904010288,HDHPC,41,49,92,234.0,21528.0,Linch Stock Market Ltd.,Online Securities Pvt. Ltd.,2026-04-09 12:36:55.839018
2026040904010306,HDHPC,58,95,415,234.0,97110.0,Naasa Securities Co. Ltd.,Magnet Securities and Investment Company Private Limited,2026-04-09 12:37:10.704213
2026040904010307,HDHPC,77,95,1702,234.0,398268.0,Nabil Stock Dealer Ltd.,Magnet Securities and Investment Company Private Limited,2026-04-09 12:37:10.704595
2026040904010312,HDHPC,81,95,100,234.0,23400.0,Aakashbhairab Securities Ltd.,Magnet Securities and Investment Company Private Limited,2026-04-09 12:37:15.696132
2026040904010321,HDHPC,38,101,100,233.5,23350.0,Dipshikha Dhitopatra Karobar Co. Pvt Ltd.,APPLE SECURITIES PRIVATE LIMITED,2026-04-09 12:37:27.886385
2026040904010326,HDHPC,8,28,35,234.9,8221.5,Brilliant Securities Pvt. Ltd.,Shree Krishna Securities Ltd.,2026-04-09 12:37:32.151322
2026040904010381,HDHPC,56,28,100,234.0,23400.0,Sri Hari Securities Pvt. Ltd.,Shree Krishna Securities Ltd.,2026-04-09 12:37:58.999805
2026040904010383,HDHPC,56,95,150,234.0,35100.0,Sri Hari Securities Pvt. Ltd.,Magnet Securities and Investment Company Private Limited,2026-04-09 12:38:01.082455
2026040904010400,HDHPC,33,95,470,234.0,109980.0,Dakshinkali Investment & Securities Pvt. Ltd.,Magnet Securities and Investment Company Private Limited,2026-04-09 12:38:06.628426
