contract_id,symbol,buyer_member_id,seller_member_id,volume,price,amount,buyer_broker,seller_broker,transaction_time
2026040904000327,KPCL,52,7,300,506.1,151830.0,Sundhara Securities Limited,J.F. Securites (PVT) Ltd.,2026-04-09 11:06:25.022247
2026040904000328,KPCL,45,7,500,506.1,253050.0,Imperial Securities Company Pvt. Ltd.,J.F. Securites (PVT) Ltd.,2026-04-09 11:06:25.022329
2026040904000421,KPCL,42,7,100,506.2,50620.0,Sani Securities Company Ltd.,J.F. Securites (PVT) Ltd.,2026-04-09 11:07:28.586884
2026040904000847,KPCL,58,7,200,507.0,101400.0,Naasa Securities Co. Ltd.,J.F. Securites (PVT) Ltd.,2026-04-09 11:11:11.917112
2026040904000909,KPCL,57,29,100,506.2,50620.0,Aryatara Investment & Securities,Trisul Securities & Invt. Ltd.,2026-04-09 11:11:33.640308
2026040904000963,KPCL,42,7,15,506.0,7590.0,Sani Securities Company Ltd.,J.F. Securites (PVT) Ltd.,2026-04-09 11:12:28.924339
2026040904000964,KPCL,45,7,100,506.0,50600.0,Imperial Securities Company Pvt. Ltd.,J.F. Securites (PVT) Ltd.,2026-04-09 11:12:28.924499
2026040904000965,KPCL,1,7,100,506.0,50600.0,Kumari Securities Private Limited,J.F. Securites (PVT) Ltd.,2026-04-09 11:12:28.924600
2026040904000966,KPCL,26,7,85,506.0,43010.0,Asian Securities Private Ltd.,J.F. Securites (PVT) Ltd.,2026-04-09 11:12:28.924713
2026040904000970,KPCL,26,58,65,506.0,32890.0,Asian Securities Private Ltd.,Naasa Securities Co. Ltd.,2026-04-09 11:12:29.947492
2026040904001479,KPCL,33,41,70,508.0,35560.0,Dakshinkali Investment & Securities Pvt. Ltd.,Linch Stock Market Ltd.,2026-04-09 11:18:24.317636
2026040904001480,KPCL,33,56,200,509.1,101820.0,Dakshinkali Investment & Securities Pvt. Ltd.,Sri Hari Securities Pvt. Ltd.,2026-04-09 11:18:24.317744
2026040904001481,KPCL,33,58,245,509.2,124754.0,Dakshinkali Investment & Securities Pvt. Ltd.,Naasa Securities Co. Ltd.,2026-04-09 11:18:24.317792
2026040904001482,KPCL,33,3,200,509.3,101860.0,Dakshinkali Investment & Securities Pvt. Ltd.,Arun Securities (PVT) Ltd.,2026-04-09 11:18:24.317831
2026040904001483,KPCL,33,56,250,509.3,127325.0,Dakshinkali Investment & Securities Pvt. Ltd.,Sri Hari Securities Pvt. Ltd.,2026-04-09 11:18:24.317880
2026040904001484,KPCL,33,42,20,510.0,10200.0,Dakshinkali Investment & Securities Pvt. Ltd.,Sani Securities Company Ltd.,2026-04-09 11:18:24.317920
2026040904001548,KPCL,33,3,500,510.0,255000.0,Dakshinkali Investment & Securities Pvt. Ltd.,Arun Securities (PVT) Ltd.,2026-04-09 11:19:05.697959
2026040904001559,KPCL,41,44,10,512.0,5120.0,Linch Stock Market Ltd.,Dynamic Money Managers Securities Pvt. Ltd.,2026-04-09 11:19:22.779289
2026040904001572,KPCL,33,58,40,510.0,20400.0,Dakshinkali Investment & Securities Pvt. Ltd.,Naasa Securities Co. Ltd.,2026-04-09 11:19:41.335526
2026040904001577,KPCL,33,85,500,510.0,255000.0,Dakshinkali Investment & Securities Pvt. Ltd.,Capital Hub P. Ltd,2026-04-09 11:19:43.442039
2026040904001611,KPCL,33,85,900,510.0,459000.0,Dakshinkali Investment & Securities Pvt. Ltd.,Capital Hub P. Ltd,2026-04-09 11:20:01.171849
2026040904001615,KPCL,33,7,75,510.0,38250.0,Dakshinkali Investment & Securities Pvt. Ltd.,J.F. Securites (PVT) Ltd.,2026-04-09 11:20:05.905529
2026040904001957,KPCL,65,85,800,505.0,404000.0,Sharepro Securities Private Limited,Capital Hub P. Ltd,2026-04-09 11:23:16.505694
2026040904002725,KPCL,6,7,25,505.5,12637.5,Agrawal Securities (PVT) Ltd.,J.F. Securites (PVT) Ltd.,2026-04-09 11:32:12.398547
2026040904003324,KPCL,42,40,15,507.1,7606.5,Sani Securities Company Ltd.,Creative Securities Pvt Ltd,2026-04-09 11:37:45.164031
2026040904003356,KPCL,33,39,80,509.9,40792.0,Dakshinkali Investment & Securities Pvt. Ltd.,Sumeru Securities Pvt. Ltd.,2026-04-09 11:37:54.434705
2026040904003357,KPCL,33,89,200,510.0,102000.0,Dakshinkali Investment & Securities Pvt. Ltd.,Global IME Securities Limited,2026-04-09 11:37:54.434924
2026040904003358,KPCL,33,42,92,510.0,46920.0,Dakshinkali Investment & Securities Pvt. Ltd.,Sani Securities Company Ltd.,2026-04-09 11:37:54.435050
2026040904003359,KPCL,33,56,1000,510.0,510000.0,Dakshinkali Investment & Securities Pvt. Ltd.,Sri Hari Securities Pvt. Ltd.,2026-04-09 11:37:54.435185
2026040904003553,KPCL,33,7,100,510.0,51000.0,Dakshinkali Investment & Securities Pvt. Ltd.,J.F. Securites (PVT) Ltd.,2026-04-09 11:40:04.530591
2026040904004033,KPCL,38,8,900,512.0,460800.0,Dipshikha Dhitopatra Karobar Co. Pvt Ltd.,Brilliant Securities Pvt. Ltd.,2026-04-09 11:44:45.898747
2026040904004034,KPCL,38,42,700,512.0,358400.0,Dipshikha Dhitopatra Karobar Co. Pvt Ltd.,Sani Securities Company Ltd.,2026-04-09 11:44:45.898895
2026040904004399,KPCL,42,49,10,512.4,5124.0,Sani Securities Company Ltd.,Online Securities Pvt. Ltd.,2026-04-09 11:47:19.295259
2026040904004400,KPCL,42,36,100,512.5,51250.0,Sani Securities Company Ltd.,Secured Securities Ltd.,2026-04-09 11:47:19.295382
2026040904004401,KPCL,42,53,200,513.0,102600.0,Sani Securities Company Ltd.,Investment Management Nepal Pvt. Ltd.,2026-04-09 11:47:19.295434
2026040904004775,KPCL,38,25,30,514.9,15447.0,Dipshikha Dhitopatra Karobar Co. Pvt Ltd.,Sweta Securities Private Limited,2026-04-09 11:49:48.207055
2026040904004776,KPCL,38,50,370,515.0,190550.0,Dipshikha Dhitopatra Karobar Co. Pvt Ltd.,Cristal Kanchanjanga Securites Pvt. Ltd.,2026-04-09 11:49:48.207095
2026040904004947,KPCL,42,7,100,513.0,51300.0,Sani Securities Company Ltd.,J.F. Securites (PVT) Ltd.,2026-04-09 11:51:10.155397
2026040904004978,KPCL,42,40,90,513.0,46170.0,Sani Securities Company Ltd.,Creative Securities Pvt Ltd,2026-04-09 11:51:27.619204
2026040904005030,KPCL,33,58,28,510.0,14280.0,Dakshinkali Investment & Securities Pvt. Ltd.,Naasa Securities Co. Ltd.,2026-04-09 11:51:57.184427
2026040904005031,KPCL,42,58,50,510.0,25500.0,Sani Securities Company Ltd.,Naasa Securities Co. Ltd.,2026-04-09 11:51:57.184561
2026040904005112,KPCL,50,58,22,509.0,11198.0,Cristal Kanchanjanga Securites Pvt. Ltd.,Naasa Securities Co. Ltd.,2026-04-09 11:52:20.542406
2026040904005530,KPCL,58,58,35,509.1,17818.5,Naasa Securities Co. Ltd.,Naasa Securities Co. Ltd.,2026-04-09 11:55:05.994062
2026040904005531,KPCL,50,58,35,509.0,17815.0,Cristal Kanchanjanga Securites Pvt. Ltd.,Naasa Securities Co. Ltd.,2026-04-09 11:55:05.994344
2026040904005715,KPCL,38,7,200,509.5,101900.0,Dipshikha Dhitopatra Karobar Co. Pvt Ltd.,J.F. Securites (PVT) Ltd.,2026-04-09 11:56:06.146007
2026040904005908,KPCL,38,58,100,509.5,50950.0,Dipshikha Dhitopatra Karobar Co. Pvt Ltd.,Naasa Securities Co. Ltd.,2026-04-09 11:56:59.560129
2026040904006080,KPCL,62,58,10,509.5,5095.0,Capital Max Securities Ltd,Naasa Securities Co. Ltd.,2026-04-09 11:58:09.970254
2026040904006081,KPCL,62,49,50,509.5,25475.0,Capital Max Securities Ltd,Online Securities Pvt. Ltd.,2026-04-09 11:58:09.970414
2026040904006082,KPCL,62,44,46,510.0,23460.0,Capital Max Securities Ltd,Dynamic Money Managers Securities Pvt. Ltd.,2026-04-09 11:58:09.970486
2026040904006083,KPCL,62,58,54,510.0,27540.0,Capital Max Securities Ltd,Naasa Securities Co. Ltd.,2026-04-09 11:58:09.970546
2026040904006088,KPCL,50,6,43,509.0,21887.0,Cristal Kanchanjanga Securites Pvt. Ltd.,Agrawal Securities (PVT) Ltd.,2026-04-09 11:58:13.522247
2026040904006089,KPCL,44,6,100,509.0,50900.0,Dynamic Money Managers Securities Pvt. Ltd.,Agrawal Securities (PVT) Ltd.,2026-04-09 11:58:13.522391
2026040904006090,KPCL,42,6,35,507.1,17748.5,Sani Securities Company Ltd.,Agrawal Securities (PVT) Ltd.,2026-04-09 11:58:13.522447
2026040904006091,KPCL,50,6,160,506.2,80992.0,Cristal Kanchanjanga Securites Pvt. Ltd.,Agrawal Securities (PVT) Ltd.,2026-04-09 11:58:13.522500
2026040904006092,KPCL,7,6,610,506.1,308721.0,J.F. Securites (PVT) Ltd.,Agrawal Securities (PVT) Ltd.,2026-04-09 11:58:13.522555
2026040904006093,KPCL,63,6,50,505.7,25285.0,Himalayan Brokerage Company Limited,Agrawal Securities (PVT) Ltd.,2026-04-09 11:58:13.522605
2026040904006094,KPCL,60,6,30,505.6,15168.0,Nagarik Stock Dealer ,Agrawal Securities (PVT) Ltd.,2026-04-09 11:58:13.522655
2026040904006095,KPCL,1,6,972,505.6,491443.2,Kumari Securities Private Limited,Agrawal Securities (PVT) Ltd.,2026-04-09 11:58:13.522706
2026040904006213,KPCL,36,38,19,506.0,9614.0,Secured Securities Ltd.,Dipshikha Dhitopatra Karobar Co. Pvt Ltd.,2026-04-09 11:59:15.386920
2026040904007288,KPCL,60,38,1,502.0,502.0,Nagarik Stock Dealer ,Dipshikha Dhitopatra Karobar Co. Pvt Ltd.,2026-04-09 12:09:31.269822
2026040904007738,KPCL,42,58,95,510.0,48450.0,Sani Securities Company Ltd.,Naasa Securities Co. Ltd.,2026-04-09 12:13:49.662899
2026040904008062,KPCL,42,58,200,510.0,102000.0,Sani Securities Company Ltd.,Naasa Securities Co. Ltd.,2026-04-09 12:16:37.830428
2026040904008569,KPCL,6,56,30,513.0,15390.0,Agrawal Securities (PVT) Ltd.,Sri Hari Securities Pvt. Ltd.,2026-04-09 12:20:45.513626
2026040904009504,KPCL,41,34,15,510.2,7653.0,Linch Stock Market Ltd.,Vision Securities Pvt. Ltd,2026-04-09 12:30:28.268564
2026040904009770,KPCL,41,7,285,510.2,145407.0,Linch Stock Market Ltd.,J.F. Securites (PVT) Ltd.,2026-04-09 12:32:30.919442
2026040904009854,KPCL,40,99,98,510.0,49980.0,Creative Securities Pvt Ltd,Prabhu Stock Market Limited,2026-04-09 12:33:03.871689
2026040904009886,KPCL,48,7,20,510.0,10200.0,Trishakti Securities Public Limited,J.F. Securites (PVT) Ltd.,2026-04-09 12:33:26.794722
2026040904009887,KPCL,50,7,205,510.0,104550.0,Cristal Kanchanjanga Securites Pvt. Ltd.,J.F. Securites (PVT) Ltd.,2026-04-09 12:33:26.794969
2026040904009922,KPCL,50,52,15,510.0,7650.0,Cristal Kanchanjanga Securites Pvt. Ltd.,Sundhara Securities Limited,2026-04-09 12:33:41.636430
2026040904009955,KPCL,50,7,80,510.0,40800.0,Cristal Kanchanjanga Securites Pvt. Ltd.,J.F. Securites (PVT) Ltd.,2026-04-09 12:34:06.267268
2026040904009956,KPCL,42,7,10,510.0,5100.0,Sani Securities Company Ltd.,J.F. Securites (PVT) Ltd.,2026-04-09 12:34:06.267476
2026040904009966,KPCL,42,54,100,510.0,51000.0,Sani Securities Company Ltd.,Sewa Securities Pvt. Ltd.,2026-04-09 12:34:12.221882
2026040904010080,KPCL,42,7,90,510.0,45900.0,Sani Securities Company Ltd.,J.F. Securites (PVT) Ltd.,2026-04-09 12:35:10.953844
2026040904010081,KPCL,32,7,50,510.0,25500.0,Premier Securities Company Ltd.,J.F. Securites (PVT) Ltd.,2026-04-09 12:35:10.954147
2026040904010082,KPCL,38,7,60,510.0,30600.0,Dipshikha Dhitopatra Karobar Co. Pvt Ltd.,J.F. Securites (PVT) Ltd.,2026-04-09 12:35:10.954363
2026040904010098,KPCL,38,37,40,510.0,20400.0,Dipshikha Dhitopatra Karobar Co. Pvt Ltd.,Swarna Laxmi Securities Pvt. Ltd.,2026-04-09 12:35:32.819908
2026040904010205,KPCL,48,36,300,509.0,152700.0,Trishakti Securities Public Limited,Secured Securities Ltd.,2026-04-09 12:36:28.684683
2026040904010243,KPCL,49,37,300,508.4,152520.0,Online Securities Pvt. Ltd.,Swarna Laxmi Securities Pvt. Ltd.,2026-04-09 12:36:36.888472
2026040904010396,KPCL,60,37,10,508.2,5082.0,Nagarik Stock Dealer ,Swarna Laxmi Securities Pvt. Ltd.,2026-04-09 12:38:06.083932
2026040904010397,KPCL,90,37,190,508.1,96539.0,Sajilo Broker Limited,Swarna Laxmi Securities Pvt. Ltd.,2026-04-09 12:38:06.084101
2026040904010449,KPCL,58,42,50,508.2,25410.0,Naasa Securities Co. Ltd.,Sani Securities Company Ltd.,2026-04-09 12:38:31.377133
2026040904010464,KPCL,90,37,300,508.1,152430.0,Sajilo Broker Limited,Swarna Laxmi Securities Pvt. Ltd.,2026-04-09 12:38:39.057382
2026040904010524,KPCL,84,43,17,508.1,8637.7,MILKY WAY SHARE BROKER COMPANY LTD ,South Asian Bulls Pvt. Ltd.,2026-04-09 12:39:01.095801
2026040904011903,KPCL,33,39,15,513.0,7695.0,Dakshinkali Investment & Securities Pvt. Ltd.,Sumeru Securities Pvt. Ltd.,2026-04-09 12:54:53.846561
2026040904011904,KPCL,33,45,85,513.0,43605.0,Dakshinkali Investment & Securities Pvt. Ltd.,Imperial Securities Company Pvt. Ltd.,2026-04-09 12:54:53.846740
2026040904011905,KPCL,33,36,50,514.0,25700.0,Dakshinkali Investment & Securities Pvt. Ltd.,Secured Securities Ltd.,2026-04-09 12:54:53.846811
2026040904011906,KPCL,33,36,700,514.0,359800.0,Dakshinkali Investment & Securities Pvt. Ltd.,Secured Securities Ltd.,2026-04-09 12:54:53.846880
2026040904011907,KPCL,33,49,100,514.0,51400.0,Dakshinkali Investment & Securities Pvt. Ltd.,Online Securities Pvt. Ltd.,2026-04-09 12:54:53.846942
2026040904011956,KPCL,33,48,50,514.0,25700.0,Dakshinkali Investment & Securities Pvt. Ltd.,Trishakti Securities Public Limited,2026-04-09 12:55:18.704310
2026040904011998,KPCL,41,52,15,509.0,7635.0,Linch Stock Market Ltd.,Sundhara Securities Limited,2026-04-09 12:56:00.269433
2026040904012970,KPCL,74,7,200,510.0,102000.0,KALASH STOCK MARKET PVT. LTD.,J.F. Securites (PVT) Ltd.,2026-04-09 13:06:34.819654
2026040904013480,KPCL,35,35,50,513.0,25650.0,Kohinoor Investment & Securities Pvt. Ltd.,Kohinoor Investment & Securities Pvt. Ltd.,2026-04-09 13:11:51.386661
2026040904013519,KPCL,74,45,50,510.0,25500.0,KALASH STOCK MARKET PVT. LTD.,Imperial Securities Company Pvt. Ltd.,2026-04-09 13:11:59.383157
2026040904013520,KPCL,58,45,295,510.0,150450.0,Naasa Securities Co. Ltd.,Imperial Securities Company Pvt. Ltd.,2026-04-09 13:11:59.383396
2026040904013521,KPCL,38,45,200,509.3,101860.0,Dipshikha Dhitopatra Karobar Co. Pvt Ltd.,Imperial Securities Company Pvt. Ltd.,2026-04-09 13:11:59.383472
2026040904013522,KPCL,41,45,185,509.2,94202.0,Linch Stock Market Ltd.,Imperial Securities Company Pvt. Ltd.,2026-04-09 13:11:59.383539
2026040904013523,KPCL,29,45,200,509.1,101820.0,Trisul Securities & Invt. Ltd.,Imperial Securities Company Pvt. Ltd.,2026-04-09 13:11:59.383607
2026040904013524,KPCL,74,45,250,509.0,127250.0,KALASH STOCK MARKET PVT. LTD.,Imperial Securities Company Pvt. Ltd.,2026-04-09 13:11:59.383674
2026040904013525,KPCL,77,45,28,509.0,14252.0,Nabil Stock Dealer Ltd.,Imperial Securities Company Pvt. Ltd.,2026-04-09 13:11:59.383741
2026040904013601,KPCL,22,45,100,509.0,50900.0,Siprabi Securities Pvt. Ltd.,Imperial Securities Company Pvt. Ltd.,2026-04-09 13:12:32.748171
2026040904013604,KPCL,3,45,302,509.0,153718.0,Arun Securities (PVT) Ltd.,Imperial Securities Company Pvt. Ltd.,2026-04-09 13:12:34.863427
2026040904013641,KPCL,77,49,1,508.0,508.0,Nabil Stock Dealer Ltd.,Online Securities Pvt. Ltd.,2026-04-09 13:12:59.126781
2026040904013990,KPCL,45,34,10,512.0,5120.0,Imperial Securities Company Pvt. Ltd.,Vision Securities Pvt. Ltd,2026-04-09 13:16:24.207118
2026040904014096,KPCL,60,19,1,508.0,508.0,Nagarik Stock Dealer ,Nepal Investment And Securities Trading Private Limited,2026-04-09 13:17:04.251180
2026040904014168,KPCL,45,34,10,512.0,5120.0,Imperial Securities Company Pvt. Ltd.,Vision Securities Pvt. Ltd,2026-04-09 13:17:52.434788
2026040904014312,KPCL,45,34,20,512.0,10240.0,Imperial Securities Company Pvt. Ltd.,Vision Securities Pvt. Ltd,2026-04-09 13:19:32.292390
2026040904014555,KPCL,21,34,60,512.0,30720.0,Midas Stock Broking Company Private Limited,Vision Securities Pvt. Ltd,2026-04-09 13:22:15.079103
2026040904014556,KPCL,21,62,20,512.0,10240.0,Midas Stock Broking Company Private Limited,Capital Max Securities Ltd,2026-04-09 13:22:15.079290
2026040904014713,KPCL,21,7,300,512.0,153600.0,Midas Stock Broking Company Private Limited,J.F. Securites (PVT) Ltd.,2026-04-09 13:23:30.653685
2026040904014748,KPCL,21,36,15,512.0,7680.0,Midas Stock Broking Company Private Limited,Secured Securities Ltd.,2026-04-09 13:23:39.562880
2026040904014749,KPCL,21,44,5,512.0,2560.0,Midas Stock Broking Company Private Limited,Dynamic Money Managers Securities Pvt. Ltd.,2026-04-09 13:23:39.563166
2026040904015093,KPCL,45,7,10,510.0,5100.0,Imperial Securities Company Pvt. Ltd.,J.F. Securites (PVT) Ltd.,2026-04-09 13:25:54.930666
2026040904015094,KPCL,14,7,100,510.0,51000.0,Nepal Stock House (PVT) Ltd.,J.F. Securites (PVT) Ltd.,2026-04-09 13:25:54.930859
2026040904015095,KPCL,38,7,90,510.0,45900.0,Dipshikha Dhitopatra Karobar Co. Pvt Ltd.,J.F. Securites (PVT) Ltd.,2026-04-09 13:25:54.930973
2026040904015115,KPCL,38,17,110,510.0,56100.0,Dipshikha Dhitopatra Karobar Co. Pvt Ltd.,ABC Securities Private Limited,2026-04-09 13:26:06.906183
2026040904015116,KPCL,74,17,90,510.0,45900.0,KALASH STOCK MARKET PVT. LTD.,ABC Securities Private Limited,2026-04-09 13:26:06.906392
2026040904015596,KPCL,74,54,40,510.0,20400.0,KALASH STOCK MARKET PVT. LTD.,Sewa Securities Pvt. Ltd.,2026-04-09 13:30:50.377410
2026040904015597,KPCL,14,54,60,510.0,30600.0,Nepal Stock House (PVT) Ltd.,Sewa Securities Pvt. Ltd.,2026-04-09 13:30:50.377790
2026040904015760,KPCL,14,56,390,510.0,198900.0,Nepal Stock House (PVT) Ltd.,Sri Hari Securities Pvt. Ltd.,2026-04-09 13:33:20.357975
2026040904015761,KPCL,36,56,50,510.0,25500.0,Secured Securities Ltd.,Sri Hari Securities Pvt. Ltd.,2026-04-09 13:33:20.358395
2026040904015905,KPCL,3,99,100,510.0,51000.0,Arun Securities (PVT) Ltd.,Prabhu Stock Market Limited,2026-04-09 13:35:10.540745
2026040904016082,KPCL,34,61,99,510.0,50490.0,Vision Securities Pvt. Ltd,BHOLE GANESH SECURITIES LTD,2026-04-09 13:37:48.715644
2026040904016083,KPCL,3,61,198,509.1,100801.8,Arun Securities (PVT) Ltd.,BHOLE GANESH SECURITIES LTD,2026-04-09 13:37:48.716011
2026040904016084,KPCL,36,61,50,509.0,25450.0,Secured Securities Ltd.,BHOLE GANESH SECURITIES LTD,2026-04-09 13:37:48.716247
2026040904016085,KPCL,45,61,50,509.0,25450.0,Imperial Securities Company Pvt. Ltd.,BHOLE GANESH SECURITIES LTD,2026-04-09 13:37:48.716562
2026040904016086,KPCL,63,61,100,508.8,50880.0,Himalayan Brokerage Company Limited,BHOLE GANESH SECURITIES LTD,2026-04-09 13:37:48.716794
2026040904016087,KPCL,28,61,17,508.0,8636.0,Shree Krishna Securities Ltd.,BHOLE GANESH SECURITIES LTD,2026-04-09 13:37:48.717043
2026040904016088,KPCL,13,61,100,508.0,50800.0,Thrive Brokerage House Pvt. Ltd,BHOLE GANESH SECURITIES LTD,2026-04-09 13:37:48.717333
2026040904016089,KPCL,63,61,50,507.4,25370.0,Himalayan Brokerage Company Limited,BHOLE GANESH SECURITIES LTD,2026-04-09 13:37:48.717550
2026040904016090,KPCL,14,61,600,507.2,304320.0,Nepal Stock House (PVT) Ltd.,BHOLE GANESH SECURITIES LTD,2026-04-09 13:37:48.717797
2026040904016091,KPCL,58,61,500,507.0,253500.0,Naasa Securities Co. Ltd.,BHOLE GANESH SECURITIES LTD,2026-04-09 13:37:48.718038
2026040904016092,KPCL,34,61,190,507.0,96330.0,Vision Securities Pvt. Ltd,BHOLE GANESH SECURITIES LTD,2026-04-09 13:37:48.718256
2026040904016093,KPCL,5,61,100,507.0,50700.0,Market Securities & Exchange (PVT) Ltd.,BHOLE GANESH SECURITIES LTD,2026-04-09 13:37:48.718538
2026040904016094,KPCL,42,61,160,507.0,81120.0,Sani Securities Company Ltd.,BHOLE GANESH SECURITIES LTD,2026-04-09 13:37:48.718833
2026040904016095,KPCL,41,61,50,506.0,25300.0,Linch Stock Market Ltd.,BHOLE GANESH SECURITIES LTD,2026-04-09 13:37:48.719068
2026040904016096,KPCL,62,61,500,506.0,253000.0,Capital Max Securities Ltd,BHOLE GANESH SECURITIES LTD,2026-04-09 13:37:48.719330
2026040904016097,KPCL,49,61,100,506.0,50600.0,Online Securities Pvt. Ltd.,BHOLE GANESH SECURITIES LTD,2026-04-09 13:37:48.719554
2026040904016098,KPCL,29,61,90,506.0,45540.0,Trisul Securities & Invt. Ltd.,BHOLE GANESH SECURITIES LTD,2026-04-09 13:37:48.719775
2026040904016099,KPCL,25,61,30,505.7,15171.0,Sweta Securities Private Limited,BHOLE GANESH SECURITIES LTD,2026-04-09 13:37:48.719992
2026040904016100,KPCL,45,61,20,505.5,10110.0,Imperial Securities Company Pvt. Ltd.,BHOLE GANESH SECURITIES LTD,2026-04-09 13:37:48.720244
2026040904016101,KPCL,58,61,47,505.5,23758.5,Naasa Securities Co. Ltd.,BHOLE GANESH SECURITIES LTD,2026-04-09 13:37:48.720474
2026040904016102,KPCL,1,61,100,505.4,50540.0,Kumari Securities Private Limited,BHOLE GANESH SECURITIES LTD,2026-04-09 13:37:48.720704
2026040904016103,KPCL,58,61,310,505.1,156581.0,Naasa Securities Co. Ltd.,BHOLE GANESH SECURITIES LTD,2026-04-09 13:37:48.720923
2026040904016104,KPCL,89,61,100,505.1,50510.0,Global IME Securities Limited,BHOLE GANESH SECURITIES LTD,2026-04-09 13:37:48.721157
2026040904016105,KPCL,63,61,50,505.0,25250.0,Himalayan Brokerage Company Limited,BHOLE GANESH SECURITIES LTD,2026-04-09 13:37:48.721420
2026040904016106,KPCL,89,61,200,505.0,101000.0,Global IME Securities Limited,BHOLE GANESH SECURITIES LTD,2026-04-09 13:37:48.721654
2026040904016107,KPCL,36,61,50,505.0,25250.0,Secured Securities Ltd.,BHOLE GANESH SECURITIES LTD,2026-04-09 13:37:48.721852
2026040904016108,KPCL,58,61,50,505.0,25250.0,Naasa Securities Co. Ltd.,BHOLE GANESH SECURITIES LTD,2026-04-09 13:37:48.722058
2026040904016109,KPCL,29,61,50,505.0,25250.0,Trisul Securities & Invt. Ltd.,BHOLE GANESH SECURITIES LTD,2026-04-09 13:37:48.722288
2026040904016110,KPCL,36,61,50,505.0,25250.0,Secured Securities Ltd.,BHOLE GANESH SECURITIES LTD,2026-04-09 13:37:48.722518
2026040904016111,KPCL,72,61,30,505.0,15150.0,Hatemalo Financial Services Private Limited,BHOLE GANESH SECURITIES LTD,2026-04-09 13:37:48.722725
2026040904016112,KPCL,54,61,60,505.0,30300.0,Sewa Securities Pvt. Ltd.,BHOLE GANESH SECURITIES LTD,2026-04-09 13:37:48.722920
2026040904016113,KPCL,62,61,500,505.0,252500.0,Capital Max Securities Ltd,BHOLE GANESH SECURITIES LTD,2026-04-09 13:37:48.723109
2026040904016114,KPCL,50,61,200,505.0,101000.0,Cristal Kanchanjanga Securites Pvt. Ltd.,BHOLE GANESH SECURITIES LTD,2026-04-09 13:37:48.723362
2026040904016115,KPCL,50,61,50,505.0,25250.0,Cristal Kanchanjanga Securites Pvt. Ltd.,BHOLE GANESH SECURITIES LTD,2026-04-09 13:37:48.723533
2026040904017500,KPCL,36,65,10,510.0,5100.0,Secured Securities Ltd.,Sharepro Securities Private Limited,2026-04-09 13:55:07.537365
2026040904017787,KPCL,6,62,30,510.0,15300.0,Agrawal Securities (PVT) Ltd.,Capital Max Securities Ltd,2026-04-09 13:57:58.538873
2026040904017788,KPCL,38,62,70,509.8,35686.0,Dipshikha Dhitopatra Karobar Co. Pvt Ltd.,Capital Max Securities Ltd,2026-04-09 13:57:58.539077
2026040904017798,KPCL,38,17,124,509.8,63215.2,Dipshikha Dhitopatra Karobar Co. Pvt Ltd.,ABC Securities Private Limited,2026-04-09 13:58:06.899447
2026040904017799,KPCL,38,17,76,509.1,38691.6,Dipshikha Dhitopatra Karobar Co. Pvt Ltd.,ABC Securities Private Limited,2026-04-09 13:58:06.899631
2026040904017857,KPCL,60,61,2,500.0,1000.0,Nagarik Stock Dealer ,BHOLE GANESH SECURITIES LTD,2026-04-09 13:58:46.666108
2026040904017866,KPCL,60,19,2,505.0,1010.0,Nagarik Stock Dealer ,Nepal Investment And Securities Trading Private Limited,2026-04-09 13:58:57.255350
2026040904018216,KPCL,34,57,25,510.5,12762.5,Vision Securities Pvt. Ltd,Aryatara Investment & Securities,2026-04-09 14:02:46.184724
2026040904018370,KPCL,58,57,100,510.5,51050.0,Naasa Securities Co. Ltd.,Aryatara Investment & Securities,2026-04-09 14:04:01.180545
2026040904018451,KPCL,17,57,10,510.5,5105.0,ABC Securities Private Limited,Aryatara Investment & Securities,2026-04-09 14:05:20.700340
2026040904018653,KPCL,1,29,40,509.4,20376.0,Kumari Securities Private Limited,Trisul Securities & Invt. Ltd.,2026-04-09 14:07:28.061911
2026040904018700,KPCL,1,45,60,509.4,30564.0,Kumari Securities Private Limited,Imperial Securities Company Pvt. Ltd.,2026-04-09 14:07:56.072267
2026040904018734,KPCL,43,45,100,509.3,50930.0,South Asian Bulls Pvt. Ltd.,Imperial Securities Company Pvt. Ltd.,2026-04-09 14:08:26.064460
2026040904018919,KPCL,38,13,124,509.4,63165.6,Dipshikha Dhitopatra Karobar Co. Pvt Ltd.,Thrive Brokerage House Pvt. Ltd,2026-04-09 14:10:38.581028
2026040904018920,KPCL,58,13,20,509.2,10184.0,Naasa Securities Co. Ltd.,Thrive Brokerage House Pvt. Ltd,2026-04-09 14:10:38.581285
2026040904018921,KPCL,59,13,17,509.2,8656.4,Deevyaa Securities & Stock House Pvt. Ltd,Thrive Brokerage House Pvt. Ltd,2026-04-09 14:10:38.581382
2026040904019109,KPCL,59,32,10,509.2,5092.0,Deevyaa Securities & Stock House Pvt. Ltd,Premier Securities Company Ltd.,2026-04-09 14:12:35.880915
2026040904019521,KPCL,48,57,15,511.5,7672.5,Trishakti Securities Public Limited,Aryatara Investment & Securities,2026-04-09 14:14:40.348703
2026040904019531,KPCL,58,57,33,511.5,16879.5,Naasa Securities Co. Ltd.,Aryatara Investment & Securities,2026-04-09 14:14:53.466295
2026040904020300,KPCL,17,57,30,511.5,15345.0,ABC Securities Private Limited,Aryatara Investment & Securities,2026-04-09 14:21:03.600497
2026040904020377,KPCL,21,57,50,511.5,25575.0,Midas Stock Broking Company Private Limited,Aryatara Investment & Securities,2026-04-09 14:21:30.070031
2026040904020515,KPCL,21,56,500,510.0,255000.0,Midas Stock Broking Company Private Limited,Sri Hari Securities Pvt. Ltd.,2026-04-09 14:22:22.321770
2026040904020889,KPCL,34,49,15,510.1,7651.5,Vision Securities Pvt. Ltd,Online Securities Pvt. Ltd.,2026-04-09 14:24:57.118830
2026040904020954,KPCL,59,17,95,511.0,48545.0,Deevyaa Securities & Stock House Pvt. Ltd,ABC Securities Private Limited,2026-04-09 14:25:20.595780
2026040904020965,KPCL,58,17,205,511.0,104755.0,Naasa Securities Co. Ltd.,ABC Securities Private Limited,2026-04-09 14:25:23.621773
2026040904021024,KPCL,58,41,100,511.0,51100.0,Naasa Securities Co. Ltd.,Linch Stock Market Ltd.,2026-04-09 14:25:57.838723
2026040904021155,KPCL,59,57,37,511.5,18925.5,Deevyaa Securities & Stock House Pvt. Ltd,Aryatara Investment & Securities,2026-04-09 14:26:49.924827
2026040904021182,KPCL,51,48,75,511.8,38385.0,Oxford Securities Pvt. Ltd.,Trishakti Securities Public Limited,2026-04-09 14:27:03.428874
2026040904021183,KPCL,51,44,100,512.0,51200.0,Oxford Securities Pvt. Ltd.,Dynamic Money Managers Securities Pvt. Ltd.,2026-04-09 14:27:03.429100
2026040904021184,KPCL,51,42,50,512.0,25600.0,Oxford Securities Pvt. Ltd.,Sani Securities Company Ltd.,2026-04-09 14:27:03.429219
2026040904021185,KPCL,51,28,250,512.0,128000.0,Oxford Securities Pvt. Ltd.,Shree Krishna Securities Ltd.,2026-04-09 14:27:03.429294
2026040904021186,KPCL,51,36,25,512.0,12800.0,Oxford Securities Pvt. Ltd.,Secured Securities Ltd.,2026-04-09 14:27:03.429382
2026040904021212,KPCL,84,36,300,512.0,153600.0,MILKY WAY SHARE BROKER COMPANY LTD ,Secured Securities Ltd.,2026-04-09 14:27:19.763370
2026040904021276,KPCL,3,36,350,512.0,179200.0,Arun Securities (PVT) Ltd.,Secured Securities Ltd.,2026-04-09 14:27:41.441404
2026040904021287,KPCL,22,36,50,512.0,25600.0,Siprabi Securities Pvt. Ltd.,Secured Securities Ltd.,2026-04-09 14:27:48.047088
2026040904021302,KPCL,34,36,275,512.0,140800.0,Vision Securities Pvt. Ltd,Secured Securities Ltd.,2026-04-09 14:27:54.521096
2026040904021900,KPCL,52,48,100,512.5,51250.0,Sundhara Securities Limited,Trishakti Securities Public Limited,2026-04-09 14:30:30.531775
2026040904021999,KPCL,52,44,60,512.5,30750.0,Sundhara Securities Limited,Dynamic Money Managers Securities Pvt. Ltd.,2026-04-09 14:31:05.485080
2026040904022000,KPCL,70,44,480,512.1,245808.0,Infinity Securities Limited,Dynamic Money Managers Securities Pvt. Ltd.,2026-04-09 14:31:05.485479
2026040904022001,KPCL,34,44,225,512.0,115200.0,Vision Securities Pvt. Ltd,Dynamic Money Managers Securities Pvt. Ltd.,2026-04-09 14:31:05.485718
2026040904022002,KPCL,60,44,55,512.0,28160.0,Nagarik Stock Dealer ,Dynamic Money Managers Securities Pvt. Ltd.,2026-04-09 14:31:05.485948
2026040904022084,KPCL,60,99,2,510.0,1020.0,Nagarik Stock Dealer ,Prabhu Stock Market Limited,2026-04-09 14:31:31.848448
2026040904022113,KPCL,60,28,50,512.0,25600.0,Nagarik Stock Dealer ,Shree Krishna Securities Ltd.,2026-04-09 14:31:46.330634
2026040904022117,KPCL,42,49,20,512.7,10254.0,Sani Securities Company Ltd.,Online Securities Pvt. Ltd.,2026-04-09 14:31:47.141769
2026040904022118,KPCL,42,50,20,512.7,10254.0,Sani Securities Company Ltd.,Cristal Kanchanjanga Securites Pvt. Ltd.,2026-04-09 14:31:47.142108
2026040904022119,KPCL,42,49,10,512.9,5129.0,Sani Securities Company Ltd.,Online Securities Pvt. Ltd.,2026-04-09 14:31:47.142360
2026040904022120,KPCL,42,35,50,513.0,25650.0,Sani Securities Company Ltd.,Kohinoor Investment & Securities Pvt. Ltd.,2026-04-09 14:31:47.142573
2026040904022121,KPCL,42,32,10,513.0,5130.0,Sani Securities Company Ltd.,Premier Securities Company Ltd.,2026-04-09 14:31:47.142798
2026040904022644,KPCL,60,48,395,512.0,202240.0,Nagarik Stock Dealer ,Trishakti Securities Public Limited,2026-04-09 14:36:33.739933
2026040904022645,KPCL,59,48,63,511.5,32224.5,Deevyaa Securities & Stock House Pvt. Ltd,Trishakti Securities Public Limited,2026-04-09 14:36:33.740160
2026040904022646,KPCL,58,48,20,511.0,10220.0,Naasa Securities Co. Ltd.,Trishakti Securities Public Limited,2026-04-09 14:36:33.740242
2026040904022647,KPCL,22,48,32,510.2,16326.4,Siprabi Securities Pvt. Ltd.,Trishakti Securities Public Limited,2026-04-09 14:36:33.740334
2026040904023443,KPCL,26,21,311,512.0,159232.0,Asian Securities Private Ltd.,Midas Stock Broking Company Private Limited,2026-04-09 14:40:17.109299
2026040904023492,KPCL,38,11,10,514.0,5140.0,Dipshikha Dhitopatra Karobar Co. Pvt Ltd.,Malla & Malla Stock Broking Company Pvt. Limited,2026-04-09 14:40:25.462966
2026040904023494,KPCL,60,58,7,510.0,3570.0,Nagarik Stock Dealer ,Naasa Securities Co. Ltd.,2026-04-09 14:40:28.716993
2026040904023617,KPCL,26,50,16,514.4,8230.4,Asian Securities Private Ltd.,Cristal Kanchanjanga Securites Pvt. Ltd.,2026-04-09 14:41:06.986091
2026040904023720,KPCL,60,58,1,510.0,510.0,Nagarik Stock Dealer ,Naasa Securities Co. Ltd.,2026-04-09 14:41:39.294384
2026040904023748,KPCL,60,57,1,510.0,510.0,Nagarik Stock Dealer ,Aryatara Investment & Securities,2026-04-09 14:41:44.181428
2026040904023920,KPCL,7,49,10,514.3,5143.0,J.F. Securites (PVT) Ltd.,Online Securities Pvt. Ltd.,2026-04-09 14:42:40.645167
2026040904025119,KPCL,7,49,10,514.2,5142.0,J.F. Securites (PVT) Ltd.,Online Securities Pvt. Ltd.,2026-04-09 14:48:22.338578
2026040904025471,KPCL,25,45,200,514.3,102860.0,Sweta Securities Private Limited,Imperial Securities Company Pvt. Ltd.,2026-04-09 14:49:26.013802
2026040904025536,KPCL,25,50,154,514.4,79217.6,Sweta Securities Private Limited,Cristal Kanchanjanga Securites Pvt. Ltd.,2026-04-09 14:49:42.415046
2026040904025602,KPCL,25,36,900,514.5,463050.0,Sweta Securities Private Limited,Secured Securities Ltd.,2026-04-09 14:50:00.427422
2026040904025678,KPCL,67,45,500,514.8,257400.0,Property Wiard Limited,Imperial Securities Company Pvt. Ltd.,2026-04-09 14:50:27.264379
2026040904025744,KPCL,7,8,15,514.9,7723.5,J.F. Securites (PVT) Ltd.,Brilliant Securities Pvt. Ltd.,2026-04-09 14:50:52.537256
2026040904025841,KPCL,42,44,100,515.0,51500.0,Sani Securities Company Ltd.,Dynamic Money Managers Securities Pvt. Ltd.,2026-04-09 14:51:18.322129
2026040904025842,KPCL,42,56,1000,515.0,515000.0,Sani Securities Company Ltd.,Sri Hari Securities Pvt. Ltd.,2026-04-09 14:51:18.322504
2026040904025843,KPCL,42,33,20,515.0,10300.0,Sani Securities Company Ltd.,Dakshinkali Investment & Securities Pvt. Ltd.,2026-04-09 14:51:18.322778
2026040904025844,KPCL,42,32,15,515.0,7725.0,Sani Securities Company Ltd.,Premier Securities Company Ltd.,2026-04-09 14:51:18.323008
2026040904025845,KPCL,42,59,365,515.0,187975.0,Sani Securities Company Ltd.,Deevyaa Securities & Stock House Pvt. Ltd,2026-04-09 14:51:18.323226
2026040904025959,KPCL,45,59,135,515.0,69525.0,Imperial Securities Company Pvt. Ltd.,Deevyaa Securities & Stock House Pvt. Ltd,2026-04-09 14:51:50.062591
2026040904025960,KPCL,45,59,800,515.0,412000.0,Imperial Securities Company Pvt. Ltd.,Deevyaa Securities & Stock House Pvt. Ltd,2026-04-09 14:51:50.062781
2026040904025961,KPCL,45,54,100,515.0,51500.0,Imperial Securities Company Pvt. Ltd.,Sewa Securities Pvt. Ltd.,2026-04-09 14:51:50.062892
2026040904025962,KPCL,45,32,10,515.0,5150.0,Imperial Securities Company Pvt. Ltd.,Premier Securities Company Ltd.,2026-04-09 14:51:50.062978
2026040904025963,KPCL,45,58,155,515.0,79825.0,Imperial Securities Company Pvt. Ltd.,Naasa Securities Co. Ltd.,2026-04-09 14:51:50.063057
2026040904025964,KPCL,45,59,11,515.0,5665.0,Imperial Securities Company Pvt. Ltd.,Deevyaa Securities & Stock House Pvt. Ltd,2026-04-09 14:51:50.063135
2026040904025965,KPCL,45,44,900,515.0,463500.0,Imperial Securities Company Pvt. Ltd.,Dynamic Money Managers Securities Pvt. Ltd.,2026-04-09 14:51:50.063209
2026040904025966,KPCL,45,58,500,515.0,257500.0,Imperial Securities Company Pvt. Ltd.,Naasa Securities Co. Ltd.,2026-04-09 14:51:50.063288
2026040904025967,KPCL,45,34,400,515.0,206000.0,Imperial Securities Company Pvt. Ltd.,Vision Securities Pvt. Ltd,2026-04-09 14:51:50.063373
2026040904026077,KPCL,34,6,200,515.0,103000.0,Vision Securities Pvt. Ltd,Agrawal Securities (PVT) Ltd.,2026-04-09 14:52:24.216005
2026040904026122,KPCL,4,19,30,515.6,15468.0,Opal Securities Investment (PVT) Ltd.,Nepal Investment And Securities Trading Private Limited,2026-04-09 14:52:38.618653
2026040904026157,KPCL,22,35,18,515.6,9280.8,Siprabi Securities Pvt. Ltd.,Kohinoor Investment & Securities Pvt. Ltd.,2026-04-09 14:52:46.946110
2026040904026159,KPCL,38,35,82,515.6,42279.2,Dipshikha Dhitopatra Karobar Co. Pvt Ltd.,Kohinoor Investment & Securities Pvt. Ltd.,2026-04-09 14:52:47.453597
2026040904026160,KPCL,38,40,118,516.0,60888.0,Dipshikha Dhitopatra Karobar Co. Pvt Ltd.,Creative Securities Pvt Ltd,2026-04-09 14:52:47.453797
2026040904026263,KPCL,44,58,89,515.2,45852.8,Dynamic Money Managers Securities Pvt. Ltd.,Naasa Securities Co. Ltd.,2026-04-09 14:53:08.451234
2026040904026576,KPCL,48,40,200,516.0,103200.0,Trishakti Securities Public Limited,Creative Securities Pvt Ltd,2026-04-09 14:54:28.041872
2026040904026748,KPCL,44,62,11,515.2,5667.2,Dynamic Money Managers Securities Pvt. Ltd.,Capital Max Securities Ltd,2026-04-09 14:55:05.382505
2026040904026749,KPCL,38,62,200,515.2,103040.0,Dipshikha Dhitopatra Karobar Co. Pvt Ltd.,Capital Max Securities Ltd,2026-04-09 14:55:05.382709
2026040904026750,KPCL,34,62,785,515.0,404275.0,Vision Securities Pvt. Ltd,Capital Max Securities Ltd,2026-04-09 14:55:05.382796
2026040904027540,KPCL,57,50,100,515.0,51500.0,Aryatara Investment & Securities,Cristal Kanchanjanga Securites Pvt. Ltd.,2026-04-09 14:56:56.912619
2026040904027541,KPCL,58,50,100,515.0,51500.0,Naasa Securities Co. Ltd.,Cristal Kanchanjanga Securites Pvt. Ltd.,2026-04-09 14:56:56.912800
2026040904027745,KPCL,58,14,14,515.0,7210.0,Naasa Securities Co. Ltd.,Nepal Stock House (PVT) Ltd.,2026-04-09 14:57:26.842037
2026040904027746,KPCL,58,14,194,515.0,99910.0,Naasa Securities Co. Ltd.,Nepal Stock House (PVT) Ltd.,2026-04-09 14:57:26.842211
2026040904027747,KPCL,45,14,792,515.0,407880.0,Imperial Securities Company Pvt. Ltd.,Nepal Stock House (PVT) Ltd.,2026-04-09 14:57:26.842296
2026040904027861,KPCL,50,44,20,515.8,10316.0,Cristal Kanchanjanga Securites Pvt. Ltd.,Dynamic Money Managers Securities Pvt. Ltd.,2026-04-09 14:57:43.739841
2026040904027862,KPCL,50,8,10,515.8,5158.0,Cristal Kanchanjanga Securites Pvt. Ltd.,Brilliant Securities Pvt. Ltd.,2026-04-09 14:57:43.740008
2026040904027960,KPCL,38,40,10,516.0,5160.0,Dipshikha Dhitopatra Karobar Co. Pvt Ltd.,Creative Securities Pvt Ltd,2026-04-09 14:58:00.179357
2026040904028699,KPCL,28,50,45,515.9,23215.5,Shree Krishna Securities Ltd.,Cristal Kanchanjanga Securites Pvt. Ltd.,2026-04-09 14:59:37.312253
2026040904028782,KPCL,42,50,70,515.9,36113.0,Sani Securities Company Ltd.,Cristal Kanchanjanga Securites Pvt. Ltd.,2026-04-09 14:59:45.192112
2026040904028820,KPCL,58,49,10,515.6,5156.0,Naasa Securities Co. Ltd.,Online Securities Pvt. Ltd.,2026-04-09 14:59:47.255628
