contractId,stockSymbol,buyerMemberId,sellerMemberId,quantity,price,amount,businessDate,tradeBookId,stockId,buyerBrokerName,sellerBrokerName,transaction_time,securityName
2026040903000229,KSBBL,59,58,100,485.2,48520.0,2026-04-09,185676015,459,Deevyaa Securities & Stock House Pvt. Ltd,Naasa Securities Co. Ltd.,2026-04-09 11:10:09.953860,Kamana Sewa Bikas Bank Limited
2026040903000230,KSBBL,44,58,264,485.0,128040.0,2026-04-09,185676016,459,Dynamic Money Managers Securities Pvt. Ltd.,Naasa Securities Co. Ltd.,2026-04-09 11:10:09.953980,Kamana Sewa Bikas Bank Limited
2026040903000283,KSBBL,44,57,500,485.0,242500.0,2026-04-09,185677692,459,Dynamic Money Managers Securities Pvt. Ltd.,Aryatara Investment & Securities,2026-04-09 11:12:03.168957,Kamana Sewa Bikas Bank Limited
2026040903000646,KSBBL,46,58,28,485.3,13588.4,2026-04-09,185691954,459,Kalika Securities Pvt. Ltd.,Naasa Securities Co. Ltd.,2026-04-09 11:28:39.171052,Kamana Sewa Bikas Bank Limited
2026040903000765,KSBBL,72,22,10,490.0,4900.0,2026-04-09,185695438,459,Hatemalo Financial Services Private Limited,Siprabi Securities Pvt. Ltd.,2026-04-09 11:33:30.271647,Kamana Sewa Bikas Bank Limited
2026040903000766,KSBBL,72,54,11,490.0,5390.0,2026-04-09,185695440,459,Hatemalo Financial Services Private Limited,Sewa Securities Pvt. Ltd.,2026-04-09 11:33:30.271891,Kamana Sewa Bikas Bank Limited
2026040903000767,KSBBL,72,11,403,490.0,197470.0,2026-04-09,185695442,459,Hatemalo Financial Services Private Limited,Malla & Malla Stock Broking Company Pvt. Limited,2026-04-09 11:33:30.272114,Kamana Sewa Bikas Bank Limited
2026040903000768,KSBBL,72,17,1000,490.0,490000.0,2026-04-09,185695444,459,Hatemalo Financial Services Private Limited,ABC Securities Private Limited,2026-04-09 11:33:30.272317,Kamana Sewa Bikas Bank Limited
2026040903000787,KSBBL,46,71,33,489.0,16137.0,2026-04-09,185695852,459,Kalika Securities Pvt. Ltd.,SHUBHAKAMANA SECURITIES PVT. LTD,2026-04-09 11:34:06.401731,Kamana Sewa Bikas Bank Limited
2026040903000788,KSBBL,46,17,67,492.2,32977.4,2026-04-09,185695855,459,Kalika Securities Pvt. Ltd.,ABC Securities Private Limited,2026-04-09 11:34:06.401842,Kamana Sewa Bikas Bank Limited
2026040903000994,KSBBL,65,17,933,492.2,459222.6,2026-04-09,185699916,459,Sharepro Securities Private Limited,ABC Securities Private Limited,2026-04-09 11:38:45.161990,Kamana Sewa Bikas Bank Limited
2026040903000995,KSBBL,65,57,500,492.5,246250.0,2026-04-09,185699918,459,Sharepro Securities Private Limited,Aryatara Investment & Securities,2026-04-09 11:38:45.162089,Kamana Sewa Bikas Bank Limited
2026040903000996,KSBBL,65,57,400,492.8,197120.0,2026-04-09,185699920,459,Sharepro Securities Private Limited,Aryatara Investment & Securities,2026-04-09 11:38:45.162134,Kamana Sewa Bikas Bank Limited
2026040903001160,KSBBL,65,44,3000,493.0,1479000.0,2026-04-09,185706083,459,Sharepro Securities Private Limited,Dynamic Money Managers Securities Pvt. Ltd.,2026-04-09 11:45:36.636450,Kamana Sewa Bikas Bank Limited
2026040903001164,KSBBL,45,44,20,493.0,9860.0,2026-04-09,185706213,459,Imperial Securities Company Pvt. Ltd.,Dynamic Money Managers Securities Pvt. Ltd.,2026-04-09 11:45:45.146748,Kamana Sewa Bikas Bank Limited
2026040903001168,KSBBL,65,44,167,493.0,82331.0,2026-04-09,185706361,459,Sharepro Securities Private Limited,Dynamic Money Managers Securities Pvt. Ltd.,2026-04-09 11:45:52.966511,Kamana Sewa Bikas Bank Limited
2026040903001173,KSBBL,50,44,500,493.0,246500.0,2026-04-09,185706585,459,Cristal Kanchanjanga Securites Pvt. Ltd.,Dynamic Money Managers Securities Pvt. Ltd.,2026-04-09 11:46:07.833903,Kamana Sewa Bikas Bank Limited
2026040903001180,KSBBL,26,44,90,493.0,44370.0,2026-04-09,185707073,459,Asian Securities Private Ltd.,Dynamic Money Managers Securities Pvt. Ltd.,2026-04-09 11:46:35.096306,Kamana Sewa Bikas Bank Limited
2026040903001219,KSBBL,84,44,1200,493.0,591600.0,2026-04-09,185708449,459,MILKY WAY SHARE BROKER COMPANY LTD ,Dynamic Money Managers Securities Pvt. Ltd.,2026-04-09 11:47:58.292183,Kamana Sewa Bikas Bank Limited
2026040903001259,KSBBL,44,44,23,493.0,11339.0,2026-04-09,185709304,459,Dynamic Money Managers Securities Pvt. Ltd.,Dynamic Money Managers Securities Pvt. Ltd.,2026-04-09 11:48:52.070565,Kamana Sewa Bikas Bank Limited
2026040903001271,KSBBL,84,53,50,493.8,24690.0,2026-04-09,185709651,459,MILKY WAY SHARE BROKER COMPANY LTD ,Investment Management Nepal Pvt. Ltd.,2026-04-09 11:49:10.516387,Kamana Sewa Bikas Bank Limited
2026040903001272,KSBBL,84,57,500,493.9,246950.0,2026-04-09,185709653,459,MILKY WAY SHARE BROKER COMPANY LTD ,Aryatara Investment & Securities,2026-04-09 11:49:10.516590,Kamana Sewa Bikas Bank Limited
2026040903001273,KSBBL,84,38,49,494.0,24206.0,2026-04-09,185709655,459,MILKY WAY SHARE BROKER COMPANY LTD ,Dipshikha Dhitopatra Karobar Co. Pvt Ltd.,2026-04-09 11:49:10.516729,Kamana Sewa Bikas Bank Limited
2026040903001274,KSBBL,84,53,300,494.0,148200.0,2026-04-09,185709657,459,MILKY WAY SHARE BROKER COMPANY LTD ,Investment Management Nepal Pvt. Ltd.,2026-04-09 11:49:10.516888,Kamana Sewa Bikas Bank Limited
2026040903001277,KSBBL,84,53,50,494.6,24730.0,2026-04-09,185709824,459,MILKY WAY SHARE BROKER COMPANY LTD ,Investment Management Nepal Pvt. Ltd.,2026-04-09 11:49:24.818876,Kamana Sewa Bikas Bank Limited
2026040903001278,KSBBL,84,52,1000,494.7,494700.0,2026-04-09,185709826,459,MILKY WAY SHARE BROKER COMPANY LTD ,Sundhara Securities Limited,2026-04-09 11:49:24.818972,Kamana Sewa Bikas Bank Limited
2026040903001279,KSBBL,84,17,950,494.9,470155.0,2026-04-09,185709829,459,MILKY WAY SHARE BROKER COMPANY LTD ,ABC Securities Private Limited,2026-04-09 11:49:24.819019,Kamana Sewa Bikas Bank Limited
2026040903001286,KSBBL,84,17,50,494.9,24745.0,2026-04-09,185709986,459,MILKY WAY SHARE BROKER COMPANY LTD ,ABC Securities Private Limited,2026-04-09 11:49:38.851929,Kamana Sewa Bikas Bank Limited
2026040903001287,KSBBL,84,45,125,495.0,61875.0,2026-04-09,185709988,459,MILKY WAY SHARE BROKER COMPANY LTD ,Imperial Securities Company Pvt. Ltd.,2026-04-09 11:49:38.852042,Kamana Sewa Bikas Bank Limited
2026040903001288,KSBBL,84,22,25,495.0,12375.0,2026-04-09,185709991,459,MILKY WAY SHARE BROKER COMPANY LTD ,Siprabi Securities Pvt. Ltd.,2026-04-09 11:49:38.852085,Kamana Sewa Bikas Bank Limited
2026040903001294,KSBBL,84,34,10,499.0,4990.0,2026-04-09,185710119,459,MILKY WAY SHARE BROKER COMPANY LTD ,Vision Securities Pvt. Ltd,2026-04-09 11:49:46.873431,Kamana Sewa Bikas Bank Limited
2026040903001573,KSBBL,34,17,10,493.2,4932.0,2026-04-09,185715813,459,Vision Securities Pvt. Ltd,ABC Securities Private Limited,2026-04-09 11:55:31.069278,Kamana Sewa Bikas Bank Limited
2026040903001574,KSBBL,84,17,90,493.1,44379.0,2026-04-09,185715814,459,MILKY WAY SHARE BROKER COMPANY LTD ,ABC Securities Private Limited,2026-04-09 11:55:31.069381,Kamana Sewa Bikas Bank Limited
2026040903001585,KSBBL,84,34,11,493.1,5424.1,2026-04-09,185716203,459,MILKY WAY SHARE BROKER COMPANY LTD ,Vision Securities Pvt. Ltd,2026-04-09 11:55:52.161149,Kamana Sewa Bikas Bank Limited
2026040903001595,KSBBL,84,34,89,493.1,43885.9,2026-04-09,185716586,459,MILKY WAY SHARE BROKER COMPANY LTD ,Vision Securities Pvt. Ltd,2026-04-09 11:56:09.683735,Kamana Sewa Bikas Bank Limited
2026040903001678,KSBBL,84,4,211,493.1,104044.1,2026-04-09,185719033,459,MILKY WAY SHARE BROKER COMPANY LTD ,Opal Securities Investment (PVT) Ltd.,2026-04-09 11:58:13.696221,Kamana Sewa Bikas Bank Limited
2026040903001679,KSBBL,44,4,1789,493.0,881977.0,2026-04-09,185719034,459,Dynamic Money Managers Securities Pvt. Ltd.,Opal Securities Investment (PVT) Ltd.,2026-04-09 11:58:13.696328,Kamana Sewa Bikas Bank Limited
2026040903001691,KSBBL,44,35,2500,493.0,1232500.0,2026-04-09,185719338,459,Dynamic Money Managers Securities Pvt. Ltd.,Kohinoor Investment & Securities Pvt. Ltd.,2026-04-09 11:58:36.621009,Kamana Sewa Bikas Bank Limited
2026040903001708,KSBBL,88,88,5000,494.0,2470000.0,2026-04-09,185719467,459,Blue Chip Securities Ltd,Blue Chip Securities Ltd,2026-04-09 11:58:45.304544,Kamana Sewa Bikas Bank Limited
2026040903001722,KSBBL,44,65,10000,493.0,4930000.0,2026-04-09,185719734,459,Dynamic Money Managers Securities Pvt. Ltd.,Sharepro Securities Private Limited,2026-04-09 11:59:03.740796,Kamana Sewa Bikas Bank Limited
2026040903001751,KSBBL,44,53,14,493.0,6902.0,2026-04-09,185720194,459,Dynamic Money Managers Securities Pvt. Ltd.,Investment Management Nepal Pvt. Ltd.,2026-04-09 11:59:32.127970,Kamana Sewa Bikas Bank Limited
2026040903001769,KSBBL,44,67,500,493.0,246500.0,2026-04-09,185720518,459,Dynamic Money Managers Securities Pvt. Ltd.,Property Wiard Limited,2026-04-09 11:59:53.593639,Kamana Sewa Bikas Bank Limited
2026040903001912,KSBBL,20,17,1000,495.0,495000.0,2026-04-09,185724171,459,Sipla Securities Private Limited,ABC Securities Private Limited,2026-04-09 12:04:47.955072,Kamana Sewa Bikas Bank Limited
2026040903002066,KSBBL,48,71,50,494.9,24745.0,2026-04-09,185728028,459,Trishakti Securities Public Limited,SHUBHAKAMANA SECURITIES PVT. LTD,2026-04-09 12:09:23.862150,Kamana Sewa Bikas Bank Limited
2026040903002067,KSBBL,48,81,500,495.0,247500.0,2026-04-09,185728030,459,Trishakti Securities Public Limited,Aakashbhairab Securities Ltd.,2026-04-09 12:09:23.862192,Kamana Sewa Bikas Bank Limited
2026040903002068,KSBBL,48,35,450,495.0,222750.0,2026-04-09,185728033,459,Trishakti Securities Public Limited,Kohinoor Investment & Securities Pvt. Ltd.,2026-04-09 12:09:23.862219,Kamana Sewa Bikas Bank Limited
2026040903002211,KSBBL,20,17,1000,494.0,494000.0,2026-04-09,185730416,459,Sipla Securities Private Limited,ABC Securities Private Limited,2026-04-09 12:11:30.035833,Kamana Sewa Bikas Bank Limited
2026040903002630,KSBBL,14,17,137,494.0,67678.0,2026-04-09,185737443,459,Nepal Stock House (PVT) Ltd.,ABC Securities Private Limited,2026-04-09 12:19:49.711624,Kamana Sewa Bikas Bank Limited
2026040903002696,KSBBL,26,17,863,494.0,426322.0,2026-04-09,185738661,459,Asian Securities Private Ltd.,ABC Securities Private Limited,2026-04-09 12:21:32.209050,Kamana Sewa Bikas Bank Limited
2026040903002945,KSBBL,39,71,50,494.7,24735.0,2026-04-09,185743402,459,Sumeru Securities Pvt. Ltd.,SHUBHAKAMANA SECURITIES PVT. LTD,2026-04-09 12:26:55.249347,Kamana Sewa Bikas Bank Limited
2026040903002946,KSBBL,39,35,550,494.8,272140.0,2026-04-09,185743404,459,Sumeru Securities Pvt. Ltd.,Kohinoor Investment & Securities Pvt. Ltd.,2026-04-09 12:26:55.249595,Kamana Sewa Bikas Bank Limited
2026040903002947,KSBBL,39,17,1000,494.8,494800.0,2026-04-09,185743406,459,Sumeru Securities Pvt. Ltd.,ABC Securities Private Limited,2026-04-09 12:26:55.249758,Kamana Sewa Bikas Bank Limited
2026040903002948,KSBBL,39,59,400,494.9,197960.0,2026-04-09,185743409,459,Sumeru Securities Pvt. Ltd.,Deevyaa Securities & Stock House Pvt. Ltd,2026-04-09 12:26:55.249935,Kamana Sewa Bikas Bank Limited
2026040903003074,KSBBL,45,45,20,493.1,9862.0,2026-04-09,185745883,459,Imperial Securities Company Pvt. Ltd.,Imperial Securities Company Pvt. Ltd.,2026-04-09 12:29:52.319098,Kamana Sewa Bikas Bank Limited
2026040903003075,KSBBL,44,45,174,493.0,85782.0,2026-04-09,185745885,459,Dynamic Money Managers Securities Pvt. Ltd.,Imperial Securities Company Pvt. Ltd.,2026-04-09 12:29:52.319239,Kamana Sewa Bikas Bank Limited
2026040903003076,KSBBL,8,45,100,493.0,49300.0,2026-04-09,185745887,459,Brilliant Securities Pvt. Ltd.,Imperial Securities Company Pvt. Ltd.,2026-04-09 12:29:52.319292,Kamana Sewa Bikas Bank Limited
2026040903003088,KSBBL,19,44,200,492.0,98400.0,2026-04-09,185746272,459,Nepal Investment And Securities Trading Private Limited,Dynamic Money Managers Securities Pvt. Ltd.,2026-04-09 12:30:14.952624,Kamana Sewa Bikas Bank Limited
2026040903003134,KSBBL,19,53,200,492.0,98400.0,2026-04-09,185747462,459,Nepal Investment And Securities Trading Private Limited,Investment Management Nepal Pvt. Ltd.,2026-04-09 12:31:30.426003,Kamana Sewa Bikas Bank Limited
2026040903003145,KSBBL,58,45,12,493.0,5916.0,2026-04-09,185747975,459,Naasa Securities Co. Ltd.,Imperial Securities Company Pvt. Ltd.,2026-04-09 12:32:02.844137,Kamana Sewa Bikas Bank Limited
2026040903003219,KSBBL,58,32,1,485.0,485.0,2026-04-09,185749186,459,Naasa Securities Co. Ltd.,Premier Securities Company Ltd.,2026-04-09 12:33:21.948600,Kamana Sewa Bikas Bank Limited
2026040903003225,KSBBL,58,53,8,490.0,3920.0,2026-04-09,185749320,459,Naasa Securities Co. Ltd.,Investment Management Nepal Pvt. Ltd.,2026-04-09 12:33:33.940962,Kamana Sewa Bikas Bank Limited
2026040903003293,KSBBL,58,84,1,485.0,485.0,2026-04-09,185750512,459,Naasa Securities Co. Ltd.,MILKY WAY SHARE BROKER COMPANY LTD ,2026-04-09 12:34:57.463212,Kamana Sewa Bikas Bank Limited
2026040903003333,KSBBL,81,45,694,493.0,342142.0,2026-04-09,185751323,459,Aakashbhairab Securities Ltd.,Imperial Securities Company Pvt. Ltd.,2026-04-09 12:35:58.641204,Kamana Sewa Bikas Bank Limited
2026040903003369,KSBBL,58,57,1,485.0,485.0,2026-04-09,185752068,459,Naasa Securities Co. Ltd.,Aryatara Investment & Securities,2026-04-09 12:36:54.070588,Kamana Sewa Bikas Bank Limited
2026040903003455,KSBBL,19,17,25,492.0,12300.0,2026-04-09,185753702,459,Nepal Investment And Securities Trading Private Limited,ABC Securities Private Limited,2026-04-09 12:38:41.041095,Kamana Sewa Bikas Bank Limited
2026040903003482,KSBBL,19,58,75,492.0,36900.0,2026-04-09,185754173,459,Nepal Investment And Securities Trading Private Limited,Naasa Securities Co. Ltd.,2026-04-09 12:39:14.036228,Kamana Sewa Bikas Bank Limited
2026040903003483,KSBBL,59,58,250,492.0,123000.0,2026-04-09,185754175,459,Deevyaa Securities & Stock House Pvt. Ltd,Naasa Securities Co. Ltd.,2026-04-09 12:39:14.036450,Kamana Sewa Bikas Bank Limited
2026040903003484,KSBBL,1,58,155,492.0,76260.0,2026-04-09,185754176,459,Kumari Securities Private Limited,Naasa Securities Co. Ltd.,2026-04-09 12:39:14.036607,Kamana Sewa Bikas Bank Limited
2026040903003531,KSBBL,58,47,2,483.0,966.0,2026-04-09,185755282,459,Naasa Securities Co. Ltd.,Neev Securities Pvt. Ltd.,2026-04-09 12:40:37.291381,Kamana Sewa Bikas Bank Limited
2026040903003580,KSBBL,58,17,4,485.0,1940.0,2026-04-09,185756526,459,Naasa Securities Co. Ltd.,ABC Securities Private Limited,2026-04-09 12:42:17.160694,Kamana Sewa Bikas Bank Limited
2026040903003689,KSBBL,1,14,63,492.0,30996.0,2026-04-09,185758405,459,Kumari Securities Private Limited,Nepal Stock House (PVT) Ltd.,2026-04-09 12:45:04.769749,Kamana Sewa Bikas Bank Limited
2026040903003690,KSBBL,49,14,10,492.0,4920.0,2026-04-09,185758407,459,Online Securities Pvt. Ltd.,Nepal Stock House (PVT) Ltd.,2026-04-09 12:45:04.770009,Kamana Sewa Bikas Bank Limited
2026040903003913,KSBBL,32,14,27,492.0,13284.0,2026-04-09,185765904,459,Premier Securities Company Ltd.,Nepal Stock House (PVT) Ltd.,2026-04-09 12:50:58.025003,Kamana Sewa Bikas Bank Limited
2026040903004102,KSBBL,65,52,53,492.1,26081.3,2026-04-09,185770630,459,Sharepro Securities Private Limited,Sundhara Securities Limited,2026-04-09 12:56:27.635740,Kamana Sewa Bikas Bank Limited
2026040903004106,KSBBL,32,11,100,493.9,49390.0,2026-04-09,185770784,459,Premier Securities Company Ltd.,Malla & Malla Stock Broking Company Pvt. Limited,2026-04-09 12:56:44.906453,Kamana Sewa Bikas Bank Limited
2026040903004107,KSBBL,32,53,60,494.7,29682.0,2026-04-09,185770786,459,Premier Securities Company Ltd.,Investment Management Nepal Pvt. Ltd.,2026-04-09 12:56:44.906754,Kamana Sewa Bikas Bank Limited
2026040903004108,KSBBL,32,56,200,494.7,98940.0,2026-04-09,185770788,459,Premier Securities Company Ltd.,Sri Hari Securities Pvt. Ltd.,2026-04-09 12:56:44.906951,Kamana Sewa Bikas Bank Limited
2026040903004109,KSBBL,32,47,240,494.7,118728.0,2026-04-09,185770791,459,Premier Securities Company Ltd.,Neev Securities Pvt. Ltd.,2026-04-09 12:56:44.907159,Kamana Sewa Bikas Bank Limited
2026040903004121,KSBBL,32,47,200,494.7,98940.0,2026-04-09,185771115,459,Premier Securities Company Ltd.,Neev Securities Pvt. Ltd.,2026-04-09 12:57:08.918087,Kamana Sewa Bikas Bank Limited
2026040903004154,KSBBL,38,47,60,494.7,29682.0,2026-04-09,185772122,459,Dipshikha Dhitopatra Karobar Co. Pvt Ltd.,Neev Securities Pvt. Ltd.,2026-04-09 12:58:12.581301,Kamana Sewa Bikas Bank Limited
2026040903004155,KSBBL,38,47,500,494.7,247350.0,2026-04-09,185772125,459,Dipshikha Dhitopatra Karobar Co. Pvt Ltd.,Neev Securities Pvt. Ltd.,2026-04-09 12:58:12.581489,Kamana Sewa Bikas Bank Limited
2026040903004209,KSBBL,45,54,100,494.8,49480.0,2026-04-09,185773922,459,Imperial Securities Company Pvt. Ltd.,Sewa Securities Pvt. Ltd.,2026-04-09 13:00:07.370774,Kamana Sewa Bikas Bank Limited
2026040903004210,KSBBL,45,56,100,494.8,49480.0,2026-04-09,185773924,459,Imperial Securities Company Pvt. Ltd.,Sri Hari Securities Pvt. Ltd.,2026-04-09 13:00:07.371185,Kamana Sewa Bikas Bank Limited
2026040903004211,KSBBL,45,59,600,494.9,296940.0,2026-04-09,185773926,459,Imperial Securities Company Pvt. Ltd.,Deevyaa Securities & Stock House Pvt. Ltd,2026-04-09 13:00:07.371398,Kamana Sewa Bikas Bank Limited
2026040903004212,KSBBL,45,56,300,494.9,148470.0,2026-04-09,185773928,459,Imperial Securities Company Pvt. Ltd.,Sri Hari Securities Pvt. Ltd.,2026-04-09 13:00:07.371617,Kamana Sewa Bikas Bank Limited
2026040903004213,KSBBL,45,50,1000,495.0,495000.0,2026-04-09,185773930,459,Imperial Securities Company Pvt. Ltd.,Cristal Kanchanjanga Securites Pvt. Ltd.,2026-04-09 13:00:07.371862,Kamana Sewa Bikas Bank Limited
2026040903004214,KSBBL,45,47,1000,495.0,495000.0,2026-04-09,185773932,459,Imperial Securities Company Pvt. Ltd.,Neev Securities Pvt. Ltd.,2026-04-09 13:00:07.372128,Kamana Sewa Bikas Bank Limited
2026040903004215,KSBBL,45,47,50,495.0,24750.0,2026-04-09,185773934,459,Imperial Securities Company Pvt. Ltd.,Neev Securities Pvt. Ltd.,2026-04-09 13:00:07.372359,Kamana Sewa Bikas Bank Limited
2026040903004216,KSBBL,45,3,100,495.9,49590.0,2026-04-09,185773936,459,Imperial Securities Company Pvt. Ltd.,Arun Securities (PVT) Ltd.,2026-04-09 13:00:07.372602,Kamana Sewa Bikas Bank Limited
2026040903004217,KSBBL,45,5,500,495.9,247950.0,2026-04-09,185773938,459,Imperial Securities Company Pvt. Ltd.,Market Securities & Exchange (PVT) Ltd.,2026-04-09 13:00:07.372839,Kamana Sewa Bikas Bank Limited
2026040903004218,KSBBL,45,66,250,496.0,124000.0,2026-04-09,185773941,459,Imperial Securities Company Pvt. Ltd.,Miyo Securities Pvt Ltd,2026-04-09 13:00:07.373093,Kamana Sewa Bikas Bank Limited
2026040903004269,KSBBL,38,17,500,493.2,246600.0,2026-04-09,185775497,459,Dipshikha Dhitopatra Karobar Co. Pvt Ltd.,ABC Securities Private Limited,2026-04-09 13:01:54.784030,Kamana Sewa Bikas Bank Limited
2026040903004270,KSBBL,53,17,6000,493.1,2958600.0,2026-04-09,185775499,459,Investment Management Nepal Pvt. Ltd.,ABC Securities Private Limited,2026-04-09 13:01:54.784195,Kamana Sewa Bikas Bank Limited
2026040903004271,KSBBL,32,17,200,493.0,98600.0,2026-04-09,185775501,459,Premier Securities Company Ltd.,ABC Securities Private Limited,2026-04-09 13:01:54.784257,Kamana Sewa Bikas Bank Limited
2026040903004272,KSBBL,81,17,800,493.0,394400.0,2026-04-09,185775502,459,Aakashbhairab Securities Ltd.,ABC Securities Private Limited,2026-04-09 13:01:54.784312,Kamana Sewa Bikas Bank Limited
2026040903004396,KSBBL,81,19,10,493.0,4930.0,2026-04-09,185778586,459,Aakashbhairab Securities Ltd.,Nepal Investment And Securities Trading Private Limited,2026-04-09 13:05:32.837908,Kamana Sewa Bikas Bank Limited
2026040903004550,KSBBL,58,51,1000,494.0,494000.0,2026-04-09,185781269,459,Naasa Securities Co. Ltd.,Oxford Securities Pvt. Ltd.,2026-04-09 13:09:05.197597,Kamana Sewa Bikas Bank Limited
2026040903004630,KSBBL,32,71,20,494.5,9890.0,2026-04-09,185782970,459,Premier Securities Company Ltd.,SHUBHAKAMANA SECURITIES PVT. LTD,2026-04-09 13:10:56.700306,Kamana Sewa Bikas Bank Limited
2026040903004631,KSBBL,32,47,180,494.9,89082.0,2026-04-09,185782973,459,Premier Securities Company Ltd.,Neev Securities Pvt. Ltd.,2026-04-09 13:10:56.700542,Kamana Sewa Bikas Bank Limited
2026040903004661,KSBBL,38,47,820,494.9,405818.0,2026-04-09,185783304,459,Dipshikha Dhitopatra Karobar Co. Pvt Ltd.,Neev Securities Pvt. Ltd.,2026-04-09 13:11:16.063701,Kamana Sewa Bikas Bank Limited
2026040903004662,KSBBL,38,44,1180,495.0,584100.0,2026-04-09,185783307,459,Dipshikha Dhitopatra Karobar Co. Pvt Ltd.,Dynamic Money Managers Securities Pvt. Ltd.,2026-04-09 13:11:16.063833,Kamana Sewa Bikas Bank Limited
2026040903004675,KSBBL,81,44,190,495.0,94050.0,2026-04-09,185783489,459,Aakashbhairab Securities Ltd.,Dynamic Money Managers Securities Pvt. Ltd.,2026-04-09 13:11:33.519534,Kamana Sewa Bikas Bank Limited
2026040903004682,KSBBL,49,44,2000,495.0,990000.0,2026-04-09,185783655,459,Online Securities Pvt. Ltd.,Dynamic Money Managers Securities Pvt. Ltd.,2026-04-09 13:11:51.052683,Kamana Sewa Bikas Bank Limited
2026040903004703,KSBBL,81,44,1630,495.0,806850.0,2026-04-09,185784145,459,Aakashbhairab Securities Ltd.,Dynamic Money Managers Securities Pvt. Ltd.,2026-04-09 13:12:18.194101,Kamana Sewa Bikas Bank Limited
2026040903004723,KSBBL,47,17,820,495.9,406638.0,2026-04-09,185784813,459,Neev Securities Pvt. Ltd.,ABC Securities Private Limited,2026-04-09 13:13:09.558464,Kamana Sewa Bikas Bank Limited
2026040903004732,KSBBL,64,17,180,495.9,89262.0,2026-04-09,185785092,459,SUN SECURITIES PVT LTD,ABC Securities Private Limited,2026-04-09 13:13:30.473738,Kamana Sewa Bikas Bank Limited
2026040903004733,KSBBL,64,66,1750,496.0,868000.0,2026-04-09,185785094,459,SUN SECURITIES PVT LTD,Miyo Securities Pvt Ltd,2026-04-09 13:13:30.473894,Kamana Sewa Bikas Bank Limited
2026040903004734,KSBBL,64,21,250,496.0,124000.0,2026-04-09,185785097,459,SUN SECURITIES PVT LTD,Midas Stock Broking Company Private Limited,2026-04-09 13:13:30.473950,Kamana Sewa Bikas Bank Limited
2026040903004881,KSBBL,72,57,860,496.5,426990.0,2026-04-09,185787824,459,Hatemalo Financial Services Private Limited,Aryatara Investment & Securities,2026-04-09 13:17:13.186910,Kamana Sewa Bikas Bank Limited
2026040903004882,KSBBL,72,57,240,496.8,119232.0,2026-04-09,185787827,459,Hatemalo Financial Services Private Limited,Aryatara Investment & Securities,2026-04-09 13:17:13.187065,Kamana Sewa Bikas Bank Limited
2026040903004910,KSBBL,8,4,50,495.1,24755.0,2026-04-09,185788442,459,Brilliant Securities Pvt. Ltd.,Opal Securities Investment (PVT) Ltd.,2026-04-09 13:18:05.276744,Kamana Sewa Bikas Bank Limited
2026040903005045,KSBBL,8,17,50,495.1,24755.0,2026-04-09,185790849,459,Brilliant Securities Pvt. Ltd.,ABC Securities Private Limited,2026-04-09 13:21:11.795087,Kamana Sewa Bikas Bank Limited
2026040903005046,KSBBL,81,17,190,495.0,94050.0,2026-04-09,185790850,459,Aakashbhairab Securities Ltd.,ABC Securities Private Limited,2026-04-09 13:21:11.795365,Kamana Sewa Bikas Bank Limited
2026040903005070,KSBBL,81,29,21,495.0,10395.0,2026-04-09,185791360,459,Aakashbhairab Securities Ltd.,Trisul Securities & Invt. Ltd.,2026-04-09 13:21:51.330541,Kamana Sewa Bikas Bank Limited
2026040903005154,KSBBL,81,56,289,495.0,143055.0,2026-04-09,185792477,459,Aakashbhairab Securities Ltd.,Sri Hari Securities Pvt. Ltd.,2026-04-09 13:23:06.602014,Kamana Sewa Bikas Bank Limited
2026040903005155,KSBBL,46,56,40,495.0,19800.0,2026-04-09,185792479,459,Kalika Securities Pvt. Ltd.,Sri Hari Securities Pvt. Ltd.,2026-04-09 13:23:06.602124,Kamana Sewa Bikas Bank Limited
2026040903005156,KSBBL,72,56,60,495.0,29700.0,2026-04-09,185792481,459,Hatemalo Financial Services Private Limited,Sri Hari Securities Pvt. Ltd.,2026-04-09 13:23:06.602195,Kamana Sewa Bikas Bank Limited
2026040903005157,KSBBL,44,56,1492,494.0,737048.0,2026-04-09,185792482,459,Dynamic Money Managers Securities Pvt. Ltd.,Sri Hari Securities Pvt. Ltd.,2026-04-09 13:23:06.602268,Kamana Sewa Bikas Bank Limited
2026040903005167,KSBBL,44,56,10,494.0,4940.0,2026-04-09,185792877,459,Dynamic Money Managers Securities Pvt. Ltd.,Sri Hari Securities Pvt. Ltd.,2026-04-09 13:23:28.269176,Kamana Sewa Bikas Bank Limited
2026040903005218,KSBBL,44,53,75,494.0,37050.0,2026-04-09,185793664,459,Dynamic Money Managers Securities Pvt. Ltd.,Investment Management Nepal Pvt. Ltd.,2026-04-09 13:24:23.630339,Kamana Sewa Bikas Bank Limited
2026040903005407,KSBBL,43,45,1000,494.1,494100.0,2026-04-09,185796932,459,South Asian Bulls Pvt. Ltd.,Imperial Securities Company Pvt. Ltd.,2026-04-09 13:27:53.685955,Kamana Sewa Bikas Bank Limited
2026040903005409,KSBBL,44,65,8423,494.0,4160962.0,2026-04-09,185796957,459,Dynamic Money Managers Securities Pvt. Ltd.,Sharepro Securities Private Limited,2026-04-09 13:27:54.659681,Kamana Sewa Bikas Bank Limited
2026040903005410,KSBBL,6,65,50,494.0,24700.0,2026-04-09,185796959,459,Agrawal Securities (PVT) Ltd.,Sharepro Securities Private Limited,2026-04-09 13:27:54.659782,Kamana Sewa Bikas Bank Limited
2026040903005411,KSBBL,8,65,100,493.5,49350.0,2026-04-09,185796961,459,Brilliant Securities Pvt. Ltd.,Sharepro Securities Private Limited,2026-04-09 13:27:54.659873,Kamana Sewa Bikas Bank Limited
2026040903005412,KSBBL,38,65,427,493.1,210553.7,2026-04-09,185796962,459,Dipshikha Dhitopatra Karobar Co. Pvt Ltd.,Sharepro Securities Private Limited,2026-04-09 13:27:54.659931,Kamana Sewa Bikas Bank Limited
2026040903005459,KSBBL,38,35,573,493.1,282546.3,2026-04-09,185797549,459,Dipshikha Dhitopatra Karobar Co. Pvt Ltd.,Kohinoor Investment & Securities Pvt. Ltd.,2026-04-09 13:28:36.744510,Kamana Sewa Bikas Bank Limited
2026040903005460,KSBBL,26,35,100,493.1,49310.0,2026-04-09,185797551,459,Asian Securities Private Ltd.,Kohinoor Investment & Securities Pvt. Ltd.,2026-04-09 13:28:36.744792,Kamana Sewa Bikas Bank Limited
2026040903005461,KSBBL,39,35,327,493.0,161211.0,2026-04-09,185797552,459,Sumeru Securities Pvt. Ltd.,Kohinoor Investment & Securities Pvt. Ltd.,2026-04-09 13:28:36.745049,Kamana Sewa Bikas Bank Limited
2026040903005504,KSBBL,39,11,100,493.0,49300.0,2026-04-09,185798688,459,Sumeru Securities Pvt. Ltd.,Malla & Malla Stock Broking Company Pvt. Limited,2026-04-09 13:30:11.334426,Kamana Sewa Bikas Bank Limited
2026040903005616,KSBBL,39,41,50,493.0,24650.0,2026-04-09,185800548,459,Sumeru Securities Pvt. Ltd.,Linch Stock Market Ltd.,2026-04-09 13:33:04.943756,Kamana Sewa Bikas Bank Limited
2026040903005769,KSBBL,39,32,1000,493.5,493500.0,2026-04-09,185803343,459,Sumeru Securities Pvt. Ltd.,Premier Securities Company Ltd.,2026-04-09 13:37:40.003529,Kamana Sewa Bikas Bank Limited
2026040903005775,KSBBL,26,62,200,493.5,98700.0,2026-04-09,185803542,459,Asian Securities Private Ltd.,Capital Max Securities Ltd,2026-04-09 13:37:55.936934,Kamana Sewa Bikas Bank Limited
2026040903005831,KSBBL,26,48,260,494.0,128440.0,2026-04-09,185804454,459,Asian Securities Private Ltd.,Trishakti Securities Public Limited,2026-04-09 13:39:22.105161,Kamana Sewa Bikas Bank Limited
2026040903005848,KSBBL,39,66,523,493.0,257839.0,2026-04-09,185804719,459,Sumeru Securities Pvt. Ltd.,Miyo Securities Pvt Ltd,2026-04-09 13:39:54.530507,Kamana Sewa Bikas Bank Limited
2026040903005849,KSBBL,65,66,447,492.1,219968.7,2026-04-09,185804721,459,Sharepro Securities Private Limited,Miyo Securities Pvt Ltd,2026-04-09 13:39:54.530586,Kamana Sewa Bikas Bank Limited
2026040903005850,KSBBL,45,66,400,492.0,196800.0,2026-04-09,185804723,459,Imperial Securities Company Pvt. Ltd.,Miyo Securities Pvt Ltd,2026-04-09 13:39:54.530612,Kamana Sewa Bikas Bank Limited
2026040903005851,KSBBL,26,66,540,492.0,265680.0,2026-04-09,185804725,459,Asian Securities Private Ltd.,Miyo Securities Pvt Ltd,2026-04-09 13:39:54.530656,Kamana Sewa Bikas Bank Limited
2026040903005852,KSBBL,53,66,2000,491.1,982200.0,2026-04-09,185804727,459,Investment Management Nepal Pvt. Ltd.,Miyo Securities Pvt Ltd,2026-04-09 13:39:54.530679,Kamana Sewa Bikas Bank Limited
2026040903005853,KSBBL,19,66,30,491.0,14730.0,2026-04-09,185804729,459,Nepal Investment And Securities Trading Private Limited,Miyo Securities Pvt Ltd,2026-04-09 13:39:54.530715,Kamana Sewa Bikas Bank Limited
2026040903005854,KSBBL,14,66,43,491.0,21113.0,2026-04-09,185804731,459,Nepal Stock House (PVT) Ltd.,Miyo Securities Pvt Ltd,2026-04-09 13:39:54.530743,Kamana Sewa Bikas Bank Limited
2026040903005855,KSBBL,47,66,17,490.2,8333.4,2026-04-09,185804732,459,Neev Securities Pvt. Ltd.,Miyo Securities Pvt Ltd,2026-04-09 13:39:54.530775,Kamana Sewa Bikas Bank Limited
2026040903005858,KSBBL,16,39,21,495.0,10395.0,2026-04-09,185804741,459,Primo Securities (PVT) Ltd.,Sumeru Securities Pvt. Ltd.,2026-04-09 13:39:55.486189,Kamana Sewa Bikas Bank Limited
2026040903006299,KSBBL,44,53,25,493.9,12347.5,2026-04-09,185812210,459,Dynamic Money Managers Securities Pvt. Ltd.,Investment Management Nepal Pvt. Ltd.,2026-04-09 13:52:06.382203,Kamana Sewa Bikas Bank Limited
2026040903006300,KSBBL,44,58,50,494.0,24700.0,2026-04-09,185812212,459,Dynamic Money Managers Securities Pvt. Ltd.,Naasa Securities Co. Ltd.,2026-04-09 13:52:06.382421,Kamana Sewa Bikas Bank Limited
2026040903006301,KSBBL,44,65,210,494.0,103740.0,2026-04-09,185812214,459,Dynamic Money Managers Securities Pvt. Ltd.,Sharepro Securities Private Limited,2026-04-09 13:52:06.382504,Kamana Sewa Bikas Bank Limited
2026040903006302,KSBBL,44,36,1000,494.6,494600.0,2026-04-09,185812216,459,Dynamic Money Managers Securities Pvt. Ltd.,Secured Securities Ltd.,2026-04-09 13:52:06.382569,Kamana Sewa Bikas Bank Limited
2026040903006303,KSBBL,44,36,650,494.7,321555.0,2026-04-09,185812218,459,Dynamic Money Managers Securities Pvt. Ltd.,Secured Securities Ltd.,2026-04-09 13:52:06.382634,Kamana Sewa Bikas Bank Limited
2026040903006304,KSBBL,44,6,65,494.9,32168.5,2026-04-09,185812221,459,Dynamic Money Managers Securities Pvt. Ltd.,Agrawal Securities (PVT) Ltd.,2026-04-09 13:52:06.382793,Kamana Sewa Bikas Bank Limited
2026040903006338,KSBBL,57,6,35,494.9,17321.5,2026-04-09,185812744,459,Aryatara Investment & Securities,Agrawal Securities (PVT) Ltd.,2026-04-09 13:52:50.772832,Kamana Sewa Bikas Bank Limited
2026040903006339,KSBBL,57,39,179,495.0,88605.0,2026-04-09,185812746,459,Aryatara Investment & Securities,Sumeru Securities Pvt. Ltd.,2026-04-09 13:52:50.773191,Kamana Sewa Bikas Bank Limited
2026040903006340,KSBBL,57,25,36,495.0,17820.0,2026-04-09,185812749,459,Aryatara Investment & Securities,Sweta Securities Private Limited,2026-04-09 13:52:50.773384,Kamana Sewa Bikas Bank Limited
2026040903006403,KSBBL,44,25,16,495.0,7920.0,2026-04-09,185814488,459,Dynamic Money Managers Securities Pvt. Ltd.,Sweta Securities Private Limited,2026-04-09 13:55:02.041605,Kamana Sewa Bikas Bank Limited
2026040903006404,KSBBL,44,44,4984,495.0,2467080.0,2026-04-09,185814491,459,Dynamic Money Managers Securities Pvt. Ltd.,Dynamic Money Managers Securities Pvt. Ltd.,2026-04-09 13:55:02.041893,Kamana Sewa Bikas Bank Limited
2026040903006420,KSBBL,16,44,16,495.0,7920.0,2026-04-09,185815010,459,Primo Securities (PVT) Ltd.,Dynamic Money Managers Securities Pvt. Ltd.,2026-04-09 13:55:51.201151,Kamana Sewa Bikas Bank Limited
2026040903006421,KSBBL,16,41,91,496.0,45136.0,2026-04-09,185815012,459,Primo Securities (PVT) Ltd.,Linch Stock Market Ltd.,2026-04-09 13:55:51.201302,Kamana Sewa Bikas Bank Limited
2026040903006422,KSBBL,16,21,143,496.0,70928.0,2026-04-09,185815015,459,Primo Securities (PVT) Ltd.,Midas Stock Broking Company Private Limited,2026-04-09 13:55:51.201361,Kamana Sewa Bikas Bank Limited
2026040903006429,KSBBL,32,75,300,494.0,148200.0,2026-04-09,185815049,459,Premier Securities Company Ltd.,N.I.M.B. Stock Markets Limited,2026-04-09 13:55:54.782475,Kamana Sewa Bikas Bank Limited
2026040903006464,KSBBL,44,75,500,494.0,247000.0,2026-04-09,185815557,459,Dynamic Money Managers Securities Pvt. Ltd.,N.I.M.B. Stock Markets Limited,2026-04-09 13:56:33.523574,Kamana Sewa Bikas Bank Limited
2026040903006570,KSBBL,44,75,50,494.0,24700.0,2026-04-09,185817050,459,Dynamic Money Managers Securities Pvt. Ltd.,N.I.M.B. Stock Markets Limited,2026-04-09 13:58:52.638247,Kamana Sewa Bikas Bank Limited
2026040903006571,KSBBL,44,45,950,494.1,469395.0,2026-04-09,185817053,459,Dynamic Money Managers Securities Pvt. Ltd.,Imperial Securities Company Pvt. Ltd.,2026-04-09 13:58:52.638442,Kamana Sewa Bikas Bank Limited
2026040903006583,KSBBL,32,45,25,494.1,12352.5,2026-04-09,185817297,459,Premier Securities Company Ltd.,Imperial Securities Company Pvt. Ltd.,2026-04-09 13:59:17.919379,Kamana Sewa Bikas Bank Limited
2026040903006611,KSBBL,44,45,25,494.1,12352.5,2026-04-09,185817806,459,Dynamic Money Managers Securities Pvt. Ltd.,Imperial Securities Company Pvt. Ltd.,2026-04-09 14:00:02.286168,Kamana Sewa Bikas Bank Limited
2026040903006612,KSBBL,44,45,100,495.8,49580.0,2026-04-09,185817808,459,Dynamic Money Managers Securities Pvt. Ltd.,Imperial Securities Company Pvt. Ltd.,2026-04-09 14:00:02.286350,Kamana Sewa Bikas Bank Limited
2026040903006613,KSBBL,44,6,100,495.9,49590.0,2026-04-09,185817810,459,Dynamic Money Managers Securities Pvt. Ltd.,Agrawal Securities (PVT) Ltd.,2026-04-09 14:00:02.286415,Kamana Sewa Bikas Bank Limited
2026040903006614,KSBBL,44,21,107,496.0,53072.0,2026-04-09,185817812,459,Dynamic Money Managers Securities Pvt. Ltd.,Midas Stock Broking Company Private Limited,2026-04-09 14:00:02.286476,Kamana Sewa Bikas Bank Limited
2026040903006615,KSBBL,44,17,1000,496.0,496000.0,2026-04-09,185817814,459,Dynamic Money Managers Securities Pvt. Ltd.,ABC Securities Private Limited,2026-04-09 14:00:02.286552,Kamana Sewa Bikas Bank Limited
2026040903006616,KSBBL,44,58,68,496.0,33728.0,2026-04-09,185817817,459,Dynamic Money Managers Securities Pvt. Ltd.,Naasa Securities Co. Ltd.,2026-04-09 14:00:02.286608,Kamana Sewa Bikas Bank Limited
2026040903006673,KSBBL,47,58,67,496.0,33232.0,2026-04-09,185819122,459,Neev Securities Pvt. Ltd.,Naasa Securities Co. Ltd.,2026-04-09 14:01:49.513961,Kamana Sewa Bikas Bank Limited
2026040903006674,KSBBL,47,71,20,496.4,9928.0,2026-04-09,185819124,459,Neev Securities Pvt. Ltd.,SHUBHAKAMANA SECURITIES PVT. LTD,2026-04-09 14:01:49.514039,Kamana Sewa Bikas Bank Limited
2026040903006675,KSBBL,47,21,413,496.5,205054.5,2026-04-09,185819127,459,Neev Securities Pvt. Ltd.,Midas Stock Broking Company Private Limited,2026-04-09 14:01:49.514086,Kamana Sewa Bikas Bank Limited
2026040903006761,KSBBL,44,44,5000,496.0,2480000.0,2026-04-09,185820592,459,Dynamic Money Managers Securities Pvt. Ltd.,Dynamic Money Managers Securities Pvt. Ltd.,2026-04-09 14:04:09.781634,Kamana Sewa Bikas Bank Limited
2026040903006762,KSBBL,44,21,287,496.5,142495.5,2026-04-09,185820594,459,Dynamic Money Managers Securities Pvt. Ltd.,Midas Stock Broking Company Private Limited,2026-04-09 14:04:09.781777,Kamana Sewa Bikas Bank Limited
2026040903006763,KSBBL,44,6,100,496.5,49650.0,2026-04-09,185820596,459,Dynamic Money Managers Securities Pvt. Ltd.,Agrawal Securities (PVT) Ltd.,2026-04-09 14:04:09.781839,Kamana Sewa Bikas Bank Limited
2026040903006764,KSBBL,44,57,260,496.8,129168.0,2026-04-09,185820598,459,Dynamic Money Managers Securities Pvt. Ltd.,Aryatara Investment & Securities,2026-04-09 14:04:09.781898,Kamana Sewa Bikas Bank Limited
2026040903006765,KSBBL,44,66,453,496.8,225050.4,2026-04-09,185820601,459,Dynamic Money Managers Securities Pvt. Ltd.,Miyo Securities Pvt Ltd,2026-04-09 14:04:09.781962,Kamana Sewa Bikas Bank Limited
2026040903007042,KSBBL,34,35,300,493.1,147930.0,2026-04-09,185825043,459,Vision Securities Pvt. Ltd,Kohinoor Investment & Securities Pvt. Ltd.,2026-04-09 14:11:07.134991,Kamana Sewa Bikas Bank Limited
2026040903007043,KSBBL,14,35,200,493.1,98620.0,2026-04-09,185825045,459,Nepal Stock House (PVT) Ltd.,Kohinoor Investment & Securities Pvt. Ltd.,2026-04-09 14:11:07.135131,Kamana Sewa Bikas Bank Limited
2026040903007044,KSBBL,16,35,250,493.0,123250.0,2026-04-09,185825047,459,Primo Securities (PVT) Ltd.,Kohinoor Investment & Securities Pvt. Ltd.,2026-04-09 14:11:07.135196,Kamana Sewa Bikas Bank Limited
2026040903007045,KSBBL,8,35,100,493.0,49300.0,2026-04-09,185825049,459,Brilliant Securities Pvt. Ltd.,Kohinoor Investment & Securities Pvt. Ltd.,2026-04-09 14:11:07.135261,Kamana Sewa Bikas Bank Limited
2026040903007215,KSBBL,34,65,10,493.1,4931.0,2026-04-09,185828469,459,Vision Securities Pvt. Ltd,Sharepro Securities Private Limited,2026-04-09 14:15:21.362818,Kamana Sewa Bikas Bank Limited
2026040903007216,KSBBL,58,65,50,493.1,24655.0,2026-04-09,185828471,459,Naasa Securities Co. Ltd.,Sharepro Securities Private Limited,2026-04-09 14:15:21.363155,Kamana Sewa Bikas Bank Limited
2026040903007217,KSBBL,84,65,9940,493.0,4900420.0,2026-04-09,185828472,459,MILKY WAY SHARE BROKER COMPANY LTD ,Sharepro Securities Private Limited,2026-04-09 14:15:21.363347,Kamana Sewa Bikas Bank Limited
2026040903007239,KSBBL,84,36,60,493.0,29580.0,2026-04-09,185829097,459,MILKY WAY SHARE BROKER COMPANY LTD ,Secured Securities Ltd.,2026-04-09 14:16:19.169748,Kamana Sewa Bikas Bank Limited
2026040903007240,KSBBL,39,36,190,493.0,93670.0,2026-04-09,185829098,459,Sumeru Securities Pvt. Ltd.,Secured Securities Ltd.,2026-04-09 14:16:19.169905,Kamana Sewa Bikas Bank Limited
2026040903007286,KSBBL,39,36,250,493.0,123250.0,2026-04-09,185830046,459,Sumeru Securities Pvt. Ltd.,Secured Securities Ltd.,2026-04-09 14:17:25.967156,Kamana Sewa Bikas Bank Limited
2026040903007349,KSBBL,8,35,300,493.5,148050.0,2026-04-09,185831171,459,Brilliant Securities Pvt. Ltd.,Kohinoor Investment & Securities Pvt. Ltd.,2026-04-09 14:18:53.759194,Kamana Sewa Bikas Bank Limited
2026040903007412,KSBBL,49,56,5,495.0,2475.0,2026-04-09,185832060,459,Online Securities Pvt. Ltd.,Sri Hari Securities Pvt. Ltd.,2026-04-09 14:19:49.772677,Kamana Sewa Bikas Bank Limited
2026040903007417,KSBBL,14,40,110,492.5,54175.0,2026-04-09,185832152,459,Nepal Stock House (PVT) Ltd.,Creative Securities Pvt Ltd,2026-04-09 14:19:57.499359,Kamana Sewa Bikas Bank Limited
2026040903007527,KSBBL,39,95,100,494.0,49400.0,2026-04-09,185834586,459,Sumeru Securities Pvt. Ltd.,Magnet Securities and Investment Company Private Limited,2026-04-09 14:22:26.889385,Kamana Sewa Bikas Bank Limited
2026040903007528,KSBBL,39,35,400,494.8,197920.0,2026-04-09,185834588,459,Sumeru Securities Pvt. Ltd.,Kohinoor Investment & Securities Pvt. Ltd.,2026-04-09 14:22:26.889584,Kamana Sewa Bikas Bank Limited
2026040903007529,KSBBL,39,42,260,495.0,128700.0,2026-04-09,185834590,459,Sumeru Securities Pvt. Ltd.,Sani Securities Company Ltd.,2026-04-09 14:22:26.889646,Kamana Sewa Bikas Bank Limited
2026040903007530,KSBBL,39,71,40,495.8,19832.0,2026-04-09,185834593,459,Sumeru Securities Pvt. Ltd.,SHUBHAKAMANA SECURITIES PVT. LTD,2026-04-09 14:22:26.889703,Kamana Sewa Bikas Bank Limited
2026040903007531,KSBBL,39,35,1009,495.9,500363.1,2026-04-09,185834597,459,Sumeru Securities Pvt. Ltd.,Kohinoor Investment & Securities Pvt. Ltd.,2026-04-09 14:22:26.889763,Kamana Sewa Bikas Bank Limited
2026040903007532,KSBBL,39,44,5000,496.0,2480000.0,2026-04-09,185834600,459,Sumeru Securities Pvt. Ltd.,Dynamic Money Managers Securities Pvt. Ltd.,2026-04-09 14:22:26.889823,Kamana Sewa Bikas Bank Limited
2026040903007533,KSBBL,39,53,208,496.0,103168.0,2026-04-09,185834603,459,Sumeru Securities Pvt. Ltd.,Investment Management Nepal Pvt. Ltd.,2026-04-09 14:22:26.889876,Kamana Sewa Bikas Bank Limited
2026040903007863,KSBBL,38,48,52,493.0,25636.0,2026-04-09,185840242,459,Dipshikha Dhitopatra Karobar Co. Pvt Ltd.,Trishakti Securities Public Limited,2026-04-09 14:28:27.787730,Kamana Sewa Bikas Bank Limited
2026040903007966,KSBBL,58,58,1,485.0,485.0,2026-04-09,185842350,459,Naasa Securities Co. Ltd.,Naasa Securities Co. Ltd.,2026-04-09 14:30:17.346373,Kamana Sewa Bikas Bank Limited
2026040903008148,KSBBL,32,22,25,495.0,12375.0,2026-04-09,185845279,459,Premier Securities Company Ltd.,Siprabi Securities Pvt. Ltd.,2026-04-09 14:33:05.581933,Kamana Sewa Bikas Bank Limited
2026040903008208,KSBBL,33,49,90,495.0,44550.0,2026-04-09,185846117,459,Dakshinkali Investment & Securities Pvt. Ltd.,Online Securities Pvt. Ltd.,2026-04-09 14:35:33.280891,Kamana Sewa Bikas Bank Limited
2026040903008278,KSBBL,38,49,11,495.0,5445.0,2026-04-09,185847250,459,Dipshikha Dhitopatra Karobar Co. Pvt Ltd.,Online Securities Pvt. Ltd.,2026-04-09 14:36:42.277651,Kamana Sewa Bikas Bank Limited
2026040903008279,KSBBL,38,49,420,495.0,207900.0,2026-04-09,185847253,459,Dipshikha Dhitopatra Karobar Co. Pvt Ltd.,Online Securities Pvt. Ltd.,2026-04-09 14:36:42.277827,Kamana Sewa Bikas Bank Limited
2026040903008316,KSBBL,58,1,1,486.9,486.9,2026-04-09,185847612,459,Naasa Securities Co. Ltd.,Kumari Securities Private Limited,2026-04-09 14:37:07.846796,Kamana Sewa Bikas Bank Limited
2026040903008320,KSBBL,38,21,200,495.0,99000.0,2026-04-09,185847757,459,Dipshikha Dhitopatra Karobar Co. Pvt Ltd.,Midas Stock Broking Company Private Limited,2026-04-09 14:37:17.554103,Kamana Sewa Bikas Bank Limited
2026040903008350,KSBBL,60,3,20,494.1,9882.0,2026-04-09,185848311,459,Nagarik Stock Dealer ,Arun Securities (PVT) Ltd.,2026-04-09 14:37:40.339225,Kamana Sewa Bikas Bank Limited
2026040903008351,KSBBL,69,3,80,494.1,39528.0,2026-04-09,185848312,459,INDEX SECURITIES LIMITED,Arun Securities (PVT) Ltd.,2026-04-09 14:37:40.339440,Kamana Sewa Bikas Bank Limited
2026040903008392,KSBBL,69,43,20,494.1,9882.0,2026-04-09,185849008,459,INDEX SECURITIES LIMITED,South Asian Bulls Pvt. Ltd.,2026-04-09 14:38:22.108520,Kamana Sewa Bikas Bank Limited
2026040903008395,KSBBL,69,53,650,494.1,321165.0,2026-04-09,185849143,459,INDEX SECURITIES LIMITED,Investment Management Nepal Pvt. Ltd.,2026-04-09 14:38:26.717494,Kamana Sewa Bikas Bank Limited
2026040903008396,KSBBL,44,53,142,494.0,70148.0,2026-04-09,185849144,459,Dynamic Money Managers Securities Pvt. Ltd.,Investment Management Nepal Pvt. Ltd.,2026-04-09 14:38:26.717697,Kamana Sewa Bikas Bank Limited
2026040903008524,KSBBL,42,62,1000,495.5,495500.0,2026-04-09,185851293,459,Sani Securities Company Ltd.,Capital Max Securities Ltd,2026-04-09 14:40:06.477509,Kamana Sewa Bikas Bank Limited
2026040903008661,KSBBL,22,28,1000,495.6,495600.0,2026-04-09,185853401,459,Siprabi Securities Pvt. Ltd.,Shree Krishna Securities Ltd.,2026-04-09 14:41:49.332593,Kamana Sewa Bikas Bank Limited
2026040903009047,KSBBL,8,57,100,496.0,49600.0,2026-04-09,185859508,459,Brilliant Securities Pvt. Ltd.,Aryatara Investment & Securities,2026-04-09 14:47:01.597712,Kamana Sewa Bikas Bank Limited
2026040903009048,KSBBL,8,44,400,496.0,198400.0,2026-04-09,185859511,459,Brilliant Securities Pvt. Ltd.,Dynamic Money Managers Securities Pvt. Ltd.,2026-04-09 14:47:01.597882,Kamana Sewa Bikas Bank Limited
2026040903009073,KSBBL,44,44,58,496.0,28768.0,2026-04-09,185859955,459,Dynamic Money Managers Securities Pvt. Ltd.,Dynamic Money Managers Securities Pvt. Ltd.,2026-04-09 14:47:21.727416,Kamana Sewa Bikas Bank Limited
2026040903009095,KSBBL,42,44,4542,496.0,2252832.0,2026-04-09,185860136,459,Sani Securities Company Ltd.,Dynamic Money Managers Securities Pvt. Ltd.,2026-04-09 14:47:30.045983,Kamana Sewa Bikas Bank Limited
2026040903009096,KSBBL,42,38,100,496.0,49600.0,2026-04-09,185860138,459,Sani Securities Company Ltd.,Dipshikha Dhitopatra Karobar Co. Pvt Ltd.,2026-04-09 14:47:30.046305,Kamana Sewa Bikas Bank Limited
2026040903009097,KSBBL,42,58,1000,496.0,496000.0,2026-04-09,185860140,459,Sani Securities Company Ltd.,Naasa Securities Co. Ltd.,2026-04-09 14:47:30.046505,Kamana Sewa Bikas Bank Limited
2026040903009145,KSBBL,69,6,100,496.7,49670.0,2026-04-09,185860798,459,INDEX SECURITIES LIMITED,Agrawal Securities (PVT) Ltd.,2026-04-09 14:47:58.601016,Kamana Sewa Bikas Bank Limited
2026040903009146,KSBBL,69,56,135,496.7,67054.5,2026-04-09,185860801,459,INDEX SECURITIES LIMITED,Sri Hari Securities Pvt. Ltd.,2026-04-09 14:47:58.601350,Kamana Sewa Bikas Bank Limited
2026040903009424,KSBBL,42,38,58,496.0,28768.0,2026-04-09,185865367,459,Sani Securities Company Ltd.,Dipshikha Dhitopatra Karobar Co. Pvt Ltd.,2026-04-09 14:51:05.474501,Kamana Sewa Bikas Bank Limited
2026040903009425,KSBBL,5,38,293,496.0,145328.0,2026-04-09,185865368,459,Market Securities & Exchange (PVT) Ltd.,Dipshikha Dhitopatra Karobar Co. Pvt Ltd.,2026-04-09 14:51:05.474803,Kamana Sewa Bikas Bank Limited
2026040903009480,KSBBL,5,44,707,496.0,350672.0,2026-04-09,185866087,459,Market Securities & Exchange (PVT) Ltd.,Dynamic Money Managers Securities Pvt. Ltd.,2026-04-09 14:51:36.991585,Kamana Sewa Bikas Bank Limited
2026040903009505,KSBBL,8,44,50,496.0,24800.0,2026-04-09,185866429,459,Brilliant Securities Pvt. Ltd.,Dynamic Money Managers Securities Pvt. Ltd.,2026-04-09 14:51:47.422098,Kamana Sewa Bikas Bank Limited
2026040903009539,KSBBL,42,44,4243,496.0,2104528.0,2026-04-09,185866780,459,Sani Securities Company Ltd.,Dynamic Money Managers Securities Pvt. Ltd.,2026-04-09 14:52:05.603124,Kamana Sewa Bikas Bank Limited
2026040903009582,KSBBL,6,48,1,490.2,490.2,2026-04-09,185867378,459,Agrawal Securities (PVT) Ltd.,Trishakti Securities Public Limited,2026-04-09 14:52:32.541377,Kamana Sewa Bikas Bank Limited
2026040903009622,KSBBL,42,44,757,496.0,375472.0,2026-04-09,185867923,459,Sani Securities Company Ltd.,Dynamic Money Managers Securities Pvt. Ltd.,2026-04-09 14:52:51.475000,Kamana Sewa Bikas Bank Limited
2026040903009628,KSBBL,6,42,1,493.0,493.0,2026-04-09,185868036,459,Agrawal Securities (PVT) Ltd.,Sani Securities Company Ltd.,2026-04-09 14:52:55.938284,Kamana Sewa Bikas Bank Limited
2026040903009649,KSBBL,45,44,100,496.0,49600.0,2026-04-09,185868357,459,Imperial Securities Company Pvt. Ltd.,Dynamic Money Managers Securities Pvt. Ltd.,2026-04-09 14:53:07.658289,Kamana Sewa Bikas Bank Limited
2026040903009712,KSBBL,57,44,500,496.0,248000.0,2026-04-09,185869667,459,Aryatara Investment & Securities,Dynamic Money Managers Securities Pvt. Ltd.,2026-04-09 14:54:02.941947,Kamana Sewa Bikas Bank Limited
2026040903009791,KSBBL,6,6,1,495.0,495.0,2026-04-09,185871250,459,Agrawal Securities (PVT) Ltd.,Agrawal Securities (PVT) Ltd.,2026-04-09 14:54:57.631238,Kamana Sewa Bikas Bank Limited
2026040903009801,KSBBL,6,58,1,495.0,495.0,2026-04-09,185871460,459,Agrawal Securities (PVT) Ltd.,Naasa Securities Co. Ltd.,2026-04-09 14:55:07.760643,Kamana Sewa Bikas Bank Limited
2026040903009886,KSBBL,90,49,21,495.1,10397.1,2026-04-09,185873288,459,Sajilo Broker Limited,Online Securities Pvt. Ltd.,2026-04-09 14:56:02.877938,Kamana Sewa Bikas Bank Limited
2026040903009919,KSBBL,90,75,79,495.1,39112.9,2026-04-09,185873729,459,Sajilo Broker Limited,N.I.M.B. Stock Markets Limited,2026-04-09 14:56:13.720583,Kamana Sewa Bikas Bank Limited
2026040903009920,KSBBL,5,75,121,495.1,59907.1,2026-04-09,185873744,459,Market Securities & Exchange (PVT) Ltd.,N.I.M.B. Stock Markets Limited,2026-04-09 14:56:13.942315,Kamana Sewa Bikas Bank Limited
2026040903009921,KSBBL,5,21,10,495.9,4959.0,2026-04-09,185873746,459,Market Securities & Exchange (PVT) Ltd.,Midas Stock Broking Company Private Limited,2026-04-09 14:56:13.942599,Kamana Sewa Bikas Bank Limited
2026040903009922,KSBBL,5,11,200,495.9,99180.0,2026-04-09,185873748,459,Market Securities & Exchange (PVT) Ltd.,Malla & Malla Stock Broking Company Pvt. Limited,2026-04-09 14:56:13.942803,Kamana Sewa Bikas Bank Limited
2026040903009923,KSBBL,5,25,100,495.9,49590.0,2026-04-09,185873750,459,Market Securities & Exchange (PVT) Ltd.,Sweta Securities Private Limited,2026-04-09 14:56:13.943013,Kamana Sewa Bikas Bank Limited
2026040903010002,KSBBL,5,8,69,495.9,34217.1,2026-04-09,185875381,459,Market Securities & Exchange (PVT) Ltd.,Brilliant Securities Pvt. Ltd.,2026-04-09 14:56:56.229412,Kamana Sewa Bikas Bank Limited
2026040903010003,KSBBL,38,8,98,495.0,48510.0,2026-04-09,185875383,459,Dipshikha Dhitopatra Karobar Co. Pvt Ltd.,Brilliant Securities Pvt. Ltd.,2026-04-09 14:56:56.229794,Kamana Sewa Bikas Bank Limited
2026040903010004,KSBBL,40,8,133,495.0,65835.0,2026-04-09,185875384,459,Creative Securities Pvt Ltd,Brilliant Securities Pvt. Ltd.,2026-04-09 14:56:56.230123,Kamana Sewa Bikas Bank Limited
2026040903010087,KSBBL,42,44,1500,496.0,744000.0,2026-04-09,185876761,459,Sani Securities Company Ltd.,Dynamic Money Managers Securities Pvt. Ltd.,2026-04-09 14:57:31.911979,Kamana Sewa Bikas Bank Limited
2026040903010093,KSBBL,58,44,2000,496.0,992000.0,2026-04-09,185876971,459,Naasa Securities Co. Ltd.,Dynamic Money Managers Securities Pvt. Ltd.,2026-04-09 14:57:36.845591,Kamana Sewa Bikas Bank Limited
2026040903010134,KSBBL,42,44,100,496.0,49600.0,2026-04-09,185877369,459,Sani Securities Company Ltd.,Dynamic Money Managers Securities Pvt. Ltd.,2026-04-09 14:57:47.471106,Kamana Sewa Bikas Bank Limited
2026040903010137,KSBBL,14,64,200,495.5,99100.0,2026-04-09,185877505,459,Nepal Stock House (PVT) Ltd.,SUN SECURITIES PVT LTD,2026-04-09 14:57:50.356346,Kamana Sewa Bikas Bank Limited
2026040903010138,KSBBL,40,64,50,495.0,24750.0,2026-04-09,185877506,459,Creative Securities Pvt Ltd,SUN SECURITIES PVT LTD,2026-04-09 14:57:50.356639,Kamana Sewa Bikas Bank Limited
2026040903010153,KSBBL,40,25,50,495.0,24750.0,2026-04-09,185877788,459,Creative Securities Pvt Ltd,Sweta Securities Private Limited,2026-04-09 14:58:00.723638,Kamana Sewa Bikas Bank Limited
2026040903010208,KSBBL,40,45,167,495.0,82665.0,2026-04-09,185878709,459,Creative Securities Pvt Ltd,Imperial Securities Company Pvt. Ltd.,2026-04-09 14:58:22.429104,Kamana Sewa Bikas Bank Limited
2026040903010209,KSBBL,62,45,293,494.5,144888.5,2026-04-09,185878710,459,Capital Max Securities Ltd,Imperial Securities Company Pvt. Ltd.,2026-04-09 14:58:22.429261,Kamana Sewa Bikas Bank Limited
2026040903010224,KSBBL,38,44,43,496.0,21328.0,2026-04-09,185878954,459,Dipshikha Dhitopatra Karobar Co. Pvt Ltd.,Dynamic Money Managers Securities Pvt. Ltd.,2026-04-09 14:58:28.668616,Kamana Sewa Bikas Bank Limited
2026040903010225,KSBBL,38,58,25,496.0,12400.0,2026-04-09,185878956,459,Dipshikha Dhitopatra Karobar Co. Pvt Ltd.,Naasa Securities Co. Ltd.,2026-04-09 14:58:28.668713,Kamana Sewa Bikas Bank Limited
2026040903010226,KSBBL,38,32,732,496.6,363511.2,2026-04-09,185878959,459,Dipshikha Dhitopatra Karobar Co. Pvt Ltd.,Premier Securities Company Ltd.,2026-04-09 14:58:28.668782,Kamana Sewa Bikas Bank Limited
2026040903010560,KSBBL,47,32,100,494.9,49490.0,2026-04-09,185883885,459,Neev Securities Pvt. Ltd.,Premier Securities Company Ltd.,2026-04-09 14:59:50.931646,Kamana Sewa Bikas Bank Limited
2026040903010590,KSBBL,62,45,207,494.5,102361.5,2026-04-09,185884311,459,Capital Max Securities Ltd,Imperial Securities Company Pvt. Ltd.,2026-04-09 14:59:54.149861,Kamana Sewa Bikas Bank Limited
2026040903010591,KSBBL,8,45,100,494.2,49420.0,2026-04-09,185884313,459,Brilliant Securities Pvt. Ltd.,Imperial Securities Company Pvt. Ltd.,2026-04-09 14:59:54.150000,Kamana Sewa Bikas Bank Limited
2026040903010592,KSBBL,52,45,100,494.1,49410.0,2026-04-09,185884315,459,Sundhara Securities Limited,Imperial Securities Company Pvt. Ltd.,2026-04-09 14:59:54.150076,Kamana Sewa Bikas Bank Limited
2026040903010593,KSBBL,28,45,93,494.1,45951.3,2026-04-09,185884316,459,Shree Krishna Securities Ltd.,Imperial Securities Company Pvt. Ltd.,2026-04-09 14:59:54.150142,Kamana Sewa Bikas Bank Limited
