contract_id,symbol,buyer_member_id,seller_member_id,volume,price,amount,buyer_broker,seller_broker,transaction_time
2026040903000202,LBBL,45,53,1000,490.1,490100.0,Imperial Securities Company Pvt. Ltd.,Investment Management Nepal Pvt. Ltd.,2026-04-09 11:09:32.533340
2026040903000282,LBBL,58,77,20,490.0,9800.0,Naasa Securities Co. Ltd.,Nabil Stock Dealer Ltd.,2026-04-09 11:11:59.767858
2026040903000562,LBBL,18,83,200,491.0,98200.0,Sagarmatha Securities Private Limited,Sanima Securities Limited,2026-04-09 11:24:46.452936
2026040903000563,LBBL,45,83,265,491.0,130115.0,Imperial Securities Company Pvt. Ltd.,Sanima Securities Limited,2026-04-09 11:24:46.453092
2026040903000567,LBBL,34,58,50,494.0,24700.0,Vision Securities Pvt. Ltd,Naasa Securities Co. Ltd.,2026-04-09 11:25:06.867538
2026040903001133,LBBL,25,58,75,492.0,36900.0,Sweta Securities Private Limited,Naasa Securities Co. Ltd.,2026-04-09 11:45:05.634943
2026040903001134,LBBL,49,58,60,492.0,29520.0,Online Securities Pvt. Ltd.,Naasa Securities Co. Ltd.,2026-04-09 11:45:05.635158
2026040903001165,LBBL,41,58,1000,491.2,491200.0,Linch Stock Market Ltd.,Naasa Securities Co. Ltd.,2026-04-09 11:45:45.998744
2026040903001177,LBBL,58,58,325,492.0,159900.0,Naasa Securities Co. Ltd.,Naasa Securities Co. Ltd.,2026-04-09 11:46:18.903910
2026040903001185,LBBL,60,58,30,492.0,14760.0,Nagarik Stock Dealer ,Naasa Securities Co. Ltd.,2026-04-09 11:46:40.156280
2026040903001195,LBBL,42,58,10,492.0,4920.0,Sani Securities Company Ltd.,Naasa Securities Co. Ltd.,2026-04-09 11:47:01.138110
2026040903001205,LBBL,42,58,190,492.0,93480.0,Sani Securities Company Ltd.,Naasa Securities Co. Ltd.,2026-04-09 11:47:29.314621
2026040903001210,LBBL,58,58,310,492.0,152520.0,Naasa Securities Co. Ltd.,Naasa Securities Co. Ltd.,2026-04-09 11:47:39.046482
2026040903001223,LBBL,58,58,9690,492.0,4767480.0,Naasa Securities Co. Ltd.,Naasa Securities Co. Ltd.,2026-04-09 11:48:07.920071
2026040903001228,LBBL,85,58,310,492.0,152520.0,Capital Hub P. Ltd,Naasa Securities Co. Ltd.,2026-04-09 11:48:19.230527
2026040903001302,LBBL,60,58,500,493.0,246500.0,Nagarik Stock Dealer ,Naasa Securities Co. Ltd.,2026-04-09 11:50:04.474408
2026040903001303,LBBL,41,58,1000,492.2,492200.0,Linch Stock Market Ltd.,Naasa Securities Co. Ltd.,2026-04-09 11:50:04.474525
2026040903001304,LBBL,14,58,100,492.1,49210.0,Nepal Stock House (PVT) Ltd.,Naasa Securities Co. Ltd.,2026-04-09 11:50:04.474573
2026040903001305,LBBL,85,58,690,492.0,339480.0,Capital Hub P. Ltd,Naasa Securities Co. Ltd.,2026-04-09 11:50:04.474616
2026040903001306,LBBL,45,58,900,492.0,442800.0,Imperial Securities Company Pvt. Ltd.,Naasa Securities Co. Ltd.,2026-04-09 11:50:04.474655
2026040903001307,LBBL,58,58,44810,492.0,22046520.0,Naasa Securities Co. Ltd.,Naasa Securities Co. Ltd.,2026-04-09 11:50:04.474695
2026040903001332,LBBL,58,56,10,496.3,4963.0,Naasa Securities Co. Ltd.,Sri Hari Securities Pvt. Ltd.,2026-04-09 11:50:41.407849
2026040903001482,LBBL,17,56,217,496.3,107697.1,ABC Securities Private Limited,Sri Hari Securities Pvt. Ltd.,2026-04-09 11:53:57.740616
2026040903001502,LBBL,26,49,60,496.9,29814.0,Asian Securities Private Ltd.,Online Securities Pvt. Ltd.,2026-04-09 11:54:16.941361
2026040903001514,LBBL,26,77,340,497.0,168980.0,Asian Securities Private Ltd.,Nabil Stock Dealer Ltd.,2026-04-09 11:54:28.534817
2026040903001532,LBBL,26,77,140,497.0,69580.0,Asian Securities Private Ltd.,Nabil Stock Dealer Ltd.,2026-04-09 11:54:46.022287
2026040903001571,LBBL,51,57,100,496.0,49600.0,Oxford Securities Pvt. Ltd.,Aryatara Investment & Securities,2026-04-09 11:55:28.760906
2026040903001653,LBBL,51,74,16,496.0,7936.0,Oxford Securities Pvt. Ltd.,KALASH STOCK MARKET PVT. LTD.,2026-04-09 11:57:46.606581
2026040903001752,LBBL,45,60,15,496.0,7440.0,Imperial Securities Company Pvt. Ltd.,Nagarik Stock Dealer ,2026-04-09 11:59:35.849055
2026040903001890,LBBL,41,54,100,496.7,49670.0,Linch Stock Market Ltd.,Sewa Securities Pvt. Ltd.,2026-04-09 12:04:15.418392
2026040903001891,LBBL,41,35,900,496.8,447120.0,Linch Stock Market Ltd.,Kohinoor Investment & Securities Pvt. Ltd.,2026-04-09 12:04:15.418489
2026040903001916,LBBL,84,35,100,496.8,49680.0,MILKY WAY SHARE BROKER COMPANY LTD ,Kohinoor Investment & Securities Pvt. Ltd.,2026-04-09 12:05:05.400446
2026040903001917,LBBL,84,35,110,497.9,54769.0,MILKY WAY SHARE BROKER COMPANY LTD ,Kohinoor Investment & Securities Pvt. Ltd.,2026-04-09 12:05:05.400568
2026040903001918,LBBL,84,17,440,497.9,219076.0,MILKY WAY SHARE BROKER COMPANY LTD ,ABC Securities Private Limited,2026-04-09 12:05:05.400615
2026040903001919,LBBL,84,34,500,498.0,249000.0,MILKY WAY SHARE BROKER COMPANY LTD ,Vision Securities Pvt. Ltd,2026-04-09 12:05:05.400682
2026040903001920,LBBL,84,22,100,498.0,49800.0,MILKY WAY SHARE BROKER COMPANY LTD ,Siprabi Securities Pvt. Ltd.,2026-04-09 12:05:05.400726
2026040903001921,LBBL,84,21,20,499.8,9996.0,MILKY WAY SHARE BROKER COMPANY LTD ,Midas Stock Broking Company Private Limited,2026-04-09 12:05:05.400769
2026040903001922,LBBL,84,32,100,499.8,49980.0,MILKY WAY SHARE BROKER COMPANY LTD ,Premier Securities Company Ltd.,2026-04-09 12:05:05.400812
2026040903001923,LBBL,84,39,500,499.9,249950.0,MILKY WAY SHARE BROKER COMPANY LTD ,Sumeru Securities Pvt. Ltd.,2026-04-09 12:05:05.400855
2026040903001924,LBBL,84,17,2000,499.9,999800.0,MILKY WAY SHARE BROKER COMPANY LTD ,ABC Securities Private Limited,2026-04-09 12:05:05.400895
2026040903001925,LBBL,84,43,40,500.0,20000.0,MILKY WAY SHARE BROKER COMPANY LTD ,South Asian Bulls Pvt. Ltd.,2026-04-09 12:05:05.400936
2026040903001926,LBBL,84,80,200,500.0,100000.0,MILKY WAY SHARE BROKER COMPANY LTD ,Indira securities pvt. ltd,2026-04-09 12:05:05.400977
2026040903001927,LBBL,84,49,695,500.0,347500.0,MILKY WAY SHARE BROKER COMPANY LTD ,Online Securities Pvt. Ltd.,2026-04-09 12:05:05.401021
2026040903001928,LBBL,84,22,100,500.0,50000.0,MILKY WAY SHARE BROKER COMPANY LTD ,Siprabi Securities Pvt. Ltd.,2026-04-09 12:05:05.401072
2026040903001963,LBBL,58,17,1000,500.0,500000.0,Naasa Securities Co. Ltd.,ABC Securities Private Limited,2026-04-09 12:06:14.103528
2026040903001975,LBBL,45,17,1500,500.0,750000.0,Imperial Securities Company Pvt. Ltd.,ABC Securities Private Limited,2026-04-09 12:06:39.452952
2026040903001978,LBBL,45,61,499,499.9,249450.1,Imperial Securities Company Pvt. Ltd.,BHOLE GANESH SECURITIES LTD,2026-04-09 12:06:51.818658
2026040903001990,LBBL,84,57,499,500.9,249949.1,MILKY WAY SHARE BROKER COMPANY LTD ,Aryatara Investment & Securities,2026-04-09 12:07:19.629251
2026040903001991,LBBL,84,53,300,501.0,150300.0,MILKY WAY SHARE BROKER COMPANY LTD ,Investment Management Nepal Pvt. Ltd.,2026-04-09 12:07:19.629471
2026040903001992,LBBL,84,57,500,501.5,250750.0,MILKY WAY SHARE BROKER COMPANY LTD ,Aryatara Investment & Securities,2026-04-09 12:07:19.629618
2026040903001993,LBBL,84,14,401,502.0,201302.0,MILKY WAY SHARE BROKER COMPANY LTD ,Nepal Stock House (PVT) Ltd.,2026-04-09 12:07:19.629758
2026040903002027,LBBL,58,92,150,500.0,75000.0,Naasa Securities Co. Ltd.,Roadshow securities limited,2026-04-09 12:08:17.887215
2026040903002028,LBBL,80,14,99,502.0,49698.0,Indira securities pvt. ltd,Nepal Stock House (PVT) Ltd.,2026-04-09 12:08:21.992734
2026040903002029,LBBL,80,17,896,502.0,449792.0,Indira securities pvt. ltd,ABC Securities Private Limited,2026-04-09 12:08:21.992942
2026040903002036,LBBL,48,17,104,502.0,52208.0,Trishakti Securities Public Limited,ABC Securities Private Limited,2026-04-09 12:08:31.375247
2026040903002037,LBBL,48,49,50,502.0,25100.0,Trishakti Securities Public Limited,Online Securities Pvt. Ltd.,2026-04-09 12:08:31.375302
2026040903002038,LBBL,48,49,50,503.0,25150.0,Trishakti Securities Public Limited,Online Securities Pvt. Ltd.,2026-04-09 12:08:31.375354
2026040903002039,LBBL,48,1,20,504.0,10080.0,Trishakti Securities Public Limited,Kumari Securities Private Limited,2026-04-09 12:08:31.375393
2026040903002040,LBBL,48,6,290,504.0,146160.0,Trishakti Securities Public Limited,Agrawal Securities (PVT) Ltd.,2026-04-09 12:08:31.375418
2026040903002041,LBBL,48,54,200,504.0,100800.0,Trishakti Securities Public Limited,Sewa Securities Pvt. Ltd.,2026-04-09 12:08:31.375443
2026040903002042,LBBL,48,22,100,504.0,50400.0,Trishakti Securities Public Limited,Siprabi Securities Pvt. Ltd.,2026-04-09 12:08:31.375465
2026040903002043,LBBL,48,17,1186,504.9,598811.4,Trishakti Securities Public Limited,ABC Securities Private Limited,2026-04-09 12:08:31.375506
2026040903002105,LBBL,45,57,200,503.5,100700.0,Imperial Securities Company Pvt. Ltd.,Aryatara Investment & Securities,2026-04-09 12:10:04.004473
2026040903002106,LBBL,45,17,314,504.9,158538.6,Imperial Securities Company Pvt. Ltd.,ABC Securities Private Limited,2026-04-09 12:10:04.004656
2026040903002107,LBBL,45,1,50,505.0,25250.0,Imperial Securities Company Pvt. Ltd.,Kumari Securities Private Limited,2026-04-09 12:10:04.004782
2026040903002108,LBBL,45,85,500,505.0,252500.0,Imperial Securities Company Pvt. Ltd.,Capital Hub P. Ltd,2026-04-09 12:10:04.004898
2026040903002109,LBBL,45,99,100,505.0,50500.0,Imperial Securities Company Pvt. Ltd.,Prabhu Stock Market Limited,2026-04-09 12:10:04.005011
2026040903002110,LBBL,45,74,36,505.0,18180.0,Imperial Securities Company Pvt. Ltd.,KALASH STOCK MARKET PVT. LTD.,2026-04-09 12:10:04.005156
2026040903002222,LBBL,43,22,108,501.5,54162.0,South Asian Bulls Pvt. Ltd.,Siprabi Securities Pvt. Ltd.,2026-04-09 12:11:39.578584
2026040903002223,LBBL,58,22,60,501.3,30078.0,Naasa Securities Co. Ltd.,Siprabi Securities Pvt. Ltd.,2026-04-09 12:11:39.578718
2026040903002224,LBBL,1,22,232,501.1,116255.2,Kumari Securities Private Limited,Siprabi Securities Pvt. Ltd.,2026-04-09 12:11:39.578773
2026040903002305,LBBL,1,58,29,501.1,14531.9,Kumari Securities Private Limited,Naasa Securities Co. Ltd.,2026-04-09 12:13:37.080879
2026040903002363,LBBL,1,37,29,501.1,14531.9,Kumari Securities Private Limited,Swarna Laxmi Securities Pvt. Ltd.,2026-04-09 12:14:46.558461
2026040903002420,LBBL,1,5,110,501.1,55121.0,Kumari Securities Private Limited,Market Securities & Exchange (PVT) Ltd.,2026-04-09 12:15:51.824832
2026040903002421,LBBL,32,5,200,501.0,100200.0,Premier Securities Company Ltd.,Market Securities & Exchange (PVT) Ltd.,2026-04-09 12:15:51.825073
2026040903002422,LBBL,38,5,10,501.0,5010.0,Dipshikha Dhitopatra Karobar Co. Pvt Ltd.,Market Securities & Exchange (PVT) Ltd.,2026-04-09 12:15:51.830182
2026040903002423,LBBL,17,5,100,501.0,50100.0,ABC Securities Private Limited,Market Securities & Exchange (PVT) Ltd.,2026-04-09 12:15:57.024494
2026040903002433,LBBL,47,77,503,500.0,251500.0,Neev Securities Pvt. Ltd.,Nabil Stock Dealer Ltd.,2026-04-09 12:16:06.115667
2026040903002487,LBBL,47,35,497,500.0,248500.0,Neev Securities Pvt. Ltd.,Kohinoor Investment & Securities Pvt. Ltd.,2026-04-09 12:17:08.352199
2026040903002488,LBBL,41,35,50,500.0,25000.0,Linch Stock Market Ltd.,Kohinoor Investment & Securities Pvt. Ltd.,2026-04-09 12:17:08.352431
2026040903002612,LBBL,7,5,10,499.0,4990.0,J.F. Securites (PVT) Ltd.,Market Securities & Exchange (PVT) Ltd.,2026-04-09 12:19:40.585610
2026040903002613,LBBL,59,5,50,499.0,24950.0,Deevyaa Securities & Stock House Pvt. Ltd,Market Securities & Exchange (PVT) Ltd.,2026-04-09 12:19:40.585759
2026040903002614,LBBL,85,5,500,497.0,248500.0,Capital Hub P. Ltd,Market Securities & Exchange (PVT) Ltd.,2026-04-09 12:19:40.585810
2026040903002625,LBBL,58,5,20,497.0,9940.0,Naasa Securities Co. Ltd.,Market Securities & Exchange (PVT) Ltd.,2026-04-09 12:19:46.838710
2026040903002702,LBBL,58,85,14,500.0,7000.0,Naasa Securities Co. Ltd.,Capital Hub P. Ltd,2026-04-09 12:21:36.820097
2026040903002703,LBBL,62,85,40,500.0,20000.0,Capital Max Securities Ltd,Capital Hub P. Ltd,2026-04-09 12:21:36.820217
2026040903003140,LBBL,84,85,1940,500.0,970000.0,MILKY WAY SHARE BROKER COMPANY LTD ,Capital Hub P. Ltd,2026-04-09 12:31:42.911332
2026040903003163,LBBL,58,57,50,500.0,25000.0,Naasa Securities Co. Ltd.,Aryatara Investment & Securities,2026-04-09 12:32:21.634531
2026040903003164,LBBL,58,54,100,500.8,50080.0,Naasa Securities Co. Ltd.,Sewa Securities Pvt. Ltd.,2026-04-09 12:32:21.634787
2026040903003165,LBBL,58,35,50,500.9,25045.0,Naasa Securities Co. Ltd.,Kohinoor Investment & Securities Pvt. Ltd.,2026-04-09 12:32:21.634958
2026040903003195,LBBL,10,22,500,499.0,249500.0,Pragyan Securities (PVT) Ltd.,Siprabi Securities Pvt. Ltd.,2026-04-09 12:32:55.132939
2026040903003271,LBBL,10,33,50,499.0,24950.0,Pragyan Securities (PVT) Ltd.,Dakshinkali Investment & Securities Pvt. Ltd.,2026-04-09 12:34:38.337689
2026040903003312,LBBL,10,33,50,499.0,24950.0,Pragyan Securities (PVT) Ltd.,Dakshinkali Investment & Securities Pvt. Ltd.,2026-04-09 12:35:20.479277
2026040903003334,LBBL,43,57,158,500.0,79000.0,South Asian Bulls Pvt. Ltd.,Aryatara Investment & Securities,2026-04-09 12:35:58.747094
2026040903003412,LBBL,10,57,50,499.0,24950.0,Pragyan Securities (PVT) Ltd.,Aryatara Investment & Securities,2026-04-09 12:37:49.646393
2026040903003413,LBBL,38,57,150,498.0,74700.0,Dipshikha Dhitopatra Karobar Co. Pvt Ltd.,Aryatara Investment & Securities,2026-04-09 12:37:49.646442
2026040903003461,LBBL,58,35,100,499.9,49990.0,Naasa Securities Co. Ltd.,Kohinoor Investment & Securities Pvt. Ltd.,2026-04-09 12:38:47.764390
2026040903003510,LBBL,38,35,50,498.0,24900.0,Dipshikha Dhitopatra Karobar Co. Pvt Ltd.,Kohinoor Investment & Securities Pvt. Ltd.,2026-04-09 12:40:03.236920
2026040903003511,LBBL,39,35,50,497.6,24880.0,Sumeru Securities Pvt. Ltd.,Kohinoor Investment & Securities Pvt. Ltd.,2026-04-09 12:40:03.237052
2026040903003518,LBBL,57,21,50,496.8,24840.0,Aryatara Investment & Securities,Midas Stock Broking Company Private Limited,2026-04-09 12:40:19.923112
2026040903003519,LBBL,85,21,150,496.6,74490.0,Capital Hub P. Ltd,Midas Stock Broking Company Private Limited,2026-04-09 12:40:19.923263
2026040903003520,LBBL,85,35,203,496.6,100809.8,Capital Hub P. Ltd,Kohinoor Investment & Securities Pvt. Ltd.,2026-04-09 12:40:20.957265
2026040903003543,LBBL,85,32,250,496.6,124150.0,Capital Hub P. Ltd,Premier Securities Company Ltd.,2026-04-09 12:41:07.745619
2026040903003794,LBBL,25,60,400,499.0,199600.0,Sweta Securities Private Limited,Nagarik Stock Dealer ,2026-04-09 12:48:06.552372
2026040903003827,LBBL,38,60,600,499.0,299400.0,Dipshikha Dhitopatra Karobar Co. Pvt Ltd.,Nagarik Stock Dealer ,2026-04-09 12:49:01.707237
2026040903003828,LBBL,38,22,100,499.0,49900.0,Dipshikha Dhitopatra Karobar Co. Pvt Ltd.,Siprabi Securities Pvt. Ltd.,2026-04-09 12:49:01.707480
2026040903003915,LBBL,38,57,742,500.0,371000.0,Dipshikha Dhitopatra Karobar Co. Pvt Ltd.,Aryatara Investment & Securities,2026-04-09 12:51:04.184065
2026040903003916,LBBL,38,26,152,500.0,76000.0,Dipshikha Dhitopatra Karobar Co. Pvt Ltd.,Asian Securities Private Ltd.,2026-04-09 12:51:04.184327
2026040903003917,LBBL,38,46,100,500.0,50000.0,Dipshikha Dhitopatra Karobar Co. Pvt Ltd.,Kalika Securities Pvt. Ltd.,2026-04-09 12:51:04.184498
2026040903003943,LBBL,84,45,2000,501.0,1002000.0,MILKY WAY SHARE BROKER COMPANY LTD ,Imperial Securities Company Pvt. Ltd.,2026-04-09 12:51:54.711472
2026040903003944,LBBL,84,22,100,501.0,50100.0,MILKY WAY SHARE BROKER COMPANY LTD ,Siprabi Securities Pvt. Ltd.,2026-04-09 12:51:54.711717
2026040903003950,LBBL,49,49,200,502.0,100400.0,Online Securities Pvt. Ltd.,Online Securities Pvt. Ltd.,2026-04-09 12:52:07.653123
2026040903003951,LBBL,49,42,150,503.0,75450.0,Online Securities Pvt. Ltd.,Sani Securities Company Ltd.,2026-04-09 12:52:07.653270
2026040903003952,LBBL,49,56,100,504.0,50400.0,Online Securities Pvt. Ltd.,Sri Hari Securities Pvt. Ltd.,2026-04-09 12:52:07.653327
2026040903003953,LBBL,49,78,1000,504.0,504000.0,Online Securities Pvt. Ltd.,Garima Securities Limited,2026-04-09 12:52:07.653389
2026040903003954,LBBL,49,65,100,504.9,50490.0,Online Securities Pvt. Ltd.,Sharepro Securities Private Limited,2026-04-09 12:52:07.653442
2026040903003955,LBBL,49,74,448,505.0,226240.0,Online Securities Pvt. Ltd.,KALASH STOCK MARKET PVT. LTD.,2026-04-09 12:52:07.653491
2026040903003956,LBBL,49,49,30,505.0,15150.0,Online Securities Pvt. Ltd.,Online Securities Pvt. Ltd.,2026-04-09 12:52:07.653541
2026040903003957,LBBL,49,22,100,505.0,50500.0,Online Securities Pvt. Ltd.,Siprabi Securities Pvt. Ltd.,2026-04-09 12:52:07.653590
2026040903003958,LBBL,49,82,420,505.0,212100.0,Online Securities Pvt. Ltd.,N.M.B. SECURITIES LIMITED,2026-04-09 12:52:07.653638
2026040903003959,LBBL,49,25,1350,505.0,681750.0,Online Securities Pvt. Ltd.,Sweta Securities Private Limited,2026-04-09 12:52:07.653686
2026040903003960,LBBL,49,42,1000,505.0,505000.0,Online Securities Pvt. Ltd.,Sani Securities Company Ltd.,2026-04-09 12:52:07.653736
2026040903003961,LBBL,49,38,50,505.0,25250.0,Online Securities Pvt. Ltd.,Dipshikha Dhitopatra Karobar Co. Pvt Ltd.,2026-04-09 12:52:07.653783
2026040903003962,LBBL,49,45,100,505.0,50500.0,Online Securities Pvt. Ltd.,Imperial Securities Company Pvt. Ltd.,2026-04-09 12:52:07.653829
2026040903003963,LBBL,49,48,500,505.0,252500.0,Online Securities Pvt. Ltd.,Trishakti Securities Public Limited,2026-04-09 12:52:07.653877
2026040903004009,LBBL,49,42,452,505.0,228260.0,Online Securities Pvt. Ltd.,Sani Securities Company Ltd.,2026-04-09 12:52:59.758091
2026040903004234,LBBL,54,6,50,498.1,24905.0,Sewa Securities Pvt. Ltd.,Agrawal Securities (PVT) Ltd.,2026-04-09 13:00:44.690677
2026040903004750,LBBL,52,42,29,501.0,14529.0,Sundhara Securities Limited,Sani Securities Company Ltd.,2026-04-09 13:14:07.261001
2026040903004751,LBBL,52,3,100,502.0,50200.0,Sundhara Securities Limited,Arun Securities (PVT) Ltd.,2026-04-09 13:14:07.261148
2026040903004752,LBBL,52,40,500,502.0,251000.0,Sundhara Securities Limited,Creative Securities Pvt Ltd,2026-04-09 13:14:07.261210
2026040903004753,LBBL,52,40,351,502.0,176202.0,Sundhara Securities Limited,Creative Securities Pvt Ltd,2026-04-09 13:14:08.162101
2026040903004760,LBBL,42,40,10,501.0,5010.0,Sani Securities Company Ltd.,Creative Securities Pvt Ltd,2026-04-09 13:14:33.491928
2026040903004793,LBBL,8,17,32,500.0,16000.0,Brilliant Securities Pvt. Ltd.,ABC Securities Private Limited,2026-04-09 13:15:15.827403
2026040903004794,LBBL,8,38,68,500.0,34000.0,Brilliant Securities Pvt. Ltd.,Dipshikha Dhitopatra Karobar Co. Pvt Ltd.,2026-04-09 13:15:18.818614
2026040903004806,LBBL,37,38,32,500.0,16000.0,Swarna Laxmi Securities Pvt. Ltd.,Dipshikha Dhitopatra Karobar Co. Pvt Ltd.,2026-04-09 13:15:39.158414
2026040903004807,LBBL,37,40,139,501.0,69639.0,Swarna Laxmi Securities Pvt. Ltd.,Creative Securities Pvt Ltd,2026-04-09 13:15:39.158713
2026040903004808,LBBL,37,26,200,502.4,100480.0,Swarna Laxmi Securities Pvt. Ltd.,Asian Securities Private Ltd.,2026-04-09 13:15:39.158899
2026040903004809,LBBL,37,38,129,503.0,64887.0,Swarna Laxmi Securities Pvt. Ltd.,Dipshikha Dhitopatra Karobar Co. Pvt Ltd.,2026-04-09 13:15:39.159103
2026040903005083,LBBL,58,29,30,500.0,15000.0,Naasa Securities Co. Ltd.,Trisul Securities & Invt. Ltd.,2026-04-09 13:21:59.109015
2026040903005165,LBBL,45,38,10,503.0,5030.0,Imperial Securities Company Pvt. Ltd.,Dipshikha Dhitopatra Karobar Co. Pvt Ltd.,2026-04-09 13:23:24.974976
2026040903005168,LBBL,58,4,100,500.0,50000.0,Naasa Securities Co. Ltd.,Opal Securities Investment (PVT) Ltd.,2026-04-09 13:23:28.593741
2026040903005330,LBBL,58,37,140,500.0,70000.0,Naasa Securities Co. Ltd.,Swarna Laxmi Securities Pvt. Ltd.,2026-04-09 13:26:14.316908
2026040903005354,LBBL,58,33,100,500.0,50000.0,Naasa Securities Co. Ltd.,Dakshinkali Investment & Securities Pvt. Ltd.,2026-04-09 13:26:26.921102
2026040903005466,LBBL,58,35,130,500.0,65000.0,Naasa Securities Co. Ltd.,Kohinoor Investment & Securities Pvt. Ltd.,2026-04-09 13:28:47.883302
2026040903005467,LBBL,45,35,10,500.0,5000.0,Imperial Securities Company Pvt. Ltd.,Kohinoor Investment & Securities Pvt. Ltd.,2026-04-09 13:28:47.883598
2026040903005471,LBBL,41,35,860,499.9,429914.0,Linch Stock Market Ltd.,Kohinoor Investment & Securities Pvt. Ltd.,2026-04-09 13:28:59.593639
2026040903005479,LBBL,38,14,1000,500.0,500000.0,Dipshikha Dhitopatra Karobar Co. Pvt Ltd.,Nepal Stock House (PVT) Ltd.,2026-04-09 13:29:26.218087
2026040903005499,LBBL,41,59,145,499.9,72485.5,Linch Stock Market Ltd.,Deevyaa Securities & Stock House Pvt. Ltd,2026-04-09 13:30:11.112129
2026040903005500,LBBL,45,59,10,499.9,4999.0,Imperial Securities Company Pvt. Ltd.,Deevyaa Securities & Stock House Pvt. Ltd,2026-04-09 13:30:11.112435
2026040903005501,LBBL,45,59,345,499.8,172431.0,Imperial Securities Company Pvt. Ltd.,Deevyaa Securities & Stock House Pvt. Ltd,2026-04-09 13:30:11.112633
2026040903005586,LBBL,5,59,500,500.0,250000.0,Market Securities & Exchange (PVT) Ltd.,Deevyaa Securities & Stock House Pvt. Ltd,2026-04-09 13:32:15.830864
2026040903005615,LBBL,45,38,161,499.8,80467.8,Imperial Securities Company Pvt. Ltd.,Dipshikha Dhitopatra Karobar Co. Pvt Ltd.,2026-04-09 13:33:02.667884
2026040903005664,LBBL,45,4,270,499.8,134946.0,Imperial Securities Company Pvt. Ltd.,Opal Securities Investment (PVT) Ltd.,2026-04-09 13:34:14.961336
2026040903005728,LBBL,45,33,100,499.8,49980.0,Imperial Securities Company Pvt. Ltd.,Dakshinkali Investment & Securities Pvt. Ltd.,2026-04-09 13:36:14.134133
2026040903005731,LBBL,64,6,650,500.0,325000.0,SUN SECURITIES PVT LTD,Agrawal Securities (PVT) Ltd.,2026-04-09 13:36:16.995874
2026040903005896,LBBL,84,40,500,501.0,250500.0,MILKY WAY SHARE BROKER COMPANY LTD ,Creative Securities Pvt Ltd,2026-04-09 13:41:10.377275
2026040903005897,LBBL,84,19,12,501.0,6012.0,MILKY WAY SHARE BROKER COMPANY LTD ,Nepal Investment And Securities Trading Private Limited,2026-04-09 13:41:10.377439
2026040903005898,LBBL,84,39,100,502.0,50200.0,MILKY WAY SHARE BROKER COMPANY LTD ,Sumeru Securities Pvt. Ltd.,2026-04-09 13:41:10.377510
2026040903005899,LBBL,84,60,1000,502.0,502000.0,MILKY WAY SHARE BROKER COMPANY LTD ,Nagarik Stock Dealer ,2026-04-09 13:41:10.377579
2026040903005900,LBBL,84,40,500,502.0,251000.0,MILKY WAY SHARE BROKER COMPANY LTD ,Creative Securities Pvt Ltd,2026-04-09 13:41:10.377648
2026040903005925,LBBL,45,42,500,500.0,250000.0,Imperial Securities Company Pvt. Ltd.,Sani Securities Company Ltd.,2026-04-09 13:41:43.443287
2026040903005932,LBBL,65,1,1000,500.0,500000.0,Sharepro Securities Private Limited,Kumari Securities Private Limited,2026-04-09 13:42:00.965700
2026040903006012,LBBL,77,33,100,502.5,50250.0,Nabil Stock Dealer Ltd.,Dakshinkali Investment & Securities Pvt. Ltd.,2026-04-09 13:44:30.693196
2026040903006013,LBBL,77,87,200,502.6,100520.0,Nabil Stock Dealer Ltd.,S.P.S.A. Securities Limited,2026-04-09 13:44:30.693499
2026040903006014,LBBL,77,57,500,502.7,251350.0,Nabil Stock Dealer Ltd.,Aryatara Investment & Securities,2026-04-09 13:44:30.693686
2026040903006015,LBBL,77,45,400,502.9,201160.0,Nabil Stock Dealer Ltd.,Imperial Securities Company Pvt. Ltd.,2026-04-09 13:44:30.693903
2026040903006016,LBBL,77,42,500,502.9,251450.0,Nabil Stock Dealer Ltd.,Sani Securities Company Ltd.,2026-04-09 13:44:30.694140
2026040903006017,LBBL,77,59,500,503.0,251500.0,Nabil Stock Dealer Ltd.,Deevyaa Securities & Stock House Pvt. Ltd,2026-04-09 13:44:30.694322
2026040903006018,LBBL,77,48,100,503.0,50300.0,Nabil Stock Dealer Ltd.,Trishakti Securities Public Limited,2026-04-09 13:44:30.694519
2026040903006019,LBBL,77,45,2000,503.0,1006000.0,Nabil Stock Dealer Ltd.,Imperial Securities Company Pvt. Ltd.,2026-04-09 13:44:30.694700
2026040903006025,LBBL,58,45,8500,503.0,4275500.0,Naasa Securities Co. Ltd.,Imperial Securities Company Pvt. Ltd.,2026-04-09 13:44:55.955831
2026040903006030,LBBL,58,59,500,504.0,252000.0,Naasa Securities Co. Ltd.,Deevyaa Securities & Stock House Pvt. Ltd,2026-04-09 13:45:03.512519
2026040903006031,LBBL,58,28,18,504.0,9072.0,Naasa Securities Co. Ltd.,Shree Krishna Securities Ltd.,2026-04-09 13:45:03.512702
2026040903006032,LBBL,58,50,500,504.0,252000.0,Naasa Securities Co. Ltd.,Cristal Kanchanjanga Securites Pvt. Ltd.,2026-04-09 13:45:03.512767
2026040903006060,LBBL,58,57,100,504.0,50400.0,Naasa Securities Co. Ltd.,Aryatara Investment & Securities,2026-04-09 13:45:37.703365
2026040903006111,LBBL,77,77,1000,504.5,504500.0,Nabil Stock Dealer Ltd.,Nabil Stock Dealer Ltd.,2026-04-09 13:47:17.445135
2026040903006112,LBBL,77,78,1000,504.9,504900.0,Nabil Stock Dealer Ltd.,Garima Securities Limited,2026-04-09 13:47:17.445441
2026040903006113,LBBL,77,42,48,505.0,24240.0,Nabil Stock Dealer Ltd.,Sani Securities Company Ltd.,2026-04-09 13:47:17.445641
2026040903006114,LBBL,77,58,500,505.0,252500.0,Nabil Stock Dealer Ltd.,Naasa Securities Co. Ltd.,2026-04-09 13:47:17.445829
2026040903006115,LBBL,77,49,208,505.0,105040.0,Nabil Stock Dealer Ltd.,Online Securities Pvt. Ltd.,2026-04-09 13:47:17.446017
2026040903006116,LBBL,77,41,500,505.0,252500.0,Nabil Stock Dealer Ltd.,Linch Stock Market Ltd.,2026-04-09 13:47:17.446390
2026040903006117,LBBL,77,38,500,505.0,252500.0,Nabil Stock Dealer Ltd.,Dipshikha Dhitopatra Karobar Co. Pvt Ltd.,2026-04-09 13:47:17.446579
2026040903006118,LBBL,77,60,1000,505.0,505000.0,Nabil Stock Dealer Ltd.,Nagarik Stock Dealer ,2026-04-09 13:47:17.446754
2026040903006171,LBBL,77,16,20,505.0,10100.0,Nabil Stock Dealer Ltd.,Primo Securities (PVT) Ltd.,2026-04-09 13:48:26.320109
2026040903006172,LBBL,77,22,500,505.0,252500.0,Nabil Stock Dealer Ltd.,Siprabi Securities Pvt. Ltd.,2026-04-09 13:48:29.057308
2026040903006175,LBBL,74,6,500,506.0,253000.0,KALASH STOCK MARKET PVT. LTD.,Agrawal Securities (PVT) Ltd.,2026-04-09 13:48:37.994328
2026040903006176,LBBL,74,38,500,506.0,253000.0,KALASH STOCK MARKET PVT. LTD.,Dipshikha Dhitopatra Karobar Co. Pvt Ltd.,2026-04-09 13:48:37.994474
2026040903006191,LBBL,8,49,200,507.0,101400.0,Brilliant Securities Pvt. Ltd.,Online Securities Pvt. Ltd.,2026-04-09 13:49:05.988956
2026040903006192,LBBL,8,42,100,507.0,50700.0,Brilliant Securities Pvt. Ltd.,Sani Securities Company Ltd.,2026-04-09 13:49:05.989111
2026040903006209,LBBL,57,42,1000,507.0,507000.0,Aryatara Investment & Securities,Sani Securities Company Ltd.,2026-04-09 13:49:30.257859
2026040903006348,LBBL,77,83,2535,505.0,1280175.0,Nabil Stock Dealer Ltd.,Sanima Securities Limited,2026-04-09 13:52:55.559314
2026040903006359,LBBL,77,8,70,505.0,35350.0,Nabil Stock Dealer Ltd.,Brilliant Securities Pvt. Ltd.,2026-04-09 13:53:29.534852
2026040903006360,LBBL,4,42,200,506.0,101200.0,Opal Securities Investment (PVT) Ltd.,Sani Securities Company Ltd.,2026-04-09 13:53:31.361893
2026040903006361,LBBL,4,36,475,506.8,240730.0,Opal Securities Investment (PVT) Ltd.,Secured Securities Ltd.,2026-04-09 13:53:31.362133
2026040903006362,LBBL,4,36,325,506.9,164742.5,Opal Securities Investment (PVT) Ltd.,Secured Securities Ltd.,2026-04-09 13:53:31.362257
2026040903006495,LBBL,77,38,1000,505.0,505000.0,Nabil Stock Dealer Ltd.,Dipshikha Dhitopatra Karobar Co. Pvt Ltd.,2026-04-09 13:57:17.573184
2026040903006537,LBBL,77,59,119,505.0,60095.0,Nabil Stock Dealer Ltd.,Deevyaa Securities & Stock House Pvt. Ltd,2026-04-09 13:58:06.081960
2026040903006538,LBBL,56,59,181,505.0,91405.0,Sri Hari Securities Pvt. Ltd.,Deevyaa Securities & Stock House Pvt. Ltd,2026-04-09 13:58:07.401864
2026040903006539,LBBL,56,85,319,506.0,161414.0,Sri Hari Securities Pvt. Ltd.,Capital Hub P. Ltd,2026-04-09 13:58:07.402070
2026040903006659,LBBL,58,57,10,505.0,5050.0,Naasa Securities Co. Ltd.,Aryatara Investment & Securities,2026-04-09 14:01:33.535115
2026040903006660,LBBL,58,85,181,506.0,91586.0,Naasa Securities Co. Ltd.,Capital Hub P. Ltd,2026-04-09 14:01:33.535261
2026040903006663,LBBL,58,59,10,506.0,5060.0,Naasa Securities Co. Ltd.,Deevyaa Securities & Stock House Pvt. Ltd,2026-04-09 14:01:46.024735
2026040903006664,LBBL,56,56,110,504.1,55451.0,Sri Hari Securities Pvt. Ltd.,Sri Hari Securities Pvt. Ltd.,2026-04-09 14:01:47.067960
2026040903006814,LBBL,95,45,10,504.9,5049.0,Magnet Securities and Investment Company Private Limited,Imperial Securities Company Pvt. Ltd.,2026-04-09 14:05:19.920453
2026040903006871,LBBL,58,59,382,504.0,192528.0,Naasa Securities Co. Ltd.,Deevyaa Securities & Stock House Pvt. Ltd,2026-04-09 14:06:48.686085
2026040903006943,LBBL,45,59,90,502.0,45180.0,Imperial Securities Company Pvt. Ltd.,Deevyaa Securities & Stock House Pvt. Ltd,2026-04-09 14:08:23.956894
2026040903007202,LBBL,74,35,200,503.9,100780.0,KALASH STOCK MARKET PVT. LTD.,Kohinoor Investment & Securities Pvt. Ltd.,2026-04-09 14:14:44.242301
2026040903007233,LBBL,85,35,300,503.9,151170.0,Capital Hub P. Ltd,Kohinoor Investment & Securities Pvt. Ltd.,2026-04-09 14:15:57.794831
2026040903007234,LBBL,85,35,1880,504.0,947520.0,Capital Hub P. Ltd,Kohinoor Investment & Securities Pvt. Ltd.,2026-04-09 14:15:57.795016
2026040903007288,LBBL,45,48,18,502.0,9036.0,Imperial Securities Company Pvt. Ltd.,Trishakti Securities Public Limited,2026-04-09 14:17:27.054701
2026040903007441,LBBL,41,57,50,502.0,25100.0,Linch Stock Market Ltd.,Aryatara Investment & Securities,2026-04-09 14:20:19.979556
2026040903007445,LBBL,45,57,50,502.0,25100.0,Imperial Securities Company Pvt. Ltd.,Aryatara Investment & Securities,2026-04-09 14:20:21.376279
2026040903007495,LBBL,45,34,10,503.0,5030.0,Imperial Securities Company Pvt. Ltd.,Vision Securities Pvt. Ltd,2026-04-09 14:21:50.798062
2026040903007497,LBBL,29,35,116,504.0,58464.0,Trisul Securities & Invt. Ltd.,Kohinoor Investment & Securities Pvt. Ltd.,2026-04-09 14:21:54.345746
2026040903007498,LBBL,29,44,100,504.0,50400.0,Trisul Securities & Invt. Ltd.,Dynamic Money Managers Securities Pvt. Ltd.,2026-04-09 14:21:54.345915
2026040903007499,LBBL,29,85,234,504.0,117936.0,Trisul Securities & Invt. Ltd.,Capital Hub P. Ltd,2026-04-09 14:21:54.345985
2026040903007536,LBBL,45,85,140,503.0,70420.0,Imperial Securities Company Pvt. Ltd.,Capital Hub P. Ltd,2026-04-09 14:22:38.704888
2026040903007831,LBBL,56,85,126,503.0,63378.0,Sri Hari Securities Pvt. Ltd.,Capital Hub P. Ltd,2026-04-09 14:27:35.532003
2026040903007832,LBBL,56,57,110,503.0,55330.0,Sri Hari Securities Pvt. Ltd.,Aryatara Investment & Securities,2026-04-09 14:27:35.532161
2026040903007847,LBBL,56,62,64,503.0,32192.0,Sri Hari Securities Pvt. Ltd.,Capital Max Securities Ltd,2026-04-09 14:28:07.118221
2026040903007868,LBBL,32,62,100,503.0,50300.0,Premier Securities Company Ltd.,Capital Max Securities Ltd,2026-04-09 14:28:32.427880
2026040903007875,LBBL,84,62,386,503.0,194158.0,MILKY WAY SHARE BROKER COMPANY LTD ,Capital Max Securities Ltd,2026-04-09 14:28:35.911958
2026040903007876,LBBL,84,6,238,503.0,119714.0,MILKY WAY SHARE BROKER COMPANY LTD ,Agrawal Securities (PVT) Ltd.,2026-04-09 14:28:35.912285
2026040903007939,LBBL,74,36,500,503.9,251950.0,KALASH STOCK MARKET PVT. LTD.,Secured Securities Ltd.,2026-04-09 14:29:48.872542
2026040903008028,LBBL,58,36,75,503.9,37792.5,Naasa Securities Co. Ltd.,Secured Securities Ltd.,2026-04-09 14:31:05.571886
2026040903008174,LBBL,58,46,29,504.0,14616.0,Naasa Securities Co. Ltd.,Kalika Securities Pvt. Ltd.,2026-04-09 14:34:37.008987
2026040903008225,LBBL,50,32,908,504.0,457632.0,Cristal Kanchanjanga Securites Pvt. Ltd.,Premier Securities Company Ltd.,2026-04-09 14:35:56.194603
2026040903008255,LBBL,50,33,50,504.0,25200.0,Cristal Kanchanjanga Securites Pvt. Ltd.,Dakshinkali Investment & Securities Pvt. Ltd.,2026-04-09 14:36:16.157121
2026040903008309,LBBL,85,17,100,504.5,50450.0,Capital Hub P. Ltd,ABC Securities Private Limited,2026-04-09 14:37:06.923459
2026040903008310,LBBL,85,45,25,504.9,12622.5,Capital Hub P. Ltd,Imperial Securities Company Pvt. Ltd.,2026-04-09 14:37:06.923756
2026040903008311,LBBL,85,59,118,504.9,59578.2,Capital Hub P. Ltd,Deevyaa Securities & Stock House Pvt. Ltd,2026-04-09 14:37:06.923945
2026040903008312,LBBL,85,40,16,505.0,8080.0,Capital Hub P. Ltd,Creative Securities Pvt Ltd,2026-04-09 14:37:06.924154
2026040903008313,LBBL,85,42,10,505.0,5050.0,Capital Hub P. Ltd,Sani Securities Company Ltd.,2026-04-09 14:37:06.924339
2026040903008314,LBBL,85,49,50,505.0,25250.0,Capital Hub P. Ltd,Online Securities Pvt. Ltd.,2026-04-09 14:37:06.924516
2026040903008315,LBBL,85,99,400,505.0,202000.0,Capital Hub P. Ltd,Prabhu Stock Market Limited,2026-04-09 14:37:06.924693
2026040903008322,LBBL,85,26,1000,505.0,505000.0,Capital Hub P. Ltd,Asian Securities Private Ltd.,2026-04-09 14:37:18.502996
2026040903008553,LBBL,10,85,1000,505.0,505000.0,Pragyan Securities (PVT) Ltd.,Capital Hub P. Ltd,2026-04-09 14:40:29.575187
2026040903008800,LBBL,4,10,250,505.0,126250.0,Opal Securities Investment (PVT) Ltd.,Pragyan Securities (PVT) Ltd.,2026-04-09 14:43:41.729223
2026040903008858,LBBL,4,85,200,505.0,101000.0,Opal Securities Investment (PVT) Ltd.,Capital Hub P. Ltd,2026-04-09 14:44:26.228004
2026040903008909,LBBL,58,43,380,505.1,191938.0,Naasa Securities Co. Ltd.,South Asian Bulls Pvt. Ltd.,2026-04-09 14:45:14.172603
2026040903008910,LBBL,4,43,620,505.0,313100.0,Opal Securities Investment (PVT) Ltd.,South Asian Bulls Pvt. Ltd.,2026-04-09 14:45:14.172930
2026040903008966,LBBL,4,59,600,505.0,303000.0,Opal Securities Investment (PVT) Ltd.,Deevyaa Securities & Stock House Pvt. Ltd,2026-04-09 14:45:53.462193
2026040903009044,LBBL,84,34,776,505.2,392035.2,MILKY WAY SHARE BROKER COMPANY LTD ,Vision Securities Pvt. Ltd,2026-04-09 14:46:58.994222
2026040903009045,LBBL,95,34,500,505.1,252550.0,Magnet Securities and Investment Company Private Limited,Vision Securities Pvt. Ltd,2026-04-09 14:46:58.994256
2026040903009046,LBBL,4,34,224,505.0,113120.0,Opal Securities Investment (PVT) Ltd.,Vision Securities Pvt. Ltd,2026-04-09 14:46:58.994284
2026040903009060,LBBL,45,45,50,506.0,25300.0,Imperial Securities Company Pvt. Ltd.,Imperial Securities Company Pvt. Ltd.,2026-04-09 14:47:12.671051
2026040903009077,LBBL,4,6,3000,505.0,1515000.0,Opal Securities Investment (PVT) Ltd.,Agrawal Securities (PVT) Ltd.,2026-04-09 14:47:25.416672
2026040903009134,LBBL,43,45,89,506.0,45034.0,South Asian Bulls Pvt. Ltd.,Imperial Securities Company Pvt. Ltd.,2026-04-09 14:47:50.185069
2026040903009135,LBBL,43,35,11,506.0,5566.0,South Asian Bulls Pvt. Ltd.,Kohinoor Investment & Securities Pvt. Ltd.,2026-04-09 14:47:50.185208
2026040903009137,LBBL,4,54,100,505.0,50500.0,Opal Securities Investment (PVT) Ltd.,Sewa Securities Pvt. Ltd.,2026-04-09 14:47:50.317862
2026040903009171,LBBL,45,35,39,506.0,19734.0,Imperial Securities Company Pvt. Ltd.,Kohinoor Investment & Securities Pvt. Ltd.,2026-04-09 14:48:28.215056
2026040903009172,LBBL,45,82,11,506.0,5566.0,Imperial Securities Company Pvt. Ltd.,N.M.B. SECURITIES LIMITED,2026-04-09 14:48:28.215200
2026040903009272,LBBL,4,11,6,505.0,3030.0,Opal Securities Investment (PVT) Ltd.,Malla & Malla Stock Broking Company Pvt. Limited,2026-04-09 14:49:41.680262
2026040903009294,LBBL,45,82,50,506.0,25300.0,Imperial Securities Company Pvt. Ltd.,N.M.B. SECURITIES LIMITED,2026-04-09 14:49:51.356017
2026040903009333,LBBL,51,82,50,506.0,25300.0,Oxford Securities Pvt. Ltd.,N.M.B. SECURITIES LIMITED,2026-04-09 14:50:19.080241
2026040903009360,LBBL,58,11,1,504.0,504.0,Naasa Securities Co. Ltd.,Malla & Malla Stock Broking Company Pvt. Limited,2026-04-09 14:50:24.213307
2026040903009409,LBBL,45,25,50,505.0,25250.0,Imperial Securities Company Pvt. Ltd.,Sweta Securities Private Limited,2026-04-09 14:50:50.620467
2026040903009697,LBBL,97,91,200,504.1,100820.0,R.B.B. Securities Company Ltd,Citizens Share Broker Limited,2026-04-09 14:53:48.415108
2026040903009698,LBBL,58,91,350,504.1,176435.0,Naasa Securities Co. Ltd.,Citizens Share Broker Limited,2026-04-09 14:53:48.415392
2026040903009778,LBBL,34,29,200,504.2,100840.0,Vision Securities Pvt. Ltd,Trisul Securities & Invt. Ltd.,2026-04-09 14:54:47.873862
2026040903009805,LBBL,58,48,500,504.1,252050.0,Naasa Securities Co. Ltd.,Trishakti Securities Public Limited,2026-04-09 14:55:12.444490
2026040903009848,LBBL,58,25,150,504.1,75615.0,Naasa Securities Co. Ltd.,Sweta Securities Private Limited,2026-04-09 14:55:40.759604
2026040903009947,LBBL,50,53,42,504.0,21168.0,Cristal Kanchanjanga Securites Pvt. Ltd.,Investment Management Nepal Pvt. Ltd.,2026-04-09 14:56:27.021937
2026040903009948,LBBL,74,53,200,504.0,100800.0,KALASH STOCK MARKET PVT. LTD.,Investment Management Nepal Pvt. Ltd.,2026-04-09 14:56:27.022120
2026040903009949,LBBL,85,53,78,504.0,39312.0,Capital Hub P. Ltd,Investment Management Nepal Pvt. Ltd.,2026-04-09 14:56:27.022186
2026040903009958,LBBL,42,41,100,504.9,50490.0,Sani Securities Company Ltd.,Linch Stock Market Ltd.,2026-04-09 14:56:33.889149
2026040903009959,LBBL,85,41,1203,504.0,606312.0,Capital Hub P. Ltd,Linch Stock Market Ltd.,2026-04-09 14:56:33.889424
2026040903009960,LBBL,84,41,100,504.0,50400.0,MILKY WAY SHARE BROKER COMPANY LTD ,Linch Stock Market Ltd.,2026-04-09 14:56:33.889614
2026040903009961,LBBL,95,41,1000,503.4,503400.0,Magnet Securities and Investment Company Private Limited,Linch Stock Market Ltd.,2026-04-09 14:56:33.889804
2026040903009978,LBBL,20,57,500,503.0,251500.0,Sipla Securities Private Limited,Aryatara Investment & Securities,2026-04-09 14:56:47.496324
2026040903010048,LBBL,84,45,100,503.0,50300.0,MILKY WAY SHARE BROKER COMPANY LTD ,Imperial Securities Company Pvt. Ltd.,2026-04-09 14:57:25.542215
2026040903010061,LBBL,47,82,200,502.0,100400.0,Neev Securities Pvt. Ltd.,N.M.B. SECURITIES LIMITED,2026-04-09 14:57:28.793553
2026040903010143,LBBL,45,63,17,501.7,8528.9,Imperial Securities Company Pvt. Ltd.,Himalayan Brokerage Company Limited,2026-04-09 14:57:51.328860
2026040903010146,LBBL,22,63,500,501.7,250850.0,Siprabi Securities Pvt. Ltd.,Himalayan Brokerage Company Limited,2026-04-09 14:57:54.073315
2026040903010167,LBBL,56,82,100,501.3,50130.0,Sri Hari Securities Pvt. Ltd.,N.M.B. SECURITIES LIMITED,2026-04-09 14:58:03.469154
2026040903010178,LBBL,97,53,80,501.2,40096.0,R.B.B. Securities Company Ltd,Investment Management Nepal Pvt. Ltd.,2026-04-09 14:58:11.072118
2026040903010179,LBBL,56,53,50,501.0,25050.0,Sri Hari Securities Pvt. Ltd.,Investment Management Nepal Pvt. Ltd.,2026-04-09 14:58:11.072283
2026040903010180,LBBL,84,53,500,500.2,250100.0,MILKY WAY SHARE BROKER COMPANY LTD ,Investment Management Nepal Pvt. Ltd.,2026-04-09 14:58:11.072348
2026040903010181,LBBL,45,53,320,500.1,160032.0,Imperial Securities Company Pvt. Ltd.,Investment Management Nepal Pvt. Ltd.,2026-04-09 14:58:11.072413
2026040903010207,LBBL,84,82,89,501.3,44615.7,MILKY WAY SHARE BROKER COMPANY LTD ,N.M.B. SECURITIES LIMITED,2026-04-09 14:58:21.746593
2026040903010235,LBBL,34,48,200,500.2,100040.0,Vision Securities Pvt. Ltd,Trishakti Securities Public Limited,2026-04-09 14:58:29.966164
2026040903010236,LBBL,22,48,300,500.2,150060.0,Siprabi Securities Pvt. Ltd.,Trishakti Securities Public Limited,2026-04-09 14:58:29.966434
2026040903010310,LBBL,58,63,200,501.7,100340.0,Naasa Securities Co. Ltd.,Himalayan Brokerage Company Limited,2026-04-09 14:58:52.216067
2026040903010367,LBBL,3,53,60,501.3,30078.0,Arun Securities (PVT) Ltd.,Investment Management Nepal Pvt. Ltd.,2026-04-09 14:59:13.022835
2026040903010371,LBBL,3,84,500,501.3,250650.0,Arun Securities (PVT) Ltd.,MILKY WAY SHARE BROKER COMPANY LTD ,2026-04-09 14:59:14.713862
2026040903010407,LBBL,84,63,11,501.7,5518.7,MILKY WAY SHARE BROKER COMPANY LTD ,Himalayan Brokerage Company Limited,2026-04-09 14:59:24.780042
2026040903010450,LBBL,60,33,10,501.4,5014.0,Nagarik Stock Dealer ,Dakshinkali Investment & Securities Pvt. Ltd.,2026-04-09 14:59:35.215680
2026040903010451,LBBL,3,33,90,501.3,45117.0,Arun Securities (PVT) Ltd.,Dakshinkali Investment & Securities Pvt. Ltd.,2026-04-09 14:59:35.215833
2026040903010527,LBBL,3,53,200,501.3,100260.0,Arun Securities (PVT) Ltd.,Investment Management Nepal Pvt. Ltd.,2026-04-09 14:59:43.488791
2026040903010637,LBBL,85,63,272,501.7,136462.4,Capital Hub P. Ltd,Himalayan Brokerage Company Limited,2026-04-09 14:59:57.445878
2026040903010638,LBBL,85,33,100,502.0,50200.0,Capital Hub P. Ltd,Dakshinkali Investment & Securities Pvt. Ltd.,2026-04-09 14:59:57.445941
2026040903010639,LBBL,85,59,128,502.9,64371.2,Capital Hub P. Ltd,Deevyaa Securities & Stock House Pvt. Ltd,2026-04-09 14:59:57.445975
