contract_id,symbol,buyer_member_id,seller_member_id,volume,price,amount,buyer_broker,seller_broker,transaction_time
2026040901000442,NABIL,44,42,13,521.0,6773.0,Dynamic Money Managers Securities Pvt. Ltd.,Sani Securities Company Ltd.,2026-04-09 11:02:29.665442
2026040901000840,NABIL,35,47,20,526.0,10520.0,Kohinoor Investment & Securities Pvt. Ltd.,Neev Securities Pvt. Ltd.,2026-04-09 11:04:08.117627
2026040901001000,NABIL,57,47,480,526.0,252480.0,Aryatara Investment & Securities,Neev Securities Pvt. Ltd.,2026-04-09 11:04:56.462076
2026040901001107,NABIL,42,14,20,528.0,10560.0,Sani Securities Company Ltd.,Nepal Stock House (PVT) Ltd.,2026-04-09 11:05:34.949956
2026040901001312,NABIL,57,42,14,526.0,7364.0,Aryatara Investment & Securities,Sani Securities Company Ltd.,2026-04-09 11:06:25.720050
2026040901001501,NABIL,3,14,14,528.0,7392.0,Arun Securities (PVT) Ltd.,Nepal Stock House (PVT) Ltd.,2026-04-09 11:07:08.095670
2026040901001601,NABIL,49,14,166,526.0,87316.0,Online Securities Pvt. Ltd.,Nepal Stock House (PVT) Ltd.,2026-04-09 11:07:48.258520
2026040901001799,NABIL,57,34,55,526.0,28930.0,Aryatara Investment & Securities,Vision Securities Pvt. Ltd,2026-04-09 11:08:40.638872
2026040901001800,NABIL,49,34,10,526.0,5260.0,Online Securities Pvt. Ltd.,Vision Securities Pvt. Ltd,2026-04-09 11:08:40.638951
2026040901002210,NABIL,41,35,20,525.0,10500.0,Linch Stock Market Ltd.,Kohinoor Investment & Securities Pvt. Ltd.,2026-04-09 11:10:41.490752
2026040901002248,NABIL,41,38,10,525.0,5250.0,Linch Stock Market Ltd.,Dipshikha Dhitopatra Karobar Co. Pvt Ltd.,2026-04-09 11:10:53.933070
2026040901002501,NABIL,22,38,23,523.5,12040.5,Siprabi Securities Pvt. Ltd.,Dipshikha Dhitopatra Karobar Co. Pvt Ltd.,2026-04-09 11:12:07.900325
2026040901002662,NABIL,21,59,380,523.0,198740.0,Midas Stock Broking Company Private Limited,Deevyaa Securities & Stock House Pvt. Ltd,2026-04-09 11:13:07.726452
2026040901003062,NABIL,13,38,67,523.0,35041.0,Thrive Brokerage House Pvt. Ltd,Dipshikha Dhitopatra Karobar Co. Pvt Ltd.,2026-04-09 11:14:53.024172
2026040901003265,NABIL,91,5,23,525.0,12075.0,Citizens Share Broker Limited,Market Securities & Exchange (PVT) Ltd.,2026-04-09 11:15:54.621079
2026040901003938,NABIL,58,34,24,526.0,12624.0,Naasa Securities Co. Ltd.,Vision Securities Pvt. Ltd,2026-04-09 11:17:22.328081
2026040901003939,NABIL,58,17,50,526.0,26300.0,Naasa Securities Co. Ltd.,ABC Securities Private Limited,2026-04-09 11:17:22.328214
2026040901004900,NABIL,49,66,100,526.0,52600.0,Online Securities Pvt. Ltd.,Miyo Securities Pvt Ltd,2026-04-09 11:20:54.868977
2026040901004901,NABIL,35,66,20,525.0,10500.0,Kohinoor Investment & Securities Pvt. Ltd.,Miyo Securities Pvt Ltd,2026-04-09 11:20:54.869105
2026040901004902,NABIL,58,66,200,525.0,105000.0,Naasa Securities Co. Ltd.,Miyo Securities Pvt Ltd,2026-04-09 11:20:54.869158
2026040901004903,NABIL,67,66,18,525.0,9450.0,Property Wiard Limited,Miyo Securities Pvt Ltd,2026-04-09 11:20:54.869211
2026040901005110,NABIL,58,17,50,526.0,26300.0,Naasa Securities Co. Ltd.,ABC Securities Private Limited,2026-04-09 11:21:38.063193
2026040901005492,NABIL,49,58,20,526.0,10520.0,Online Securities Pvt. Ltd.,Naasa Securities Co. Ltd.,2026-04-09 11:23:21.561194
2026040901005521,NABIL,49,43,30,526.0,15780.0,Online Securities Pvt. Ltd.,South Asian Bulls Pvt. Ltd.,2026-04-09 11:23:29.406459
2026040901005522,NABIL,67,43,82,525.0,43050.0,Property Wiard Limited,South Asian Bulls Pvt. Ltd.,2026-04-09 11:23:29.406728
2026040901005523,NABIL,35,43,142,525.0,74550.0,Kohinoor Investment & Securities Pvt. Ltd.,South Asian Bulls Pvt. Ltd.,2026-04-09 11:23:29.406914
2026040901005524,NABIL,66,43,118,525.0,61950.0,Miyo Securities Pvt Ltd,South Asian Bulls Pvt. Ltd.,2026-04-09 11:23:29.407127
2026040901006044,NABIL,28,32,200,525.1,105020.0,Shree Krishna Securities Ltd.,Premier Securities Company Ltd.,2026-04-09 11:25:36.200205
2026040901006045,NABIL,66,32,82,525.0,43050.0,Miyo Securities Pvt Ltd,Premier Securities Company Ltd.,2026-04-09 11:25:36.200365
2026040901006046,NABIL,42,32,70,525.0,36750.0,Sani Securities Company Ltd.,Premier Securities Company Ltd.,2026-04-09 11:25:36.200422
2026040901006120,NABIL,4,32,192,525.0,100800.0,Opal Securities Investment (PVT) Ltd.,Premier Securities Company Ltd.,2026-04-09 11:26:04.785293
2026040901006121,NABIL,4,25,220,527.0,115940.0,Opal Securities Investment (PVT) Ltd.,Sweta Securities Private Limited,2026-04-09 11:26:04.785444
2026040901006122,NABIL,4,26,25,527.8,13195.0,Opal Securities Investment (PVT) Ltd.,Asian Securities Private Ltd.,2026-04-09 11:26:04.785502
2026040901006123,NABIL,4,17,100,527.9,52790.0,Opal Securities Investment (PVT) Ltd.,ABC Securities Private Limited,2026-04-09 11:26:04.785569
2026040901006124,NABIL,4,7,186,528.0,98208.0,Opal Securities Investment (PVT) Ltd.,J.F. Securites (PVT) Ltd.,2026-04-09 11:26:04.785625
2026040901006125,NABIL,4,54,100,528.0,52800.0,Opal Securities Investment (PVT) Ltd.,Sewa Securities Pvt. Ltd.,2026-04-09 11:26:04.785681
2026040901006126,NABIL,4,58,89,528.0,46992.0,Opal Securities Investment (PVT) Ltd.,Naasa Securities Co. Ltd.,2026-04-09 11:26:04.785736
2026040901006127,NABIL,4,22,10,528.0,5280.0,Opal Securities Investment (PVT) Ltd.,Siprabi Securities Pvt. Ltd.,2026-04-09 11:26:04.785788
2026040901006144,NABIL,4,32,10,528.0,5280.0,Opal Securities Investment (PVT) Ltd.,Premier Securities Company Ltd.,2026-04-09 11:26:12.253137
2026040901006502,NABIL,19,58,10,528.0,5280.0,Nepal Investment And Securities Trading Private Limited,Naasa Securities Co. Ltd.,2026-04-09 11:28:13.291554
2026040901007193,NABIL,41,56,10,525.1,5251.0,Linch Stock Market Ltd.,Sri Hari Securities Pvt. Ltd.,2026-04-09 11:32:24.214658
2026040901007440,NABIL,4,54,100,527.9,52790.0,Opal Securities Investment (PVT) Ltd.,Sewa Securities Pvt. Ltd.,2026-04-09 11:33:52.745423
2026040901007441,NABIL,4,22,59,528.0,31152.0,Opal Securities Investment (PVT) Ltd.,Siprabi Securities Pvt. Ltd.,2026-04-09 11:33:52.745741
2026040901007442,NABIL,4,22,20,528.0,10560.0,Opal Securities Investment (PVT) Ltd.,Siprabi Securities Pvt. Ltd.,2026-04-09 11:33:52.745959
2026040901007519,NABIL,45,5,7,525.0,3675.0,Imperial Securities Company Pvt. Ltd.,Market Securities & Exchange (PVT) Ltd.,2026-04-09 11:34:20.461291
2026040901007561,NABIL,4,17,451,529.5,238804.5,Opal Securities Investment (PVT) Ltd.,ABC Securities Private Limited,2026-04-09 11:34:34.030380
2026040901007643,NABIL,22,34,48,526.0,25248.0,Siprabi Securities Pvt. Ltd.,Vision Securities Pvt. Ltd,2026-04-09 11:35:04.534523
2026040901007644,NABIL,41,34,40,525.1,21004.0,Linch Stock Market Ltd.,Vision Securities Pvt. Ltd,2026-04-09 11:35:04.534833
2026040901007645,NABIL,45,34,20,525.0,10500.0,Imperial Securities Company Pvt. Ltd.,Vision Securities Pvt. Ltd,2026-04-09 11:35:04.535081
2026040901007646,NABIL,58,34,18,525.0,9450.0,Naasa Securities Co. Ltd.,Vision Securities Pvt. Ltd,2026-04-09 11:35:04.535361
2026040901007685,NABIL,4,17,10,529.5,5295.0,Opal Securities Investment (PVT) Ltd.,ABC Securities Private Limited,2026-04-09 11:35:18.312171
2026040901007941,NABIL,1,33,15,529.0,7935.0,Kumari Securities Private Limited,Dakshinkali Investment & Securities Pvt. Ltd.,2026-04-09 11:36:49.284947
2026040901008288,NABIL,58,33,50,529.0,26450.0,Naasa Securities Co. Ltd.,Dakshinkali Investment & Securities Pvt. Ltd.,2026-04-09 11:38:27.639868
2026040901009091,NABIL,42,33,37,529.0,19573.0,Sani Securities Company Ltd.,Dakshinkali Investment & Securities Pvt. Ltd.,2026-04-09 11:41:53.660165
2026040901009416,NABIL,49,33,30,528.0,15840.0,Online Securities Pvt. Ltd.,Dakshinkali Investment & Securities Pvt. Ltd.,2026-04-09 11:43:09.633673
2026040901009622,NABIL,49,33,50,528.0,26400.0,Online Securities Pvt. Ltd.,Dakshinkali Investment & Securities Pvt. Ltd.,2026-04-09 11:44:09.772055
2026040901010232,NABIL,34,58,10,528.0,5280.0,Vision Securities Pvt. Ltd,Naasa Securities Co. Ltd.,2026-04-09 11:46:58.701709
2026040901010514,NABIL,54,58,15,529.0,7935.0,Sewa Securities Pvt. Ltd.,Naasa Securities Co. Ltd.,2026-04-09 11:48:17.170939
2026040901010842,NABIL,67,34,5,526.0,2630.0,Property Wiard Limited,Vision Securities Pvt. Ltd,2026-04-09 11:50:06.398446
2026040901010909,NABIL,49,4,30,529.0,15870.0,Online Securities Pvt. Ltd.,Opal Securities Investment (PVT) Ltd.,2026-04-09 11:50:28.964748
2026040901010970,NABIL,21,4,100,529.0,52900.0,Midas Stock Broking Company Private Limited,Opal Securities Investment (PVT) Ltd.,2026-04-09 11:50:48.751956
2026040901011048,NABIL,34,4,35,528.0,18480.0,Vision Securities Pvt. Ltd,Opal Securities Investment (PVT) Ltd.,2026-04-09 11:51:18.197047
2026040901011049,NABIL,14,4,20,528.0,10560.0,Nepal Stock House (PVT) Ltd.,Opal Securities Investment (PVT) Ltd.,2026-04-09 11:51:18.197129
2026040901011050,NABIL,50,4,10,528.0,5280.0,Cristal Kanchanjanga Securites Pvt. Ltd.,Opal Securities Investment (PVT) Ltd.,2026-04-09 11:51:18.197152
2026040901011051,NABIL,11,4,10,526.9,5269.0,Malla & Malla Stock Broking Company Pvt. Limited,Opal Securities Investment (PVT) Ltd.,2026-04-09 11:51:18.197176
2026040901011073,NABIL,45,4,870,529.0,460230.0,Imperial Securities Company Pvt. Ltd.,Opal Securities Investment (PVT) Ltd.,2026-04-09 11:51:23.274316
2026040901011151,NABIL,45,11,106,529.0,56074.0,Imperial Securities Company Pvt. Ltd.,Malla & Malla Stock Broking Company Pvt. Limited,2026-04-09 11:51:53.183290
2026040901011205,NABIL,58,17,10,529.4,5294.0,Naasa Securities Co. Ltd.,ABC Securities Private Limited,2026-04-09 11:52:14.322545
2026040901011216,NABIL,58,17,10,529.4,5294.0,Naasa Securities Co. Ltd.,ABC Securities Private Limited,2026-04-09 11:52:17.808237
2026040901011452,NABIL,1,17,30,529.4,15882.0,Kumari Securities Private Limited,ABC Securities Private Limited,2026-04-09 11:53:29.572642
2026040901011453,NABIL,1,26,25,529.4,13235.0,Kumari Securities Private Limited,Asian Securities Private Ltd.,2026-04-09 11:53:29.572868
2026040901011580,NABIL,1,6,20,529.4,10588.0,Kumari Securities Private Limited,Agrawal Securities (PVT) Ltd.,2026-04-09 11:54:03.292493
2026040901011581,NABIL,45,6,480,529.0,253920.0,Imperial Securities Company Pvt. Ltd.,Agrawal Securities (PVT) Ltd.,2026-04-09 11:54:03.292705
2026040901011776,NABIL,45,58,41,529.0,21689.0,Imperial Securities Company Pvt. Ltd.,Naasa Securities Co. Ltd.,2026-04-09 11:55:13.558785
2026040901012261,NABIL,45,58,10,529.0,5290.0,Imperial Securities Company Pvt. Ltd.,Naasa Securities Co. Ltd.,2026-04-09 11:57:11.682380
2026040901012375,NABIL,58,45,20,528.0,10560.0,Naasa Securities Co. Ltd.,Imperial Securities Company Pvt. Ltd.,2026-04-09 11:57:50.389099
2026040901012376,NABIL,4,45,67,528.0,35376.0,Opal Securities Investment (PVT) Ltd.,Imperial Securities Company Pvt. Ltd.,2026-04-09 11:57:50.389304
2026040901012604,NABIL,45,45,13,528.0,6864.0,Imperial Securities Company Pvt. Ltd.,Imperial Securities Company Pvt. Ltd.,2026-04-09 11:59:07.099432
2026040901012775,NABIL,21,34,20,529.0,10580.0,Midas Stock Broking Company Private Limited,Vision Securities Pvt. Ltd,2026-04-09 12:00:12.780435
2026040901012888,NABIL,11,4,10,527.5,5275.0,Malla & Malla Stock Broking Company Pvt. Limited,Opal Securities Investment (PVT) Ltd.,2026-04-09 12:00:48.101330
2026040901013163,NABIL,58,4,20,527.5,10550.0,Naasa Securities Co. Ltd.,Opal Securities Investment (PVT) Ltd.,2026-04-09 12:01:58.470694
2026040901013421,NABIL,37,7,10,527.4,5274.0,Swarna Laxmi Securities Pvt. Ltd.,J.F. Securites (PVT) Ltd.,2026-04-09 12:03:26.122153
2026040901013425,NABIL,37,53,58,527.4,30589.2,Swarna Laxmi Securities Pvt. Ltd.,Investment Management Nepal Pvt. Ltd.,2026-04-09 12:03:29.710265
2026040901013562,NABIL,37,4,27,527.5,14242.5,Swarna Laxmi Securities Pvt. Ltd.,Opal Securities Investment (PVT) Ltd.,2026-04-09 12:04:25.213429
2026040901013563,NABIL,37,10,48,527.5,25320.0,Swarna Laxmi Securities Pvt. Ltd.,Pragyan Securities (PVT) Ltd.,2026-04-09 12:04:25.213681
2026040901013743,NABIL,41,10,52,527.5,27430.0,Linch Stock Market Ltd.,Pragyan Securities (PVT) Ltd.,2026-04-09 12:05:58.042787
2026040901014042,NABIL,26,50,129,528.1,68124.9,Asian Securities Private Ltd.,Cristal Kanchanjanga Securites Pvt. Ltd.,2026-04-09 12:08:00.536631
2026040901014461,NABIL,34,17,38,529.5,20121.0,Vision Securities Pvt. Ltd,ABC Securities Private Limited,2026-04-09 12:09:54.009449
2026040901014487,NABIL,58,44,10,529.0,5290.0,Naasa Securities Co. Ltd.,Dynamic Money Managers Securities Pvt. Ltd.,2026-04-09 12:10:07.315070
2026040901014589,NABIL,26,58,20,528.1,10562.0,Asian Securities Private Ltd.,Naasa Securities Co. Ltd.,2026-04-09 12:10:27.574010
2026040901014957,NABIL,44,44,50,529.0,26450.0,Dynamic Money Managers Securities Pvt. Ltd.,Dynamic Money Managers Securities Pvt. Ltd.,2026-04-09 12:12:27.233968
2026040901015116,NABIL,67,33,8,525.0,4200.0,Property Wiard Limited,Dakshinkali Investment & Securities Pvt. Ltd.,2026-04-09 12:13:32.018259
2026040901015141,NABIL,42,44,10,529.0,5290.0,Sani Securities Company Ltd.,Dynamic Money Managers Securities Pvt. Ltd.,2026-04-09 12:13:37.223920
2026040901015426,NABIL,6,58,20,528.3,10566.0,Agrawal Securities (PVT) Ltd.,Naasa Securities Co. Ltd.,2026-04-09 12:15:40.195176
2026040901015476,NABIL,45,44,30,529.0,15870.0,Imperial Securities Company Pvt. Ltd.,Dynamic Money Managers Securities Pvt. Ltd.,2026-04-09 12:16:06.394351
2026040901015477,NABIL,45,17,50,529.0,26450.0,Imperial Securities Company Pvt. Ltd.,ABC Securities Private Limited,2026-04-09 12:16:06.394620
2026040901015478,NABIL,45,58,120,529.0,63480.0,Imperial Securities Company Pvt. Ltd.,Naasa Securities Co. Ltd.,2026-04-09 12:16:06.394739
2026040901015857,NABIL,38,58,100,529.0,52900.0,Dipshikha Dhitopatra Karobar Co. Pvt Ltd.,Naasa Securities Co. Ltd.,2026-04-09 12:17:51.864380
2026040901016174,NABIL,58,58,17,529.0,8993.0,Naasa Securities Co. Ltd.,Naasa Securities Co. Ltd.,2026-04-09 12:19:54.879332
2026040901016175,NABIL,58,48,52,529.0,27508.0,Naasa Securities Co. Ltd.,Trishakti Securities Public Limited,2026-04-09 12:19:54.879605
2026040901016300,NABIL,21,58,10,529.0,5290.0,Midas Stock Broking Company Private Limited,Naasa Securities Co. Ltd.,2026-04-09 12:21:11.763727
2026040901016301,NABIL,6,58,40,529.0,21160.0,Agrawal Securities (PVT) Ltd.,Naasa Securities Co. Ltd.,2026-04-09 12:21:12.779243
2026040901016302,NABIL,6,58,40,529.0,21160.0,Agrawal Securities (PVT) Ltd.,Naasa Securities Co. Ltd.,2026-04-09 12:21:12.779493
2026040901016871,NABIL,41,58,60,529.0,31740.0,Linch Stock Market Ltd.,Naasa Securities Co. Ltd.,2026-04-09 12:24:16.786391
2026040901017140,NABIL,4,58,20,529.0,10580.0,Opal Securities Investment (PVT) Ltd.,Naasa Securities Co. Ltd.,2026-04-09 12:25:40.151639
2026040901017274,NABIL,17,58,20,529.0,10580.0,ABC Securities Private Limited,Naasa Securities Co. Ltd.,2026-04-09 12:26:26.343836
2026040901017432,NABIL,26,58,18,529.0,9522.0,Asian Securities Private Ltd.,Naasa Securities Co. Ltd.,2026-04-09 12:27:37.078549
2026040901017490,NABIL,58,58,200,529.0,105800.0,Naasa Securities Co. Ltd.,Naasa Securities Co. Ltd.,2026-04-09 12:28:13.493144
2026040901017494,NABIL,48,58,50,529.0,26450.0,Trishakti Securities Public Limited,Naasa Securities Co. Ltd.,2026-04-09 12:28:14.872265
2026040901017521,NABIL,43,5,50,528.8,26440.0,South Asian Bulls Pvt. Ltd.,Market Securities & Exchange (PVT) Ltd.,2026-04-09 12:28:27.779402
2026040901017522,NABIL,42,5,57,528.7,30135.9,Sani Securities Company Ltd.,Market Securities & Exchange (PVT) Ltd.,2026-04-09 12:28:27.779696
2026040901017523,NABIL,34,5,20,528.7,10574.0,Vision Securities Pvt. Ltd,Market Securities & Exchange (PVT) Ltd.,2026-04-09 12:28:27.779814
2026040901017524,NABIL,47,5,10,528.5,5285.0,Neev Securities Pvt. Ltd.,Market Securities & Exchange (PVT) Ltd.,2026-04-09 12:28:27.779933
2026040901017525,NABIL,58,5,200,528.5,105700.0,Naasa Securities Co. Ltd.,Market Securities & Exchange (PVT) Ltd.,2026-04-09 12:28:27.780054
2026040901017526,NABIL,8,5,113,528.2,59686.6,Brilliant Securities Pvt. Ltd.,Market Securities & Exchange (PVT) Ltd.,2026-04-09 12:28:27.780170
2026040901017527,NABIL,34,5,40,528.1,21124.0,Vision Securities Pvt. Ltd,Market Securities & Exchange (PVT) Ltd.,2026-04-09 12:28:27.780281
2026040901017528,NABIL,67,5,100,528.1,52810.0,Property Wiard Limited,Market Securities & Exchange (PVT) Ltd.,2026-04-09 12:28:27.780392
2026040901017529,NABIL,41,5,48,528.0,25344.0,Linch Stock Market Ltd.,Market Securities & Exchange (PVT) Ltd.,2026-04-09 12:28:27.780506
2026040901017530,NABIL,17,5,362,528.0,191136.0,ABC Securities Private Limited,Market Securities & Exchange (PVT) Ltd.,2026-04-09 12:28:27.780615
2026040901017583,NABIL,17,53,30,528.0,15840.0,ABC Securities Private Limited,Investment Management Nepal Pvt. Ltd.,2026-04-09 12:28:53.287352
2026040901017745,NABIL,17,35,108,528.0,57024.0,ABC Securities Private Limited,Kohinoor Investment & Securities Pvt. Ltd.,2026-04-09 12:30:05.699828
2026040901017746,NABIL,32,35,262,528.0,138336.0,Premier Securities Company Ltd.,Kohinoor Investment & Securities Pvt. Ltd.,2026-04-09 12:30:05.700399
2026040901017780,NABIL,32,48,56,528.0,29568.0,Premier Securities Company Ltd.,Trishakti Securities Public Limited,2026-04-09 12:30:12.175756
2026040901017949,NABIL,32,45,82,528.0,43296.0,Premier Securities Company Ltd.,Imperial Securities Company Pvt. Ltd.,2026-04-09 12:31:09.025874
2026040901017950,NABIL,59,45,156,528.0,82368.0,Deevyaa Securities & Stock House Pvt. Ltd,Imperial Securities Company Pvt. Ltd.,2026-04-09 12:31:09.026205
2026040901018057,NABIL,59,49,30,528.0,15840.0,Deevyaa Securities & Stock House Pvt. Ltd,Online Securities Pvt. Ltd.,2026-04-09 12:31:48.652171
2026040901018136,NABIL,59,36,14,528.0,7392.0,Deevyaa Securities & Stock House Pvt. Ltd,Secured Securities Ltd.,2026-04-09 12:32:23.437726
2026040901018137,NABIL,28,36,100,528.0,52800.0,Shree Krishna Securities Ltd.,Secured Securities Ltd.,2026-04-09 12:32:23.438250
2026040901018138,NABIL,47,36,506,528.0,267168.0,Neev Securities Pvt. Ltd.,Secured Securities Ltd.,2026-04-09 12:32:23.438595
2026040901018139,NABIL,22,36,100,528.0,52800.0,Siprabi Securities Pvt. Ltd.,Secured Securities Ltd.,2026-04-09 12:32:23.438932
2026040901018216,NABIL,17,43,20,528.0,10560.0,ABC Securities Private Limited,South Asian Bulls Pvt. Ltd.,2026-04-09 12:32:56.655471
2026040901018236,NABIL,26,45,190,527.5,100225.0,Asian Securities Private Ltd.,Imperial Securities Company Pvt. Ltd.,2026-04-09 12:33:01.894294
2026040901018494,NABIL,58,43,10,528.0,5280.0,Naasa Securities Co. Ltd.,South Asian Bulls Pvt. Ltd.,2026-04-09 12:35:07.706202
2026040901018495,NABIL,16,43,18,528.0,9504.0,Primo Securities (PVT) Ltd.,South Asian Bulls Pvt. Ltd.,2026-04-09 12:35:07.764331
2026040901018587,NABIL,38,58,30,527.1,15813.0,Dipshikha Dhitopatra Karobar Co. Pvt Ltd.,Naasa Securities Co. Ltd.,2026-04-09 12:35:32.646955
2026040901018840,NABIL,42,7,10,527.9,5279.0,Sani Securities Company Ltd.,J.F. Securites (PVT) Ltd.,2026-04-09 12:37:36.113943
2026040901018935,NABIL,58,43,16,528.0,8448.0,Naasa Securities Co. Ltd.,South Asian Bulls Pvt. Ltd.,2026-04-09 12:38:05.276263
2026040901018958,NABIL,38,40,40,527.1,21084.0,Dipshikha Dhitopatra Karobar Co. Pvt Ltd.,Creative Securities Pvt Ltd,2026-04-09 12:38:09.691516
2026040901019229,NABIL,58,43,50,528.0,26400.0,Naasa Securities Co. Ltd.,South Asian Bulls Pvt. Ltd.,2026-04-09 12:39:50.404490
2026040901019406,NABIL,35,21,30,527.5,15825.0,Kohinoor Investment & Securities Pvt. Ltd.,Midas Stock Broking Company Private Limited,2026-04-09 12:41:13.878323
2026040901019449,NABIL,38,38,174,527.1,91715.4,Dipshikha Dhitopatra Karobar Co. Pvt Ltd.,Dipshikha Dhitopatra Karobar Co. Pvt Ltd.,2026-04-09 12:41:32.093044
2026040901019624,NABIL,4,21,60,527.5,31650.0,Opal Securities Investment (PVT) Ltd.,Midas Stock Broking Company Private Limited,2026-04-09 12:42:20.383021
2026040901019866,NABIL,34,21,39,527.5,20572.5,Vision Securities Pvt. Ltd,Midas Stock Broking Company Private Limited,2026-04-09 12:44:25.168051
2026040901019867,NABIL,34,43,36,528.0,19008.0,Vision Securities Pvt. Ltd,South Asian Bulls Pvt. Ltd.,2026-04-09 12:44:25.168353
2026040901019868,NABIL,34,21,40,528.0,21120.0,Vision Securities Pvt. Ltd,Midas Stock Broking Company Private Limited,2026-04-09 12:44:25.168474
2026040901019869,NABIL,34,45,76,528.0,40128.0,Vision Securities Pvt. Ltd,Imperial Securities Company Pvt. Ltd.,2026-04-09 12:44:25.168594
2026040901020129,NABIL,54,45,25,528.0,13200.0,Sewa Securities Pvt. Ltd.,Imperial Securities Company Pvt. Ltd.,2026-04-09 12:45:52.550973
2026040901020198,NABIL,38,47,126,527.1,66414.6,Dipshikha Dhitopatra Karobar Co. Pvt Ltd.,Neev Securities Pvt. Ltd.,2026-04-09 12:46:30.185690
2026040901020199,NABIL,32,47,30,527.0,15810.0,Premier Securities Company Ltd.,Neev Securities Pvt. Ltd.,2026-04-09 12:46:30.185994
2026040901020200,NABIL,35,47,50,527.0,26350.0,Kohinoor Investment & Securities Pvt. Ltd.,Neev Securities Pvt. Ltd.,2026-04-09 12:46:30.186125
2026040901020201,NABIL,7,47,50,527.0,26350.0,J.F. Securites (PVT) Ltd.,Neev Securities Pvt. Ltd.,2026-04-09 12:46:30.186249
2026040901020202,NABIL,35,47,40,527.0,21080.0,Kohinoor Investment & Securities Pvt. Ltd.,Neev Securities Pvt. Ltd.,2026-04-09 12:46:30.186366
2026040901020203,NABIL,52,47,20,527.0,10540.0,Sundhara Securities Limited,Neev Securities Pvt. Ltd.,2026-04-09 12:46:30.186483
2026040901021864,NABIL,42,47,10,527.0,5270.0,Sani Securities Company Ltd.,Neev Securities Pvt. Ltd.,2026-04-09 12:47:22.943437
2026040901021899,NABIL,42,47,12,527.0,6324.0,Sani Securities Company Ltd.,Neev Securities Pvt. Ltd.,2026-04-09 12:47:33.481988
2026040901022006,NABIL,13,47,33,527.0,17391.0,Thrive Brokerage House Pvt. Ltd,Neev Securities Pvt. Ltd.,2026-04-09 12:48:10.977255
2026040901022108,NABIL,38,47,10,527.0,5270.0,Dipshikha Dhitopatra Karobar Co. Pvt Ltd.,Neev Securities Pvt. Ltd.,2026-04-09 12:48:42.985350
2026040901022413,NABIL,42,34,50,526.5,26325.0,Sani Securities Company Ltd.,Vision Securities Pvt. Ltd,2026-04-09 12:50:12.250255
2026040901022533,NABIL,11,47,10,527.0,5270.0,Malla & Malla Stock Broking Company Pvt. Limited,Neev Securities Pvt. Ltd.,2026-04-09 12:51:02.464226
2026040901022704,NABIL,39,47,398,527.0,209746.0,Sumeru Securities Pvt. Ltd.,Neev Securities Pvt. Ltd.,2026-04-09 12:52:27.552504
2026040901022705,NABIL,39,26,100,527.0,52700.0,Sumeru Securities Pvt. Ltd.,Asian Securities Private Ltd.,2026-04-09 12:52:27.553091
2026040901022761,NABIL,39,58,10,527.0,5270.0,Sumeru Securities Pvt. Ltd.,Naasa Securities Co. Ltd.,2026-04-09 12:52:56.048540
2026040901022805,NABIL,39,45,12,528.0,6336.0,Sumeru Securities Pvt. Ltd.,Imperial Securities Company Pvt. Ltd.,2026-04-09 12:53:17.138280
2026040901023101,NABIL,47,4,10,527.0,5270.0,Neev Securities Pvt. Ltd.,Opal Securities Investment (PVT) Ltd.,2026-04-09 12:54:59.266498
2026040901023973,NABIL,89,45,10,528.0,5280.0,Global IME Securities Limited,Imperial Securities Company Pvt. Ltd.,2026-04-09 12:57:41.145021
2026040901024155,NABIL,46,45,54,528.0,28512.0,Kalika Securities Pvt. Ltd.,Imperial Securities Company Pvt. Ltd.,2026-04-09 12:58:32.472896
2026040901024156,NABIL,46,35,71,528.0,37488.0,Kalika Securities Pvt. Ltd.,Kohinoor Investment & Securities Pvt. Ltd.,2026-04-09 12:58:32.473250
2026040901024706,NABIL,8,35,20,528.0,10560.0,Brilliant Securities Pvt. Ltd.,Kohinoor Investment & Securities Pvt. Ltd.,2026-04-09 13:00:52.592348
2026040901025280,NABIL,58,14,25,527.0,13175.0,Naasa Securities Co. Ltd.,Nepal Stock House (PVT) Ltd.,2026-04-09 13:03:32.079728
2026040901025281,NABIL,28,14,40,527.0,21080.0,Shree Krishna Securities Ltd.,Nepal Stock House (PVT) Ltd.,2026-04-09 13:03:32.080355
2026040901025389,NABIL,45,42,50,527.0,26350.0,Imperial Securities Company Pvt. Ltd.,Sani Securities Company Ltd.,2026-04-09 13:04:07.726362
2026040901025504,NABIL,45,45,40,527.0,21080.0,Imperial Securities Company Pvt. Ltd.,Imperial Securities Company Pvt. Ltd.,2026-04-09 13:04:35.745685
2026040901025612,NABIL,33,35,59,528.0,31152.0,Dakshinkali Investment & Securities Pvt. Ltd.,Kohinoor Investment & Securities Pvt. Ltd.,2026-04-09 13:05:13.804931
2026040901025613,NABIL,33,36,1,528.0,528.0,Dakshinkali Investment & Securities Pvt. Ltd.,Secured Securities Ltd.,2026-04-09 13:05:13.805044
2026040901025634,NABIL,14,34,13,528.0,6864.0,Nepal Stock House (PVT) Ltd.,Vision Securities Pvt. Ltd,2026-04-09 13:05:22.913140
2026040901026130,NABIL,35,34,15,528.0,7920.0,Kohinoor Investment & Securities Pvt. Ltd.,Vision Securities Pvt. Ltd,2026-04-09 13:08:32.884338
2026040901026131,NABIL,35,58,30,528.0,15840.0,Kohinoor Investment & Securities Pvt. Ltd.,Naasa Securities Co. Ltd.,2026-04-09 13:08:32.884992
2026040901026132,NABIL,35,36,55,528.0,29040.0,Kohinoor Investment & Securities Pvt. Ltd.,Secured Securities Ltd.,2026-04-09 13:08:32.885421
2026040901026196,NABIL,58,36,100,528.0,52800.0,Naasa Securities Co. Ltd.,Secured Securities Ltd.,2026-04-09 13:08:59.216202
2026040901026454,NABIL,45,25,10,527.0,5270.0,Imperial Securities Company Pvt. Ltd.,Sweta Securities Private Limited,2026-04-09 13:10:14.049209
2026040901026455,NABIL,49,25,30,527.0,15810.0,Online Securities Pvt. Ltd.,Sweta Securities Private Limited,2026-04-09 13:10:14.049312
2026040901026456,NABIL,41,25,52,527.0,27404.0,Linch Stock Market Ltd.,Sweta Securities Private Limited,2026-04-09 13:10:14.049388
2026040901026457,NABIL,41,38,6,527.0,3162.0,Linch Stock Market Ltd.,Dipshikha Dhitopatra Karobar Co. Pvt Ltd.,2026-04-09 13:10:14.049602
2026040901026890,NABIL,34,36,845,528.0,446160.0,Vision Securities Pvt. Ltd,Secured Securities Ltd.,2026-04-09 13:12:38.132166
2026040901026891,NABIL,34,57,200,528.0,105600.0,Vision Securities Pvt. Ltd,Aryatara Investment & Securities,2026-04-09 13:12:38.132512
2026040901026892,NABIL,34,34,400,528.0,211200.0,Vision Securities Pvt. Ltd,Vision Securities Pvt. Ltd,2026-04-09 13:12:38.132658
2026040901027094,NABIL,38,58,1,528.0,528.0,Dipshikha Dhitopatra Karobar Co. Pvt Ltd.,Naasa Securities Co. Ltd.,2026-04-09 13:13:54.910112
2026040901027123,NABIL,34,21,230,528.0,121440.0,Vision Securities Pvt. Ltd,Midas Stock Broking Company Private Limited,2026-04-09 13:14:11.862183
2026040901027266,NABIL,34,87,200,528.0,105600.0,Vision Securities Pvt. Ltd,S.P.S.A. Securities Limited,2026-04-09 13:15:06.204372
2026040901027406,NABIL,34,19,125,528.0,66000.0,Vision Securities Pvt. Ltd,Nepal Investment And Securities Trading Private Limited,2026-04-09 13:15:54.664539
2026040901027504,NABIL,19,19,75,528.0,39600.0,Nepal Investment And Securities Trading Private Limited,Nepal Investment And Securities Trading Private Limited,2026-04-09 13:16:38.508332
2026040901027505,NABIL,19,49,50,528.0,26400.0,Nepal Investment And Securities Trading Private Limited,Online Securities Pvt. Ltd.,2026-04-09 13:16:38.508985
2026040901027535,NABIL,62,25,10,528.1,5281.0,Capital Max Securities Ltd,Sweta Securities Private Limited,2026-04-09 13:16:55.587272
2026040901027783,NABIL,34,58,14,529.0,7406.0,Vision Securities Pvt. Ltd,Naasa Securities Co. Ltd.,2026-04-09 13:18:32.848722
2026040901027784,NABIL,34,42,585,529.0,309465.0,Vision Securities Pvt. Ltd,Sani Securities Company Ltd.,2026-04-09 13:18:32.849099
2026040901027785,NABIL,34,43,100,529.0,52900.0,Vision Securities Pvt. Ltd,South Asian Bulls Pvt. Ltd.,2026-04-09 13:18:32.849245
2026040901027786,NABIL,34,14,1000,529.0,529000.0,Vision Securities Pvt. Ltd,Nepal Stock House (PVT) Ltd.,2026-04-09 13:18:32.849404
2026040901027787,NABIL,34,7,25,529.0,13225.0,Vision Securities Pvt. Ltd,J.F. Securites (PVT) Ltd.,2026-04-09 13:18:32.849541
2026040901027788,NABIL,34,35,700,529.4,370580.0,Vision Securities Pvt. Ltd,Kohinoor Investment & Securities Pvt. Ltd.,2026-04-09 13:18:32.849677
2026040901027789,NABIL,34,17,501,529.5,265279.5,Vision Securities Pvt. Ltd,ABC Securities Private Limited,2026-04-09 13:18:32.849811
2026040901027790,NABIL,34,44,300,529.5,158850.0,Vision Securities Pvt. Ltd,Dynamic Money Managers Securities Pvt. Ltd.,2026-04-09 13:18:32.849945
2026040901027791,NABIL,34,32,15,529.9,7948.5,Vision Securities Pvt. Ltd,Premier Securities Company Ltd.,2026-04-09 13:18:32.850086
2026040901027792,NABIL,34,17,100,529.9,52990.0,Vision Securities Pvt. Ltd,ABC Securities Private Limited,2026-04-09 13:18:32.850222
2026040901027793,NABIL,34,7,10,529.9,5299.0,Vision Securities Pvt. Ltd,J.F. Securites (PVT) Ltd.,2026-04-09 13:18:32.850354
2026040901027794,NABIL,34,49,250,529.9,132475.0,Vision Securities Pvt. Ltd,Online Securities Pvt. Ltd.,2026-04-09 13:18:32.850486
2026040901027795,NABIL,34,42,284,530.0,150520.0,Vision Securities Pvt. Ltd,Sani Securities Company Ltd.,2026-04-09 13:18:32.850620
2026040901027796,NABIL,34,46,500,530.0,265000.0,Vision Securities Pvt. Ltd,Kalika Securities Pvt. Ltd.,2026-04-09 13:18:32.850768
2026040901027797,NABIL,34,25,616,530.0,326480.0,Vision Securities Pvt. Ltd,Sweta Securities Private Limited,2026-04-09 13:18:32.850899
2026040901027822,NABIL,58,25,20,530.0,10600.0,Naasa Securities Co. Ltd.,Sweta Securities Private Limited,2026-04-09 13:18:50.773205
2026040901028054,NABIL,32,46,100,529.0,52900.0,Premier Securities Company Ltd.,Kalika Securities Pvt. Ltd.,2026-04-09 13:20:29.889754
2026040901028365,NABIL,39,58,10,529.5,5295.0,Sumeru Securities Pvt. Ltd.,Naasa Securities Co. Ltd.,2026-04-09 13:22:27.879764
2026040901028704,NABIL,26,58,14,529.5,7413.0,Asian Securities Private Ltd.,Naasa Securities Co. Ltd.,2026-04-09 13:25:11.401377
2026040901028705,NABIL,26,25,91,529.5,48184.5,Asian Securities Private Ltd.,Sweta Securities Private Limited,2026-04-09 13:25:11.401706
2026040901028892,NABIL,19,42,175,528.0,92400.0,Nepal Investment And Securities Trading Private Limited,Sani Securities Company Ltd.,2026-04-09 13:26:33.688656
2026040901028893,NABIL,57,42,27,528.0,14256.0,Aryatara Investment & Securities,Sani Securities Company Ltd.,2026-04-09 13:26:33.689000
2026040901028894,NABIL,95,42,203,528.0,107184.0,Magnet Securities and Investment Company Private Limited,Sani Securities Company Ltd.,2026-04-09 13:26:33.689142
2026040901029046,NABIL,95,39,50,528.0,26400.0,Magnet Securities and Investment Company Private Limited,Sumeru Securities Pvt. Ltd.,2026-04-09 13:27:47.289970
2026040901029096,NABIL,95,50,50,528.0,26400.0,Magnet Securities and Investment Company Private Limited,Cristal Kanchanjanga Securites Pvt. Ltd.,2026-04-09 13:28:17.455991
2026040901029283,NABIL,95,58,60,528.0,31680.0,Magnet Securities and Investment Company Private Limited,Naasa Securities Co. Ltd.,2026-04-09 13:29:15.806327
2026040901029355,NABIL,95,33,200,528.0,105600.0,Magnet Securities and Investment Company Private Limited,Dakshinkali Investment & Securities Pvt. Ltd.,2026-04-09 13:29:42.002669
2026040901029438,NABIL,86,16,100,529.0,52900.0,Stoxkarts Securities Limited,Primo Securities (PVT) Ltd.,2026-04-09 13:30:24.188440
2026040901029439,NABIL,86,4,14,529.3,7410.2,Stoxkarts Securities Limited,Opal Securities Investment (PVT) Ltd.,2026-04-09 13:30:24.188564
2026040901029440,NABIL,86,34,86,529.4,45528.4,Stoxkarts Securities Limited,Vision Securities Pvt. Ltd,2026-04-09 13:30:24.188642
2026040901029443,NABIL,95,1,114,528.0,60192.0,Magnet Securities and Investment Company Private Limited,Kumari Securities Private Limited,2026-04-09 13:30:25.165157
2026040901029561,NABIL,95,45,10,528.0,5280.0,Magnet Securities and Investment Company Private Limited,Imperial Securities Company Pvt. Ltd.,2026-04-09 13:31:13.912543
2026040901029610,NABIL,57,57,34,528.5,17969.0,Aryatara Investment & Securities,Aryatara Investment & Securities,2026-04-09 13:31:42.921901
2026040901029611,NABIL,57,34,14,529.4,7411.6,Aryatara Investment & Securities,Vision Securities Pvt. Ltd,2026-04-09 13:31:42.922301
2026040901029612,NABIL,57,29,105,529.4,55587.0,Aryatara Investment & Securities,Trisul Securities & Invt. Ltd.,2026-04-09 13:31:42.922490
2026040901029723,NABIL,26,29,45,529.4,23823.0,Asian Securities Private Ltd.,Trisul Securities & Invt. Ltd.,2026-04-09 13:32:53.979171
2026040901029724,NABIL,26,25,59,529.5,31240.5,Asian Securities Private Ltd.,Sweta Securities Private Limited,2026-04-09 13:32:53.979513
2026040901029855,NABIL,35,10,100,529.4,52940.0,Kohinoor Investment & Securities Pvt. Ltd.,Pragyan Securities (PVT) Ltd.,2026-04-09 13:34:10.751340
2026040901029856,NABIL,35,52,50,529.4,26470.0,Kohinoor Investment & Securities Pvt. Ltd.,Sundhara Securities Limited,2026-04-09 13:34:10.751982
2026040901029867,NABIL,47,81,10,529.3,5293.0,Neev Securities Pvt. Ltd.,Aakashbhairab Securities Ltd.,2026-04-09 13:34:15.230854
2026040901030009,NABIL,11,52,15,529.4,7941.0,Malla & Malla Stock Broking Company Pvt. Limited,Sundhara Securities Limited,2026-04-09 13:35:10.285362
2026040901030202,NABIL,58,7,10,529.0,5290.0,Naasa Securities Co. Ltd.,J.F. Securites (PVT) Ltd.,2026-04-09 13:37:00.848313
2026040901030263,NABIL,35,36,180,529.4,95292.0,Kohinoor Investment & Securities Pvt. Ltd.,Secured Securities Ltd.,2026-04-09 13:37:32.449289
2026040901030593,NABIL,58,58,1,529.4,529.4,Naasa Securities Co. Ltd.,Naasa Securities Co. Ltd.,2026-04-09 13:41:12.073994
2026040901030653,NABIL,6,36,20,529.4,10588.0,Agrawal Securities (PVT) Ltd.,Secured Securities Ltd.,2026-04-09 13:42:05.204357
2026040901030654,NABIL,6,34,100,529.4,52940.0,Agrawal Securities (PVT) Ltd.,Vision Securities Pvt. Ltd,2026-04-09 13:42:05.205005
2026040901030655,NABIL,6,38,50,529.4,26470.0,Agrawal Securities (PVT) Ltd.,Dipshikha Dhitopatra Karobar Co. Pvt Ltd.,2026-04-09 13:42:05.205481
2026040901030656,NABIL,6,25,330,529.5,174735.0,Agrawal Securities (PVT) Ltd.,Sweta Securities Private Limited,2026-04-09 13:42:05.205925
2026040901030805,NABIL,58,36,10,529.0,5290.0,Naasa Securities Co. Ltd.,Secured Securities Ltd.,2026-04-09 13:43:38.666265
2026040901030838,NABIL,53,25,56,529.5,29652.0,Investment Management Nepal Pvt. Ltd.,Sweta Securities Private Limited,2026-04-09 13:43:53.788727
2026040901030839,NABIL,53,52,24,529.5,12708.0,Investment Management Nepal Pvt. Ltd.,Sundhara Securities Limited,2026-04-09 13:43:53.789120
2026040901030967,NABIL,42,22,50,529.0,26450.0,Sani Securities Company Ltd.,Siprabi Securities Pvt. Ltd.,2026-04-09 13:45:10.346391
2026040901030985,NABIL,42,4,55,529.0,29095.0,Sani Securities Company Ltd.,Opal Securities Investment (PVT) Ltd.,2026-04-09 13:45:24.782219
2026040901030986,NABIL,58,4,20,529.0,10580.0,Naasa Securities Co. Ltd.,Opal Securities Investment (PVT) Ltd.,2026-04-09 13:45:24.782839
2026040901030987,NABIL,45,4,10,529.0,5290.0,Imperial Securities Company Pvt. Ltd.,Opal Securities Investment (PVT) Ltd.,2026-04-09 13:45:24.783292
2026040901030988,NABIL,38,4,122,529.0,64538.0,Dipshikha Dhitopatra Karobar Co. Pvt Ltd.,Opal Securities Investment (PVT) Ltd.,2026-04-09 13:45:24.783718
2026040901031029,NABIL,38,4,50,529.0,26450.0,Dipshikha Dhitopatra Karobar Co. Pvt Ltd.,Opal Securities Investment (PVT) Ltd.,2026-04-09 13:46:01.944469
2026040901031070,NABIL,38,17,10,529.0,5290.0,Dipshikha Dhitopatra Karobar Co. Pvt Ltd.,ABC Securities Private Limited,2026-04-09 13:46:23.461839
2026040901031178,NABIL,38,4,118,529.0,62422.0,Dipshikha Dhitopatra Karobar Co. Pvt Ltd.,Opal Securities Investment (PVT) Ltd.,2026-04-09 13:47:24.485614
2026040901031179,NABIL,45,4,15,529.0,7935.0,Imperial Securities Company Pvt. Ltd.,Opal Securities Investment (PVT) Ltd.,2026-04-09 13:47:24.486037
2026040901031180,NABIL,4,4,27,529.0,14283.0,Opal Securities Investment (PVT) Ltd.,Opal Securities Investment (PVT) Ltd.,2026-04-09 13:47:24.486200
2026040901031210,NABIL,45,4,175,529.0,92575.0,Imperial Securities Company Pvt. Ltd.,Opal Securities Investment (PVT) Ltd.,2026-04-09 13:47:44.261536
2026040901031239,NABIL,45,45,25,529.0,13225.0,Imperial Securities Company Pvt. Ltd.,Imperial Securities Company Pvt. Ltd.,2026-04-09 13:48:02.702088
2026040901031346,NABIL,95,16,20,528.0,10560.0,Magnet Securities and Investment Company Private Limited,Primo Securities (PVT) Ltd.,2026-04-09 13:48:59.156992
2026040901031349,NABIL,95,4,250,528.0,132000.0,Magnet Securities and Investment Company Private Limited,Opal Securities Investment (PVT) Ltd.,2026-04-09 13:49:00.393416
2026040901031752,NABIL,53,45,50,528.7,26435.0,Investment Management Nepal Pvt. Ltd.,Imperial Securities Company Pvt. Ltd.,2026-04-09 13:51:03.998039
2026040901032028,NABIL,45,1,10,528.5,5285.0,Imperial Securities Company Pvt. Ltd.,Kumari Securities Private Limited,2026-04-09 13:52:54.316610
2026040901032239,NABIL,67,4,6,526.0,3156.0,Property Wiard Limited,Opal Securities Investment (PVT) Ltd.,2026-04-09 13:54:34.466274
2026040901032274,NABIL,95,75,71,528.0,37488.0,Magnet Securities and Investment Company Private Limited,N.I.M.B. Stock Markets Limited,2026-04-09 13:54:42.164554
2026040901032440,NABIL,47,45,10,528.7,5287.0,Neev Securities Pvt. Ltd.,Imperial Securities Company Pvt. Ltd.,2026-04-09 13:56:34.753225
2026040901032477,NABIL,95,38,500,528.0,264000.0,Magnet Securities and Investment Company Private Limited,Dipshikha Dhitopatra Karobar Co. Pvt Ltd.,2026-04-09 13:56:54.543442
2026040901032577,NABIL,42,45,15,528.7,7930.5,Sani Securities Company Ltd.,Imperial Securities Company Pvt. Ltd.,2026-04-09 13:57:58.809009
2026040901032660,NABIL,22,43,40,529.4,21176.0,Siprabi Securities Pvt. Ltd.,South Asian Bulls Pvt. Ltd.,2026-04-09 13:58:59.965588
2026040901032661,NABIL,22,34,100,529.4,52940.0,Siprabi Securities Pvt. Ltd.,Vision Securities Pvt. Ltd,2026-04-09 13:58:59.965924
2026040901032662,NABIL,22,52,60,529.5,31770.0,Siprabi Securities Pvt. Ltd.,Sundhara Securities Limited,2026-04-09 13:58:59.966089
2026040901032706,NABIL,45,52,20,529.5,10590.0,Imperial Securities Company Pvt. Ltd.,Sundhara Securities Limited,2026-04-09 13:59:33.589665
2026040901032794,NABIL,58,49,1,529.5,529.5,Naasa Securities Co. Ltd.,Online Securities Pvt. Ltd.,2026-04-09 14:00:31.767853
2026040901033027,NABIL,38,52,10,529.5,5295.0,Dipshikha Dhitopatra Karobar Co. Pvt Ltd.,Sundhara Securities Limited,2026-04-09 14:02:49.102461
2026040901033042,NABIL,40,38,16,529.0,8464.0,Creative Securities Pvt Ltd,Dipshikha Dhitopatra Karobar Co. Pvt Ltd.,2026-04-09 14:02:53.343134
2026040901033055,NABIL,41,52,10,529.5,5295.0,Linch Stock Market Ltd.,Sundhara Securities Limited,2026-04-09 14:03:05.150795
2026040901033057,NABIL,40,26,34,529.0,17986.0,Creative Securities Pvt Ltd,Asian Securities Private Ltd.,2026-04-09 14:03:08.534569
2026040901033058,NABIL,38,26,166,529.0,87814.0,Dipshikha Dhitopatra Karobar Co. Pvt Ltd.,Asian Securities Private Ltd.,2026-04-09 14:03:08.535291
2026040901033436,NABIL,38,42,11,529.0,5819.0,Dipshikha Dhitopatra Karobar Co. Pvt Ltd.,Sani Securities Company Ltd.,2026-04-09 14:07:05.033982
2026040901033453,NABIL,38,19,10,529.0,5290.0,Dipshikha Dhitopatra Karobar Co. Pvt Ltd.,Nepal Investment And Securities Trading Private Limited,2026-04-09 14:07:14.978847
2026040901033488,NABIL,38,41,100,529.0,52900.0,Dipshikha Dhitopatra Karobar Co. Pvt Ltd.,Linch Stock Market Ltd.,2026-04-09 14:07:42.351274
2026040901033632,NABIL,45,58,10,529.1,5291.0,Imperial Securities Company Pvt. Ltd.,Naasa Securities Co. Ltd.,2026-04-09 14:08:56.831479
2026040901033640,NABIL,38,34,110,529.0,58190.0,Dipshikha Dhitopatra Karobar Co. Pvt Ltd.,Vision Securities Pvt. Ltd,2026-04-09 14:09:01.424009
2026040901033816,NABIL,38,25,103,529.0,54487.0,Dipshikha Dhitopatra Karobar Co. Pvt Ltd.,Sweta Securities Private Limited,2026-04-09 14:10:33.250051
2026040901033817,NABIL,26,25,50,529.0,26450.0,Asian Securities Private Ltd.,Sweta Securities Private Limited,2026-04-09 14:10:33.250420
2026040901033818,NABIL,45,25,75,529.0,39675.0,Imperial Securities Company Pvt. Ltd.,Sweta Securities Private Limited,2026-04-09 14:10:33.250581
2026040901034106,NABIL,38,59,1,525.0,525.0,Dipshikha Dhitopatra Karobar Co. Pvt Ltd.,Deevyaa Securities & Stock House Pvt. Ltd,2026-04-09 14:13:04.059956
2026040901034236,NABIL,29,58,10,529.4,5294.0,Trisul Securities & Invt. Ltd.,Naasa Securities Co. Ltd.,2026-04-09 14:14:05.941632
2026040901034256,NABIL,48,7,200,529.4,105880.0,Trishakti Securities Public Limited,J.F. Securites (PVT) Ltd.,2026-04-09 14:14:21.930895
2026040901034293,NABIL,42,50,60,529.0,31740.0,Sani Securities Company Ltd.,Cristal Kanchanjanga Securites Pvt. Ltd.,2026-04-09 14:14:47.693461
2026040901034302,NABIL,58,7,110,529.4,58234.0,Naasa Securities Co. Ltd.,J.F. Securites (PVT) Ltd.,2026-04-09 14:14:52.146532
2026040901034326,NABIL,57,7,100,529.4,52940.0,Aryatara Investment & Securities,J.F. Securites (PVT) Ltd.,2026-04-09 14:15:15.973275
2026040901034403,NABIL,42,25,250,529.0,132250.0,Sani Securities Company Ltd.,Sweta Securities Private Limited,2026-04-09 14:16:03.479583
2026040901034424,NABIL,42,5,300,529.0,158700.0,Sani Securities Company Ltd.,Market Securities & Exchange (PVT) Ltd.,2026-04-09 14:16:19.178506
2026040901034432,NABIL,57,7,20,529.4,10588.0,Aryatara Investment & Securities,J.F. Securites (PVT) Ltd.,2026-04-09 14:16:24.977343
2026040901034564,NABIL,22,7,70,529.4,37058.0,Siprabi Securities Pvt. Ltd.,J.F. Securites (PVT) Ltd.,2026-04-09 14:17:20.733105
2026040901034565,NABIL,22,26,260,529.4,137644.0,Siprabi Securities Pvt. Ltd.,Asian Securities Private Ltd.,2026-04-09 14:17:20.733826
2026040901034635,NABIL,42,26,250,529.4,132350.0,Sani Securities Company Ltd.,Asian Securities Private Ltd.,2026-04-09 14:17:58.652848
2026040901034659,NABIL,22,37,35,529.4,18529.0,Siprabi Securities Pvt. Ltd.,Swarna Laxmi Securities Pvt. Ltd.,2026-04-09 14:18:13.347533
2026040901034721,NABIL,4,43,10,529.0,5290.0,Opal Securities Investment (PVT) Ltd.,South Asian Bulls Pvt. Ltd.,2026-04-09 14:18:44.835583
2026040901034801,NABIL,34,37,49,529.4,25940.6,Vision Securities Pvt. Ltd,Swarna Laxmi Securities Pvt. Ltd.,2026-04-09 14:19:41.171081
2026040901034888,NABIL,58,37,100,529.4,52940.0,Naasa Securities Co. Ltd.,Swarna Laxmi Securities Pvt. Ltd.,2026-04-09 14:20:29.013655
2026040901034903,NABIL,49,37,200,529.4,105880.0,Online Securities Pvt. Ltd.,Swarna Laxmi Securities Pvt. Ltd.,2026-04-09 14:20:33.819319
2026040901034915,NABIL,58,37,30,529.4,15882.0,Naasa Securities Co. Ltd.,Swarna Laxmi Securities Pvt. Ltd.,2026-04-09 14:20:39.301629
2026040901035285,NABIL,4,39,10,529.0,5290.0,Opal Securities Investment (PVT) Ltd.,Sumeru Securities Pvt. Ltd.,2026-04-09 14:23:22.616182
2026040901035286,NABIL,48,39,59,529.0,31211.0,Trishakti Securities Public Limited,Sumeru Securities Pvt. Ltd.,2026-04-09 14:23:22.616911
2026040901035287,NABIL,48,19,20,529.0,10580.0,Trishakti Securities Public Limited,Nepal Investment And Securities Trading Private Limited,2026-04-09 14:23:22.861013
2026040901035319,NABIL,7,37,10,529.4,5294.0,J.F. Securites (PVT) Ltd.,Swarna Laxmi Securities Pvt. Ltd.,2026-04-09 14:23:32.772319
2026040901035333,NABIL,48,56,41,529.0,21689.0,Trishakti Securities Public Limited,Sri Hari Securities Pvt. Ltd.,2026-04-09 14:23:39.464183
2026040901035425,NABIL,14,35,375,529.0,198375.0,Nepal Stock House (PVT) Ltd.,Kohinoor Investment & Securities Pvt. Ltd.,2026-04-09 14:24:20.858721
2026040901035457,NABIL,14,35,10,529.0,5290.0,Nepal Stock House (PVT) Ltd.,Kohinoor Investment & Securities Pvt. Ltd.,2026-04-09 14:24:53.175377
2026040901035683,NABIL,14,49,15,529.0,7935.0,Nepal Stock House (PVT) Ltd.,Online Securities Pvt. Ltd.,2026-04-09 14:27:11.888386
2026040901035684,NABIL,58,49,5,529.0,2645.0,Naasa Securities Co. Ltd.,Online Securities Pvt. Ltd.,2026-04-09 14:27:11.888721
2026040901035725,NABIL,58,37,20,529.4,10588.0,Naasa Securities Co. Ltd.,Swarna Laxmi Securities Pvt. Ltd.,2026-04-09 14:27:35.481882
2026040901035921,NABIL,57,58,10,529.0,5290.0,Aryatara Investment & Securities,Naasa Securities Co. Ltd.,2026-04-09 14:29:26.157727
2026040901036036,NABIL,7,49,50,529.3,26465.0,J.F. Securites (PVT) Ltd.,Online Securities Pvt. Ltd.,2026-04-09 14:30:16.636091
2026040901036116,NABIL,52,49,39,529.3,20642.7,Sundhara Securities Limited,Online Securities Pvt. Ltd.,2026-04-09 14:30:52.930270
2026040901036157,NABIL,38,49,61,529.3,32287.3,Dipshikha Dhitopatra Karobar Co. Pvt Ltd.,Online Securities Pvt. Ltd.,2026-04-09 14:31:13.356843
2026040901036158,NABIL,38,37,39,529.4,20646.6,Dipshikha Dhitopatra Karobar Co. Pvt Ltd.,Swarna Laxmi Securities Pvt. Ltd.,2026-04-09 14:31:13.356886
2026040901036249,NABIL,38,49,20,529.0,10580.0,Dipshikha Dhitopatra Karobar Co. Pvt Ltd.,Online Securities Pvt. Ltd.,2026-04-09 14:31:45.399172
2026040901036250,NABIL,48,49,10,529.0,5290.0,Trishakti Securities Public Limited,Online Securities Pvt. Ltd.,2026-04-09 14:31:45.399994
2026040901036335,NABIL,22,37,17,529.4,8999.8,Siprabi Securities Pvt. Ltd.,Swarna Laxmi Securities Pvt. Ltd.,2026-04-09 14:32:22.818128
2026040901036336,NABIL,22,77,33,529.4,17470.2,Siprabi Securities Pvt. Ltd.,Nabil Stock Dealer Ltd.,2026-04-09 14:32:22.818528
2026040901036488,NABIL,58,52,17,529.5,9001.5,Naasa Securities Co. Ltd.,Sundhara Securities Limited,2026-04-09 14:33:48.002978
2026040901036604,NABIL,58,52,10,529.5,5295.0,Naasa Securities Co. Ltd.,Sundhara Securities Limited,2026-04-09 14:35:47.733408
2026040901036615,NABIL,48,52,190,529.5,100605.0,Trishakti Securities Public Limited,Sundhara Securities Limited,2026-04-09 14:35:57.499303
2026040901036626,NABIL,48,58,20,529.0,10580.0,Trishakti Securities Public Limited,Naasa Securities Co. Ltd.,2026-04-09 14:36:01.983464
2026040901036662,NABIL,8,26,49,529.1,25925.9,Brilliant Securities Pvt. Ltd.,Asian Securities Private Ltd.,2026-04-09 14:36:25.168854
2026040901036663,NABIL,48,26,51,529.0,26979.0,Trishakti Securities Public Limited,Asian Securities Private Ltd.,2026-04-09 14:36:25.169273
2026040901036697,NABIL,48,35,12,529.0,6348.0,Trishakti Securities Public Limited,Kohinoor Investment & Securities Pvt. Ltd.,2026-04-09 14:36:41.215416
2026040901036725,NABIL,48,45,100,529.0,52900.0,Trishakti Securities Public Limited,Imperial Securities Company Pvt. Ltd.,2026-04-09 14:37:02.040295
2026040901036972,NABIL,48,59,42,529.0,22218.0,Trishakti Securities Public Limited,Deevyaa Securities & Stock House Pvt. Ltd,2026-04-09 14:38:35.071789
2026040901036973,NABIL,33,59,100,529.0,52900.0,Dakshinkali Investment & Securities Pvt. Ltd.,Deevyaa Securities & Stock House Pvt. Ltd,2026-04-09 14:38:35.072207
2026040901036984,NABIL,33,59,50,529.0,26450.0,Dakshinkali Investment & Securities Pvt. Ltd.,Deevyaa Securities & Stock House Pvt. Ltd,2026-04-09 14:38:38.204966
2026040901036985,NABIL,11,59,100,529.0,52900.0,Malla & Malla Stock Broking Company Pvt. Limited,Deevyaa Securities & Stock House Pvt. Ltd,2026-04-09 14:38:38.205362
2026040901037037,NABIL,22,17,100,529.4,52940.0,Siprabi Securities Pvt. Ltd.,ABC Securities Private Limited,2026-04-09 14:38:59.218367
2026040901037094,NABIL,57,52,200,529.5,105900.0,Aryatara Investment & Securities,Sundhara Securities Limited,2026-04-09 14:39:14.231317
2026040901037155,NABIL,7,42,59,529.0,31211.0,J.F. Securites (PVT) Ltd.,Sani Securities Company Ltd.,2026-04-09 14:39:41.857746
2026040901037156,NABIL,58,52,169,529.5,89485.5,Naasa Securities Co. Ltd.,Sundhara Securities Limited,2026-04-09 14:39:42.020364
2026040901037157,NABIL,58,49,20,529.5,10590.0,Naasa Securities Co. Ltd.,Online Securities Pvt. Ltd.,2026-04-09 14:39:42.020729
2026040901037158,NABIL,58,26,700,529.5,370650.0,Naasa Securities Co. Ltd.,Asian Securities Private Ltd.,2026-04-09 14:39:42.020944
2026040901037159,NABIL,58,77,12,529.5,6354.0,Naasa Securities Co. Ltd.,Nabil Stock Dealer Ltd.,2026-04-09 14:39:42.021161
2026040901037160,NABIL,58,8,280,529.5,148260.0,Naasa Securities Co. Ltd.,Brilliant Securities Pvt. Ltd.,2026-04-09 14:39:42.021347
2026040901037163,NABIL,7,45,31,529.0,16399.0,J.F. Securites (PVT) Ltd.,Imperial Securities Company Pvt. Ltd.,2026-04-09 14:39:45.854051
2026040901037164,NABIL,1,45,40,529.0,21160.0,Kumari Securities Private Limited,Imperial Securities Company Pvt. Ltd.,2026-04-09 14:39:45.855154
2026040901037165,NABIL,38,45,10,529.0,5290.0,Dipshikha Dhitopatra Karobar Co. Pvt Ltd.,Imperial Securities Company Pvt. Ltd.,2026-04-09 14:39:45.855984
2026040901037233,NABIL,41,34,50,528.5,26425.0,Linch Stock Market Ltd.,Vision Securities Pvt. Ltd,2026-04-09 14:40:13.448889
2026040901037300,NABIL,32,34,10,528.5,5285.0,Premier Securities Company Ltd.,Vision Securities Pvt. Ltd,2026-04-09 14:40:43.097357
2026040901037318,NABIL,1,34,12,528.5,6342.0,Kumari Securities Private Limited,Vision Securities Pvt. Ltd,2026-04-09 14:40:46.891433
2026040901037407,NABIL,3,34,10,528.4,5284.0,Arun Securities (PVT) Ltd.,Vision Securities Pvt. Ltd,2026-04-09 14:41:28.455252
2026040901037409,NABIL,77,34,18,528.4,9511.2,Nabil Stock Dealer Ltd.,Vision Securities Pvt. Ltd,2026-04-09 14:41:28.753330
2026040901037410,NABIL,77,36,2,529.0,1058.0,Nabil Stock Dealer Ltd.,Secured Securities Ltd.,2026-04-09 14:41:28.753608
2026040901037586,NABIL,38,54,50,528.6,26430.0,Dipshikha Dhitopatra Karobar Co. Pvt Ltd.,Sewa Securities Pvt. Ltd.,2026-04-09 14:42:40.150448
2026040901037648,NABIL,58,39,1,529.6,529.6,Naasa Securities Co. Ltd.,Sumeru Securities Pvt. Ltd.,2026-04-09 14:43:05.387009
2026040901037708,NABIL,48,58,21,528.5,11098.5,Trishakti Securities Public Limited,Naasa Securities Co. Ltd.,2026-04-09 14:43:22.552436
2026040901037709,NABIL,58,58,10,528.3,5283.0,Naasa Securities Co. Ltd.,Naasa Securities Co. Ltd.,2026-04-09 14:43:22.552841
2026040901037710,NABIL,22,58,100,528.1,52810.0,Siprabi Securities Pvt. Ltd.,Naasa Securities Co. Ltd.,2026-04-09 14:43:22.553018
2026040901037711,NABIL,95,58,369,528.0,194832.0,Magnet Securities and Investment Company Private Limited,Naasa Securities Co. Ltd.,2026-04-09 14:43:22.553227
2026040901037742,NABIL,84,54,50,528.6,26430.0,MILKY WAY SHARE BROKER COMPANY LTD ,Sewa Securities Pvt. Ltd.,2026-04-09 14:43:25.060093
2026040901037825,NABIL,45,33,10,528.6,5286.0,Imperial Securities Company Pvt. Ltd.,Dakshinkali Investment & Securities Pvt. Ltd.,2026-04-09 14:43:59.068894
2026040901037826,NABIL,45,28,100,528.9,52890.0,Imperial Securities Company Pvt. Ltd.,Shree Krishna Securities Ltd.,2026-04-09 14:43:59.069288
2026040901037827,NABIL,45,45,140,529.0,74060.0,Imperial Securities Company Pvt. Ltd.,Imperial Securities Company Pvt. Ltd.,2026-04-09 14:43:59.069466
2026040901037978,NABIL,87,45,10,529.0,5290.0,S.P.S.A. Securities Limited,Imperial Securities Company Pvt. Ltd.,2026-04-09 14:45:01.537279
2026040901038099,NABIL,74,45,24,529.0,12696.0,KALASH STOCK MARKET PVT. LTD.,Imperial Securities Company Pvt. Ltd.,2026-04-09 14:45:44.503045
2026040901038100,NABIL,74,26,25,529.5,13237.5,KALASH STOCK MARKET PVT. LTD.,Asian Securities Private Ltd.,2026-04-09 14:45:44.503145
2026040901038152,NABIL,62,34,100,529.7,52970.0,Capital Max Securities Ltd,Vision Securities Pvt. Ltd,2026-04-09 14:46:07.307530
2026040901038225,NABIL,32,35,15,529.0,7935.0,Premier Securities Company Ltd.,Kohinoor Investment & Securities Pvt. Ltd.,2026-04-09 14:46:38.581328
2026040901038226,NABIL,95,35,103,528.0,54384.0,Magnet Securities and Investment Company Private Limited,Kohinoor Investment & Securities Pvt. Ltd.,2026-04-09 14:46:38.582118
2026040901038227,NABIL,43,35,25,528.0,13200.0,South Asian Bulls Pvt. Ltd.,Kohinoor Investment & Securities Pvt. Ltd.,2026-04-09 14:46:38.582754
2026040901038228,NABIL,56,35,80,528.0,42240.0,Sri Hari Securities Pvt. Ltd.,Kohinoor Investment & Securities Pvt. Ltd.,2026-04-09 14:46:38.583308
2026040901038229,NABIL,58,35,100,528.0,52800.0,Naasa Securities Co. Ltd.,Kohinoor Investment & Securities Pvt. Ltd.,2026-04-09 14:46:38.583832
2026040901038230,NABIL,58,35,20,528.0,10560.0,Naasa Securities Co. Ltd.,Kohinoor Investment & Securities Pvt. Ltd.,2026-04-09 14:46:38.584396
2026040901038231,NABIL,54,35,1000,528.0,528000.0,Sewa Securities Pvt. Ltd.,Kohinoor Investment & Securities Pvt. Ltd.,2026-04-09 14:46:38.585124
2026040901038232,NABIL,52,35,50,528.0,26400.0,Sundhara Securities Limited,Kohinoor Investment & Securities Pvt. Ltd.,2026-04-09 14:46:38.585906
2026040901038233,NABIL,56,35,10,528.0,5280.0,Sri Hari Securities Pvt. Ltd.,Kohinoor Investment & Securities Pvt. Ltd.,2026-04-09 14:46:38.586619
2026040901038234,NABIL,52,35,41,528.0,21648.0,Sundhara Securities Limited,Kohinoor Investment & Securities Pvt. Ltd.,2026-04-09 14:46:38.587254
2026040901038235,NABIL,13,35,56,528.0,29568.0,Thrive Brokerage House Pvt. Ltd,Kohinoor Investment & Securities Pvt. Ltd.,2026-04-09 14:46:38.587832
2026040901038575,NABIL,11,40,120,528.2,63384.0,Malla & Malla Stock Broking Company Pvt. Limited,Creative Securities Pvt Ltd,2026-04-09 14:48:50.326144
2026040901038576,NABIL,13,40,44,528.0,23232.0,Thrive Brokerage House Pvt. Ltd,Creative Securities Pvt Ltd,2026-04-09 14:48:50.326622
2026040901038577,NABIL,57,40,96,528.0,50688.0,Aryatara Investment & Securities,Creative Securities Pvt Ltd,2026-04-09 14:48:50.326811
2026040901038578,NABIL,49,40,500,528.0,264000.0,Online Securities Pvt. Ltd.,Creative Securities Pvt Ltd,2026-04-09 14:48:50.326984
2026040901038579,NABIL,25,40,240,528.0,126720.0,Sweta Securities Private Limited,Creative Securities Pvt Ltd,2026-04-09 14:48:50.327180
2026040901038806,NABIL,25,49,20,528.0,10560.0,Sweta Securities Private Limited,Online Securities Pvt. Ltd.,2026-04-09 14:50:06.291070
2026040901038823,NABIL,25,40,240,528.0,126720.0,Sweta Securities Private Limited,Creative Securities Pvt Ltd,2026-04-09 14:50:14.309094
2026040901038824,NABIL,45,40,10,528.0,5280.0,Imperial Securities Company Pvt. Ltd.,Creative Securities Pvt Ltd,2026-04-09 14:50:14.309465
2026040901038825,NABIL,13,40,150,528.0,79200.0,Thrive Brokerage House Pvt. Ltd,Creative Securities Pvt Ltd,2026-04-09 14:50:14.309644
2026040901038826,NABIL,62,40,10,528.0,5280.0,Capital Max Securities Ltd,Creative Securities Pvt Ltd,2026-04-09 14:50:14.309819
2026040901038827,NABIL,18,40,80,528.0,42240.0,Sagarmatha Securities Private Limited,Creative Securities Pvt Ltd,2026-04-09 14:50:14.310017
2026040901038828,NABIL,58,40,170,528.0,89760.0,Naasa Securities Co. Ltd.,Creative Securities Pvt Ltd,2026-04-09 14:50:14.310215
2026040901038829,NABIL,42,40,180,528.0,95040.0,Sani Securities Company Ltd.,Creative Securities Pvt Ltd,2026-04-09 14:50:14.310385
2026040901038830,NABIL,52,40,100,528.0,52800.0,Sundhara Securities Limited,Creative Securities Pvt Ltd,2026-04-09 14:50:14.310555
2026040901038831,NABIL,58,40,10,528.0,5280.0,Naasa Securities Co. Ltd.,Creative Securities Pvt Ltd,2026-04-09 14:50:14.310720
2026040901038832,NABIL,49,40,10,528.0,5280.0,Online Securities Pvt. Ltd.,Creative Securities Pvt Ltd,2026-04-09 14:50:14.310888
2026040901038833,NABIL,25,40,40,528.0,21120.0,Sweta Securities Private Limited,Creative Securities Pvt Ltd,2026-04-09 14:50:14.311063
2026040901038892,NABIL,25,35,117,528.0,61776.0,Sweta Securities Private Limited,Kohinoor Investment & Securities Pvt. Ltd.,2026-04-09 14:50:26.518425
2026040901038893,NABIL,45,35,100,528.0,52800.0,Imperial Securities Company Pvt. Ltd.,Kohinoor Investment & Securities Pvt. Ltd.,2026-04-09 14:50:26.519406
2026040901038894,NABIL,26,35,10,528.0,5280.0,Asian Securities Private Ltd.,Kohinoor Investment & Securities Pvt. Ltd.,2026-04-09 14:50:26.519998
2026040901038895,NABIL,22,35,20,528.0,10560.0,Siprabi Securities Pvt. Ltd.,Kohinoor Investment & Securities Pvt. Ltd.,2026-04-09 14:50:26.520629
2026040901038896,NABIL,45,35,253,528.0,133584.0,Imperial Securities Company Pvt. Ltd.,Kohinoor Investment & Securities Pvt. Ltd.,2026-04-09 14:50:26.521217
2026040901038958,NABIL,42,29,20,529.0,10580.0,Sani Securities Company Ltd.,Trisul Securities & Invt. Ltd.,2026-04-09 14:50:45.588772
2026040901038965,NABIL,26,29,15,529.0,7935.0,Asian Securities Private Ltd.,Trisul Securities & Invt. Ltd.,2026-04-09 14:50:47.239324
2026040901039071,NABIL,45,34,111,528.0,58608.0,Imperial Securities Company Pvt. Ltd.,Vision Securities Pvt. Ltd,2026-04-09 14:51:21.448629
2026040901039195,NABIL,58,58,10,528.9,5289.0,Naasa Securities Co. Ltd.,Naasa Securities Co. Ltd.,2026-04-09 14:51:48.364329
2026040901039271,NABIL,4,29,65,529.0,34385.0,Opal Securities Investment (PVT) Ltd.,Trisul Securities & Invt. Ltd.,2026-04-09 14:52:11.634559
2026040901039272,NABIL,4,45,35,529.0,18515.0,Opal Securities Investment (PVT) Ltd.,Imperial Securities Company Pvt. Ltd.,2026-04-09 14:52:11.634941
2026040901039317,NABIL,58,53,10,528.9,5289.0,Naasa Securities Co. Ltd.,Investment Management Nepal Pvt. Ltd.,2026-04-09 14:52:22.589301
2026040901039318,NABIL,45,53,136,528.0,71808.0,Imperial Securities Company Pvt. Ltd.,Investment Management Nepal Pvt. Ltd.,2026-04-09 14:52:22.590070
2026040901039319,NABIL,54,53,10,528.0,5280.0,Sewa Securities Pvt. Ltd.,Investment Management Nepal Pvt. Ltd.,2026-04-09 14:52:22.590578
2026040901039320,NABIL,38,53,200,528.0,105600.0,Dipshikha Dhitopatra Karobar Co. Pvt Ltd.,Investment Management Nepal Pvt. Ltd.,2026-04-09 14:52:22.591089
2026040901039470,NABIL,11,57,50,527.6,26380.0,Malla & Malla Stock Broking Company Pvt. Limited,Aryatara Investment & Securities,2026-04-09 14:53:06.559342
2026040901039471,NABIL,51,57,10,527.5,5275.0,Oxford Securities Pvt. Ltd.,Aryatara Investment & Securities,2026-04-09 14:53:06.559724
2026040901039472,NABIL,39,57,39,527.5,20572.5,Sumeru Securities Pvt. Ltd.,Aryatara Investment & Securities,2026-04-09 14:53:06.559894
2026040901039533,NABIL,39,58,11,527.5,5802.5,Sumeru Securities Pvt. Ltd.,Naasa Securities Co. Ltd.,2026-04-09 14:53:28.320088
2026040901039534,NABIL,44,58,180,527.1,94878.0,Dynamic Money Managers Securities Pvt. Ltd.,Naasa Securities Co. Ltd.,2026-04-09 14:53:28.320461
2026040901039535,NABIL,58,58,19,527.1,10014.9,Naasa Securities Co. Ltd.,Naasa Securities Co. Ltd.,2026-04-09 14:53:28.320641
2026040901039598,NABIL,8,59,20,527.0,10540.0,Brilliant Securities Pvt. Ltd.,Deevyaa Securities & Stock House Pvt. Ltd,2026-04-09 14:53:51.980591
2026040901039802,NABIL,58,53,44,528.0,23232.0,Naasa Securities Co. Ltd.,Investment Management Nepal Pvt. Ltd.,2026-04-09 14:54:48.715956
2026040901039815,NABIL,58,4,57,528.0,30096.0,Naasa Securities Co. Ltd.,Opal Securities Investment (PVT) Ltd.,2026-04-09 14:54:53.177842
2026040901040286,NABIL,84,35,50,528.0,26400.0,MILKY WAY SHARE BROKER COMPANY LTD ,Kohinoor Investment & Securities Pvt. Ltd.,2026-04-09 14:56:34.877231
2026040901040466,NABIL,42,35,100,528.8,52880.0,Sani Securities Company Ltd.,Kohinoor Investment & Securities Pvt. Ltd.,2026-04-09 14:57:12.220134
2026040901040489,NABIL,58,35,10,528.8,5288.0,Naasa Securities Co. Ltd.,Kohinoor Investment & Securities Pvt. Ltd.,2026-04-09 14:57:17.632355
2026040901040667,NABIL,65,17,10,528.0,5280.0,Sharepro Securities Private Limited,ABC Securities Private Limited,2026-04-09 14:58:00.559376
2026040901040668,NABIL,57,17,20,528.0,10560.0,Aryatara Investment & Securities,ABC Securities Private Limited,2026-04-09 14:58:00.559773
2026040901040766,NABIL,13,17,100,528.0,52800.0,Thrive Brokerage House Pvt. Ltd,ABC Securities Private Limited,2026-04-09 14:58:21.228239
2026040901040882,NABIL,58,17,170,528.0,89760.0,Naasa Securities Co. Ltd.,ABC Securities Private Limited,2026-04-09 14:58:38.033712
2026040901040883,NABIL,58,63,35,528.0,18480.0,Naasa Securities Co. Ltd.,Himalayan Brokerage Company Limited,2026-04-09 14:58:38.034495
2026040901040981,NABIL,51,35,25,528.0,13200.0,Oxford Securities Pvt. Ltd.,Kohinoor Investment & Securities Pvt. Ltd.,2026-04-09 14:58:57.502172
2026040901041130,NABIL,51,38,50,528.0,26400.0,Oxford Securities Pvt. Ltd.,Dipshikha Dhitopatra Karobar Co. Pvt Ltd.,2026-04-09 14:59:17.719568
2026040901041264,NABIL,51,42,17,528.0,8976.0,Oxford Securities Pvt. Ltd.,Sani Securities Company Ltd.,2026-04-09 14:59:34.138682
2026040901041290,NABIL,42,59,60,528.0,31680.0,Sani Securities Company Ltd.,Deevyaa Securities & Stock House Pvt. Ltd,2026-04-09 14:59:35.757708
2026040901041291,NABIL,58,59,140,528.0,73920.0,Naasa Securities Co. Ltd.,Deevyaa Securities & Stock House Pvt. Ltd,2026-04-09 14:59:35.758104
2026040901041460,NABIL,58,35,60,528.0,31680.0,Naasa Securities Co. Ltd.,Kohinoor Investment & Securities Pvt. Ltd.,2026-04-09 14:59:52.866165
2026040901041461,NABIL,58,34,143,527.9,75489.7,Naasa Securities Co. Ltd.,Vision Securities Pvt. Ltd,2026-04-09 14:59:52.944512
2026040901041462,NABIL,58,34,30,527.5,15825.0,Naasa Securities Co. Ltd.,Vision Securities Pvt. Ltd,2026-04-09 14:59:52.944600
2026040901041463,NABIL,53,34,500,527.1,263550.0,Investment Management Nepal Pvt. Ltd.,Vision Securities Pvt. Ltd,2026-04-09 14:59:52.944678
2026040901041464,NABIL,8,34,80,527.0,42160.0,Brilliant Securities Pvt. Ltd.,Vision Securities Pvt. Ltd,2026-04-09 14:59:52.944752
2026040901041465,NABIL,14,34,250,527.0,131750.0,Nepal Stock House (PVT) Ltd.,Vision Securities Pvt. Ltd,2026-04-09 14:59:52.944831
2026040901041466,NABIL,45,34,70,527.0,36890.0,Imperial Securities Company Pvt. Ltd.,Vision Securities Pvt. Ltd,2026-04-09 14:59:52.944928
2026040901041467,NABIL,25,34,100,527.0,52700.0,Sweta Securities Private Limited,Vision Securities Pvt. Ltd,2026-04-09 14:59:52.945000
2026040901041468,NABIL,50,34,100,527.0,52700.0,Cristal Kanchanjanga Securites Pvt. Ltd.,Vision Securities Pvt. Ltd,2026-04-09 14:59:52.945089
2026040901041469,NABIL,47,34,100,527.0,52700.0,Neev Securities Pvt. Ltd.,Vision Securities Pvt. Ltd,2026-04-09 14:59:52.945152
2026040901041470,NABIL,42,34,25,527.0,13175.0,Sani Securities Company Ltd.,Vision Securities Pvt. Ltd,2026-04-09 14:59:52.945223
2026040901041471,NABIL,1,34,100,527.0,52700.0,Kumari Securities Private Limited,Vision Securities Pvt. Ltd,2026-04-09 14:59:52.945293
2026040901041590,NABIL,42,35,140,528.0,73920.0,Sani Securities Company Ltd.,Kohinoor Investment & Securities Pvt. Ltd.,2026-04-09 14:59:55.842162
2026040901041591,NABIL,42,42,10,528.0,5280.0,Sani Securities Company Ltd.,Sani Securities Company Ltd.,2026-04-09 14:59:55.842532
