contract_id,symbol,buyer_member_id,seller_member_id,volume,price,amount,buyer_broker,seller_broker,transaction_time
2026040901000096,NBL,91,65,500,280.0,140000.0,Citizens Share Broker Limited,Sharepro Securities Private Limited,2026-04-09 11:00:27.507219
2026040901000097,NBL,58,65,100,280.0,28000.0,Naasa Securities Co. Ltd.,Sharepro Securities Private Limited,2026-04-09 11:00:27.507331
2026040901000160,NBL,41,65,10,280.0,2800.0,Linch Stock Market Ltd.,Sharepro Securities Private Limited,2026-04-09 11:00:54.597837
2026040901000294,NBL,58,65,390,280.0,109200.0,Naasa Securities Co. Ltd.,Sharepro Securities Private Limited,2026-04-09 11:01:42.908566
2026040901000941,NBL,21,42,10,277.1,2771.0,Midas Stock Broking Company Private Limited,Sani Securities Company Ltd.,2026-04-09 11:04:41.902249
2026040901001756,NBL,34,57,100,277.6,27760.0,Vision Securities Pvt. Ltd,Aryatara Investment & Securities,2026-04-09 11:08:27.609982
2026040901001941,NBL,34,8,100,277.6,27760.0,Vision Securities Pvt. Ltd,Brilliant Securities Pvt. Ltd.,2026-04-09 11:09:25.879796
2026040901001942,NBL,21,8,458,277.6,127140.8,Midas Stock Broking Company Private Limited,Brilliant Securities Pvt. Ltd.,2026-04-09 11:09:25.879888
2026040901002261,NBL,21,16,32,277.6,8883.2,Midas Stock Broking Company Private Limited,Primo Securities (PVT) Ltd.,2026-04-09 11:10:58.002685
2026040901002262,NBL,38,16,650,277.6,180440.0,Dipshikha Dhitopatra Karobar Co. Pvt Ltd.,Primo Securities (PVT) Ltd.,2026-04-09 11:10:58.002916
2026040901002263,NBL,45,16,818,277.5,226995.0,Imperial Securities Company Pvt. Ltd.,Primo Securities (PVT) Ltd.,2026-04-09 11:10:58.003101
2026040901002325,NBL,45,62,182,277.5,50505.0,Imperial Securities Company Pvt. Ltd.,Capital Max Securities Ltd,2026-04-09 11:11:14.615937
2026040901002326,NBL,49,62,30,277.5,8325.0,Online Securities Pvt. Ltd.,Capital Max Securities Ltd,2026-04-09 11:11:14.616180
2026040901002327,NBL,58,62,784,277.4,217481.6,Naasa Securities Co. Ltd.,Capital Max Securities Ltd,2026-04-09 11:11:14.616321
2026040901002514,NBL,49,58,300,279.5,83850.0,Online Securities Pvt. Ltd.,Naasa Securities Co. Ltd.,2026-04-09 11:12:15.165145
2026040901002627,NBL,58,57,216,277.4,59918.4,Naasa Securities Co. Ltd.,Aryatara Investment & Securities,2026-04-09 11:12:55.531686
2026040901002680,NBL,46,57,154,277.4,42719.6,Kalika Securities Pvt. Ltd.,Aryatara Investment & Securities,2026-04-09 11:13:17.186858
2026040901003377,NBL,5,58,80,278.0,22240.0,Market Securities & Exchange (PVT) Ltd.,Naasa Securities Co. Ltd.,2026-04-09 11:16:21.635844
2026040901003535,NBL,57,58,10,278.0,2780.0,Aryatara Investment & Securities,Naasa Securities Co. Ltd.,2026-04-09 11:16:32.177610
2026040901003682,NBL,5,25,120,278.1,33372.0,Market Securities & Exchange (PVT) Ltd.,Sweta Securities Private Limited,2026-04-09 11:16:49.323797
2026040901003815,NBL,38,25,30,278.1,8343.0,Dipshikha Dhitopatra Karobar Co. Pvt Ltd.,Sweta Securities Private Limited,2026-04-09 11:16:56.628761
2026040901003816,NBL,38,58,33,279.4,9220.2,Dipshikha Dhitopatra Karobar Co. Pvt Ltd.,Naasa Securities Co. Ltd.,2026-04-09 11:16:56.628867
2026040901003817,NBL,38,43,50,279.9,13995.0,Dipshikha Dhitopatra Karobar Co. Pvt Ltd.,South Asian Bulls Pvt. Ltd.,2026-04-09 11:16:56.628920
2026040901003818,NBL,38,34,663,279.9,185573.7,Dipshikha Dhitopatra Karobar Co. Pvt Ltd.,Vision Securities Pvt. Ltd,2026-04-09 11:16:56.628970
2026040901003819,NBL,38,47,1000,280.0,280000.0,Dipshikha Dhitopatra Karobar Co. Pvt Ltd.,Neev Securities Pvt. Ltd.,2026-04-09 11:16:56.629021
2026040901003820,NBL,38,35,224,280.0,62720.0,Dipshikha Dhitopatra Karobar Co. Pvt Ltd.,Kohinoor Investment & Securities Pvt. Ltd.,2026-04-09 11:16:56.629075
2026040901004214,NBL,59,35,178,280.0,49840.0,Deevyaa Securities & Stock House Pvt. Ltd,Kohinoor Investment & Securities Pvt. Ltd.,2026-04-09 11:18:21.104253
2026040901004223,NBL,34,35,98,280.0,27440.0,Vision Securities Pvt. Ltd,Kohinoor Investment & Securities Pvt. Ltd.,2026-04-09 11:18:25.004275
2026040901004838,NBL,42,66,64,278.6,17830.4,Sani Securities Company Ltd.,Miyo Securities Pvt Ltd,2026-04-09 11:20:40.785601
2026040901005174,NBL,58,34,40,281.6,11264.0,Naasa Securities Co. Ltd.,Vision Securities Pvt. Ltd,2026-04-09 11:21:54.842751
2026040901005175,NBL,58,7,1000,281.7,281700.0,Naasa Securities Co. Ltd.,J.F. Securites (PVT) Ltd.,2026-04-09 11:21:54.843003
2026040901005176,NBL,58,65,310,281.8,87358.0,Naasa Securities Co. Ltd.,Sharepro Securities Private Limited,2026-04-09 11:21:54.843208
2026040901005727,NBL,32,22,200,281.6,56320.0,Premier Securities Company Ltd.,Siprabi Securities Pvt. Ltd.,2026-04-09 11:24:21.137524
2026040901006500,NBL,98,29,115,281.0,32315.0,Trademow Securities Private Limited,Trisul Securities & Invt. Ltd.,2026-04-09 11:28:12.834599
2026040901006501,NBL,98,41,25,281.0,7025.0,Trademow Securities Private Limited,Linch Stock Market Ltd.,2026-04-09 11:28:12.834751
2026040901006503,NBL,45,32,15,280.0,4200.0,Imperial Securities Company Pvt. Ltd.,Premier Securities Company Ltd.,2026-04-09 11:28:13.760085
2026040901006543,NBL,5,32,35,280.0,9800.0,Market Securities & Exchange (PVT) Ltd.,Premier Securities Company Ltd.,2026-04-09 11:28:27.676632
2026040901006752,NBL,5,41,975,281.0,273975.0,Market Securities & Exchange (PVT) Ltd.,Linch Stock Market Ltd.,2026-04-09 11:30:05.975275
2026040901006753,NBL,5,41,25,281.0,7025.0,Market Securities & Exchange (PVT) Ltd.,Linch Stock Market Ltd.,2026-04-09 11:30:05.975368
2026040901006903,NBL,74,95,175,280.0,49000.0,KALASH STOCK MARKET PVT. LTD.,Magnet Securities and Investment Company Private Limited,2026-04-09 11:31:06.607066
2026040901006904,NBL,96,95,15,280.0,4200.0,Himalayan Securities Limited,Magnet Securities and Investment Company Private Limited,2026-04-09 11:31:06.607382
2026040901006956,NBL,62,14,25,280.0,7000.0,Capital Max Securities Ltd,Nepal Stock House (PVT) Ltd.,2026-04-09 11:31:19.476328
2026040901007020,NBL,62,16,100,280.5,28050.0,Capital Max Securities Ltd,Primo Securities (PVT) Ltd.,2026-04-09 11:31:30.063038
2026040901007021,NBL,62,16,200,280.7,56140.0,Capital Max Securities Ltd,Primo Securities (PVT) Ltd.,2026-04-09 11:31:30.063067
2026040901007022,NBL,62,41,745,281.0,209345.0,Capital Max Securities Ltd,Linch Stock Market Ltd.,2026-04-09 11:31:30.063091
2026040901007023,NBL,62,35,2246,281.0,631126.0,Capital Max Securities Ltd,Kohinoor Investment & Securities Pvt. Ltd.,2026-04-09 11:31:30.063112
2026040901007024,NBL,62,19,1709,281.5,481083.5,Capital Max Securities Ltd,Nepal Investment And Securities Trading Private Limited,2026-04-09 11:31:30.063151
2026040901007080,NBL,34,19,500,281.5,140750.0,Vision Securities Pvt. Ltd,Nepal Investment And Securities Trading Private Limited,2026-04-09 11:31:48.952852
2026040901007096,NBL,58,19,341,281.5,95991.5,Naasa Securities Co. Ltd.,Nepal Investment And Securities Trading Private Limited,2026-04-09 11:31:54.645379
2026040901007152,NBL,42,22,36,281.6,10137.6,Sani Securities Company Ltd.,Siprabi Securities Pvt. Ltd.,2026-04-09 11:32:11.553424
2026040901007241,NBL,57,22,64,281.6,18022.4,Aryatara Investment & Securities,Siprabi Securities Pvt. Ltd.,2026-04-09 11:32:45.553480
2026040901007242,NBL,57,44,166,281.7,46762.2,Aryatara Investment & Securities,Dynamic Money Managers Securities Pvt. Ltd.,2026-04-09 11:32:45.553635
2026040901007243,NBL,57,59,1500,281.8,422700.0,Aryatara Investment & Securities,Deevyaa Securities & Stock House Pvt. Ltd,2026-04-09 11:32:45.553704
2026040901007244,NBL,57,59,270,281.8,76086.0,Aryatara Investment & Securities,Deevyaa Securities & Stock House Pvt. Ltd,2026-04-09 11:32:45.553774
2026040901007290,NBL,83,28,1000,281.0,281000.0,Sanima Securities Limited,Shree Krishna Securities Ltd.,2026-04-09 11:32:54.178426
2026040901007326,NBL,83,32,1000,281.0,281000.0,Sanima Securities Limited,Premier Securities Company Ltd.,2026-04-09 11:33:09.833644
2026040901007402,NBL,21,58,354,281.0,99474.0,Midas Stock Broking Company Private Limited,Naasa Securities Co. Ltd.,2026-04-09 11:33:31.037009
2026040901007403,NBL,21,25,346,281.5,97399.0,Midas Stock Broking Company Private Limited,Sweta Securities Private Limited,2026-04-09 11:33:31.037373
2026040901007451,NBL,58,25,350,281.5,98525.0,Naasa Securities Co. Ltd.,Sweta Securities Private Limited,2026-04-09 11:33:57.869888
2026040901007593,NBL,58,28,150,281.4,42210.0,Naasa Securities Co. Ltd.,Shree Krishna Securities Ltd.,2026-04-09 11:34:45.113002
2026040901007682,NBL,19,45,52,280.6,14591.2,Nepal Investment And Securities Trading Private Limited,Imperial Securities Company Pvt. Ltd.,2026-04-09 11:35:16.358737
2026040901007683,NBL,62,45,348,280.0,97440.0,Capital Max Securities Ltd,Imperial Securities Company Pvt. Ltd.,2026-04-09 11:35:16.358915
2026040901007811,NBL,33,57,10,281.0,2810.0,Dakshinkali Investment & Securities Pvt. Ltd.,Aryatara Investment & Securities,2026-04-09 11:36:02.527978
2026040901007866,NBL,5,57,114,281.0,32034.0,Market Securities & Exchange (PVT) Ltd.,Aryatara Investment & Securities,2026-04-09 11:36:12.014092
2026040901007878,NBL,42,28,250,281.4,70350.0,Sani Securities Company Ltd.,Shree Krishna Securities Ltd.,2026-04-09 11:36:19.757414
2026040901007933,NBL,5,34,86,281.0,24166.0,Market Securities & Exchange (PVT) Ltd.,Vision Securities Pvt. Ltd,2026-04-09 11:36:46.034315
2026040901007934,NBL,62,34,30,280.0,8400.0,Capital Max Securities Ltd,Vision Securities Pvt. Ltd,2026-04-09 11:36:46.034644
2026040901008303,NBL,34,28,600,281.4,168840.0,Vision Securities Pvt. Ltd,Shree Krishna Securities Ltd.,2026-04-09 11:38:33.888631
2026040901008443,NBL,34,1,200,281.5,56300.0,Vision Securities Pvt. Ltd,Kumari Securities Private Limited,2026-04-09 11:39:16.512647
2026040901008444,NBL,34,57,600,281.6,168960.0,Vision Securities Pvt. Ltd,Aryatara Investment & Securities,2026-04-09 11:39:16.512979
2026040901008657,NBL,34,16,150,281.5,42225.0,Vision Securities Pvt. Ltd,Primo Securities (PVT) Ltd.,2026-04-09 11:40:03.784059
2026040901008658,NBL,34,57,234,281.6,65894.4,Vision Securities Pvt. Ltd,Aryatara Investment & Securities,2026-04-09 11:40:03.784274
2026040901008659,NBL,34,59,230,281.8,64814.0,Vision Securities Pvt. Ltd,Deevyaa Securities & Stock House Pvt. Ltd,2026-04-09 11:40:03.784370
2026040901008660,NBL,34,38,86,281.8,24234.8,Vision Securities Pvt. Ltd,Dipshikha Dhitopatra Karobar Co. Pvt Ltd.,2026-04-09 11:40:03.784450
2026040901008961,NBL,32,38,100,280.2,28020.0,Premier Securities Company Ltd.,Dipshikha Dhitopatra Karobar Co. Pvt Ltd.,2026-04-09 11:41:10.999211
2026040901009578,NBL,59,38,14,281.8,3945.2,Deevyaa Securities & Stock House Pvt. Ltd,Dipshikha Dhitopatra Karobar Co. Pvt Ltd.,2026-04-09 11:43:54.958278
2026040901009779,NBL,59,58,23,281.8,6481.4,Deevyaa Securities & Stock House Pvt. Ltd,Naasa Securities Co. Ltd.,2026-04-09 11:45:00.162504
2026040901009787,NBL,59,44,100,281.8,28180.0,Deevyaa Securities & Stock House Pvt. Ltd,Dynamic Money Managers Securities Pvt. Ltd.,2026-04-09 11:45:01.827530
2026040901009891,NBL,59,45,15,281.8,4227.0,Deevyaa Securities & Stock House Pvt. Ltd,Imperial Securities Company Pvt. Ltd.,2026-04-09 11:45:27.993290
2026040901010114,NBL,34,43,100,281.9,28190.0,Vision Securities Pvt. Ltd,South Asian Bulls Pvt. Ltd.,2026-04-09 11:46:14.682497
2026040901010139,NBL,59,95,48,281.8,13526.4,Deevyaa Securities & Stock House Pvt. Ltd,Magnet Securities and Investment Company Private Limited,2026-04-09 11:46:25.366094
2026040901010155,NBL,84,45,300,282.0,84600.0,MILKY WAY SHARE BROKER COMPANY LTD ,Imperial Securities Company Pvt. Ltd.,2026-04-09 11:46:34.110112
2026040901010156,NBL,84,51,50,282.0,14100.0,MILKY WAY SHARE BROKER COMPANY LTD ,Oxford Securities Pvt. Ltd.,2026-04-09 11:46:34.110303
2026040901010157,NBL,84,94,100,282.0,28200.0,MILKY WAY SHARE BROKER COMPANY LTD ,K.B.L. Securities Limited ,2026-04-09 11:46:34.110387
2026040901010158,NBL,84,21,100,282.0,28200.0,MILKY WAY SHARE BROKER COMPANY LTD ,Midas Stock Broking Company Private Limited,2026-04-09 11:46:34.110467
2026040901010159,NBL,84,36,10,282.0,2820.0,MILKY WAY SHARE BROKER COMPANY LTD ,Secured Securities Ltd.,2026-04-09 11:46:34.110546
2026040901010160,NBL,84,38,300,282.0,84600.0,MILKY WAY SHARE BROKER COMPANY LTD ,Dipshikha Dhitopatra Karobar Co. Pvt Ltd.,2026-04-09 11:46:34.110630
2026040901010161,NBL,84,38,50,282.0,14100.0,MILKY WAY SHARE BROKER COMPANY LTD ,Dipshikha Dhitopatra Karobar Co. Pvt Ltd.,2026-04-09 11:46:34.110725
2026040901010162,NBL,84,34,100,282.0,28200.0,MILKY WAY SHARE BROKER COMPANY LTD ,Vision Securities Pvt. Ltd,2026-04-09 11:46:34.110806
2026040901010163,NBL,84,42,1000,282.0,282000.0,MILKY WAY SHARE BROKER COMPANY LTD ,Sani Securities Company Ltd.,2026-04-09 11:46:34.110893
2026040901010164,NBL,84,42,1000,282.0,282000.0,MILKY WAY SHARE BROKER COMPANY LTD ,Sani Securities Company Ltd.,2026-04-09 11:46:34.110992
2026040901010165,NBL,84,42,1000,282.0,282000.0,MILKY WAY SHARE BROKER COMPANY LTD ,Sani Securities Company Ltd.,2026-04-09 11:46:34.111081
2026040901010166,NBL,84,25,304,282.4,85849.6,MILKY WAY SHARE BROKER COMPANY LTD ,Sweta Securities Private Limited,2026-04-09 11:46:34.111162
2026040901010167,NBL,84,45,50,282.5,14125.0,MILKY WAY SHARE BROKER COMPANY LTD ,Imperial Securities Company Pvt. Ltd.,2026-04-09 11:46:34.111244
2026040901010168,NBL,84,7,636,282.5,179670.0,MILKY WAY SHARE BROKER COMPANY LTD ,J.F. Securites (PVT) Ltd.,2026-04-09 11:46:34.111323
2026040901010238,NBL,42,63,75,281.9,21142.5,Sani Securities Company Ltd.,Himalayan Brokerage Company Limited,2026-04-09 11:47:01.939555
2026040901010321,NBL,16,38,10,280.5,2805.0,Primo Securities (PVT) Ltd.,Dipshikha Dhitopatra Karobar Co. Pvt Ltd.,2026-04-09 11:47:20.022223
2026040901010480,NBL,57,7,10,281.9,2819.0,Aryatara Investment & Securities,J.F. Securites (PVT) Ltd.,2026-04-09 11:48:00.366778
2026040901010518,NBL,49,7,100,281.9,28190.0,Online Securities Pvt. Ltd.,J.F. Securites (PVT) Ltd.,2026-04-09 11:48:21.611880
2026040901010568,NBL,42,7,10,281.9,2819.0,Sani Securities Company Ltd.,J.F. Securites (PVT) Ltd.,2026-04-09 11:48:37.925018
2026040901010570,NBL,34,7,244,281.9,68783.6,Vision Securities Pvt. Ltd,J.F. Securites (PVT) Ltd.,2026-04-09 11:48:38.541780
2026040901010643,NBL,34,43,10,281.9,2819.0,Vision Securities Pvt. Ltd,South Asian Bulls Pvt. Ltd.,2026-04-09 11:48:59.435939
2026040901010745,NBL,62,43,90,281.9,25371.0,Capital Max Securities Ltd,South Asian Bulls Pvt. Ltd.,2026-04-09 11:49:42.360093
2026040901010746,NBL,62,42,1000,282.0,282000.0,Capital Max Securities Ltd,Sani Securities Company Ltd.,2026-04-09 11:49:42.360193
2026040901010747,NBL,62,42,1000,282.0,282000.0,Capital Max Securities Ltd,Sani Securities Company Ltd.,2026-04-09 11:49:42.360263
2026040901010748,NBL,62,42,1000,282.0,282000.0,Capital Max Securities Ltd,Sani Securities Company Ltd.,2026-04-09 11:49:42.360324
2026040901010749,NBL,62,42,1000,282.0,282000.0,Capital Max Securities Ltd,Sani Securities Company Ltd.,2026-04-09 11:49:42.360386
2026040901010750,NBL,62,42,1000,282.0,282000.0,Capital Max Securities Ltd,Sani Securities Company Ltd.,2026-04-09 11:49:42.360447
2026040901010751,NBL,62,16,2500,282.5,706250.0,Capital Max Securities Ltd,Primo Securities (PVT) Ltd.,2026-04-09 11:49:42.360509
2026040901010752,NBL,62,29,10,282.5,2825.0,Capital Max Securities Ltd,Trisul Securities & Invt. Ltd.,2026-04-09 11:49:42.360624
2026040901010881,NBL,34,42,240,282.0,67680.0,Vision Securities Pvt. Ltd,Sani Securities Company Ltd.,2026-04-09 11:50:15.903313
2026040901011079,NBL,16,42,760,282.0,214320.0,Primo Securities (PVT) Ltd.,Sani Securities Company Ltd.,2026-04-09 11:51:25.735719
2026040901011080,NBL,16,42,1000,282.0,282000.0,Primo Securities (PVT) Ltd.,Sani Securities Company Ltd.,2026-04-09 11:51:25.736105
2026040901011081,NBL,16,42,1000,282.0,282000.0,Primo Securities (PVT) Ltd.,Sani Securities Company Ltd.,2026-04-09 11:51:25.736277
2026040901011082,NBL,16,42,230,282.0,64860.0,Primo Securities (PVT) Ltd.,Sani Securities Company Ltd.,2026-04-09 11:51:25.736468
2026040901011264,NBL,62,42,18,282.0,5076.0,Capital Max Securities Ltd,Sani Securities Company Ltd.,2026-04-09 11:52:30.125360
2026040901011436,NBL,7,13,100,281.0,28100.0,J.F. Securites (PVT) Ltd.,Thrive Brokerage House Pvt. Ltd,2026-04-09 11:53:19.756106
2026040901011437,NBL,7,13,100,281.0,28100.0,J.F. Securites (PVT) Ltd.,Thrive Brokerage House Pvt. Ltd,2026-04-09 11:53:19.756486
2026040901011653,NBL,25,75,177,281.9,49896.3,Sweta Securities Private Limited,N.I.M.B. Stock Markets Limited,2026-04-09 11:54:33.130983
2026040901011654,NBL,25,42,752,282.0,212064.0,Sweta Securities Private Limited,Sani Securities Company Ltd.,2026-04-09 11:54:33.131404
2026040901011655,NBL,25,95,71,282.0,20022.0,Sweta Securities Private Limited,Magnet Securities and Investment Company Private Limited,2026-04-09 11:54:33.131697
2026040901011694,NBL,7,48,50,281.0,14050.0,J.F. Securites (PVT) Ltd.,Trishakti Securities Public Limited,2026-04-09 11:54:45.523665
2026040901011778,NBL,7,41,100,281.0,28100.0,J.F. Securites (PVT) Ltd.,Linch Stock Market Ltd.,2026-04-09 11:55:14.108489
2026040901011791,NBL,58,95,150,282.0,42300.0,Naasa Securities Co. Ltd.,Magnet Securities and Investment Company Private Limited,2026-04-09 11:55:17.881751
2026040901011809,NBL,84,95,41,282.0,11562.0,MILKY WAY SHARE BROKER COMPANY LTD ,Magnet Securities and Investment Company Private Limited,2026-04-09 11:55:21.582743
2026040901011810,NBL,84,57,1000,282.0,282000.0,MILKY WAY SHARE BROKER COMPANY LTD ,Aryatara Investment & Securities,2026-04-09 11:55:21.582988
2026040901011811,NBL,84,36,250,282.0,70500.0,MILKY WAY SHARE BROKER COMPANY LTD ,Secured Securities Ltd.,2026-04-09 11:55:21.583083
2026040901011812,NBL,84,42,1000,282.0,282000.0,MILKY WAY SHARE BROKER COMPANY LTD ,Sani Securities Company Ltd.,2026-04-09 11:55:21.583168
2026040901011813,NBL,84,42,1000,282.0,282000.0,MILKY WAY SHARE BROKER COMPANY LTD ,Sani Securities Company Ltd.,2026-04-09 11:55:21.583260
2026040901011819,NBL,84,21,500,282.0,141000.0,MILKY WAY SHARE BROKER COMPANY LTD ,Midas Stock Broking Company Private Limited,2026-04-09 11:55:23.111772
2026040901011824,NBL,84,49,350,282.0,98700.0,MILKY WAY SHARE BROKER COMPANY LTD ,Online Securities Pvt. Ltd.,2026-04-09 11:55:24.433438
2026040901011922,NBL,84,41,100,282.0,28200.0,MILKY WAY SHARE BROKER COMPANY LTD ,Linch Stock Market Ltd.,2026-04-09 11:55:56.052180
2026040901011947,NBL,84,36,250,282.0,70500.0,MILKY WAY SHARE BROKER COMPANY LTD ,Secured Securities Ltd.,2026-04-09 11:56:01.240614
2026040901011979,NBL,84,81,500,282.0,141000.0,MILKY WAY SHARE BROKER COMPANY LTD ,Aakashbhairab Securities Ltd.,2026-04-09 11:56:10.028976
2026040901012088,NBL,17,32,500,280.5,140250.0,ABC Securities Private Limited,Premier Securities Company Ltd.,2026-04-09 11:56:35.651061
2026040901012089,NBL,19,35,10,280.4,2804.0,Nepal Investment And Securities Trading Private Limited,Kohinoor Investment & Securities Pvt. Ltd.,2026-04-09 11:56:35.967816
2026040901012316,NBL,19,58,190,280.4,53276.0,Nepal Investment And Securities Trading Private Limited,Naasa Securities Co. Ltd.,2026-04-09 11:57:30.108266
2026040901012317,NBL,32,58,20,280.4,5608.0,Premier Securities Company Ltd.,Naasa Securities Co. Ltd.,2026-04-09 11:57:30.108454
2026040901012396,NBL,41,44,200,280.3,56060.0,Linch Stock Market Ltd.,Dynamic Money Managers Securities Pvt. Ltd.,2026-04-09 11:57:56.291005
2026040901012413,NBL,62,58,790,280.4,221516.0,Capital Max Securities Ltd,Naasa Securities Co. Ltd.,2026-04-09 11:58:00.283258
2026040901012504,NBL,45,36,20,282.0,5640.0,Imperial Securities Company Pvt. Ltd.,Secured Securities Ltd.,2026-04-09 11:58:25.766895
2026040901012846,NBL,100,7,1000,281.9,281900.0,Sunrise Securities Limited,J.F. Securites (PVT) Ltd.,2026-04-09 12:00:26.883758
2026040901012974,NBL,38,25,15,281.0,4215.0,Dipshikha Dhitopatra Karobar Co. Pvt Ltd.,Sweta Securities Private Limited,2026-04-09 12:01:11.277906
2026040901012975,NBL,62,25,985,280.1,275898.5,Capital Max Securities Ltd,Sweta Securities Private Limited,2026-04-09 12:01:11.278334
2026040901013576,NBL,62,59,15,280.1,4201.5,Capital Max Securities Ltd,Deevyaa Securities & Stock House Pvt. Ltd,2026-04-09 12:04:37.441866
2026040901014399,NBL,96,37,10,281.0,2810.0,Himalayan Securities Limited,Swarna Laxmi Securities Pvt. Ltd.,2026-04-09 12:09:41.268948
2026040901014400,NBL,96,37,10,281.4,2814.0,Himalayan Securities Limited,Swarna Laxmi Securities Pvt. Ltd.,2026-04-09 12:09:41.269396
2026040901014401,NBL,96,32,500,281.5,140750.0,Himalayan Securities Limited,Premier Securities Company Ltd.,2026-04-09 12:09:41.269700
2026040901014402,NBL,96,47,140,281.5,39410.0,Himalayan Securities Limited,Neev Securities Pvt. Ltd.,2026-04-09 12:09:41.269973
2026040901014462,NBL,42,13,200,280.2,56040.0,Sani Securities Company Ltd.,Thrive Brokerage House Pvt. Ltd,2026-04-09 12:09:54.249099
2026040901014489,NBL,35,47,50,281.5,14075.0,Kohinoor Investment & Securities Pvt. Ltd.,Neev Securities Pvt. Ltd.,2026-04-09 12:10:09.016989
2026040901014711,NBL,45,38,231,281.0,64911.0,Imperial Securities Company Pvt. Ltd.,Dipshikha Dhitopatra Karobar Co. Pvt Ltd.,2026-04-09 12:10:50.339843
2026040901014712,NBL,45,47,269,281.5,75723.5,Imperial Securities Company Pvt. Ltd.,Neev Securities Pvt. Ltd.,2026-04-09 12:10:50.340085
2026040901015611,NBL,38,22,20,281.0,5620.0,Dipshikha Dhitopatra Karobar Co. Pvt Ltd.,Siprabi Securities Pvt. Ltd.,2026-04-09 12:17:02.142518
2026040901015637,NBL,5,22,15,281.0,4215.0,Market Securities & Exchange (PVT) Ltd.,Siprabi Securities Pvt. Ltd.,2026-04-09 12:17:16.513579
2026040901015901,NBL,45,49,20,281.0,5620.0,Imperial Securities Company Pvt. Ltd.,Online Securities Pvt. Ltd.,2026-04-09 12:18:12.989331
2026040901015984,NBL,39,49,180,281.0,50580.0,Sumeru Securities Pvt. Ltd.,Online Securities Pvt. Ltd.,2026-04-09 12:18:32.572865
2026040901015985,NBL,39,58,230,281.3,64699.0,Sumeru Securities Pvt. Ltd.,Naasa Securities Co. Ltd.,2026-04-09 12:18:32.573138
2026040901015986,NBL,39,29,240,281.3,67512.0,Sumeru Securities Pvt. Ltd.,Trisul Securities & Invt. Ltd.,2026-04-09 12:18:32.573263
2026040901015987,NBL,39,38,500,281.4,140700.0,Sumeru Securities Pvt. Ltd.,Dipshikha Dhitopatra Karobar Co. Pvt Ltd.,2026-04-09 12:18:32.573366
2026040901015988,NBL,39,47,381,281.5,107251.5,Sumeru Securities Pvt. Ltd.,Neev Securities Pvt. Ltd.,2026-04-09 12:18:32.573469
2026040901015989,NBL,39,51,469,281.9,132211.1,Sumeru Securities Pvt. Ltd.,Oxford Securities Pvt. Ltd.,2026-04-09 12:18:32.573588
2026040901016033,NBL,39,51,31,281.9,8738.9,Sumeru Securities Pvt. Ltd.,Oxford Securities Pvt. Ltd.,2026-04-09 12:18:51.323464
2026040901016034,NBL,39,36,480,282.0,135360.0,Sumeru Securities Pvt. Ltd.,Secured Securities Ltd.,2026-04-09 12:18:51.323698
2026040901016035,NBL,39,95,500,282.0,141000.0,Sumeru Securities Pvt. Ltd.,Magnet Securities and Investment Company Private Limited,2026-04-09 12:18:51.323862
2026040901016036,NBL,39,42,827,282.0,233214.0,Sumeru Securities Pvt. Ltd.,Sani Securities Company Ltd.,2026-04-09 12:18:51.324034
2026040901016037,NBL,39,47,162,282.0,45684.0,Sumeru Securities Pvt. Ltd.,Neev Securities Pvt. Ltd.,2026-04-09 12:18:51.324171
2026040901016102,NBL,65,65,100000,281.9,28190000.0,Sharepro Securities Private Limited,Sharepro Securities Private Limited,2026-04-09 12:19:22.346228
2026040901016103,NBL,38,50,54,281.9,15222.6,Dipshikha Dhitopatra Karobar Co. Pvt Ltd.,Cristal Kanchanjanga Securites Pvt. Ltd.,2026-04-09 12:19:22.718015
2026040901016104,NBL,38,47,46,282.0,12972.0,Dipshikha Dhitopatra Karobar Co. Pvt Ltd.,Neev Securities Pvt. Ltd.,2026-04-09 12:19:22.718528
2026040901016127,NBL,39,47,137,282.0,38634.0,Sumeru Securities Pvt. Ltd.,Neev Securities Pvt. Ltd.,2026-04-09 12:19:36.699375
2026040901016128,NBL,39,41,10,282.0,2820.0,Sumeru Securities Pvt. Ltd.,Linch Stock Market Ltd.,2026-04-09 12:19:36.699900
2026040901016129,NBL,39,58,153,282.0,43146.0,Sumeru Securities Pvt. Ltd.,Naasa Securities Co. Ltd.,2026-04-09 12:19:36.700230
2026040901016203,NBL,65,3,1000,281.6,281600.0,Sharepro Securities Private Limited,Arun Securities (PVT) Ltd.,2026-04-09 12:20:12.700897
2026040901016204,NBL,65,65,99000,281.9,27908100.0,Sharepro Securities Private Limited,Sharepro Securities Private Limited,2026-04-09 12:20:12.701173
2026040901016227,NBL,65,65,1000,281.9,281900.0,Sharepro Securities Private Limited,Sharepro Securities Private Limited,2026-04-09 12:20:22.076672
2026040901016331,NBL,38,58,572,282.0,161304.0,Dipshikha Dhitopatra Karobar Co. Pvt Ltd.,Naasa Securities Co. Ltd.,2026-04-09 12:21:23.272865
2026040901016332,NBL,38,42,240,282.0,67680.0,Dipshikha Dhitopatra Karobar Co. Pvt Ltd.,Sani Securities Company Ltd.,2026-04-09 12:21:23.273115
2026040901016333,NBL,38,14,58,282.0,16356.0,Dipshikha Dhitopatra Karobar Co. Pvt Ltd.,Nepal Stock House (PVT) Ltd.,2026-04-09 12:21:23.273220
2026040901016497,NBL,38,28,25,282.0,7050.0,Dipshikha Dhitopatra Karobar Co. Pvt Ltd.,Shree Krishna Securities Ltd.,2026-04-09 12:22:14.679606
2026040901016659,NBL,38,16,105,282.0,29610.0,Dipshikha Dhitopatra Karobar Co. Pvt Ltd.,Primo Securities (PVT) Ltd.,2026-04-09 12:23:27.062724
2026040901016660,NBL,57,16,762,282.0,214884.0,Aryatara Investment & Securities,Primo Securities (PVT) Ltd.,2026-04-09 12:23:27.063039
2026040901016699,NBL,57,28,738,282.0,208116.0,Aryatara Investment & Securities,Shree Krishna Securities Ltd.,2026-04-09 12:23:33.560265
2026040901016967,NBL,19,58,20,281.0,5620.0,Nepal Investment And Securities Trading Private Limited,Naasa Securities Co. Ltd.,2026-04-09 12:24:41.145509
2026040901016975,NBL,60,43,100,282.4,28240.0,Nagarik Stock Dealer ,South Asian Bulls Pvt. Ltd.,2026-04-09 12:24:45.189785
2026040901016976,NBL,60,28,65,282.4,18356.0,Nagarik Stock Dealer ,Shree Krishna Securities Ltd.,2026-04-09 12:24:45.190036
2026040901016977,NBL,60,50,35,282.5,9887.5,Nagarik Stock Dealer ,Cristal Kanchanjanga Securites Pvt. Ltd.,2026-04-09 12:24:45.190147
2026040901017046,NBL,60,50,10,282.5,2825.0,Nagarik Stock Dealer ,Cristal Kanchanjanga Securites Pvt. Ltd.,2026-04-09 12:25:08.500785
2026040901017092,NBL,60,32,50,282.5,14125.0,Nagarik Stock Dealer ,Premier Securities Company Ltd.,2026-04-09 12:25:27.940918
2026040901017238,NBL,57,32,17,282.5,4802.5,Aryatara Investment & Securities,Premier Securities Company Ltd.,2026-04-09 12:26:13.624004
2026040901017287,NBL,95,32,33,282.5,9322.5,Magnet Securities and Investment Company Private Limited,Premier Securities Company Ltd.,2026-04-09 12:26:31.526936
2026040901017288,NBL,95,43,50,282.6,14130.0,Magnet Securities and Investment Company Private Limited,South Asian Bulls Pvt. Ltd.,2026-04-09 12:26:31.527185
2026040901017289,NBL,95,57,417,282.6,117844.2,Magnet Securities and Investment Company Private Limited,Aryatara Investment & Securities,2026-04-09 12:26:31.527294
2026040901017552,NBL,57,39,500,282.0,141000.0,Aryatara Investment & Securities,Sumeru Securities Pvt. Ltd.,2026-04-09 12:28:38.604258
2026040901017566,NBL,56,57,100,282.6,28260.0,Sri Hari Securities Pvt. Ltd.,Aryatara Investment & Securities,2026-04-09 12:28:45.918504
2026040901017653,NBL,42,40,50,282.5,14125.0,Sani Securities Company Ltd.,Creative Securities Pvt Ltd,2026-04-09 12:29:22.632177
2026040901017691,NBL,49,38,30,282.5,8475.0,Online Securities Pvt. Ltd.,Dipshikha Dhitopatra Karobar Co. Pvt Ltd.,2026-04-09 12:29:38.141635
2026040901017693,NBL,56,38,470,282.5,132775.0,Sri Hari Securities Pvt. Ltd.,Dipshikha Dhitopatra Karobar Co. Pvt Ltd.,2026-04-09 12:29:38.811602
2026040901017694,NBL,56,57,130,282.6,36738.0,Sri Hari Securities Pvt. Ltd.,Aryatara Investment & Securities,2026-04-09 12:29:38.812288
2026040901017699,NBL,56,57,25,282.6,7065.0,Sri Hari Securities Pvt. Ltd.,Aryatara Investment & Securities,2026-04-09 12:29:41.771911
2026040901017799,NBL,96,57,213,282.6,60193.8,Himalayan Securities Limited,Aryatara Investment & Securities,2026-04-09 12:30:25.660647
2026040901017996,NBL,57,35,20,282.0,5640.0,Aryatara Investment & Securities,Kohinoor Investment & Securities Pvt. Ltd.,2026-04-09 12:31:28.492833
2026040901017997,NBL,44,35,75,282.0,21150.0,Dynamic Money Managers Securities Pvt. Ltd.,Kohinoor Investment & Securities Pvt. Ltd.,2026-04-09 12:31:28.493114
2026040901017998,NBL,57,35,500,282.0,141000.0,Aryatara Investment & Securities,Kohinoor Investment & Securities Pvt. Ltd.,2026-04-09 12:31:28.493229
2026040901017999,NBL,42,35,905,282.0,255210.0,Sani Securities Company Ltd.,Kohinoor Investment & Securities Pvt. Ltd.,2026-04-09 12:31:28.493339
2026040901018474,NBL,47,43,20,282.2,5644.0,Neev Securities Pvt. Ltd.,South Asian Bulls Pvt. Ltd.,2026-04-09 12:34:54.264493
2026040901018475,NBL,45,43,25,282.1,7052.5,Imperial Securities Company Pvt. Ltd.,South Asian Bulls Pvt. Ltd.,2026-04-09 12:34:54.265071
2026040901018476,NBL,50,43,55,282.1,15515.5,Cristal Kanchanjanga Securites Pvt. Ltd.,South Asian Bulls Pvt. Ltd.,2026-04-09 12:34:54.265429
2026040901018499,NBL,14,25,100,282.4,28240.0,Nepal Stock House (PVT) Ltd.,Sweta Securities Private Limited,2026-04-09 12:35:11.433959
2026040901018500,NBL,14,58,300,282.4,84720.0,Nepal Stock House (PVT) Ltd.,Naasa Securities Co. Ltd.,2026-04-09 12:35:11.434311
2026040901018501,NBL,14,21,2100,282.5,593250.0,Nepal Stock House (PVT) Ltd.,Midas Stock Broking Company Private Limited,2026-04-09 12:35:11.434439
2026040901018580,NBL,50,35,445,282.1,125534.5,Cristal Kanchanjanga Securites Pvt. Ltd.,Kohinoor Investment & Securities Pvt. Ltd.,2026-04-09 12:35:29.465233
2026040901018581,NBL,42,35,55,282.0,15510.0,Sani Securities Company Ltd.,Kohinoor Investment & Securities Pvt. Ltd.,2026-04-09 12:35:29.465504
2026040901018841,NBL,50,52,200,282.3,56460.0,Cristal Kanchanjanga Securites Pvt. Ltd.,Sundhara Securities Limited,2026-04-09 12:37:36.977976
2026040901018931,NBL,42,58,40,282.0,11280.0,Sani Securities Company Ltd.,Naasa Securities Co. Ltd.,2026-04-09 12:38:03.812522
2026040901018932,NBL,8,58,11,282.0,3102.0,Brilliant Securities Pvt. Ltd.,Naasa Securities Co. Ltd.,2026-04-09 12:38:03.812792
2026040901019074,NBL,8,36,29,282.0,8178.0,Brilliant Securities Pvt. Ltd.,Secured Securities Ltd.,2026-04-09 12:38:52.192386
2026040901019285,NBL,36,36,20,282.0,5640.0,Secured Securities Ltd.,Secured Securities Ltd.,2026-04-09 12:40:12.246739
2026040901019311,NBL,28,45,1,282.0,282.0,Shree Krishna Securities Ltd.,Imperial Securities Company Pvt. Ltd.,2026-04-09 12:40:28.919055
2026040901019314,NBL,42,36,680,282.0,191760.0,Sani Securities Company Ltd.,Secured Securities Ltd.,2026-04-09 12:40:30.915436
2026040901019395,NBL,87,58,20,281.5,5630.0,S.P.S.A. Securities Limited,Naasa Securities Co. Ltd.,2026-04-09 12:41:04.471251
2026040901019399,NBL,87,34,100,281.5,28150.0,S.P.S.A. Securities Limited,Vision Securities Pvt. Ltd,2026-04-09 12:41:09.201303
2026040901019606,NBL,87,21,80,281.5,22520.0,S.P.S.A. Securities Limited,Midas Stock Broking Company Private Limited,2026-04-09 12:42:11.136346
2026040901019607,NBL,65,21,320,281.4,90048.0,Sharepro Securities Private Limited,Midas Stock Broking Company Private Limited,2026-04-09 12:42:11.136926
2026040901019944,NBL,58,36,10,282.0,2820.0,Naasa Securities Co. Ltd.,Secured Securities Ltd.,2026-04-09 12:45:03.019669
2026040901021933,NBL,89,11,200,281.9,56380.0,Global IME Securities Limited,Malla & Malla Stock Broking Company Pvt. Limited,2026-04-09 12:47:43.359189
2026040901021953,NBL,49,11,250,281.9,70475.0,Online Securities Pvt. Ltd.,Malla & Malla Stock Broking Company Pvt. Limited,2026-04-09 12:47:56.173443
2026040901022369,NBL,56,36,261,282.0,73602.0,Sri Hari Securities Pvt. Ltd.,Secured Securities Ltd.,2026-04-09 12:49:56.027546
2026040901022370,NBL,56,34,100,282.0,28200.0,Sri Hari Securities Pvt. Ltd.,Vision Securities Pvt. Ltd,2026-04-09 12:49:56.028142
2026040901022371,NBL,56,42,139,282.0,39198.0,Sri Hari Securities Pvt. Ltd.,Sani Securities Company Ltd.,2026-04-09 12:49:56.028527
2026040901022454,NBL,49,3,250,281.9,70475.0,Online Securities Pvt. Ltd.,Arun Securities (PVT) Ltd.,2026-04-09 12:50:30.229071
2026040901022664,NBL,36,42,150,282.0,42300.0,Secured Securities Ltd.,Sani Securities Company Ltd.,2026-04-09 12:52:05.807437
2026040901022718,NBL,41,25,300,281.7,84510.0,Linch Stock Market Ltd.,Sweta Securities Private Limited,2026-04-09 12:52:37.215155
2026040901022719,NBL,58,25,54,281.6,15206.4,Naasa Securities Co. Ltd.,Sweta Securities Private Limited,2026-04-09 12:52:37.215307
2026040901022720,NBL,45,25,20,281.6,5632.0,Imperial Securities Company Pvt. Ltd.,Sweta Securities Private Limited,2026-04-09 12:52:37.215388
2026040901022721,NBL,51,25,200,281.5,56300.0,Oxford Securities Pvt. Ltd.,Sweta Securities Private Limited,2026-04-09 12:52:37.215454
2026040901022722,NBL,1,25,100,281.5,28150.0,Kumari Securities Private Limited,Sweta Securities Private Limited,2026-04-09 12:52:37.215519
2026040901022723,NBL,42,25,20,281.5,5630.0,Sani Securities Company Ltd.,Sweta Securities Private Limited,2026-04-09 12:52:37.215608
2026040901022724,NBL,45,25,19,281.5,5348.5,Imperial Securities Company Pvt. Ltd.,Sweta Securities Private Limited,2026-04-09 12:52:37.215670
2026040901022725,NBL,65,25,775,281.4,218085.0,Sharepro Securities Private Limited,Sweta Securities Private Limited,2026-04-09 12:52:37.215735
2026040901022786,NBL,36,42,211,282.0,59502.0,Secured Securities Ltd.,Sani Securities Company Ltd.,2026-04-09 12:53:08.883762
2026040901022787,NBL,36,53,100,282.0,28200.0,Secured Securities Ltd.,Investment Management Nepal Pvt. Ltd.,2026-04-09 12:53:08.884368
2026040901022788,NBL,36,39,145,282.0,40890.0,Secured Securities Ltd.,Sumeru Securities Pvt. Ltd.,2026-04-09 12:53:08.884758
2026040901023444,NBL,49,53,107,281.5,30120.5,Online Securities Pvt. Ltd.,Investment Management Nepal Pvt. Ltd.,2026-04-09 12:55:08.002902
2026040901023665,NBL,72,50,55,281.9,15504.5,Hatemalo Financial Services Private Limited,Cristal Kanchanjanga Securites Pvt. Ltd.,2026-04-09 12:56:25.974013
2026040901023666,NBL,72,43,1195,282.0,336990.0,Hatemalo Financial Services Private Limited,South Asian Bulls Pvt. Ltd.,2026-04-09 12:56:25.974632
2026040901023772,NBL,49,42,11,281.5,3096.5,Online Securities Pvt. Ltd.,Sani Securities Company Ltd.,2026-04-09 12:56:42.702543
2026040901023966,NBL,52,35,200,282.1,56420.0,Sundhara Securities Limited,Kohinoor Investment & Securities Pvt. Ltd.,2026-04-09 12:57:38.646800
2026040901024659,NBL,51,49,15,281.6,4224.0,Oxford Securities Pvt. Ltd.,Online Securities Pvt. Ltd.,2026-04-09 13:00:36.170656
2026040901024660,NBL,49,49,382,281.5,107533.0,Online Securities Pvt. Ltd.,Online Securities Pvt. Ltd.,2026-04-09 13:00:36.171303
2026040901024661,NBL,65,49,905,281.4,254667.0,Sharepro Securities Private Limited,Online Securities Pvt. Ltd.,2026-04-09 13:00:36.171726
2026040901024662,NBL,65,49,2000,281.4,562800.0,Sharepro Securities Private Limited,Online Securities Pvt. Ltd.,2026-04-09 13:00:36.172141
2026040901024663,NBL,4,49,40,281.4,11256.0,Opal Securities Investment (PVT) Ltd.,Online Securities Pvt. Ltd.,2026-04-09 13:00:36.172535
2026040901024664,NBL,39,49,1000,281.3,281300.0,Sumeru Securities Pvt. Ltd.,Online Securities Pvt. Ltd.,2026-04-09 13:00:36.172958
2026040901024665,NBL,65,49,1808,281.2,508409.6,Sharepro Securities Private Limited,Online Securities Pvt. Ltd.,2026-04-09 13:00:36.173374
2026040901024668,NBL,36,35,15,282.1,4231.5,Secured Securities Ltd.,Kohinoor Investment & Securities Pvt. Ltd.,2026-04-09 13:00:37.326870
2026040901024709,NBL,36,45,51,282.1,14387.1,Secured Securities Ltd.,Imperial Securities Company Pvt. Ltd.,2026-04-09 13:00:53.134492
2026040901025097,NBL,14,8,10,281.4,2814.0,Nepal Stock House (PVT) Ltd.,Brilliant Securities Pvt. Ltd.,2026-04-09 13:02:35.901109
2026040901025242,NBL,14,42,100,281.4,28140.0,Nepal Stock House (PVT) Ltd.,Sani Securities Company Ltd.,2026-04-09 13:03:18.745775
2026040901025549,NBL,14,16,190,281.4,53466.0,Nepal Stock House (PVT) Ltd.,Primo Securities (PVT) Ltd.,2026-04-09 13:04:58.500704
2026040901025550,NBL,65,16,192,281.2,53990.4,Sharepro Securities Private Limited,Primo Securities (PVT) Ltd.,2026-04-09 13:04:58.501050
2026040901025551,NBL,65,16,618,281.1,173719.8,Sharepro Securities Private Limited,Primo Securities (PVT) Ltd.,2026-04-09 13:04:58.501218
2026040901025839,NBL,65,41,4382,281.1,1231780.2,Sharepro Securities Private Limited,Linch Stock Market Ltd.,2026-04-09 13:06:49.805289
2026040901025840,NBL,19,41,480,281.0,134880.0,Nepal Investment And Securities Trading Private Limited,Linch Stock Market Ltd.,2026-04-09 13:06:49.805668
2026040901025841,NBL,52,41,36,281.0,10116.0,Sundhara Securities Limited,Linch Stock Market Ltd.,2026-04-09 13:06:49.805824
2026040901025842,NBL,45,41,100,281.0,28100.0,Imperial Securities Company Pvt. Ltd.,Linch Stock Market Ltd.,2026-04-09 13:06:49.805969
2026040901026050,NBL,57,16,10,282.0,2820.0,Aryatara Investment & Securities,Primo Securities (PVT) Ltd.,2026-04-09 13:08:05.673724
2026040901026700,NBL,45,22,20,281.0,5620.0,Imperial Securities Company Pvt. Ltd.,Siprabi Securities Pvt. Ltd.,2026-04-09 13:11:34.632624
2026040901026969,NBL,49,22,130,281.0,36530.0,Online Securities Pvt. Ltd.,Siprabi Securities Pvt. Ltd.,2026-04-09 13:13:09.678275
2026040901027194,NBL,45,42,20,280.5,5610.0,Imperial Securities Company Pvt. Ltd.,Sani Securities Company Ltd.,2026-04-09 13:14:42.264183
2026040901027195,NBL,72,42,35,280.5,9817.5,Hatemalo Financial Services Private Limited,Sani Securities Company Ltd.,2026-04-09 13:14:42.264859
2026040901027479,NBL,29,21,10,281.5,2815.0,Trisul Securities & Invt. Ltd.,Midas Stock Broking Company Private Limited,2026-04-09 13:16:20.427019
2026040901027837,NBL,25,50,1000,280.9,280900.0,Sweta Securities Private Limited,Cristal Kanchanjanga Securites Pvt. Ltd.,2026-04-09 13:19:01.450704
2026040901027838,NBL,65,50,4000,280.7,1122800.0,Sharepro Securities Private Limited,Cristal Kanchanjanga Securites Pvt. Ltd.,2026-04-09 13:19:01.450811
2026040901027983,NBL,49,43,5,280.0,1400.0,Online Securities Pvt. Ltd.,South Asian Bulls Pvt. Ltd.,2026-04-09 13:19:59.003438
2026040901028003,NBL,65,34,100,280.8,28080.0,Sharepro Securities Private Limited,Vision Securities Pvt. Ltd,2026-04-09 13:20:05.370924
2026040901028060,NBL,49,36,1000,281.0,281000.0,Online Securities Pvt. Ltd.,Secured Securities Ltd.,2026-04-09 13:20:31.082193
2026040901028071,NBL,65,50,905,280.8,254124.0,Sharepro Securities Private Limited,Cristal Kanchanjanga Securites Pvt. Ltd.,2026-04-09 13:20:37.152814
2026040901028072,NBL,65,50,4995,280.8,1402596.0,Sharepro Securities Private Limited,Cristal Kanchanjanga Securites Pvt. Ltd.,2026-04-09 13:20:37.152850
2026040901028318,NBL,35,45,40,280.7,11228.0,Kohinoor Investment & Securities Pvt. Ltd.,Imperial Securities Company Pvt. Ltd.,2026-04-09 13:22:10.964935
2026040901028367,NBL,35,3,460,280.7,129122.0,Kohinoor Investment & Securities Pvt. Ltd.,Arun Securities (PVT) Ltd.,2026-04-09 13:22:28.958530
2026040901028457,NBL,57,58,100,280.6,28060.0,Aryatara Investment & Securities,Naasa Securities Co. Ltd.,2026-04-09 13:23:09.916793
2026040901028530,NBL,57,42,400,280.6,112240.0,Aryatara Investment & Securities,Sani Securities Company Ltd.,2026-04-09 13:23:40.446105
2026040901028531,NBL,22,42,10,280.6,2806.0,Siprabi Securities Pvt. Ltd.,Sani Securities Company Ltd.,2026-04-09 13:23:40.446800
2026040901028593,NBL,64,29,200,281.0,56200.0,SUN SECURITIES PVT LTD,Trisul Securities & Invt. Ltd.,2026-04-09 13:24:12.855958
2026040901028889,NBL,49,17,88,281.0,24728.0,Online Securities Pvt. Ltd.,ABC Securities Private Limited,2026-04-09 13:26:32.721178
2026040901028922,NBL,77,17,15,281.0,4215.0,Nabil Stock Dealer Ltd.,ABC Securities Private Limited,2026-04-09 13:26:52.714278
2026040901028966,NBL,42,17,97,281.0,27257.0,Sani Securities Company Ltd.,ABC Securities Private Limited,2026-04-09 13:27:10.665840
2026040901029052,NBL,84,3,200,281.4,56280.0,MILKY WAY SHARE BROKER COMPANY LTD ,Arun Securities (PVT) Ltd.,2026-04-09 13:27:50.470802
2026040901029053,NBL,84,8,100,281.4,28140.0,MILKY WAY SHARE BROKER COMPANY LTD ,Brilliant Securities Pvt. Ltd.,2026-04-09 13:27:50.471512
2026040901029054,NBL,84,21,115,281.5,32372.5,MILKY WAY SHARE BROKER COMPANY LTD ,Midas Stock Broking Company Private Limited,2026-04-09 13:27:50.471986
2026040901029055,NBL,84,19,20,281.5,5630.0,MILKY WAY SHARE BROKER COMPANY LTD ,Nepal Investment And Securities Trading Private Limited,2026-04-09 13:27:50.472455
2026040901029056,NBL,84,3,200,281.5,56300.0,MILKY WAY SHARE BROKER COMPANY LTD ,Arun Securities (PVT) Ltd.,2026-04-09 13:27:50.472906
2026040901029057,NBL,84,58,100,281.8,28180.0,MILKY WAY SHARE BROKER COMPANY LTD ,Naasa Securities Co. Ltd.,2026-04-09 13:27:50.473371
2026040901029058,NBL,84,25,150,281.9,42285.0,MILKY WAY SHARE BROKER COMPANY LTD ,Sweta Securities Private Limited,2026-04-09 13:27:50.473812
2026040901029059,NBL,84,3,124,281.9,34955.6,MILKY WAY SHARE BROKER COMPANY LTD ,Arun Securities (PVT) Ltd.,2026-04-09 13:27:50.474268
2026040901029225,NBL,36,3,15,281.9,4228.5,Secured Securities Ltd.,Arun Securities (PVT) Ltd.,2026-04-09 13:28:55.789785
2026040901029460,NBL,1,3,25,281.9,7047.5,Kumari Securities Private Limited,Arun Securities (PVT) Ltd.,2026-04-09 13:30:31.583532
2026040901029698,NBL,45,7,75,281.8,21135.0,Imperial Securities Company Pvt. Ltd.,J.F. Securites (PVT) Ltd.,2026-04-09 13:32:35.836358
2026040901029773,NBL,45,28,125,281.8,35225.0,Imperial Securities Company Pvt. Ltd.,Shree Krishna Securities Ltd.,2026-04-09 13:33:24.283424
2026040901029774,NBL,52,28,100,281.1,28110.0,Sundhara Securities Limited,Shree Krishna Securities Ltd.,2026-04-09 13:33:24.283535
2026040901029775,NBL,42,28,203,281.0,57043.0,Sani Securities Company Ltd.,Shree Krishna Securities Ltd.,2026-04-09 13:33:24.283607
2026040901029776,NBL,49,28,62,281.0,17422.0,Online Securities Pvt. Ltd.,Shree Krishna Securities Ltd.,2026-04-09 13:33:24.283675
2026040901029777,NBL,58,28,10,281.0,2810.0,Naasa Securities Co. Ltd.,Shree Krishna Securities Ltd.,2026-04-09 13:33:24.283736
2026040901029804,NBL,58,58,90,281.0,25290.0,Naasa Securities Co. Ltd.,Naasa Securities Co. Ltd.,2026-04-09 13:33:40.921866
2026040901029842,NBL,22,16,190,280.6,53314.0,Siprabi Securities Pvt. Ltd.,Primo Securities (PVT) Ltd.,2026-04-09 13:34:04.620957
2026040901029843,NBL,65,16,10,280.6,2806.0,Sharepro Securities Private Limited,Primo Securities (PVT) Ltd.,2026-04-09 13:34:04.621350
2026040901029990,NBL,14,21,50,281.0,14050.0,Nepal Stock House (PVT) Ltd.,Midas Stock Broking Company Private Limited,2026-04-09 13:35:03.947579
2026040901030074,NBL,5,21,300,281.0,84300.0,Market Securities & Exchange (PVT) Ltd.,Midas Stock Broking Company Private Limited,2026-04-09 13:35:47.563624
2026040901030201,NBL,45,21,49,281.0,13769.0,Imperial Securities Company Pvt. Ltd.,Midas Stock Broking Company Private Limited,2026-04-09 13:37:00.540440
2026040901030221,NBL,65,83,2000,280.6,561200.0,Sharepro Securities Private Limited,Sanima Securities Limited,2026-04-09 13:37:07.143279
2026040901030225,NBL,49,21,31,281.0,8711.0,Online Securities Pvt. Ltd.,Midas Stock Broking Company Private Limited,2026-04-09 13:37:11.062641
2026040901030306,NBL,42,42,30,281.0,8430.0,Sani Securities Company Ltd.,Sani Securities Company Ltd.,2026-04-09 13:38:00.153144
2026040901030338,NBL,43,42,50,281.0,14050.0,South Asian Bulls Pvt. Ltd.,Sani Securities Company Ltd.,2026-04-09 13:38:16.852339
2026040901030367,NBL,49,43,2,281.0,562.0,Online Securities Pvt. Ltd.,South Asian Bulls Pvt. Ltd.,2026-04-09 13:38:29.639137
2026040901030376,NBL,53,42,70,281.0,19670.0,Investment Management Nepal Pvt. Ltd.,Sani Securities Company Ltd.,2026-04-09 13:38:39.861376
2026040901030423,NBL,45,42,66,281.0,18546.0,Imperial Securities Company Pvt. Ltd.,Sani Securities Company Ltd.,2026-04-09 13:38:59.661003
2026040901030424,NBL,45,3,336,281.9,94718.4,Imperial Securities Company Pvt. Ltd.,Arun Securities (PVT) Ltd.,2026-04-09 13:38:59.661379
2026040901030425,NBL,45,57,200,281.9,56380.0,Imperial Securities Company Pvt. Ltd.,Aryatara Investment & Securities,2026-04-09 13:38:59.661542
2026040901030426,NBL,45,54,225,281.9,63427.5,Imperial Securities Company Pvt. Ltd.,Sewa Securities Pvt. Ltd.,2026-04-09 13:38:59.661699
2026040901030427,NBL,45,16,173,282.0,48786.0,Imperial Securities Company Pvt. Ltd.,Primo Securities (PVT) Ltd.,2026-04-09 13:38:59.661861
2026040901030577,NBL,65,14,50,280.6,14030.0,Sharepro Securities Private Limited,Nepal Stock House (PVT) Ltd.,2026-04-09 13:40:46.294583
2026040901030636,NBL,22,57,115,281.0,32315.0,Siprabi Securities Pvt. Ltd.,Aryatara Investment & Securities,2026-04-09 13:41:51.837225
2026040901030637,NBL,22,36,500,281.0,140500.0,Siprabi Securities Pvt. Ltd.,Secured Securities Ltd.,2026-04-09 13:41:51.837612
2026040901030880,NBL,74,58,100,281.9,28190.0,KALASH STOCK MARKET PVT. LTD.,Naasa Securities Co. Ltd.,2026-04-09 13:44:17.640528
2026040901030882,NBL,22,41,77,281.0,21637.0,Siprabi Securities Pvt. Ltd.,Linch Stock Market Ltd.,2026-04-09 13:44:18.967345
2026040901030913,NBL,44,38,200,281.9,56380.0,Dynamic Money Managers Securities Pvt. Ltd.,Dipshikha Dhitopatra Karobar Co. Pvt Ltd.,2026-04-09 13:44:42.376219
2026040901030914,NBL,44,16,17,282.0,4794.0,Dynamic Money Managers Securities Pvt. Ltd.,Primo Securities (PVT) Ltd.,2026-04-09 13:44:42.376602
2026040901030915,NBL,44,58,20,282.0,5640.0,Dynamic Money Managers Securities Pvt. Ltd.,Naasa Securities Co. Ltd.,2026-04-09 13:44:42.376763
2026040901030916,NBL,44,41,1000,282.0,282000.0,Dynamic Money Managers Securities Pvt. Ltd.,Linch Stock Market Ltd.,2026-04-09 13:44:42.376915
2026040901030917,NBL,44,74,20,282.0,5640.0,Dynamic Money Managers Securities Pvt. Ltd.,KALASH STOCK MARKET PVT. LTD.,2026-04-09 13:44:42.377076
2026040901030918,NBL,44,21,116,282.0,32712.0,Dynamic Money Managers Securities Pvt. Ltd.,Midas Stock Broking Company Private Limited,2026-04-09 13:44:42.377231
2026040901030919,NBL,44,1,1500,282.0,423000.0,Dynamic Money Managers Securities Pvt. Ltd.,Kumari Securities Private Limited,2026-04-09 13:44:42.377386
2026040901030920,NBL,44,1,127,282.0,35814.0,Dynamic Money Managers Securities Pvt. Ltd.,Kumari Securities Private Limited,2026-04-09 13:44:42.377538
2026040901031211,NBL,22,70,558,281.0,156798.0,Siprabi Securities Pvt. Ltd.,Infinity Securities Limited,2026-04-09 13:47:44.838787
2026040901031212,NBL,56,70,48,281.0,13488.0,Sri Hari Securities Pvt. Ltd.,Infinity Securities Limited,2026-04-09 13:47:44.838941
2026040901031213,NBL,45,70,10,281.0,2810.0,Imperial Securities Company Pvt. Ltd.,Infinity Securities Limited,2026-04-09 13:47:44.839017
2026040901031214,NBL,42,70,1365,280.8,383292.0,Sani Securities Company Ltd.,Infinity Securities Limited,2026-04-09 13:47:44.839127
2026040901031215,NBL,6,70,1000,280.7,280700.0,Agrawal Securities (PVT) Ltd.,Infinity Securities Limited,2026-04-09 13:47:44.839200
2026040901031216,NBL,22,70,200,280.6,56120.0,Siprabi Securities Pvt. Ltd.,Infinity Securities Limited,2026-04-09 13:47:44.839311
2026040901031217,NBL,16,70,19,280.6,5331.4,Primo Securities (PVT) Ltd.,Infinity Securities Limited,2026-04-09 13:47:44.839433
2026040901031257,NBL,84,1,873,282.0,246186.0,MILKY WAY SHARE BROKER COMPANY LTD ,Kumari Securities Private Limited,2026-04-09 13:48:12.091889
2026040901031258,NBL,84,45,1000,282.0,282000.0,MILKY WAY SHARE BROKER COMPANY LTD ,Imperial Securities Company Pvt. Ltd.,2026-04-09 13:48:12.092224
2026040901031259,NBL,84,51,232,282.0,65424.0,MILKY WAY SHARE BROKER COMPANY LTD ,Oxford Securities Pvt. Ltd.,2026-04-09 13:48:12.092386
2026040901031260,NBL,84,32,50,282.0,14100.0,MILKY WAY SHARE BROKER COMPANY LTD ,Premier Securities Company Ltd.,2026-04-09 13:48:12.092544
2026040901031261,NBL,84,58,581,282.0,163842.0,MILKY WAY SHARE BROKER COMPANY LTD ,Naasa Securities Co. Ltd.,2026-04-09 13:48:12.092696
2026040901031285,NBL,84,41,500,282.0,141000.0,MILKY WAY SHARE BROKER COMPANY LTD ,Linch Stock Market Ltd.,2026-04-09 13:48:21.862057
2026040901031982,NBL,42,38,300,281.9,84570.0,Sani Securities Company Ltd.,Dipshikha Dhitopatra Karobar Co. Pvt Ltd.,2026-04-09 13:52:30.374590
2026040901032328,NBL,50,49,500,282.0,141000.0,Cristal Kanchanjanga Securites Pvt. Ltd.,Online Securities Pvt. Ltd.,2026-04-09 13:55:12.216522
2026040901032329,NBL,50,36,500,282.0,141000.0,Cristal Kanchanjanga Securites Pvt. Ltd.,Secured Securities Ltd.,2026-04-09 13:55:12.216897
2026040901032330,NBL,50,41,500,282.0,141000.0,Cristal Kanchanjanga Securites Pvt. Ltd.,Linch Stock Market Ltd.,2026-04-09 13:55:12.217067
2026040901032331,NBL,50,58,75,282.0,21150.0,Cristal Kanchanjanga Securites Pvt. Ltd.,Naasa Securities Co. Ltd.,2026-04-09 13:55:12.217249
2026040901032332,NBL,50,41,1000,282.0,282000.0,Cristal Kanchanjanga Securites Pvt. Ltd.,Linch Stock Market Ltd.,2026-04-09 13:55:12.217402
2026040901032417,NBL,35,41,138,281.9,38902.2,Kohinoor Investment & Securities Pvt. Ltd.,Linch Stock Market Ltd.,2026-04-09 13:56:17.441619
2026040901032434,NBL,92,11,500,282.2,141100.0,Roadshow securities limited,Malla & Malla Stock Broking Company Pvt. Limited,2026-04-09 13:56:27.734108
2026040901032456,NBL,71,52,100,282.3,28230.0,SHUBHAKAMANA SECURITIES PVT. LTD,Sundhara Securities Limited,2026-04-09 13:56:44.602519
2026040901032472,NBL,44,39,500,282.3,141150.0,Dynamic Money Managers Securities Pvt. Ltd.,Sumeru Securities Pvt. Ltd.,2026-04-09 13:56:52.951431
2026040901032475,NBL,69,56,70,282.3,19761.0,INDEX SECURITIES LIMITED,Sri Hari Securities Pvt. Ltd.,2026-04-09 13:56:54.465170
2026040901032476,NBL,69,39,100,282.3,28230.0,INDEX SECURITIES LIMITED,Sumeru Securities Pvt. Ltd.,2026-04-09 13:56:54.465866
2026040901032493,NBL,44,39,100,282.5,28250.0,Dynamic Money Managers Securities Pvt. Ltd.,Sumeru Securities Pvt. Ltd.,2026-04-09 13:57:12.335364
2026040901032515,NBL,71,39,50,282.5,14125.0,SHUBHAKAMANA SECURITIES PVT. LTD,Sumeru Securities Pvt. Ltd.,2026-04-09 13:57:18.069675
2026040901032592,NBL,35,43,40,282.4,11296.0,Kohinoor Investment & Securities Pvt. Ltd.,South Asian Bulls Pvt. Ltd.,2026-04-09 13:58:12.029043
2026040901032593,NBL,35,39,135,282.5,38137.5,Kohinoor Investment & Securities Pvt. Ltd.,Sumeru Securities Pvt. Ltd.,2026-04-09 13:58:12.029443
2026040901032594,NBL,35,45,50,282.5,14125.0,Kohinoor Investment & Securities Pvt. Ltd.,Imperial Securities Company Pvt. Ltd.,2026-04-09 13:58:12.029682
2026040901032595,NBL,35,41,637,282.5,179952.5,Kohinoor Investment & Securities Pvt. Ltd.,Linch Stock Market Ltd.,2026-04-09 13:58:12.029890
2026040901032597,NBL,69,14,500,282.1,141050.0,INDEX SECURITIES LIMITED,Nepal Stock House (PVT) Ltd.,2026-04-09 13:58:13.386728
2026040901032601,NBL,69,34,1102,282.1,310874.2,INDEX SECURITIES LIMITED,Vision Securities Pvt. Ltd,2026-04-09 13:58:14.123112
2026040901032608,NBL,45,41,250,282.5,70625.0,Imperial Securities Company Pvt. Ltd.,Linch Stock Market Ltd.,2026-04-09 13:58:18.957746
2026040901032609,NBL,71,41,50,282.5,14125.0,SHUBHAKAMANA SECURITIES PVT. LTD,Linch Stock Market Ltd.,2026-04-09 13:58:19.841605
2026040901032650,NBL,84,41,63,282.5,17797.5,MILKY WAY SHARE BROKER COMPANY LTD ,Linch Stock Market Ltd.,2026-04-09 13:58:53.470525
2026040901032651,NBL,84,34,200,282.6,56520.0,MILKY WAY SHARE BROKER COMPANY LTD ,Vision Securities Pvt. Ltd,2026-04-09 13:58:53.470897
2026040901032652,NBL,84,39,500,282.6,141300.0,MILKY WAY SHARE BROKER COMPANY LTD ,Sumeru Securities Pvt. Ltd.,2026-04-09 13:58:53.471064
2026040901032693,NBL,5,25,100,282.6,28260.0,Market Securities & Exchange (PVT) Ltd.,Sweta Securities Private Limited,2026-04-09 13:59:25.932531
2026040901032758,NBL,49,35,400,282.5,113000.0,Online Securities Pvt. Ltd.,Kohinoor Investment & Securities Pvt. Ltd.,2026-04-09 14:00:12.601860
2026040901032828,NBL,58,68,115,282.4,32476.0,Naasa Securities Co. Ltd.,Elite Stock House Limited,2026-04-09 14:00:46.687220
2026040901032977,NBL,46,68,300,282.4,84720.0,Kalika Securities Pvt. Ltd.,Elite Stock House Limited,2026-04-09 14:02:25.853651
2026040901033000,NBL,46,68,85,282.4,24004.0,Kalika Securities Pvt. Ltd.,Elite Stock House Limited,2026-04-09 14:02:33.612750
2026040901033020,NBL,46,50,100,282.4,28240.0,Kalika Securities Pvt. Ltd.,Cristal Kanchanjanga Securites Pvt. Ltd.,2026-04-09 14:02:42.978872
2026040901033105,NBL,92,22,100,282.3,28230.0,Roadshow securities limited,Siprabi Securities Pvt. Ltd.,2026-04-09 14:03:39.269259
2026040901033193,NBL,17,35,600,282.5,169500.0,ABC Securities Private Limited,Kohinoor Investment & Securities Pvt. Ltd.,2026-04-09 14:04:40.364141
2026040901033194,NBL,17,41,1000,282.5,282500.0,ABC Securities Private Limited,Linch Stock Market Ltd.,2026-04-09 14:04:40.364514
2026040901033541,NBL,95,41,10,282.5,2825.0,Magnet Securities and Investment Company Private Limited,Linch Stock Market Ltd.,2026-04-09 14:08:10.003864
2026040901033542,NBL,17,41,1000,282.2,282200.0,ABC Securities Private Limited,Linch Stock Market Ltd.,2026-04-09 14:08:10.004336
2026040901033543,NBL,69,41,3228,282.1,910618.8,INDEX SECURITIES LIMITED,Linch Stock Market Ltd.,2026-04-09 14:08:10.004515
2026040901033544,NBL,51,41,500,282.0,141000.0,Oxford Securities Pvt. Ltd.,Linch Stock Market Ltd.,2026-04-09 14:08:10.004710
2026040901033545,NBL,58,41,50,282.0,14100.0,Naasa Securities Co. Ltd.,Linch Stock Market Ltd.,2026-04-09 14:08:10.004996
2026040901033546,NBL,14,41,212,282.0,59784.0,Nepal Stock House (PVT) Ltd.,Linch Stock Market Ltd.,2026-04-09 14:08:10.005248
2026040901033629,NBL,14,41,788,282.0,222216.0,Nepal Stock House (PVT) Ltd.,Linch Stock Market Ltd.,2026-04-09 14:08:55.111680
2026040901033630,NBL,54,41,100,282.0,28200.0,Sewa Securities Pvt. Ltd.,Linch Stock Market Ltd.,2026-04-09 14:08:55.112092
2026040901033760,NBL,56,74,250,281.2,70300.0,Sri Hari Securities Pvt. Ltd.,KALASH STOCK MARKET PVT. LTD.,2026-04-09 14:10:00.074247
2026040901034111,NBL,62,26,400,282.0,112800.0,Capital Max Securities Ltd,Asian Securities Private Ltd.,2026-04-09 14:13:06.119666
2026040901034112,NBL,62,58,500,282.0,141000.0,Capital Max Securities Ltd,Naasa Securities Co. Ltd.,2026-04-09 14:13:06.120073
2026040901034113,NBL,62,39,1000,282.5,282500.0,Capital Max Securities Ltd,Sumeru Securities Pvt. Ltd.,2026-04-09 14:13:06.120249
2026040901034114,NBL,62,25,16,282.6,4521.6,Capital Max Securities Ltd,Sweta Securities Private Limited,2026-04-09 14:13:06.120424
2026040901034115,NBL,62,54,508,282.6,143560.8,Capital Max Securities Ltd,Sewa Securities Pvt. Ltd.,2026-04-09 14:13:06.120594
2026040901034116,NBL,62,58,100,282.6,28260.0,Capital Max Securities Ltd,Naasa Securities Co. Ltd.,2026-04-09 14:13:06.120754
2026040901034117,NBL,62,45,100,282.6,28260.0,Capital Max Securities Ltd,Imperial Securities Company Pvt. Ltd.,2026-04-09 14:13:06.120915
2026040901034118,NBL,62,41,1000,282.6,282600.0,Capital Max Securities Ltd,Linch Stock Market Ltd.,2026-04-09 14:13:06.121087
2026040901034119,NBL,62,32,500,282.7,141350.0,Capital Max Securities Ltd,Premier Securities Company Ltd.,2026-04-09 14:13:06.121260
2026040901034120,NBL,62,43,100,282.8,28280.0,Capital Max Securities Ltd,South Asian Bulls Pvt. Ltd.,2026-04-09 14:13:06.121427
2026040901034121,NBL,62,34,130,282.8,36764.0,Capital Max Securities Ltd,Vision Securities Pvt. Ltd,2026-04-09 14:13:06.121593
2026040901034122,NBL,62,65,690,282.9,195201.0,Capital Max Securities Ltd,Sharepro Securities Private Limited,2026-04-09 14:13:06.121754
2026040901034123,NBL,62,38,60,282.9,16974.0,Capital Max Securities Ltd,Dipshikha Dhitopatra Karobar Co. Pvt Ltd.,2026-04-09 14:13:06.121912
2026040901034124,NBL,62,14,10,282.9,2829.0,Capital Max Securities Ltd,Nepal Stock House (PVT) Ltd.,2026-04-09 14:13:06.122101
2026040901034125,NBL,62,96,4886,282.9,1382249.4,Capital Max Securities Ltd,Himalayan Securities Limited,2026-04-09 14:13:06.122259
2026040901034129,NBL,17,96,3114,282.9,880950.6,ABC Securities Private Limited,Himalayan Securities Limited,2026-04-09 14:13:07.717735
2026040901034130,NBL,17,35,447,282.9,126456.3,ABC Securities Private Limited,Kohinoor Investment & Securities Pvt. Ltd.,2026-04-09 14:13:07.718641
2026040901034131,NBL,17,32,30,283.0,8490.0,ABC Securities Private Limited,Premier Securities Company Ltd.,2026-04-09 14:13:07.719367
2026040901034132,NBL,17,35,400,283.0,113200.0,ABC Securities Private Limited,Kohinoor Investment & Securities Pvt. Ltd.,2026-04-09 14:13:07.720097
2026040901034133,NBL,17,50,300,283.0,84900.0,ABC Securities Private Limited,Cristal Kanchanjanga Securites Pvt. Ltd.,2026-04-09 14:13:07.720776
2026040901034134,NBL,17,94,40,283.0,11320.0,ABC Securities Private Limited,K.B.L. Securities Limited ,2026-04-09 14:13:07.721467
2026040901034135,NBL,17,51,732,283.0,207156.0,ABC Securities Private Limited,Oxford Securities Pvt. Ltd.,2026-04-09 14:13:07.722169
2026040901034136,NBL,17,75,200,283.0,56600.0,ABC Securities Private Limited,N.I.M.B. Stock Markets Limited,2026-04-09 14:13:07.722935
2026040901034137,NBL,17,58,300,283.0,84900.0,ABC Securities Private Limited,Naasa Securities Co. Ltd.,2026-04-09 14:13:07.723671
2026040901034138,NBL,17,34,1020,283.0,288660.0,ABC Securities Private Limited,Vision Securities Pvt. Ltd,2026-04-09 14:13:07.724360
2026040901034139,NBL,17,52,58,283.0,16414.0,ABC Securities Private Limited,Sundhara Securities Limited,2026-04-09 14:13:07.725051
2026040901034140,NBL,17,36,1000,283.0,283000.0,ABC Securities Private Limited,Secured Securities Ltd.,2026-04-09 14:13:07.725705
2026040901034141,NBL,17,35,40,283.0,11320.0,ABC Securities Private Limited,Kohinoor Investment & Securities Pvt. Ltd.,2026-04-09 14:13:07.726378
2026040901034142,NBL,17,86,147,283.0,41601.0,ABC Securities Private Limited,Stoxkarts Securities Limited,2026-04-09 14:13:07.727039
2026040901034143,NBL,17,54,590,283.0,166970.0,ABC Securities Private Limited,Sewa Securities Pvt. Ltd.,2026-04-09 14:13:07.727691
2026040901034144,NBL,17,34,374,283.0,105842.0,ABC Securities Private Limited,Vision Securities Pvt. Ltd,2026-04-09 14:13:07.728358
2026040901034145,NBL,17,4,1208,283.0,341864.0,ABC Securities Private Limited,Opal Securities Investment (PVT) Ltd.,2026-04-09 14:13:07.728998
2026040901034177,NBL,17,4,1792,283.0,507136.0,ABC Securities Private Limited,Opal Securities Investment (PVT) Ltd.,2026-04-09 14:13:32.157692
2026040901034178,NBL,17,36,2020,283.0,571660.0,ABC Securities Private Limited,Secured Securities Ltd.,2026-04-09 14:13:32.158378
2026040901034179,NBL,17,57,500,283.0,141500.0,ABC Securities Private Limited,Aryatara Investment & Securities,2026-04-09 14:13:32.158819
2026040901034180,NBL,17,6,200,283.0,56600.0,ABC Securities Private Limited,Agrawal Securities (PVT) Ltd.,2026-04-09 14:13:32.159289
2026040901034181,NBL,17,58,20,283.0,5660.0,ABC Securities Private Limited,Naasa Securities Co. Ltd.,2026-04-09 14:13:32.159840
2026040901034182,NBL,17,48,1000,283.0,283000.0,ABC Securities Private Limited,Trishakti Securities Public Limited,2026-04-09 14:13:32.160314
2026040901034183,NBL,17,47,768,283.0,217344.0,ABC Securities Private Limited,Neev Securities Pvt. Ltd.,2026-04-09 14:13:32.160848
2026040901034353,NBL,86,47,87,283.0,24621.0,Stoxkarts Securities Limited,Neev Securities Pvt. Ltd.,2026-04-09 14:15:35.713411
2026040901034354,NBL,86,48,10,283.0,2830.0,Stoxkarts Securities Limited,Trishakti Securities Public Limited,2026-04-09 14:15:35.714309
2026040901034355,NBL,86,45,250,283.0,70750.0,Stoxkarts Securities Limited,Imperial Securities Company Pvt. Ltd.,2026-04-09 14:15:35.714882
2026040901034356,NBL,86,41,653,283.0,184799.0,Stoxkarts Securities Limited,Linch Stock Market Ltd.,2026-04-09 14:15:35.715403
2026040901034361,NBL,49,41,347,283.0,98201.0,Online Securities Pvt. Ltd.,Linch Stock Market Ltd.,2026-04-09 14:15:37.900455
2026040901034362,NBL,49,16,200,283.5,56700.0,Online Securities Pvt. Ltd.,Primo Securities (PVT) Ltd.,2026-04-09 14:15:37.900571
2026040901034363,NBL,49,65,4453,283.9,1264206.7,Online Securities Pvt. Ltd.,Sharepro Securities Private Limited,2026-04-09 14:15:37.900676
2026040901034434,NBL,68,65,500,283.9,141950.0,Elite Stock House Limited,Sharepro Securities Private Limited,2026-04-09 14:16:26.009893
2026040901034573,NBL,51,65,100,283.9,28390.0,Oxford Securities Pvt. Ltd.,Sharepro Securities Private Limited,2026-04-09 14:17:24.884713
2026040901034601,NBL,42,65,30,283.9,8517.0,Sani Securities Company Ltd.,Sharepro Securities Private Limited,2026-04-09 14:17:40.418149
2026040901034641,NBL,36,26,250,283.8,70950.0,Secured Securities Ltd.,Asian Securities Private Ltd.,2026-04-09 14:18:03.216521
2026040901034755,NBL,84,4,191,282.2,53900.2,MILKY WAY SHARE BROKER COMPANY LTD ,Opal Securities Investment (PVT) Ltd.,2026-04-09 14:19:03.710730
2026040901034838,NBL,84,62,1309,282.2,369399.8,MILKY WAY SHARE BROKER COMPANY LTD ,Capital Max Securities Ltd,2026-04-09 14:20:00.987655
2026040901034839,NBL,49,62,225,282.2,63495.0,Online Securities Pvt. Ltd.,Capital Max Securities Ltd,2026-04-09 14:20:00.988361
2026040901034907,NBL,81,32,1008,282.1,284356.8,Aakashbhairab Securities Ltd.,Premier Securities Company Ltd.,2026-04-09 14:20:36.529167
2026040901034967,NBL,81,62,1492,282.1,420893.2,Aakashbhairab Securities Ltd.,Capital Max Securities Ltd,2026-04-09 14:20:58.995155
2026040901035006,NBL,4,58,10,282.0,2820.0,Opal Securities Investment (PVT) Ltd.,Naasa Securities Co. Ltd.,2026-04-09 14:21:15.006748
2026040901035013,NBL,4,62,1990,282.0,561180.0,Opal Securities Investment (PVT) Ltd.,Capital Max Securities Ltd,2026-04-09 14:21:18.541565
2026040901035014,NBL,58,62,229,282.0,64578.0,Naasa Securities Co. Ltd.,Capital Max Securities Ltd,2026-04-09 14:21:18.542064
2026040901035015,NBL,4,62,40,282.0,11280.0,Opal Securities Investment (PVT) Ltd.,Capital Max Securities Ltd,2026-04-09 14:21:18.542240
2026040901035318,NBL,84,58,100,281.3,28130.0,MILKY WAY SHARE BROKER COMPANY LTD ,Naasa Securities Co. Ltd.,2026-04-09 14:23:32.509776
2026040901035407,NBL,84,38,116,281.3,32630.8,MILKY WAY SHARE BROKER COMPANY LTD ,Dipshikha Dhitopatra Karobar Co. Pvt Ltd.,2026-04-09 14:24:13.438637
2026040901035418,NBL,84,62,10,281.3,2813.0,MILKY WAY SHARE BROKER COMPANY LTD ,Capital Max Securities Ltd,2026-04-09 14:24:16.194851
2026040901035440,NBL,21,57,50,281.9,14095.0,Midas Stock Broking Company Private Limited,Aryatara Investment & Securities,2026-04-09 14:24:29.773589
2026040901035505,NBL,84,56,400,281.6,112640.0,MILKY WAY SHARE BROKER COMPANY LTD ,Sri Hari Securities Pvt. Ltd.,2026-04-09 14:25:31.572475
2026040901035506,NBL,84,57,205,281.9,57789.5,MILKY WAY SHARE BROKER COMPANY LTD ,Aryatara Investment & Securities,2026-04-09 14:25:31.572509
2026040901035507,NBL,84,45,91,282.0,25662.0,MILKY WAY SHARE BROKER COMPANY LTD ,Imperial Securities Company Pvt. Ltd.,2026-04-09 14:25:31.572533
2026040901035508,NBL,84,49,114,282.0,32148.0,MILKY WAY SHARE BROKER COMPANY LTD ,Online Securities Pvt. Ltd.,2026-04-09 14:25:31.572555
2026040901035779,NBL,34,35,100,281.6,28160.0,Vision Securities Pvt. Ltd,Kohinoor Investment & Securities Pvt. Ltd.,2026-04-09 14:28:09.746607
2026040901035780,NBL,44,35,50,281.5,14075.0,Dynamic Money Managers Securities Pvt. Ltd.,Kohinoor Investment & Securities Pvt. Ltd.,2026-04-09 14:28:09.747306
2026040901035781,NBL,62,35,150,281.5,42225.0,Capital Max Securities Ltd,Kohinoor Investment & Securities Pvt. Ltd.,2026-04-09 14:28:09.747813
2026040901035843,NBL,81,14,300,281.7,84510.0,Aakashbhairab Securities Ltd.,Nepal Stock House (PVT) Ltd.,2026-04-09 14:28:43.522489
2026040901036062,NBL,5,58,20,282.0,5640.0,Market Securities & Exchange (PVT) Ltd.,Naasa Securities Co. Ltd.,2026-04-09 14:30:32.747984
2026040901036063,NBL,5,49,17,282.1,4795.7,Market Securities & Exchange (PVT) Ltd.,Online Securities Pvt. Ltd.,2026-04-09 14:30:32.748369
2026040901036064,NBL,5,26,13,282.2,3668.6,Market Securities & Exchange (PVT) Ltd.,Asian Securities Private Ltd.,2026-04-09 14:30:32.748542
2026040901036424,NBL,56,26,100,282.2,28220.0,Sri Hari Securities Pvt. Ltd.,Asian Securities Private Ltd.,2026-04-09 14:32:54.620240
2026040901036515,NBL,58,22,20,282.3,5646.0,Naasa Securities Co. Ltd.,Siprabi Securities Pvt. Ltd.,2026-04-09 14:35:01.175417
2026040901036585,NBL,17,58,100,282.5,28250.0,ABC Securities Private Limited,Naasa Securities Co. Ltd.,2026-04-09 14:35:36.896720
2026040901036586,NBL,17,43,500,282.9,141450.0,ABC Securities Private Limited,South Asian Bulls Pvt. Ltd.,2026-04-09 14:35:36.897472
2026040901036587,NBL,17,38,500,282.9,141450.0,ABC Securities Private Limited,Dipshikha Dhitopatra Karobar Co. Pvt Ltd.,2026-04-09 14:35:36.897973
2026040901036588,NBL,17,58,200,282.9,56580.0,ABC Securities Private Limited,Naasa Securities Co. Ltd.,2026-04-09 14:35:36.898492
2026040901036589,NBL,17,42,50,283.0,14150.0,ABC Securities Private Limited,Sani Securities Company Ltd.,2026-04-09 14:35:36.898982
2026040901036590,NBL,17,62,2000,283.0,566000.0,ABC Securities Private Limited,Capital Max Securities Ltd,2026-04-09 14:35:36.899483
2026040901036591,NBL,17,34,100,283.0,28300.0,ABC Securities Private Limited,Vision Securities Pvt. Ltd,2026-04-09 14:35:36.899975
2026040901036592,NBL,17,26,500,283.0,141500.0,ABC Securities Private Limited,Asian Securities Private Ltd.,2026-04-09 14:35:36.900472
2026040901036593,NBL,17,11,50,283.0,14150.0,ABC Securities Private Limited,Malla & Malla Stock Broking Company Pvt. Limited,2026-04-09 14:35:36.900957
2026040901036609,NBL,58,57,30,282.5,8475.0,Naasa Securities Co. Ltd.,Aryatara Investment & Securities,2026-04-09 14:35:50.583550
2026040901036610,NBL,17,57,70,282.1,19747.0,ABC Securities Private Limited,Aryatara Investment & Securities,2026-04-09 14:35:50.584311
2026040901036679,NBL,32,35,150,283.5,42525.0,Premier Securities Company Ltd.,Kohinoor Investment & Securities Pvt. Ltd.,2026-04-09 14:36:31.382156
2026040901036727,NBL,33,45,90,282.5,25425.0,Dakshinkali Investment & Securities Pvt. Ltd.,Imperial Securities Company Pvt. Ltd.,2026-04-09 14:37:02.659574
2026040901036883,NBL,34,49,123,282.2,34710.6,Vision Securities Pvt. Ltd,Online Securities Pvt. Ltd.,2026-04-09 14:37:55.730442
2026040901036987,NBL,58,45,10,282.5,2825.0,Naasa Securities Co. Ltd.,Imperial Securities Company Pvt. Ltd.,2026-04-09 14:38:39.569712
2026040901037030,NBL,49,56,25,283.0,7075.0,Online Securities Pvt. Ltd.,Sri Hari Securities Pvt. Ltd.,2026-04-09 14:38:53.376262
2026040901037050,NBL,84,56,465,283.0,131595.0,MILKY WAY SHARE BROKER COMPANY LTD ,Sri Hari Securities Pvt. Ltd.,2026-04-09 14:39:05.274682
2026040901037051,NBL,84,41,100,283.0,28300.0,MILKY WAY SHARE BROKER COMPANY LTD ,Linch Stock Market Ltd.,2026-04-09 14:39:05.275534
2026040901037052,NBL,84,59,1100,283.0,311300.0,MILKY WAY SHARE BROKER COMPANY LTD ,Deevyaa Securities & Stock House Pvt. Ltd,2026-04-09 14:39:05.276174
2026040901037172,NBL,84,26,250,283.0,70750.0,MILKY WAY SHARE BROKER COMPANY LTD ,Asian Securities Private Ltd.,2026-04-09 14:39:50.303715
2026040901037375,NBL,84,8,52,283.0,14716.0,MILKY WAY SHARE BROKER COMPANY LTD ,Brilliant Securities Pvt. Ltd.,2026-04-09 14:41:13.002789
2026040901037443,NBL,84,41,33,283.0,9339.0,MILKY WAY SHARE BROKER COMPANY LTD ,Linch Stock Market Ltd.,2026-04-09 14:41:39.708300
2026040901037444,NBL,84,41,217,283.0,61411.0,MILKY WAY SHARE BROKER COMPANY LTD ,Linch Stock Market Ltd.,2026-04-09 14:41:39.709097
2026040901037502,NBL,84,34,258,283.0,73014.0,MILKY WAY SHARE BROKER COMPANY LTD ,Vision Securities Pvt. Ltd,2026-04-09 14:42:04.068878
2026040901037517,NBL,84,26,200,283.0,56600.0,MILKY WAY SHARE BROKER COMPANY LTD ,Asian Securities Private Ltd.,2026-04-09 14:42:09.539396
2026040901037518,NBL,32,35,100,283.5,28350.0,Premier Securities Company Ltd.,Kohinoor Investment & Securities Pvt. Ltd.,2026-04-09 14:42:09.969512
2026040901037523,NBL,39,35,20,283.5,5670.0,Sumeru Securities Pvt. Ltd.,Kohinoor Investment & Securities Pvt. Ltd.,2026-04-09 14:42:12.909120
2026040901037524,NBL,84,38,325,283.0,91975.0,MILKY WAY SHARE BROKER COMPANY LTD ,Dipshikha Dhitopatra Karobar Co. Pvt Ltd.,2026-04-09 14:42:13.046937
2026040901037639,NBL,58,38,78,282.5,22035.0,Naasa Securities Co. Ltd.,Dipshikha Dhitopatra Karobar Co. Pvt Ltd.,2026-04-09 14:43:04.265242
2026040901037640,NBL,45,38,127,282.5,35877.5,Imperial Securities Company Pvt. Ltd.,Dipshikha Dhitopatra Karobar Co. Pvt Ltd.,2026-04-09 14:43:04.266010
2026040901037641,NBL,45,38,300,282.3,84690.0,Imperial Securities Company Pvt. Ltd.,Dipshikha Dhitopatra Karobar Co. Pvt Ltd.,2026-04-09 14:43:04.266629
2026040901037642,NBL,33,38,495,282.3,139738.5,Dakshinkali Investment & Securities Pvt. Ltd.,Dipshikha Dhitopatra Karobar Co. Pvt Ltd.,2026-04-09 14:43:04.267208
2026040901037777,NBL,33,25,500,282.3,141150.0,Dakshinkali Investment & Securities Pvt. Ltd.,Sweta Securities Private Limited,2026-04-09 14:43:39.168310
2026040901037793,NBL,59,62,2000,283.0,566000.0,Deevyaa Securities & Stock House Pvt. Ltd,Capital Max Securities Ltd,2026-04-09 14:43:50.402302
2026040901037794,NBL,59,51,1000,283.0,283000.0,Deevyaa Securities & Stock House Pvt. Ltd,Oxford Securities Pvt. Ltd.,2026-04-09 14:43:50.403044
2026040901037834,NBL,54,38,1000,282.9,282900.0,Sewa Securities Pvt. Ltd.,Dipshikha Dhitopatra Karobar Co. Pvt Ltd.,2026-04-09 14:44:01.266907
2026040901037939,NBL,49,35,430,283.5,121905.0,Online Securities Pvt. Ltd.,Kohinoor Investment & Securities Pvt. Ltd.,2026-04-09 14:44:49.692039
2026040901037940,NBL,49,86,70,283.5,19845.0,Online Securities Pvt. Ltd.,Stoxkarts Securities Limited,2026-04-09 14:44:49.692451
2026040901037988,NBL,36,86,30,283.5,8505.0,Secured Securities Ltd.,Stoxkarts Securities Limited,2026-04-09 14:45:05.980289
2026040901037989,NBL,36,36,600,283.5,170100.0,Secured Securities Ltd.,Secured Securities Ltd.,2026-04-09 14:45:05.980718
2026040901038044,NBL,81,3,150,283.6,42540.0,Aakashbhairab Securities Ltd.,Arun Securities (PVT) Ltd.,2026-04-09 14:45:30.838715
2026040901038045,NBL,81,32,500,283.8,141900.0,Aakashbhairab Securities Ltd.,Premier Securities Company Ltd.,2026-04-09 14:45:30.839452
2026040901038046,NBL,81,39,200,283.8,56760.0,Aakashbhairab Securities Ltd.,Sumeru Securities Pvt. Ltd.,2026-04-09 14:45:30.839946
2026040901038047,NBL,81,34,400,283.8,113520.0,Aakashbhairab Securities Ltd.,Vision Securities Pvt. Ltd,2026-04-09 14:45:30.840449
2026040901038113,NBL,81,26,200,283.8,56760.0,Aakashbhairab Securities Ltd.,Asian Securities Private Ltd.,2026-04-09 14:45:49.289463
2026040901038221,NBL,84,65,2000,283.9,567800.0,MILKY WAY SHARE BROKER COMPANY LTD ,Sharepro Securities Private Limited,2026-04-09 14:46:38.471841
2026040901038263,NBL,81,1,18,283.8,5108.4,Aakashbhairab Securities Ltd.,Kumari Securities Private Limited,2026-04-09 14:46:49.609488
2026040901038339,NBL,81,58,100,283.8,28380.0,Aakashbhairab Securities Ltd.,Naasa Securities Co. Ltd.,2026-04-09 14:47:10.489131
2026040901038340,NBL,81,49,632,283.8,179361.6,Aakashbhairab Securities Ltd.,Online Securities Pvt. Ltd.,2026-04-09 14:47:11.266886
2026040901038447,NBL,52,49,100,283.6,28360.0,Sundhara Securities Limited,Online Securities Pvt. Ltd.,2026-04-09 14:47:59.198768
2026040901038448,NBL,36,49,370,283.5,104895.0,Secured Securities Ltd.,Online Securities Pvt. Ltd.,2026-04-09 14:47:59.199169
2026040901038634,NBL,35,49,70,283.0,19810.0,Kohinoor Investment & Securities Pvt. Ltd.,Online Securities Pvt. Ltd.,2026-04-09 14:49:06.763586
2026040901038795,NBL,34,53,100,283.3,28330.0,Vision Securities Pvt. Ltd,Investment Management Nepal Pvt. Ltd.,2026-04-09 14:50:03.132642
2026040901038796,NBL,34,38,400,283.4,113360.0,Vision Securities Pvt. Ltd,Dipshikha Dhitopatra Karobar Co. Pvt Ltd.,2026-04-09 14:50:03.133403
2026040901038919,NBL,25,35,231,283.0,65373.0,Sweta Securities Private Limited,Kohinoor Investment & Securities Pvt. Ltd.,2026-04-09 14:50:31.960880
2026040901039197,NBL,25,62,769,283.0,217627.0,Sweta Securities Private Limited,Capital Max Securities Ltd,2026-04-09 14:51:49.404895
2026040901039198,NBL,16,62,231,283.0,65373.0,Primo Securities (PVT) Ltd.,Capital Max Securities Ltd,2026-04-09 14:51:49.405322
2026040901039256,NBL,45,38,275,283.4,77935.0,Imperial Securities Company Pvt. Ltd.,Dipshikha Dhitopatra Karobar Co. Pvt Ltd.,2026-04-09 14:52:06.505103
2026040901039257,NBL,45,18,200,283.4,56680.0,Imperial Securities Company Pvt. Ltd.,Sagarmatha Securities Private Limited,2026-04-09 14:52:06.505858
2026040901039258,NBL,45,43,25,283.4,7085.0,Imperial Securities Company Pvt. Ltd.,South Asian Bulls Pvt. Ltd.,2026-04-09 14:52:06.506382
2026040901039274,NBL,5,43,10,283.4,2834.0,Market Securities & Exchange (PVT) Ltd.,South Asian Bulls Pvt. Ltd.,2026-04-09 14:52:12.353252
2026040901039361,NBL,42,17,100,283.4,28340.0,Sani Securities Company Ltd.,ABC Securities Private Limited,2026-04-09 14:52:39.926457
2026040901039417,NBL,16,62,69,283.0,19527.0,Primo Securities (PVT) Ltd.,Capital Max Securities Ltd,2026-04-09 14:52:56.670664
2026040901039418,NBL,33,62,1500,282.7,424050.0,Dakshinkali Investment & Securities Pvt. Ltd.,Capital Max Securities Ltd,2026-04-09 14:52:56.671082
2026040901039435,NBL,26,17,900,283.4,255060.0,Asian Securities Private Ltd.,ABC Securities Private Limited,2026-04-09 14:53:00.862459
2026040901039436,NBL,26,49,100,283.5,28350.0,Asian Securities Private Ltd.,Online Securities Pvt. Ltd.,2026-04-09 14:53:00.862502
2026040901039439,NBL,25,49,250,283.5,70875.0,Sweta Securities Private Limited,Online Securities Pvt. Ltd.,2026-04-09 14:53:01.183441
2026040901039441,NBL,62,49,4180,283.5,1185030.0,Capital Max Securities Ltd,Online Securities Pvt. Ltd.,2026-04-09 14:53:01.748755
2026040901039442,NBL,62,49,470,283.5,133245.0,Capital Max Securities Ltd,Online Securities Pvt. Ltd.,2026-04-09 14:53:01.748836
2026040901039443,NBL,62,34,70,283.5,19845.0,Capital Max Securities Ltd,Vision Securities Pvt. Ltd,2026-04-09 14:53:01.748862
2026040901039444,NBL,62,49,100,283.8,28380.0,Capital Max Securities Ltd,Online Securities Pvt. Ltd.,2026-04-09 14:53:01.748908
2026040901039445,NBL,62,22,350,283.8,99330.0,Capital Max Securities Ltd,Siprabi Securities Pvt. Ltd.,2026-04-09 14:53:01.748931
2026040901039446,NBL,62,43,40,283.8,11352.0,Capital Max Securities Ltd,South Asian Bulls Pvt. Ltd.,2026-04-09 14:53:01.748961
2026040901039447,NBL,62,65,2082,283.9,591079.8,Capital Max Securities Ltd,Sharepro Securities Private Limited,2026-04-09 14:53:01.748986
2026040901039448,NBL,62,41,1000,283.9,283900.0,Capital Max Securities Ltd,Linch Stock Market Ltd.,2026-04-09 14:53:01.749032
2026040901039449,NBL,62,35,1708,284.0,485072.0,Capital Max Securities Ltd,Kohinoor Investment & Securities Pvt. Ltd.,2026-04-09 14:53:01.749056
2026040901039493,NBL,84,35,5292,284.0,1502928.0,MILKY WAY SHARE BROKER COMPANY LTD ,Kohinoor Investment & Securities Pvt. Ltd.,2026-04-09 14:53:16.593320
2026040901039494,NBL,84,5,40,284.0,11360.0,MILKY WAY SHARE BROKER COMPANY LTD ,Market Securities & Exchange (PVT) Ltd.,2026-04-09 14:53:16.594079
2026040901039495,NBL,84,21,200,284.0,56800.0,MILKY WAY SHARE BROKER COMPANY LTD ,Midas Stock Broking Company Private Limited,2026-04-09 14:53:16.594568
2026040901039496,NBL,84,4,50,284.0,14200.0,MILKY WAY SHARE BROKER COMPANY LTD ,Opal Securities Investment (PVT) Ltd.,2026-04-09 14:53:16.595070
2026040901039497,NBL,84,50,51,284.0,14484.0,MILKY WAY SHARE BROKER COMPANY LTD ,Cristal Kanchanjanga Securites Pvt. Ltd.,2026-04-09 14:53:16.595556
2026040901039498,NBL,84,32,145,284.0,41180.0,MILKY WAY SHARE BROKER COMPANY LTD ,Premier Securities Company Ltd.,2026-04-09 14:53:16.596053
2026040901039499,NBL,84,11,260,284.0,73840.0,MILKY WAY SHARE BROKER COMPANY LTD ,Malla & Malla Stock Broking Company Pvt. Limited,2026-04-09 14:53:16.596537
2026040901039500,NBL,84,41,51,284.0,14484.0,MILKY WAY SHARE BROKER COMPANY LTD ,Linch Stock Market Ltd.,2026-04-09 14:53:16.597018
2026040901039501,NBL,84,7,725,284.0,205900.0,MILKY WAY SHARE BROKER COMPANY LTD ,J.F. Securites (PVT) Ltd.,2026-04-09 14:53:16.597509
2026040901039502,NBL,84,58,22,284.0,6248.0,MILKY WAY SHARE BROKER COMPANY LTD ,Naasa Securities Co. Ltd.,2026-04-09 14:53:16.597987
2026040901039503,NBL,84,74,164,284.0,46576.0,MILKY WAY SHARE BROKER COMPANY LTD ,KALASH STOCK MARKET PVT. LTD.,2026-04-09 14:53:16.598486
2026040901039578,NBL,49,26,3,282.2,846.6,Online Securities Pvt. Ltd.,Asian Securities Private Ltd.,2026-04-09 14:53:40.337657
2026040901039635,NBL,7,43,45,283.9,12775.5,J.F. Securites (PVT) Ltd.,South Asian Bulls Pvt. Ltd.,2026-04-09 14:54:00.154799
2026040901039636,NBL,7,74,66,284.0,18744.0,J.F. Securites (PVT) Ltd.,KALASH STOCK MARKET PVT. LTD.,2026-04-09 14:54:00.154926
2026040901039637,NBL,7,4,20,284.0,5680.0,J.F. Securites (PVT) Ltd.,Opal Securities Investment (PVT) Ltd.,2026-04-09 14:54:00.154992
2026040901039638,NBL,7,41,369,284.0,104796.0,J.F. Securites (PVT) Ltd.,Linch Stock Market Ltd.,2026-04-09 14:54:00.155082
2026040901039817,NBL,58,25,15,283.6,4254.0,Naasa Securities Co. Ltd.,Sweta Securities Private Limited,2026-04-09 14:54:54.073051
2026040901039818,NBL,34,25,85,283.5,24097.5,Vision Securities Pvt. Ltd,Sweta Securities Private Limited,2026-04-09 14:54:54.073804
2026040901039832,NBL,49,11,8,283.0,2264.0,Online Securities Pvt. Ltd.,Malla & Malla Stock Broking Company Pvt. Limited,2026-04-09 14:54:58.640623
2026040901039894,NBL,46,41,381,284.0,108204.0,Kalika Securities Pvt. Ltd.,Linch Stock Market Ltd.,2026-04-09 14:55:20.087989
2026040901039952,NBL,34,43,162,283.5,45927.0,Vision Securities Pvt. Ltd,South Asian Bulls Pvt. Ltd.,2026-04-09 14:55:31.834456
2026040901040018,NBL,34,14,50,283.5,14175.0,Vision Securities Pvt. Ltd,Nepal Stock House (PVT) Ltd.,2026-04-09 14:55:45.975937
2026040901040113,NBL,34,43,100,283.5,28350.0,Vision Securities Pvt. Ltd,South Asian Bulls Pvt. Ltd.,2026-04-09 14:56:03.134520
2026040901040155,NBL,34,83,103,283.5,29200.5,Vision Securities Pvt. Ltd,Sanima Securities Limited,2026-04-09 14:56:11.665032
2026040901040156,NBL,48,83,1000,283.4,283400.0,Trishakti Securities Public Limited,Sanima Securities Limited,2026-04-09 14:56:11.665385
2026040901040157,NBL,49,83,150,283.0,42450.0,Online Securities Pvt. Ltd.,Sanima Securities Limited,2026-04-09 14:56:11.665558
2026040901040381,NBL,39,83,747,283.0,211401.0,Sumeru Securities Pvt. Ltd.,Sanima Securities Limited,2026-04-09 14:56:50.123307
2026040901040382,NBL,39,25,100,283.5,28350.0,Sumeru Securities Pvt. Ltd.,Sweta Securities Private Limited,2026-04-09 14:56:50.123432
2026040901040383,NBL,39,17,1500,283.8,425700.0,Sumeru Securities Pvt. Ltd.,ABC Securities Private Limited,2026-04-09 14:56:50.123500
2026040901040384,NBL,39,32,200,284.0,56800.0,Sumeru Securities Pvt. Ltd.,Premier Securities Company Ltd.,2026-04-09 14:56:50.123586
2026040901040385,NBL,39,40,2000,284.0,568000.0,Sumeru Securities Pvt. Ltd.,Creative Securities Pvt Ltd,2026-04-09 14:56:50.123662
2026040901040386,NBL,39,43,453,284.0,128652.0,Sumeru Securities Pvt. Ltd.,South Asian Bulls Pvt. Ltd.,2026-04-09 14:56:50.123735
2026040901040516,NBL,45,7,200,282.7,56540.0,Imperial Securities Company Pvt. Ltd.,J.F. Securites (PVT) Ltd.,2026-04-09 14:57:21.688743
2026040901040568,NBL,1,42,200,282.6,56520.0,Kumari Securities Private Limited,Sani Securities Company Ltd.,2026-04-09 14:57:32.154555
2026040901040599,NBL,25,7,300,282.7,84810.0,Sweta Securities Private Limited,J.F. Securites (PVT) Ltd.,2026-04-09 14:57:43.908777
2026040901040737,NBL,17,35,1000,283.0,283000.0,ABC Securities Private Limited,Kohinoor Investment & Securities Pvt. Ltd.,2026-04-09 14:58:15.630578
2026040901040816,NBL,17,43,547,283.0,154801.0,ABC Securities Private Limited,South Asian Bulls Pvt. Ltd.,2026-04-09 14:58:27.863811
2026040901040900,NBL,38,43,50,283.7,14185.0,Dipshikha Dhitopatra Karobar Co. Pvt Ltd.,South Asian Bulls Pvt. Ltd.,2026-04-09 14:58:40.259646
2026040901041073,NBL,34,32,1000,283.5,283500.0,Vision Securities Pvt. Ltd,Premier Securities Company Ltd.,2026-04-09 14:59:13.161997
2026040901041074,NBL,34,43,50,283.7,14185.0,Vision Securities Pvt. Ltd,South Asian Bulls Pvt. Ltd.,2026-04-09 14:59:13.162049
2026040901041075,NBL,34,49,90,283.9,25551.0,Vision Securities Pvt. Ltd,Online Securities Pvt. Ltd.,2026-04-09 14:59:13.162078
2026040901041076,NBL,34,32,100,284.0,28400.0,Vision Securities Pvt. Ltd,Premier Securities Company Ltd.,2026-04-09 14:59:13.162108
2026040901041077,NBL,34,28,500,284.0,142000.0,Vision Securities Pvt. Ltd,Shree Krishna Securities Ltd.,2026-04-09 14:59:13.162132
2026040901041078,NBL,34,45,210,284.0,59640.0,Vision Securities Pvt. Ltd,Imperial Securities Company Pvt. Ltd.,2026-04-09 14:59:13.162160
2026040901041079,NBL,34,74,2139,284.0,607476.0,Vision Securities Pvt. Ltd,KALASH STOCK MARKET PVT. LTD.,2026-04-09 14:59:13.162184
2026040901041080,NBL,34,38,100,284.0,28400.0,Vision Securities Pvt. Ltd,Dipshikha Dhitopatra Karobar Co. Pvt Ltd.,2026-04-09 14:59:13.162212
2026040901041081,NBL,34,21,92,284.0,26128.0,Vision Securities Pvt. Ltd,Midas Stock Broking Company Private Limited,2026-04-09 14:59:13.162237
2026040901041082,NBL,34,46,62,284.4,17632.8,Vision Securities Pvt. Ltd,Kalika Securities Pvt. Ltd.,2026-04-09 14:59:13.162267
2026040901041083,NBL,34,21,600,284.4,170640.0,Vision Securities Pvt. Ltd,Midas Stock Broking Company Private Limited,2026-04-09 14:59:13.162295
2026040901041084,NBL,34,47,100,284.5,28450.0,Vision Securities Pvt. Ltd,Neev Securities Pvt. Ltd.,2026-04-09 14:59:13.162322
2026040901041085,NBL,34,42,500,284.5,142250.0,Vision Securities Pvt. Ltd,Sani Securities Company Ltd.,2026-04-09 14:59:13.162350
2026040901041086,NBL,34,38,91,284.5,25889.5,Vision Securities Pvt. Ltd,Dipshikha Dhitopatra Karobar Co. Pvt Ltd.,2026-04-09 14:59:13.162370
2026040901041087,NBL,34,25,300,284.7,85410.0,Vision Securities Pvt. Ltd,Sweta Securities Private Limited,2026-04-09 14:59:13.162404
2026040901041088,NBL,34,1,110,284.8,31328.0,Vision Securities Pvt. Ltd,Kumari Securities Private Limited,2026-04-09 14:59:13.162430
2026040901041089,NBL,34,43,500,284.8,142400.0,Vision Securities Pvt. Ltd,South Asian Bulls Pvt. Ltd.,2026-04-09 14:59:13.162454
2026040901041090,NBL,34,32,25,284.9,7122.5,Vision Securities Pvt. Ltd,Premier Securities Company Ltd.,2026-04-09 14:59:13.162519
2026040901041091,NBL,34,17,2700,284.9,769230.0,Vision Securities Pvt. Ltd,ABC Securities Private Limited,2026-04-09 14:59:13.162559
2026040901041092,NBL,34,8,100,285.0,28500.0,Vision Securities Pvt. Ltd,Brilliant Securities Pvt. Ltd.,2026-04-09 14:59:13.162588
2026040901041093,NBL,34,47,100,285.0,28500.0,Vision Securities Pvt. Ltd,Neev Securities Pvt. Ltd.,2026-04-09 14:59:13.162613
2026040901041094,NBL,34,1,500,285.0,142500.0,Vision Securities Pvt. Ltd,Kumari Securities Private Limited,2026-04-09 14:59:13.162638
2026040901041095,NBL,34,43,31,285.0,8835.0,Vision Securities Pvt. Ltd,South Asian Bulls Pvt. Ltd.,2026-04-09 14:59:13.162666
2026040901041137,NBL,17,58,20,283.0,5660.0,ABC Securities Private Limited,Naasa Securities Co. Ltd.,2026-04-09 14:59:18.339730
2026040901041168,NBL,45,14,300,283.7,85110.0,Imperial Securities Company Pvt. Ltd.,Nepal Stock House (PVT) Ltd.,2026-04-09 14:59:22.569488
2026040901041320,NBL,45,42,11,283.7,3120.7,Imperial Securities Company Pvt. Ltd.,Sani Securities Company Ltd.,2026-04-09 14:59:39.582931
2026040901041341,NBL,45,41,689,283.7,195469.3,Imperial Securities Company Pvt. Ltd.,Linch Stock Market Ltd.,2026-04-09 14:59:42.075449
2026040901041342,NBL,49,41,15,283.7,4255.5,Online Securities Pvt. Ltd.,Linch Stock Market Ltd.,2026-04-09 14:59:42.075799
2026040901041343,NBL,17,41,901,283.0,254983.0,ABC Securities Private Limited,Linch Stock Market Ltd.,2026-04-09 14:59:42.075961
2026040901041451,NBL,50,38,22,284.0,6248.0,Cristal Kanchanjanga Securites Pvt. Ltd.,Dipshikha Dhitopatra Karobar Co. Pvt Ltd.,2026-04-09 14:59:52.222752
2026040901041452,NBL,50,26,83,284.0,23572.0,Cristal Kanchanjanga Securites Pvt. Ltd.,Asian Securities Private Ltd.,2026-04-09 14:59:52.223129
