contract_id,symbol,buyer_member_id,seller_member_id,volume,price,amount,buyer_broker,seller_broker,transaction_time
2026040904000098,NGPL,44,75,1700,463.1,787270.0,Dynamic Money Managers Securities Pvt. Ltd.,N.I.M.B. Stock Markets Limited,2026-04-09 11:02:35.821558
2026040904000126,NGPL,94,11,100,464.0,46400.0,K.B.L. Securities Limited ,Malla & Malla Stock Broking Company Pvt. Limited,2026-04-09 11:03:24.269807
2026040904000306,NGPL,17,45,23,463.5,10660.5,ABC Securities Private Limited,Imperial Securities Company Pvt. Ltd.,2026-04-09 11:06:03.727195
2026040904000307,NGPL,33,45,977,463.5,452839.5,Dakshinkali Investment & Securities Pvt. Ltd.,Imperial Securities Company Pvt. Ltd.,2026-04-09 11:06:03.727338
2026040904000360,NGPL,33,14,100,463.5,46350.0,Dakshinkali Investment & Securities Pvt. Ltd.,Nepal Stock House (PVT) Ltd.,2026-04-09 11:06:44.420955
2026040904000394,NGPL,25,58,223,463.5,103360.5,Sweta Securities Private Limited,Naasa Securities Co. Ltd.,2026-04-09 11:07:13.019703
2026040904000399,NGPL,25,34,500,463.5,231750.0,Sweta Securities Private Limited,Vision Securities Pvt. Ltd,2026-04-09 11:07:14.571249
2026040904000403,NGPL,25,43,277,463.5,128389.5,Sweta Securities Private Limited,South Asian Bulls Pvt. Ltd.,2026-04-09 11:07:17.315882
2026040904000404,NGPL,26,43,100,463.0,46300.0,Asian Securities Private Ltd.,South Asian Bulls Pvt. Ltd.,2026-04-09 11:07:17.316052
2026040904000405,NGPL,46,43,18,463.0,8334.0,Kalika Securities Pvt. Ltd.,South Asian Bulls Pvt. Ltd.,2026-04-09 11:07:17.316114
2026040904000478,NGPL,25,38,200,464.0,92800.0,Sweta Securities Private Limited,Dipshikha Dhitopatra Karobar Co. Pvt Ltd.,2026-04-09 11:08:01.847391
2026040904000547,NGPL,52,33,100,463.2,46320.0,Sundhara Securities Limited,Dakshinkali Investment & Securities Pvt. Ltd.,2026-04-09 11:08:28.995895
2026040904000548,NGPL,46,33,982,463.0,454666.0,Kalika Securities Pvt. Ltd.,Dakshinkali Investment & Securities Pvt. Ltd.,2026-04-09 11:08:28.996033
2026040904000549,NGPL,58,33,500,463.0,231500.0,Naasa Securities Co. Ltd.,Dakshinkali Investment & Securities Pvt. Ltd.,2026-04-09 11:08:28.996095
2026040904000550,NGPL,33,33,418,463.0,193534.0,Dakshinkali Investment & Securities Pvt. Ltd.,Dakshinkali Investment & Securities Pvt. Ltd.,2026-04-09 11:08:28.996147
2026040904000580,NGPL,75,28,22,462.0,10164.0,N.I.M.B. Stock Markets Limited,Shree Krishna Securities Ltd.,2026-04-09 11:08:58.789232
2026040904000581,NGPL,58,28,3000,462.0,1386000.0,Naasa Securities Co. Ltd.,Shree Krishna Securities Ltd.,2026-04-09 11:08:58.789404
2026040904000585,NGPL,38,28,20,462.0,9240.0,Dipshikha Dhitopatra Karobar Co. Pvt Ltd.,Shree Krishna Securities Ltd.,2026-04-09 11:09:00.255079
2026040904000723,NGPL,75,58,22,461.0,10142.0,N.I.M.B. Stock Markets Limited,Naasa Securities Co. Ltd.,2026-04-09 11:10:02.740057
2026040904000724,NGPL,14,58,300,461.0,138300.0,Nepal Stock House (PVT) Ltd.,Naasa Securities Co. Ltd.,2026-04-09 11:10:02.740140
2026040904000725,NGPL,17,58,10,461.0,4610.0,ABC Securities Private Limited,Naasa Securities Co. Ltd.,2026-04-09 11:10:02.740166
2026040904000726,NGPL,45,58,500,460.1,230050.0,Imperial Securities Company Pvt. Ltd.,Naasa Securities Co. Ltd.,2026-04-09 11:10:02.740191
2026040904000727,NGPL,75,58,22,460.0,10120.0,N.I.M.B. Stock Markets Limited,Naasa Securities Co. Ltd.,2026-04-09 11:10:02.740210
2026040904000728,NGPL,51,58,500,460.0,230000.0,Oxford Securities Pvt. Ltd.,Naasa Securities Co. Ltd.,2026-04-09 11:10:02.740231
2026040904000729,NGPL,62,58,20,460.0,9200.0,Capital Max Securities Ltd,Naasa Securities Co. Ltd.,2026-04-09 11:10:02.740261
2026040904000730,NGPL,57,58,626,460.0,287960.0,Aryatara Investment & Securities,Naasa Securities Co. Ltd.,2026-04-09 11:10:02.740282
2026040904000777,NGPL,56,94,500,460.2,230100.0,Sri Hari Securities Pvt. Ltd.,K.B.L. Securities Limited ,2026-04-09 11:10:27.261803
2026040904000814,NGPL,57,5,374,460.0,172040.0,Aryatara Investment & Securities,Market Securities & Exchange (PVT) Ltd.,2026-04-09 11:10:57.696428
2026040904000815,NGPL,26,5,100,460.0,46000.0,Asian Securities Private Ltd.,Market Securities & Exchange (PVT) Ltd.,2026-04-09 11:10:57.696698
2026040904000816,NGPL,75,5,22,459.0,10098.0,N.I.M.B. Stock Markets Limited,Market Securities & Exchange (PVT) Ltd.,2026-04-09 11:10:57.696887
2026040904000817,NGPL,58,5,500,459.0,229500.0,Naasa Securities Co. Ltd.,Market Securities & Exchange (PVT) Ltd.,2026-04-09 11:10:57.697062
2026040904000818,NGPL,20,5,2000,459.0,918000.0,Sipla Securities Private Limited,Market Securities & Exchange (PVT) Ltd.,2026-04-09 11:10:57.697236
2026040904000819,NGPL,58,5,500,459.0,229500.0,Naasa Securities Co. Ltd.,Market Securities & Exchange (PVT) Ltd.,2026-04-09 11:10:57.697418
2026040904000866,NGPL,45,58,100,459.0,45900.0,Imperial Securities Company Pvt. Ltd.,Naasa Securities Co. Ltd.,2026-04-09 11:11:16.154435
2026040904000867,NGPL,33,58,175,459.0,80325.0,Dakshinkali Investment & Securities Pvt. Ltd.,Naasa Securities Co. Ltd.,2026-04-09 11:11:16.154565
2026040904000910,NGPL,33,34,500,459.0,229500.0,Dakshinkali Investment & Securities Pvt. Ltd.,Vision Securities Pvt. Ltd,2026-04-09 11:11:34.227650
2026040904000922,NGPL,60,58,20,459.1,9182.0,Nagarik Stock Dealer ,Naasa Securities Co. Ltd.,2026-04-09 11:11:45.539240
2026040904000923,NGPL,33,58,105,459.0,48195.0,Dakshinkali Investment & Securities Pvt. Ltd.,Naasa Securities Co. Ltd.,2026-04-09 11:11:45.539437
2026040904000927,NGPL,33,5,725,459.0,332775.0,Dakshinkali Investment & Securities Pvt. Ltd.,Market Securities & Exchange (PVT) Ltd.,2026-04-09 11:11:49.490167
2026040904000928,NGPL,7,5,275,459.0,126225.0,J.F. Securites (PVT) Ltd.,Market Securities & Exchange (PVT) Ltd.,2026-04-09 11:11:49.490310
2026040904000946,NGPL,7,58,20,459.0,9180.0,J.F. Securites (PVT) Ltd.,Naasa Securities Co. Ltd.,2026-04-09 11:12:07.314651
2026040904000962,NGPL,7,16,52,459.0,23868.0,J.F. Securites (PVT) Ltd.,Primo Securities (PVT) Ltd.,2026-04-09 11:12:27.805427
2026040904001184,NGPL,42,62,50,460.1,23005.0,Sani Securities Company Ltd.,Capital Max Securities Ltd,2026-04-09 11:15:39.408810
2026040904001188,NGPL,42,41,13,460.1,5981.3,Sani Securities Company Ltd.,Linch Stock Market Ltd.,2026-04-09 11:15:42.723968
2026040904001197,NGPL,44,5,10000,461.8,4618000.0,Dynamic Money Managers Securities Pvt. Ltd.,Market Securities & Exchange (PVT) Ltd.,2026-04-09 11:15:51.940531
2026040904001207,NGPL,56,18,500,461.9,230950.0,Sri Hari Securities Pvt. Ltd.,Sagarmatha Securities Private Limited,2026-04-09 11:16:12.794420
2026040904001229,NGPL,58,28,1000,462.0,462000.0,Naasa Securities Co. Ltd.,Shree Krishna Securities Ltd.,2026-04-09 11:16:32.108338
2026040904001263,NGPL,44,28,958,462.0,442596.0,Dynamic Money Managers Securities Pvt. Ltd.,Shree Krishna Securities Ltd.,2026-04-09 11:16:36.251475
2026040904001264,NGPL,44,41,80,462.0,36960.0,Dynamic Money Managers Securities Pvt. Ltd.,Linch Stock Market Ltd.,2026-04-09 11:16:36.251655
2026040904001265,NGPL,44,8,50,462.0,23100.0,Dynamic Money Managers Securities Pvt. Ltd.,Brilliant Securities Pvt. Ltd.,2026-04-09 11:16:36.251748
2026040904001274,NGPL,45,65,100,463.0,46300.0,Imperial Securities Company Pvt. Ltd.,Sharepro Securities Private Limited,2026-04-09 11:16:43.957393
2026040904001296,NGPL,91,65,200,463.0,92600.0,Citizens Share Broker Limited,Sharepro Securities Private Limited,2026-04-09 11:16:51.094146
2026040904001328,NGPL,53,65,700,463.0,324100.0,Investment Management Nepal Pvt. Ltd.,Sharepro Securities Private Limited,2026-04-09 11:17:08.969675
2026040904001329,NGPL,53,77,590,463.0,273170.0,Investment Management Nepal Pvt. Ltd.,Nabil Stock Dealer Ltd.,2026-04-09 11:17:08.969898
2026040904001352,NGPL,52,14,50,464.8,23240.0,Sundhara Securities Limited,Nepal Stock House (PVT) Ltd.,2026-04-09 11:17:17.300732
2026040904001353,NGPL,52,62,500,464.8,232400.0,Sundhara Securities Limited,Capital Max Securities Ltd,2026-04-09 11:17:17.300840
2026040904001354,NGPL,52,16,510,464.9,237099.0,Sundhara Securities Limited,Primo Securities (PVT) Ltd.,2026-04-09 11:17:17.300918
2026040904001355,NGPL,52,38,10,465.0,4650.0,Sundhara Securities Limited,Dipshikha Dhitopatra Karobar Co. Pvt Ltd.,2026-04-09 11:17:17.300994
2026040904001356,NGPL,52,62,100,465.0,46500.0,Sundhara Securities Limited,Capital Max Securities Ltd,2026-04-09 11:17:17.301068
2026040904001357,NGPL,52,39,30,466.0,13980.0,Sundhara Securities Limited,Sumeru Securities Pvt. Ltd.,2026-04-09 11:17:17.301145
2026040904001429,NGPL,36,29,250,465.9,116475.0,Secured Securities Ltd.,Trisul Securities & Invt. Ltd.,2026-04-09 11:17:54.418266
2026040904001459,NGPL,44,39,470,466.0,219020.0,Dynamic Money Managers Securities Pvt. Ltd.,Sumeru Securities Pvt. Ltd.,2026-04-09 11:18:16.701940
2026040904001460,NGPL,44,14,100,466.9,46690.0,Dynamic Money Managers Securities Pvt. Ltd.,Nepal Stock House (PVT) Ltd.,2026-04-09 11:18:16.702276
2026040904001461,NGPL,44,34,20,467.0,9340.0,Dynamic Money Managers Securities Pvt. Ltd.,Vision Securities Pvt. Ltd,2026-04-09 11:18:16.702526
2026040904001467,NGPL,44,19,23,467.0,10741.0,Dynamic Money Managers Securities Pvt. Ltd.,Nepal Investment And Securities Trading Private Limited,2026-04-09 11:18:19.783063
2026040904001496,NGPL,44,38,150,467.0,70050.0,Dynamic Money Managers Securities Pvt. Ltd.,Dipshikha Dhitopatra Karobar Co. Pvt Ltd.,2026-04-09 11:18:28.476130
2026040904001523,NGPL,44,42,37,467.0,17279.0,Dynamic Money Managers Securities Pvt. Ltd.,Sani Securities Company Ltd.,2026-04-09 11:18:45.614702
2026040904001539,NGPL,45,38,200,466.0,93200.0,Imperial Securities Company Pvt. Ltd.,Dipshikha Dhitopatra Karobar Co. Pvt Ltd.,2026-04-09 11:18:58.729876
2026040904001558,NGPL,53,33,1000,466.0,466000.0,Investment Management Nepal Pvt. Ltd.,Dakshinkali Investment & Securities Pvt. Ltd.,2026-04-09 11:19:21.708344
2026040904001578,NGPL,21,42,13,467.0,6071.0,Midas Stock Broking Company Private Limited,Sani Securities Company Ltd.,2026-04-09 11:19:43.621092
2026040904001579,NGPL,21,17,50,467.0,23350.0,Midas Stock Broking Company Private Limited,ABC Securities Private Limited,2026-04-09 11:19:43.621450
2026040904001580,NGPL,21,3,50,467.0,23350.0,Midas Stock Broking Company Private Limited,Arun Securities (PVT) Ltd.,2026-04-09 11:19:43.621670
2026040904001584,NGPL,53,69,52,466.0,24232.0,Investment Management Nepal Pvt. Ltd.,INDEX SECURITIES LIMITED,2026-04-09 11:19:47.677648
2026040904001629,NGPL,53,33,658,466.0,306628.0,Investment Management Nepal Pvt. Ltd.,Dakshinkali Investment & Securities Pvt. Ltd.,2026-04-09 11:20:09.263900
2026040904001640,NGPL,4,33,50,466.0,23300.0,Opal Securities Investment (PVT) Ltd.,Dakshinkali Investment & Securities Pvt. Ltd.,2026-04-09 11:20:21.251728
2026040904001670,NGPL,36,34,100,465.9,46590.0,Secured Securities Ltd.,Vision Securities Pvt. Ltd,2026-04-09 11:20:47.231594
2026040904001683,NGPL,36,58,150,465.9,69885.0,Secured Securities Ltd.,Naasa Securities Co. Ltd.,2026-04-09 11:20:57.843668
2026040904001709,NGPL,53,58,17,465.9,7920.3,Investment Management Nepal Pvt. Ltd.,Naasa Securities Co. Ltd.,2026-04-09 11:21:14.013358
2026040904001710,NGPL,53,33,292,466.0,136072.0,Investment Management Nepal Pvt. Ltd.,Dakshinkali Investment & Securities Pvt. Ltd.,2026-04-09 11:21:14.013572
2026040904001728,NGPL,53,101,691,466.0,322006.0,Investment Management Nepal Pvt. Ltd.,APPLE SECURITIES PRIVATE LIMITED,2026-04-09 11:21:22.113154
2026040904001868,NGPL,77,33,2000,467.0,934000.0,Nabil Stock Dealer Ltd.,Dakshinkali Investment & Securities Pvt. Ltd.,2026-04-09 11:22:04.645525
2026040904001952,NGPL,59,33,2000,466.0,932000.0,Deevyaa Securities & Stock House Pvt. Ltd,Dakshinkali Investment & Securities Pvt. Ltd.,2026-04-09 11:23:10.215690
2026040904002013,NGPL,45,49,50,465.4,23270.0,Imperial Securities Company Pvt. Ltd.,Online Securities Pvt. Ltd.,2026-04-09 11:23:51.772782
2026040904002014,NGPL,10,49,200,465.3,93060.0,Pragyan Securities (PVT) Ltd.,Online Securities Pvt. Ltd.,2026-04-09 11:23:51.773165
2026040904002015,NGPL,56,49,1002,465.1,466030.2,Sri Hari Securities Pvt. Ltd.,Online Securities Pvt. Ltd.,2026-04-09 11:23:51.773446
2026040904002049,NGPL,56,99,1000,465.1,465100.0,Sri Hari Securities Pvt. Ltd.,Prabhu Stock Market Limited,2026-04-09 11:24:23.339895
2026040904002058,NGPL,56,18,998,465.1,464169.8,Sri Hari Securities Pvt. Ltd.,Sagarmatha Securities Private Limited,2026-04-09 11:24:27.326340
2026040904002081,NGPL,58,22,10,465.0,4650.0,Naasa Securities Co. Ltd.,Siprabi Securities Pvt. Ltd.,2026-04-09 11:24:45.846983
2026040904002082,NGPL,95,22,90,465.0,41850.0,Magnet Securities and Investment Company Private Limited,Siprabi Securities Pvt. Ltd.,2026-04-09 11:24:45.847170
2026040904002109,NGPL,5,26,20,465.2,9304.0,Market Securities & Exchange (PVT) Ltd.,Asian Securities Private Ltd.,2026-04-09 11:25:00.896026
2026040904002110,NGPL,95,26,480,465.0,223200.0,Magnet Securities and Investment Company Private Limited,Asian Securities Private Ltd.,2026-04-09 11:25:00.896218
2026040904002112,NGPL,95,49,430,465.0,199950.0,Magnet Securities and Investment Company Private Limited,Online Securities Pvt. Ltd.,2026-04-09 11:25:01.817100
2026040904002194,NGPL,18,33,30,465.0,13950.0,Sagarmatha Securities Private Limited,Dakshinkali Investment & Securities Pvt. Ltd.,2026-04-09 11:26:02.845454
2026040904002226,NGPL,68,33,970,465.0,451050.0,Elite Stock House Limited,Dakshinkali Investment & Securities Pvt. Ltd.,2026-04-09 11:26:32.729933
2026040904002227,NGPL,68,49,200,466.0,93200.0,Elite Stock House Limited,Online Securities Pvt. Ltd.,2026-04-09 11:26:32.729991
2026040904002228,NGPL,68,33,1830,466.0,852780.0,Elite Stock House Limited,Dakshinkali Investment & Securities Pvt. Ltd.,2026-04-09 11:26:32.730042
2026040904002244,NGPL,63,44,500,465.3,232650.0,Himalayan Brokerage Company Limited,Dynamic Money Managers Securities Pvt. Ltd.,2026-04-09 11:26:44.266175
2026040904002245,NGPL,52,44,100,463.2,46320.0,Sundhara Securities Limited,Dynamic Money Managers Securities Pvt. Ltd.,2026-04-09 11:26:44.266640
2026040904002246,NGPL,34,44,400,462.0,184800.0,Vision Securities Pvt. Ltd,Dynamic Money Managers Securities Pvt. Ltd.,2026-04-09 11:26:44.266994
2026040904002288,NGPL,68,33,170,466.0,79220.0,Elite Stock House Limited,Dakshinkali Investment & Securities Pvt. Ltd.,2026-04-09 11:27:05.884850
2026040904002340,NGPL,13,63,140,465.0,65100.0,Thrive Brokerage House Pvt. Ltd,Himalayan Brokerage Company Limited,2026-04-09 11:27:42.181263
2026040904002367,NGPL,68,47,100,466.0,46600.0,Elite Stock House Limited,Neev Securities Pvt. Ltd.,2026-04-09 11:28:16.939258
2026040904002368,NGPL,68,58,500,466.2,233100.0,Elite Stock House Limited,Naasa Securities Co. Ltd.,2026-04-09 11:28:16.939310
2026040904002369,NGPL,68,49,2400,467.6,1122240.0,Elite Stock House Limited,Online Securities Pvt. Ltd.,2026-04-09 11:28:16.939355
2026040904002399,NGPL,43,48,100,466.0,46600.0,South Asian Bulls Pvt. Ltd.,Trishakti Securities Public Limited,2026-04-09 11:28:34.148860
2026040904002407,NGPL,58,48,40,466.0,18640.0,Naasa Securities Co. Ltd.,Trishakti Securities Public Limited,2026-04-09 11:28:41.606798
2026040904002413,NGPL,13,75,40,465.0,18600.0,Thrive Brokerage House Pvt. Ltd,N.I.M.B. Stock Markets Limited,2026-04-09 11:28:49.891677
2026040904002443,NGPL,44,75,9960,465.0,4631400.0,Dynamic Money Managers Securities Pvt. Ltd.,N.I.M.B. Stock Markets Limited,2026-04-09 11:29:11.610872
2026040904002491,NGPL,84,48,569,466.0,265154.0,MILKY WAY SHARE BROKER COMPANY LTD ,Trishakti Securities Public Limited,2026-04-09 11:30:20.175767
2026040904002492,NGPL,84,33,4431,466.0,2064846.0,MILKY WAY SHARE BROKER COMPANY LTD ,Dakshinkali Investment & Securities Pvt. Ltd.,2026-04-09 11:30:20.176050
2026040904002494,NGPL,66,33,569,466.0,265154.0,Miyo Securities Pvt Ltd,Dakshinkali Investment & Securities Pvt. Ltd.,2026-04-09 11:30:20.620290
2026040904002557,NGPL,59,3,50,467.7,23385.0,Deevyaa Securities & Stock House Pvt. Ltd,Arun Securities (PVT) Ltd.,2026-04-09 11:30:54.188049
2026040904002558,NGPL,59,14,50,467.8,23390.0,Deevyaa Securities & Stock House Pvt. Ltd,Nepal Stock House (PVT) Ltd.,2026-04-09 11:30:54.188269
2026040904002559,NGPL,59,91,300,467.9,140370.0,Deevyaa Securities & Stock House Pvt. Ltd,Citizens Share Broker Limited,2026-04-09 11:30:54.188378
2026040904002560,NGPL,59,17,1000,467.9,467900.0,Deevyaa Securities & Stock House Pvt. Ltd,ABC Securities Private Limited,2026-04-09 11:30:54.188470
2026040904002616,NGPL,91,5,500,466.2,233100.0,Citizens Share Broker Limited,Market Securities & Exchange (PVT) Ltd.,2026-04-09 11:31:26.769687
2026040904002617,NGPL,59,5,600,466.1,279660.0,Deevyaa Securities & Stock House Pvt. Ltd,Market Securities & Exchange (PVT) Ltd.,2026-04-09 11:31:26.769769
2026040904002618,NGPL,45,5,100,466.1,46610.0,Imperial Securities Company Pvt. Ltd.,Market Securities & Exchange (PVT) Ltd.,2026-04-09 11:31:26.769796
2026040904002619,NGPL,66,5,1050,466.0,489300.0,Miyo Securities Pvt Ltd,Market Securities & Exchange (PVT) Ltd.,2026-04-09 11:31:26.769832
2026040904002644,NGPL,66,44,1000,466.0,466000.0,Miyo Securities Pvt Ltd,Dynamic Money Managers Securities Pvt. Ltd.,2026-04-09 11:31:40.663254
2026040904002773,NGPL,53,33,1000,468.0,468000.0,Investment Management Nepal Pvt. Ltd.,Dakshinkali Investment & Securities Pvt. Ltd.,2026-04-09 11:32:37.344757
2026040904002961,NGPL,45,33,100,466.3,46630.0,Imperial Securities Company Pvt. Ltd.,Dakshinkali Investment & Securities Pvt. Ltd.,2026-04-09 11:34:20.385870
2026040904002962,NGPL,4,33,900,466.3,419670.0,Opal Securities Investment (PVT) Ltd.,Dakshinkali Investment & Securities Pvt. Ltd.,2026-04-09 11:34:20.386123
2026040904003009,NGPL,42,33,1000,467.0,467000.0,Sani Securities Company Ltd.,Dakshinkali Investment & Securities Pvt. Ltd.,2026-04-09 11:34:40.446407
2026040904003056,NGPL,42,34,19,467.0,8873.0,Sani Securities Company Ltd.,Vision Securities Pvt. Ltd,2026-04-09 11:35:10.100009
2026040904003064,NGPL,60,58,20,467.5,9350.0,Nagarik Stock Dealer ,Naasa Securities Co. Ltd.,2026-04-09 11:35:15.366643
2026040904003065,NGPL,60,45,980,467.7,458346.0,Nagarik Stock Dealer ,Imperial Securities Company Pvt. Ltd.,2026-04-09 11:35:15.366903
2026040904003078,NGPL,42,33,31,467.0,14477.0,Sani Securities Company Ltd.,Dakshinkali Investment & Securities Pvt. Ltd.,2026-04-09 11:35:20.470702
2026040904003079,NGPL,59,33,460,467.0,214820.0,Deevyaa Securities & Stock House Pvt. Ltd,Dakshinkali Investment & Securities Pvt. Ltd.,2026-04-09 11:35:20.470986
2026040904003080,NGPL,46,33,10,467.0,4670.0,Kalika Securities Pvt. Ltd.,Dakshinkali Investment & Securities Pvt. Ltd.,2026-04-09 11:35:20.471106
2026040904003090,NGPL,4,33,100,467.0,46700.0,Opal Securities Investment (PVT) Ltd.,Dakshinkali Investment & Securities Pvt. Ltd.,2026-04-09 11:35:28.651856
2026040904003107,NGPL,58,33,220,467.0,102740.0,Naasa Securities Co. Ltd.,Dakshinkali Investment & Securities Pvt. Ltd.,2026-04-09 11:35:38.519055
2026040904003110,NGPL,44,33,179,467.0,83593.0,Dynamic Money Managers Securities Pvt. Ltd.,Dakshinkali Investment & Securities Pvt. Ltd.,2026-04-09 11:35:45.315791
2026040904003111,NGPL,44,45,20,467.7,9354.0,Dynamic Money Managers Securities Pvt. Ltd.,Imperial Securities Company Pvt. Ltd.,2026-04-09 11:35:45.315834
2026040904003112,NGPL,44,45,690,467.9,322851.0,Dynamic Money Managers Securities Pvt. Ltd.,Imperial Securities Company Pvt. Ltd.,2026-04-09 11:35:45.315863
2026040904003113,NGPL,44,56,15,468.1,7021.5,Dynamic Money Managers Securities Pvt. Ltd.,Sri Hari Securities Pvt. Ltd.,2026-04-09 11:35:45.315892
2026040904003114,NGPL,44,78,300,469.0,140700.0,Dynamic Money Managers Securities Pvt. Ltd.,Garima Securities Limited,2026-04-09 11:35:45.315918
2026040904003115,NGPL,44,90,50,469.0,23450.0,Dynamic Money Managers Securities Pvt. Ltd.,Sajilo Broker Limited,2026-04-09 11:35:45.315962
2026040904003116,NGPL,44,64,200,469.0,93800.0,Dynamic Money Managers Securities Pvt. Ltd.,SUN SECURITIES PVT LTD,2026-04-09 11:35:45.315982
2026040904003117,NGPL,44,45,46,469.6,21601.6,Dynamic Money Managers Securities Pvt. Ltd.,Imperial Securities Company Pvt. Ltd.,2026-04-09 11:35:45.316012
2026040904003177,NGPL,42,45,10,468.9,4689.0,Sani Securities Company Ltd.,Imperial Securities Company Pvt. Ltd.,2026-04-09 11:36:20.698670
2026040904003322,NGPL,58,7,30,467.8,14034.0,Naasa Securities Co. Ltd.,J.F. Securites (PVT) Ltd.,2026-04-09 11:37:44.732159
2026040904003401,NGPL,14,33,20,467.1,9342.0,Nepal Stock House (PVT) Ltd.,Dakshinkali Investment & Securities Pvt. Ltd.,2026-04-09 11:38:29.595700
2026040904003402,NGPL,7,33,130,467.0,60710.0,J.F. Securites (PVT) Ltd.,Dakshinkali Investment & Securities Pvt. Ltd.,2026-04-09 11:38:29.595980
2026040904003403,NGPL,58,33,100,467.0,46700.0,Naasa Securities Co. Ltd.,Dakshinkali Investment & Securities Pvt. Ltd.,2026-04-09 11:38:29.596091
2026040904003404,NGPL,51,33,500,467.0,233500.0,Oxford Securities Pvt. Ltd.,Dakshinkali Investment & Securities Pvt. Ltd.,2026-04-09 11:38:29.596195
2026040904003433,NGPL,57,33,1000,467.0,467000.0,Aryatara Investment & Securities,Dakshinkali Investment & Securities Pvt. Ltd.,2026-04-09 11:38:46.441885
2026040904003438,NGPL,7,45,10,466.9,4669.0,J.F. Securites (PVT) Ltd.,Imperial Securities Company Pvt. Ltd.,2026-04-09 11:38:50.939142
2026040904003472,NGPL,38,45,990,466.9,462231.0,Dipshikha Dhitopatra Karobar Co. Pvt Ltd.,Imperial Securities Company Pvt. Ltd.,2026-04-09 11:39:02.647583
2026040904003473,NGPL,38,33,2010,467.0,938670.0,Dipshikha Dhitopatra Karobar Co. Pvt Ltd.,Dakshinkali Investment & Securities Pvt. Ltd.,2026-04-09 11:39:02.647851
2026040904003492,NGPL,5,33,1200,467.0,560400.0,Market Securities & Exchange (PVT) Ltd.,Dakshinkali Investment & Securities Pvt. Ltd.,2026-04-09 11:39:22.418742
2026040904003518,NGPL,36,33,40,467.0,18680.0,Secured Securities Ltd.,Dakshinkali Investment & Securities Pvt. Ltd.,2026-04-09 11:39:33.217219
2026040904003519,NGPL,36,29,10,467.0,4670.0,Secured Securities Ltd.,Trisul Securities & Invt. Ltd.,2026-04-09 11:39:33.217514
2026040904003528,NGPL,36,33,150,467.0,70050.0,Secured Securities Ltd.,Dakshinkali Investment & Securities Pvt. Ltd.,2026-04-09 11:39:43.393784
2026040904003534,NGPL,56,33,61,467.0,28487.0,Sri Hari Securities Pvt. Ltd.,Dakshinkali Investment & Securities Pvt. Ltd.,2026-04-09 11:39:45.474359
2026040904003548,NGPL,85,45,400,466.9,186760.0,Capital Hub P. Ltd,Imperial Securities Company Pvt. Ltd.,2026-04-09 11:40:00.759230
2026040904003586,NGPL,85,45,100,466.9,46690.0,Capital Hub P. Ltd,Imperial Securities Company Pvt. Ltd.,2026-04-09 11:40:26.714046
2026040904003593,NGPL,34,33,10,466.7,4667.0,Vision Securities Pvt. Ltd,Dakshinkali Investment & Securities Pvt. Ltd.,2026-04-09 11:40:33.391530
2026040904003594,NGPL,14,33,250,466.6,116650.0,Nepal Stock House (PVT) Ltd.,Dakshinkali Investment & Securities Pvt. Ltd.,2026-04-09 11:40:33.391811
2026040904003595,NGPL,65,33,200,466.6,93320.0,Sharepro Securities Private Limited,Dakshinkali Investment & Securities Pvt. Ltd.,2026-04-09 11:40:33.391928
2026040904003596,NGPL,45,33,100,466.5,46650.0,Imperial Securities Company Pvt. Ltd.,Dakshinkali Investment & Securities Pvt. Ltd.,2026-04-09 11:40:33.392038
2026040904003597,NGPL,57,33,477,466.3,222425.1,Aryatara Investment & Securities,Dakshinkali Investment & Securities Pvt. Ltd.,2026-04-09 11:40:33.392155
2026040904003598,NGPL,57,33,150,466.1,69915.0,Aryatara Investment & Securities,Dakshinkali Investment & Securities Pvt. Ltd.,2026-04-09 11:40:33.392271
2026040904003599,NGPL,66,33,7381,466.0,3439546.0,Miyo Securities Pvt Ltd,Dakshinkali Investment & Securities Pvt. Ltd.,2026-04-09 11:40:33.392389
2026040904003600,NGPL,57,33,1000,466.0,466000.0,Aryatara Investment & Securities,Dakshinkali Investment & Securities Pvt. Ltd.,2026-04-09 11:40:33.392496
2026040904003601,NGPL,19,33,60,466.0,27960.0,Nepal Investment And Securities Trading Private Limited,Dakshinkali Investment & Securities Pvt. Ltd.,2026-04-09 11:40:33.392606
2026040904003602,NGPL,37,33,90,466.0,41940.0,Swarna Laxmi Securities Pvt. Ltd.,Dakshinkali Investment & Securities Pvt. Ltd.,2026-04-09 11:40:33.392714
2026040904003603,NGPL,21,33,1000,466.0,466000.0,Midas Stock Broking Company Private Limited,Dakshinkali Investment & Securities Pvt. Ltd.,2026-04-09 11:40:33.392821
2026040904003632,NGPL,5,33,282,466.0,131412.0,Market Securities & Exchange (PVT) Ltd.,Dakshinkali Investment & Securities Pvt. Ltd.,2026-04-09 11:40:54.299298
2026040904003633,NGPL,5,45,500,466.9,233450.0,Market Securities & Exchange (PVT) Ltd.,Imperial Securities Company Pvt. Ltd.,2026-04-09 11:40:54.299395
2026040904003634,NGPL,5,33,268,467.0,125156.0,Market Securities & Exchange (PVT) Ltd.,Dakshinkali Investment & Securities Pvt. Ltd.,2026-04-09 11:40:54.299445
2026040904003642,NGPL,45,95,50,466.0,23300.0,Imperial Securities Company Pvt. Ltd.,Magnet Securities and Investment Company Private Limited,2026-04-09 11:41:05.934190
2026040904003697,NGPL,59,33,2000,467.0,934000.0,Deevyaa Securities & Stock House Pvt. Ltd,Dakshinkali Investment & Securities Pvt. Ltd.,2026-04-09 11:41:36.110709
2026040904003701,NGPL,33,49,500,466.9,233450.0,Dakshinkali Investment & Securities Pvt. Ltd.,Online Securities Pvt. Ltd.,2026-04-09 11:41:42.067885
2026040904003724,NGPL,45,36,50,466.0,23300.0,Imperial Securities Company Pvt. Ltd.,Secured Securities Ltd.,2026-04-09 11:42:00.108693
2026040904003756,NGPL,35,36,379,466.0,176614.0,Kohinoor Investment & Securities Pvt. Ltd.,Secured Securities Ltd.,2026-04-09 11:42:26.642755
2026040904003764,NGPL,45,36,100,465.1,46510.0,Imperial Securities Company Pvt. Ltd.,Secured Securities Ltd.,2026-04-09 11:42:28.895000
2026040904003765,NGPL,20,36,100,465.0,46500.0,Sipla Securities Private Limited,Secured Securities Ltd.,2026-04-09 11:42:28.895294
2026040904003823,NGPL,38,36,71,466.0,33086.0,Dipshikha Dhitopatra Karobar Co. Pvt Ltd.,Secured Securities Ltd.,2026-04-09 11:43:03.493124
2026040904003824,NGPL,38,33,429,466.0,199914.0,Dipshikha Dhitopatra Karobar Co. Pvt Ltd.,Dakshinkali Investment & Securities Pvt. Ltd.,2026-04-09 11:43:03.493650
2026040904003837,NGPL,56,33,2000,466.0,932000.0,Sri Hari Securities Pvt. Ltd.,Dakshinkali Investment & Securities Pvt. Ltd.,2026-04-09 11:43:08.431036
2026040904003848,NGPL,35,33,92,466.0,42872.0,Kohinoor Investment & Securities Pvt. Ltd.,Dakshinkali Investment & Securities Pvt. Ltd.,2026-04-09 11:43:19.299602
2026040904003908,NGPL,66,33,1000,466.0,466000.0,Miyo Securities Pvt Ltd,Dakshinkali Investment & Securities Pvt. Ltd.,2026-04-09 11:43:45.972353
2026040904003964,NGPL,20,33,2000,466.0,932000.0,Sipla Securities Private Limited,Dakshinkali Investment & Securities Pvt. Ltd.,2026-04-09 11:44:10.354174
2026040904004037,NGPL,87,45,200,465.9,93180.0,S.P.S.A. Securities Limited,Imperial Securities Company Pvt. Ltd.,2026-04-09 11:44:49.802732
2026040904004045,NGPL,25,45,800,465.9,372720.0,Sweta Securities Private Limited,Imperial Securities Company Pvt. Ltd.,2026-04-09 11:44:53.260222
2026040904004046,NGPL,25,33,1200,466.0,559200.0,Sweta Securities Private Limited,Dakshinkali Investment & Securities Pvt. Ltd.,2026-04-09 11:44:53.260760
2026040904004076,NGPL,61,33,10,466.0,4660.0,BHOLE GANESH SECURITIES LTD,Dakshinkali Investment & Securities Pvt. Ltd.,2026-04-09 11:45:10.668450
2026040904004095,NGPL,54,33,640,466.0,298240.0,Sewa Securities Pvt. Ltd.,Dakshinkali Investment & Securities Pvt. Ltd.,2026-04-09 11:45:19.310687
2026040904004149,NGPL,14,33,150,466.0,69900.0,Nepal Stock House (PVT) Ltd.,Dakshinkali Investment & Securities Pvt. Ltd.,2026-04-09 11:45:44.194819
2026040904004150,NGPL,14,52,150,466.0,69900.0,Nepal Stock House (PVT) Ltd.,Sundhara Securities Limited,2026-04-09 11:45:44.195141
2026040904004194,NGPL,34,52,920,466.0,428720.0,Vision Securities Pvt. Ltd,Sundhara Securities Limited,2026-04-09 11:46:01.870026
2026040904004282,NGPL,34,33,80,466.0,37280.0,Vision Securities Pvt. Ltd,Dakshinkali Investment & Securities Pvt. Ltd.,2026-04-09 11:46:26.189740
2026040904004283,NGPL,57,33,358,466.0,166828.0,Aryatara Investment & Securities,Dakshinkali Investment & Securities Pvt. Ltd.,2026-04-09 11:46:26.190068
2026040904004370,NGPL,22,33,100,466.0,46600.0,Siprabi Securities Pvt. Ltd.,Dakshinkali Investment & Securities Pvt. Ltd.,2026-04-09 11:47:06.829027
2026040904004542,NGPL,4,41,70,465.6,32592.0,Opal Securities Investment (PVT) Ltd.,Linch Stock Market Ltd.,2026-04-09 11:48:07.041439
2026040904004543,NGPL,36,41,50,465.5,23275.0,Secured Securities Ltd.,Linch Stock Market Ltd.,2026-04-09 11:48:07.042018
2026040904004544,NGPL,99,41,300,465.5,139650.0,Prabhu Stock Market Limited,Linch Stock Market Ltd.,2026-04-09 11:48:07.042488
2026040904004545,NGPL,42,41,35,465.5,16292.5,Sani Securities Company Ltd.,Linch Stock Market Ltd.,2026-04-09 11:48:07.042932
2026040904004574,NGPL,26,41,45,465.5,20947.5,Asian Securities Private Ltd.,Linch Stock Market Ltd.,2026-04-09 11:48:22.000641
2026040904004637,NGPL,26,49,629,465.5,292799.5,Asian Securities Private Ltd.,Online Securities Pvt. Ltd.,2026-04-09 11:48:40.869145
2026040904004638,NGPL,26,33,326,465.5,151753.0,Asian Securities Private Ltd.,Dakshinkali Investment & Securities Pvt. Ltd.,2026-04-09 11:48:41.177843
2026040904004639,NGPL,21,33,1000,465.5,465500.0,Midas Stock Broking Company Private Limited,Dakshinkali Investment & Securities Pvt. Ltd.,2026-04-09 11:48:41.178160
2026040904004640,NGPL,75,33,100,465.0,46500.0,N.I.M.B. Stock Markets Limited,Dakshinkali Investment & Securities Pvt. Ltd.,2026-04-09 11:48:41.178282
2026040904004641,NGPL,34,33,1000,465.0,465000.0,Vision Securities Pvt. Ltd,Dakshinkali Investment & Securities Pvt. Ltd.,2026-04-09 11:48:41.178412
2026040904004642,NGPL,95,33,1000,465.0,465000.0,Magnet Securities and Investment Company Private Limited,Dakshinkali Investment & Securities Pvt. Ltd.,2026-04-09 11:48:41.178535
2026040904004643,NGPL,90,33,1000,465.0,465000.0,Sajilo Broker Limited,Dakshinkali Investment & Securities Pvt. Ltd.,2026-04-09 11:48:41.178655
2026040904004644,NGPL,46,33,10,465.0,4650.0,Kalika Securities Pvt. Ltd.,Dakshinkali Investment & Securities Pvt. Ltd.,2026-04-09 11:48:41.178775
2026040904004650,NGPL,60,33,20,465.0,9300.0,Nagarik Stock Dealer ,Dakshinkali Investment & Securities Pvt. Ltd.,2026-04-09 11:48:48.943256
2026040904004733,NGPL,36,34,2,462.0,924.0,Secured Securities Ltd.,Vision Securities Pvt. Ltd,2026-04-09 11:49:21.411542
2026040904004813,NGPL,62,56,14,466.0,6524.0,Capital Max Securities Ltd,Sri Hari Securities Pvt. Ltd.,2026-04-09 11:49:59.242372
2026040904004814,NGPL,62,33,486,466.0,226476.0,Capital Max Securities Ltd,Dakshinkali Investment & Securities Pvt. Ltd.,2026-04-09 11:49:59.242637
2026040904004897,NGPL,59,33,2000,466.0,932000.0,Deevyaa Securities & Stock House Pvt. Ltd,Dakshinkali Investment & Securities Pvt. Ltd.,2026-04-09 11:50:47.684175
2026040904004915,NGPL,59,33,514,466.0,239524.0,Deevyaa Securities & Stock House Pvt. Ltd,Dakshinkali Investment & Securities Pvt. Ltd.,2026-04-09 11:50:54.657364
2026040904005003,NGPL,38,45,990,466.9,462231.0,Dipshikha Dhitopatra Karobar Co. Pvt Ltd.,Imperial Securities Company Pvt. Ltd.,2026-04-09 11:51:39.799290
2026040904005028,NGPL,74,52,500,467.0,233500.0,KALASH STOCK MARKET PVT. LTD.,Sundhara Securities Limited,2026-04-09 11:51:56.174245
2026040904005070,NGPL,29,52,565,467.0,263855.0,Trisul Securities & Invt. Ltd.,Sundhara Securities Limited,2026-04-09 11:52:10.014241
2026040904005071,NGPL,29,52,435,467.0,203145.0,Trisul Securities & Invt. Ltd.,Sundhara Securities Limited,2026-04-09 11:52:10.014551
2026040904005081,NGPL,59,52,65,467.0,30355.0,Deevyaa Securities & Stock House Pvt. Ltd,Sundhara Securities Limited,2026-04-09 11:52:13.711570
2026040904005082,NGPL,59,1,359,467.0,167653.0,Deevyaa Securities & Stock House Pvt. Ltd,Kumari Securities Private Limited,2026-04-09 11:52:13.712135
2026040904005083,NGPL,59,42,76,467.0,35492.0,Deevyaa Securities & Stock House Pvt. Ltd,Sani Securities Company Ltd.,2026-04-09 11:52:13.712528
2026040904005088,NGPL,40,42,24,467.0,11208.0,Creative Securities Pvt Ltd,Sani Securities Company Ltd.,2026-04-09 11:52:14.936321
2026040904005089,NGPL,40,34,200,467.0,93400.0,Creative Securities Pvt Ltd,Vision Securities Pvt. Ltd,2026-04-09 11:52:15.333118
2026040904005195,NGPL,38,7,60,467.8,28068.0,Dipshikha Dhitopatra Karobar Co. Pvt Ltd.,J.F. Securites (PVT) Ltd.,2026-04-09 11:52:51.643722
2026040904005303,NGPL,25,45,500,467.1,233550.0,Sweta Securities Private Limited,Imperial Securities Company Pvt. Ltd.,2026-04-09 11:53:32.298830
2026040904005304,NGPL,25,45,150,467.1,70065.0,Sweta Securities Private Limited,Imperial Securities Company Pvt. Ltd.,2026-04-09 11:53:32.299504
2026040904005305,NGPL,40,45,776,467.0,362392.0,Creative Securities Pvt Ltd,Imperial Securities Company Pvt. Ltd.,2026-04-09 11:53:32.299912
2026040904005306,NGPL,54,45,400,467.0,186800.0,Sewa Securities Pvt. Ltd.,Imperial Securities Company Pvt. Ltd.,2026-04-09 11:53:32.300301
2026040904005307,NGPL,58,45,300,467.0,140100.0,Naasa Securities Co. Ltd.,Imperial Securities Company Pvt. Ltd.,2026-04-09 11:53:32.300740
2026040904005329,NGPL,72,45,200,466.9,93380.0,Hatemalo Financial Services Private Limited,Imperial Securities Company Pvt. Ltd.,2026-04-09 11:53:43.880039
2026040904005339,NGPL,64,45,500,466.9,233450.0,SUN SECURITIES PVT LTD,Imperial Securities Company Pvt. Ltd.,2026-04-09 11:53:45.524886
2026040904005372,NGPL,42,45,300,466.9,140070.0,Sani Securities Company Ltd.,Imperial Securities Company Pvt. Ltd.,2026-04-09 11:54:04.482475
2026040904005373,NGPL,42,45,110,466.9,51359.0,Sani Securities Company Ltd.,Imperial Securities Company Pvt. Ltd.,2026-04-09 11:54:04.482797
2026040904005445,NGPL,72,5,500,466.5,233250.0,Hatemalo Financial Services Private Limited,Market Securities & Exchange (PVT) Ltd.,2026-04-09 11:54:29.790782
2026040904005446,NGPL,25,5,150,466.5,69975.0,Sweta Securities Private Limited,Market Securities & Exchange (PVT) Ltd.,2026-04-09 11:54:29.791075
2026040904005532,NGPL,38,5,20,466.5,9330.0,Dipshikha Dhitopatra Karobar Co. Pvt Ltd.,Market Securities & Exchange (PVT) Ltd.,2026-04-09 11:55:06.475800
2026040904005534,NGPL,17,33,10,466.3,4663.0,ABC Securities Private Limited,Dakshinkali Investment & Securities Pvt. Ltd.,2026-04-09 11:55:09.154761
2026040904005535,NGPL,72,33,1990,466.3,927937.0,Hatemalo Financial Services Private Limited,Dakshinkali Investment & Securities Pvt. Ltd.,2026-04-09 11:55:09.155096
2026040904005684,NGPL,72,38,10,466.3,4663.0,Hatemalo Financial Services Private Limited,Dipshikha Dhitopatra Karobar Co. Pvt Ltd.,2026-04-09 11:55:58.661368
2026040904005685,NGPL,25,38,490,466.1,228389.0,Sweta Securities Private Limited,Dipshikha Dhitopatra Karobar Co. Pvt Ltd.,2026-04-09 11:55:58.661705
2026040904005697,NGPL,72,5,330,466.5,153945.0,Hatemalo Financial Services Private Limited,Market Securities & Exchange (PVT) Ltd.,2026-04-09 11:56:01.706772
2026040904005727,NGPL,25,33,260,466.1,121186.0,Sweta Securities Private Limited,Dakshinkali Investment & Securities Pvt. Ltd.,2026-04-09 11:56:11.247982
2026040904005728,NGPL,35,33,42,466.0,19572.0,Kohinoor Investment & Securities Pvt. Ltd.,Dakshinkali Investment & Securities Pvt. Ltd.,2026-04-09 11:56:11.248648
2026040904005768,NGPL,95,33,500,466.0,233000.0,Magnet Securities and Investment Company Private Limited,Dakshinkali Investment & Securities Pvt. Ltd.,2026-04-09 11:56:25.537444
2026040904005786,NGPL,39,16,62,465.0,28830.0,Sumeru Securities Pvt. Ltd.,Primo Securities (PVT) Ltd.,2026-04-09 11:56:32.721607
2026040904005792,NGPL,39,51,50,465.0,23250.0,Sumeru Securities Pvt. Ltd.,Oxford Securities Pvt. Ltd.,2026-04-09 11:56:34.415772
2026040904005852,NGPL,59,33,2000,466.0,932000.0,Deevyaa Securities & Stock House Pvt. Ltd,Dakshinkali Investment & Securities Pvt. Ltd.,2026-04-09 11:56:47.110498
2026040904005949,NGPL,63,49,500,465.9,232950.0,Himalayan Brokerage Company Limited,Online Securities Pvt. Ltd.,2026-04-09 11:57:13.852690
2026040904005961,NGPL,39,13,200,465.0,93000.0,Sumeru Securities Pvt. Ltd.,Thrive Brokerage House Pvt. Ltd,2026-04-09 11:57:25.235375
2026040904005991,NGPL,39,33,688,465.0,319920.0,Sumeru Securities Pvt. Ltd.,Dakshinkali Investment & Securities Pvt. Ltd.,2026-04-09 11:57:37.917611
2026040904005992,NGPL,35,33,50,465.0,23250.0,Kohinoor Investment & Securities Pvt. Ltd.,Dakshinkali Investment & Securities Pvt. Ltd.,2026-04-09 11:57:37.918238
2026040904005993,NGPL,42,33,150,465.0,69750.0,Sani Securities Company Ltd.,Dakshinkali Investment & Securities Pvt. Ltd.,2026-04-09 11:57:37.918690
2026040904005994,NGPL,82,33,1000,465.0,465000.0,N.M.B. SECURITIES LIMITED,Dakshinkali Investment & Securities Pvt. Ltd.,2026-04-09 11:57:37.919114
2026040904005995,NGPL,66,33,1000,465.0,465000.0,Miyo Securities Pvt Ltd,Dakshinkali Investment & Securities Pvt. Ltd.,2026-04-09 11:57:37.919539
2026040904005996,NGPL,57,33,30,465.0,13950.0,Aryatara Investment & Securities,Dakshinkali Investment & Securities Pvt. Ltd.,2026-04-09 11:57:37.919929
2026040904006077,NGPL,80,41,1000,464.1,464100.0,Indira securities pvt. ltd,Linch Stock Market Ltd.,2026-04-09 11:58:08.205147
2026040904006115,NGPL,75,3,100,464.1,46410.0,N.I.M.B. Stock Markets Limited,Arun Securities (PVT) Ltd.,2026-04-09 11:58:29.210474
2026040904006125,NGPL,18,33,10,465.0,4650.0,Sagarmatha Securities Private Limited,Dakshinkali Investment & Securities Pvt. Ltd.,2026-04-09 11:58:32.462924
2026040904006261,NGPL,75,33,100,464.1,46410.0,N.I.M.B. Stock Markets Limited,Dakshinkali Investment & Securities Pvt. Ltd.,2026-04-09 11:59:34.683091
2026040904006262,NGPL,6,33,500,464.1,232050.0,Agrawal Securities (PVT) Ltd.,Dakshinkali Investment & Securities Pvt. Ltd.,2026-04-09 11:59:34.683412
2026040904006263,NGPL,95,33,600,464.0,278400.0,Magnet Securities and Investment Company Private Limited,Dakshinkali Investment & Securities Pvt. Ltd.,2026-04-09 11:59:34.683558
2026040904006264,NGPL,49,33,10,464.0,4640.0,Online Securities Pvt. Ltd.,Dakshinkali Investment & Securities Pvt. Ltd.,2026-04-09 11:59:34.683699
2026040904006265,NGPL,21,33,1000,464.0,464000.0,Midas Stock Broking Company Private Limited,Dakshinkali Investment & Securities Pvt. Ltd.,2026-04-09 11:59:34.683834
2026040904006266,NGPL,25,33,500,464.0,232000.0,Sweta Securities Private Limited,Dakshinkali Investment & Securities Pvt. Ltd.,2026-04-09 11:59:34.683971
2026040904006267,NGPL,56,33,2290,464.0,1062560.0,Sri Hari Securities Pvt. Ltd.,Dakshinkali Investment & Securities Pvt. Ltd.,2026-04-09 11:59:34.684105
2026040904006297,NGPL,52,51,7,457.0,3199.0,Sundhara Securities Limited,Oxford Securities Pvt. Ltd.,2026-04-09 12:00:06.512180
2026040904006337,NGPL,59,40,20,464.9,9298.0,Deevyaa Securities & Stock House Pvt. Ltd,Creative Securities Pvt Ltd,2026-04-09 12:00:29.357414
2026040904006338,NGPL,59,14,580,465.0,269700.0,Deevyaa Securities & Stock House Pvt. Ltd,Nepal Stock House (PVT) Ltd.,2026-04-09 12:00:29.358048
2026040904006351,NGPL,5,58,200,464.1,92820.0,Market Securities & Exchange (PVT) Ltd.,Naasa Securities Co. Ltd.,2026-04-09 12:00:37.234597
2026040904006352,NGPL,56,58,219,464.0,101616.0,Sri Hari Securities Pvt. Ltd.,Naasa Securities Co. Ltd.,2026-04-09 12:00:37.234950
2026040904006413,NGPL,72,46,222,464.1,103030.2,Hatemalo Financial Services Private Limited,Kalika Securities Pvt. Ltd.,2026-04-09 12:01:08.077800
2026040904006432,NGPL,59,26,500,464.9,232450.0,Deevyaa Securities & Stock House Pvt. Ltd,Asian Securities Private Ltd.,2026-04-09 12:01:26.298324
2026040904006433,NGPL,59,14,900,465.0,418500.0,Deevyaa Securities & Stock House Pvt. Ltd,Nepal Stock House (PVT) Ltd.,2026-04-09 12:01:26.298658
2026040904006434,NGPL,72,34,209,464.1,96996.9,Hatemalo Financial Services Private Limited,Vision Securities Pvt. Ltd,2026-04-09 12:01:28.373663
2026040904006523,NGPL,39,33,1000,464.9,464900.0,Sumeru Securities Pvt. Ltd.,Dakshinkali Investment & Securities Pvt. Ltd.,2026-04-09 12:02:24.245561
2026040904006530,NGPL,48,59,133,464.2,61738.6,Trishakti Securities Public Limited,Deevyaa Securities & Stock House Pvt. Ltd,2026-04-09 12:02:31.567052
2026040904006531,NGPL,25,59,367,464.2,170361.4,Sweta Securities Private Limited,Deevyaa Securities & Stock House Pvt. Ltd,2026-04-09 12:02:31.567408
2026040904006538,NGPL,39,48,500,464.8,232400.0,Sumeru Securities Pvt. Ltd.,Trishakti Securities Public Limited,2026-04-09 12:02:36.523172
2026040904006539,NGPL,39,33,500,464.9,232450.0,Sumeru Securities Pvt. Ltd.,Dakshinkali Investment & Securities Pvt. Ltd.,2026-04-09 12:02:36.523490
2026040904006552,NGPL,58,8,50,464.8,23240.0,Naasa Securities Co. Ltd.,Brilliant Securities Pvt. Ltd.,2026-04-09 12:02:52.959571
2026040904006554,NGPL,7,32,3,459.0,1377.0,J.F. Securites (PVT) Ltd.,Premier Securities Company Ltd.,2026-04-09 12:02:55.504338
2026040904006561,NGPL,25,40,90,464.2,41778.0,Sweta Securities Private Limited,Creative Securities Pvt Ltd,2026-04-09 12:02:57.897662
2026040904006600,NGPL,26,8,91,464.8,42296.8,Asian Securities Private Ltd.,Brilliant Securities Pvt. Ltd.,2026-04-09 12:03:28.262280
2026040904006605,NGPL,35,8,150,464.8,69720.0,Kohinoor Investment & Securities Pvt. Ltd.,Brilliant Securities Pvt. Ltd.,2026-04-09 12:03:32.592529
2026040904006606,NGPL,59,8,700,464.8,325360.0,Deevyaa Securities & Stock House Pvt. Ltd,Brilliant Securities Pvt. Ltd.,2026-04-09 12:03:34.351700
2026040904006615,NGPL,17,33,2000,464.9,929800.0,ABC Securities Private Limited,Dakshinkali Investment & Securities Pvt. Ltd.,2026-04-09 12:03:43.853662
2026040904006628,NGPL,66,88,2100,464.4,975240.0,Miyo Securities Pvt Ltd,Blue Chip Securities Ltd,2026-04-09 12:04:01.528138
2026040904006661,NGPL,36,53,1,460.0,460.0,Secured Securities Ltd.,Investment Management Nepal Pvt. Ltd.,2026-04-09 12:04:19.013940
2026040904006695,NGPL,58,14,3000,465.0,1395000.0,Naasa Securities Co. Ltd.,Nepal Stock House (PVT) Ltd.,2026-04-09 12:04:42.135333
2026040904006711,NGPL,75,14,555,465.0,258075.0,N.I.M.B. Stock Markets Limited,Nepal Stock House (PVT) Ltd.,2026-04-09 12:04:57.329726
2026040904006739,NGPL,60,53,30,464.6,13938.0,Nagarik Stock Dealer ,Investment Management Nepal Pvt. Ltd.,2026-04-09 12:05:19.571871
2026040904006740,NGPL,25,53,720,464.6,334512.0,Sweta Securities Private Limited,Investment Management Nepal Pvt. Ltd.,2026-04-09 12:05:19.572583
2026040904006742,NGPL,50,14,200,465.0,93000.0,Cristal Kanchanjanga Securites Pvt. Ltd.,Nepal Stock House (PVT) Ltd.,2026-04-09 12:05:23.657182
2026040904006787,NGPL,22,8,1000,464.9,464900.0,Siprabi Securities Pvt. Ltd.,Brilliant Securities Pvt. Ltd.,2026-04-09 12:05:46.021636
2026040904006975,NGPL,62,14,500,465.0,232500.0,Capital Max Securities Ltd,Nepal Stock House (PVT) Ltd.,2026-04-09 12:06:20.775053
2026040904006976,NGPL,25,44,280,464.6,130088.0,Sweta Securities Private Limited,Dynamic Money Managers Securities Pvt. Ltd.,2026-04-09 12:06:23.655908
2026040904006977,NGPL,60,44,300,464.5,139350.0,Nagarik Stock Dealer ,Dynamic Money Managers Securities Pvt. Ltd.,2026-04-09 12:06:23.656274
2026040904006978,NGPL,66,44,1900,464.4,882360.0,Miyo Securities Pvt Ltd,Dynamic Money Managers Securities Pvt. Ltd.,2026-04-09 12:06:23.656436
2026040904006979,NGPL,57,44,20,464.3,9286.0,Aryatara Investment & Securities,Dynamic Money Managers Securities Pvt. Ltd.,2026-04-09 12:06:23.656584
2026040904006980,NGPL,25,44,1043,464.2,484160.6,Sweta Securities Private Limited,Dynamic Money Managers Securities Pvt. Ltd.,2026-04-09 12:06:23.656726
2026040904006981,NGPL,72,44,319,464.1,148047.9,Hatemalo Financial Services Private Limited,Dynamic Money Managers Securities Pvt. Ltd.,2026-04-09 12:06:23.656866
2026040904006982,NGPL,63,44,1000,464.1,464100.0,Himalayan Brokerage Company Limited,Dynamic Money Managers Securities Pvt. Ltd.,2026-04-09 12:06:23.657012
2026040904006983,NGPL,72,44,150,464.1,69615.0,Hatemalo Financial Services Private Limited,Dynamic Money Managers Securities Pvt. Ltd.,2026-04-09 12:06:23.657171
2026040904006984,NGPL,57,44,500,464.1,232050.0,Aryatara Investment & Securities,Dynamic Money Managers Securities Pvt. Ltd.,2026-04-09 12:06:23.657336
2026040904006985,NGPL,56,44,491,464.0,227824.0,Sri Hari Securities Pvt. Ltd.,Dynamic Money Managers Securities Pvt. Ltd.,2026-04-09 12:06:23.657480
2026040904006986,NGPL,57,44,500,464.0,232000.0,Aryatara Investment & Securities,Dynamic Money Managers Securities Pvt. Ltd.,2026-04-09 12:06:23.657640
2026040904006987,NGPL,51,44,300,464.0,139200.0,Oxford Securities Pvt. Ltd.,Dynamic Money Managers Securities Pvt. Ltd.,2026-04-09 12:06:23.657799
2026040904006988,NGPL,68,44,250,464.0,116000.0,Elite Stock House Limited,Dynamic Money Managers Securities Pvt. Ltd.,2026-04-09 12:06:23.657940
2026040904007202,NGPL,25,8,100,464.9,46490.0,Sweta Securities Private Limited,Brilliant Securities Pvt. Ltd.,2026-04-09 12:08:19.601562
2026040904007240,NGPL,69,8,900,464.9,418410.0,INDEX SECURITIES LIMITED,Brilliant Securities Pvt. Ltd.,2026-04-09 12:08:49.814711
2026040904007241,NGPL,69,14,150,465.0,69750.0,INDEX SECURITIES LIMITED,Nepal Stock House (PVT) Ltd.,2026-04-09 12:08:49.815449
2026040904007262,NGPL,5,14,1000,465.0,465000.0,Market Securities & Exchange (PVT) Ltd.,Nepal Stock House (PVT) Ltd.,2026-04-09 12:09:01.478471
2026040904007275,NGPL,5,14,1000,465.0,465000.0,Market Securities & Exchange (PVT) Ltd.,Nepal Stock House (PVT) Ltd.,2026-04-09 12:09:16.019689
2026040904007278,NGPL,35,14,10,465.0,4650.0,Kohinoor Investment & Securities Pvt. Ltd.,Nepal Stock House (PVT) Ltd.,2026-04-09 12:09:21.209891
2026040904007281,NGPL,36,14,1000,465.0,465000.0,Secured Securities Ltd.,Nepal Stock House (PVT) Ltd.,2026-04-09 12:09:22.543256
2026040904007285,NGPL,33,14,100,465.0,46500.0,Dakshinkali Investment & Securities Pvt. Ltd.,Nepal Stock House (PVT) Ltd.,2026-04-09 12:09:27.201645
2026040904007314,NGPL,54,14,800,465.0,372000.0,Sewa Securities Pvt. Ltd.,Nepal Stock House (PVT) Ltd.,2026-04-09 12:09:43.623248
2026040904007316,NGPL,44,63,10,464.4,4644.0,Dynamic Money Managers Securities Pvt. Ltd.,Himalayan Brokerage Company Limited,2026-04-09 12:09:43.768301
2026040904007336,NGPL,36,1,2,455.2,910.4,Secured Securities Ltd.,Kumari Securities Private Limited,2026-04-09 12:10:02.929639
2026040904007408,NGPL,36,6,4,460.0,1840.0,Secured Securities Ltd.,Agrawal Securities (PVT) Ltd.,2026-04-09 12:10:27.246480
2026040904007416,NGPL,57,14,105,465.0,48825.0,Aryatara Investment & Securities,Nepal Stock House (PVT) Ltd.,2026-04-09 12:10:34.646409
2026040904007425,NGPL,54,14,1000,465.0,465000.0,Sewa Securities Pvt. Ltd.,Nepal Stock House (PVT) Ltd.,2026-04-09 12:10:43.384495
2026040904007438,NGPL,36,57,1,460.0,460.0,Secured Securities Ltd.,Aryatara Investment & Securities,2026-04-09 12:10:50.187276
2026040904007464,NGPL,77,14,100,465.0,46500.0,Nabil Stock Dealer Ltd.,Nepal Stock House (PVT) Ltd.,2026-04-09 12:10:51.431151
2026040904007469,NGPL,39,14,700,465.0,325500.0,Sumeru Securities Pvt. Ltd.,Nepal Stock House (PVT) Ltd.,2026-04-09 12:10:58.445426
2026040904007523,NGPL,54,44,56,466.0,26096.0,Sewa Securities Pvt. Ltd.,Dynamic Money Managers Securities Pvt. Ltd.,2026-04-09 12:11:31.394719
2026040904007524,NGPL,54,17,50,466.0,23300.0,Sewa Securities Pvt. Ltd.,ABC Securities Private Limited,2026-04-09 12:11:31.395067
2026040904007525,NGPL,54,57,894,466.0,416604.0,Sewa Securities Pvt. Ltd.,Aryatara Investment & Securities,2026-04-09 12:11:31.395221
2026040904007591,NGPL,62,35,71,465.1,33022.1,Capital Max Securities Ltd,Kohinoor Investment & Securities Pvt. Ltd.,2026-04-09 12:12:13.229280
2026040904007689,NGPL,94,57,107,466.0,49862.0,K.B.L. Securities Limited ,Aryatara Investment & Securities,2026-04-09 12:13:13.833522
2026040904007690,NGPL,94,58,173,466.0,80618.0,K.B.L. Securities Limited ,Naasa Securities Co. Ltd.,2026-04-09 12:13:13.833904
2026040904007691,NGPL,94,33,220,466.0,102520.0,K.B.L. Securities Limited ,Dakshinkali Investment & Securities Pvt. Ltd.,2026-04-09 12:13:13.834066
2026040904007700,NGPL,58,14,500,465.9,232950.0,Naasa Securities Co. Ltd.,Nepal Stock House (PVT) Ltd.,2026-04-09 12:13:25.171632
2026040904007701,NGPL,58,33,500,466.0,233000.0,Naasa Securities Co. Ltd.,Dakshinkali Investment & Securities Pvt. Ltd.,2026-04-09 12:13:25.172021
2026040904007707,NGPL,1,33,4280,466.0,1994480.0,Kumari Securities Private Limited,Dakshinkali Investment & Securities Pvt. Ltd.,2026-04-09 12:13:29.213504
2026040904007734,NGPL,62,41,129,466.1,60126.9,Capital Max Securities Ltd,Linch Stock Market Ltd.,2026-04-09 12:13:47.638882
2026040904007735,NGPL,49,41,131,466.1,61059.1,Online Securities Pvt. Ltd.,Linch Stock Market Ltd.,2026-04-09 12:13:47.930602
2026040904007736,NGPL,49,8,169,466.1,78770.9,Online Securities Pvt. Ltd.,Brilliant Securities Pvt. Ltd.,2026-04-09 12:13:47.931332
2026040904007750,NGPL,1,45,720,466.0,335520.0,Kumari Securities Private Limited,Imperial Securities Company Pvt. Ltd.,2026-04-09 12:14:04.004015
2026040904007751,NGPL,60,45,1000,466.0,466000.0,Nagarik Stock Dealer ,Imperial Securities Company Pvt. Ltd.,2026-04-09 12:14:04.004394
2026040904007904,NGPL,62,75,80,465.3,37224.0,Capital Max Securities Ltd,N.I.M.B. Stock Markets Limited,2026-04-09 12:15:34.897479
2026040904007959,NGPL,59,33,1335,466.0,622110.0,Deevyaa Securities & Stock House Pvt. Ltd,Dakshinkali Investment & Securities Pvt. Ltd.,2026-04-09 12:15:57.048683
2026040904008016,NGPL,46,33,10,466.0,4660.0,Kalika Securities Pvt. Ltd.,Dakshinkali Investment & Securities Pvt. Ltd.,2026-04-09 12:16:21.666646
2026040904008076,NGPL,62,4,20,465.3,9306.0,Capital Max Securities Ltd,Opal Securities Investment (PVT) Ltd.,2026-04-09 12:16:41.468767
2026040904008093,NGPL,41,33,100,466.0,46600.0,Linch Stock Market Ltd.,Dakshinkali Investment & Securities Pvt. Ltd.,2026-04-09 12:16:54.660955
2026040904008108,NGPL,65,33,1600,466.0,745600.0,Sharepro Securities Private Limited,Dakshinkali Investment & Securities Pvt. Ltd.,2026-04-09 12:17:07.630904
2026040904008194,NGPL,38,33,1955,466.0,911030.0,Dipshikha Dhitopatra Karobar Co. Pvt Ltd.,Dakshinkali Investment & Securities Pvt. Ltd.,2026-04-09 12:17:46.964749
2026040904008195,NGPL,38,81,520,466.0,242320.0,Dipshikha Dhitopatra Karobar Co. Pvt Ltd.,Aakashbhairab Securities Ltd.,2026-04-09 12:17:46.965507
2026040904008371,NGPL,66,8,26,466.1,12118.6,Miyo Securities Pvt Ltd,Brilliant Securities Pvt. Ltd.,2026-04-09 12:18:55.859688
2026040904008372,NGPL,66,8,974,466.7,454565.8,Miyo Securities Pvt Ltd,Brilliant Securities Pvt. Ltd.,2026-04-09 12:18:55.860476
2026040904008382,NGPL,25,33,26,466.1,12118.6,Sweta Securities Private Limited,Dakshinkali Investment & Securities Pvt. Ltd.,2026-04-09 12:19:01.427932
2026040904008383,NGPL,51,33,300,466.0,139800.0,Oxford Securities Pvt. Ltd.,Dakshinkali Investment & Securities Pvt. Ltd.,2026-04-09 12:19:01.428320
2026040904008388,NGPL,48,33,2674,466.0,1246084.0,Trishakti Securities Public Limited,Dakshinkali Investment & Securities Pvt. Ltd.,2026-04-09 12:19:05.523075
2026040904008389,NGPL,48,8,26,466.7,12134.2,Trishakti Securities Public Limited,Brilliant Securities Pvt. Ltd.,2026-04-09 12:19:05.523504
2026040904008390,NGPL,48,66,635,466.7,296354.5,Trishakti Securities Public Limited,Miyo Securities Pvt Ltd,2026-04-09 12:19:05.523722
2026040904008391,NGPL,48,45,890,466.9,415541.0,Trishakti Securities Public Limited,Imperial Securities Company Pvt. Ltd.,2026-04-09 12:19:05.523892
2026040904008392,NGPL,48,45,775,466.9,361847.5,Trishakti Securities Public Limited,Imperial Securities Company Pvt. Ltd.,2026-04-09 12:19:05.524128
2026040904008416,NGPL,33,45,500,466.9,233450.0,Dakshinkali Investment & Securities Pvt. Ltd.,Imperial Securities Company Pvt. Ltd.,2026-04-09 12:19:25.463782
2026040904008451,NGPL,47,71,700,465.6,325920.0,Neev Securities Pvt. Ltd.,SHUBHAKAMANA SECURITIES PVT. LTD,2026-04-09 12:19:47.671908
2026040904008560,NGPL,47,21,100,465.6,46560.0,Neev Securities Pvt. Ltd.,Midas Stock Broking Company Private Limited,2026-04-09 12:20:36.797480
2026040904008641,NGPL,47,42,200,465.6,93120.0,Neev Securities Pvt. Ltd.,Sani Securities Company Ltd.,2026-04-09 12:21:37.511443
2026040904008642,NGPL,39,42,800,465.6,372480.0,Sumeru Securities Pvt. Ltd.,Sani Securities Company Ltd.,2026-04-09 12:21:37.511915
2026040904008664,NGPL,60,21,100,466.0,46600.0,Nagarik Stock Dealer ,Midas Stock Broking Company Private Limited,2026-04-09 12:21:42.278641
2026040904008666,NGPL,44,8,1000,466.4,466400.0,Dynamic Money Managers Securities Pvt. Ltd.,Brilliant Securities Pvt. Ltd.,2026-04-09 12:21:44.735117
2026040904008667,NGPL,44,45,1005,466.5,468832.5,Dynamic Money Managers Securities Pvt. Ltd.,Imperial Securities Company Pvt. Ltd.,2026-04-09 12:21:44.735906
2026040904008668,NGPL,44,45,1000,466.7,466700.0,Dynamic Money Managers Securities Pvt. Ltd.,Imperial Securities Company Pvt. Ltd.,2026-04-09 12:21:44.736445
2026040904008669,NGPL,44,33,1995,466.8,931266.0,Dynamic Money Managers Securities Pvt. Ltd.,Dakshinkali Investment & Securities Pvt. Ltd.,2026-04-09 12:21:44.736958
2026040904008680,NGPL,77,33,1781,466.8,831370.8,Nabil Stock Dealer Ltd.,Dakshinkali Investment & Securities Pvt. Ltd.,2026-04-09 12:21:54.761302
2026040904008681,NGPL,77,45,1000,466.9,466900.0,Nabil Stock Dealer Ltd.,Imperial Securities Company Pvt. Ltd.,2026-04-09 12:21:54.761355
2026040904008682,NGPL,77,45,2219,467.0,1036273.0,Nabil Stock Dealer Ltd.,Imperial Securities Company Pvt. Ltd.,2026-04-09 12:21:54.761389
2026040904008721,NGPL,48,45,954,466.9,445422.6,Trishakti Securities Public Limited,Imperial Securities Company Pvt. Ltd.,2026-04-09 12:22:28.860702
2026040904008722,NGPL,48,45,655,467.0,305885.0,Trishakti Securities Public Limited,Imperial Securities Company Pvt. Ltd.,2026-04-09 12:22:28.861104
2026040904008723,NGPL,48,38,1000,467.0,467000.0,Trishakti Securities Public Limited,Dipshikha Dhitopatra Karobar Co. Pvt Ltd.,2026-04-09 12:22:28.861280
2026040904008724,NGPL,48,58,100,467.0,46700.0,Trishakti Securities Public Limited,Naasa Securities Co. Ltd.,2026-04-09 12:22:28.861464
2026040904008725,NGPL,48,44,100,467.0,46700.0,Trishakti Securities Public Limited,Dynamic Money Managers Securities Pvt. Ltd.,2026-04-09 12:22:28.861634
2026040904008730,NGPL,48,44,3000,467.0,1401000.0,Trishakti Securities Public Limited,Dynamic Money Managers Securities Pvt. Ltd.,2026-04-09 12:22:29.893067
2026040904008812,NGPL,94,58,400,467.5,187000.0,K.B.L. Securities Limited ,Naasa Securities Co. Ltd.,2026-04-09 12:23:17.212708
2026040904008875,NGPL,94,45,100,467.7,46770.0,K.B.L. Securities Limited ,Imperial Securities Company Pvt. Ltd.,2026-04-09 12:23:41.329853
2026040904008878,NGPL,5,45,200,467.7,93540.0,Market Securities & Exchange (PVT) Ltd.,Imperial Securities Company Pvt. Ltd.,2026-04-09 12:23:42.212771
2026040904008995,NGPL,39,38,100,467.5,46750.0,Sumeru Securities Pvt. Ltd.,Dipshikha Dhitopatra Karobar Co. Pvt Ltd.,2026-04-09 12:24:57.923839
2026040904008996,NGPL,58,38,50,467.5,23375.0,Naasa Securities Co. Ltd.,Dipshikha Dhitopatra Karobar Co. Pvt Ltd.,2026-04-09 12:24:57.924597
2026040904009016,NGPL,5,45,200,467.7,93540.0,Market Securities & Exchange (PVT) Ltd.,Imperial Securities Company Pvt. Ltd.,2026-04-09 12:25:15.606524
2026040904009019,NGPL,75,45,500,467.7,233850.0,N.I.M.B. Stock Markets Limited,Imperial Securities Company Pvt. Ltd.,2026-04-09 12:25:18.017883
2026040904009020,NGPL,75,45,1000,467.7,467700.0,N.I.M.B. Stock Markets Limited,Imperial Securities Company Pvt. Ltd.,2026-04-09 12:25:18.018588
2026040904009021,NGPL,75,7,10,467.8,4678.0,N.I.M.B. Stock Markets Limited,J.F. Securites (PVT) Ltd.,2026-04-09 12:25:18.019123
2026040904009022,NGPL,75,94,100,467.8,46780.0,N.I.M.B. Stock Markets Limited,K.B.L. Securities Limited ,2026-04-09 12:25:18.019654
2026040904009023,NGPL,75,25,30,467.8,14034.0,N.I.M.B. Stock Markets Limited,Sweta Securities Private Limited,2026-04-09 12:25:18.020201
2026040904009024,NGPL,75,28,1000,467.8,467800.0,N.I.M.B. Stock Markets Limited,Shree Krishna Securities Ltd.,2026-04-09 12:25:18.020721
2026040904009025,NGPL,75,33,200,467.9,93580.0,N.I.M.B. Stock Markets Limited,Dakshinkali Investment & Securities Pvt. Ltd.,2026-04-09 12:25:18.021252
2026040904009026,NGPL,75,8,160,467.9,74864.0,N.I.M.B. Stock Markets Limited,Brilliant Securities Pvt. Ltd.,2026-04-09 12:25:18.021772
2026040904009059,NGPL,48,8,475,467.9,222252.5,Trishakti Securities Public Limited,Brilliant Securities Pvt. Ltd.,2026-04-09 12:25:40.214971
2026040904009067,NGPL,14,8,300,467.9,140370.0,Nepal Stock House (PVT) Ltd.,Brilliant Securities Pvt. Ltd.,2026-04-09 12:25:46.346997
2026040904009079,NGPL,58,16,450,467.5,210375.0,Naasa Securities Co. Ltd.,Primo Securities (PVT) Ltd.,2026-04-09 12:25:57.756838
2026040904009081,NGPL,58,16,45,467.5,21037.5,Naasa Securities Co. Ltd.,Primo Securities (PVT) Ltd.,2026-04-09 12:25:58.616994
2026040904009128,NGPL,48,44,1691,467.1,789866.1,Trishakti Securities Public Limited,Dynamic Money Managers Securities Pvt. Ltd.,2026-04-09 12:26:40.791212
2026040904009133,NGPL,38,44,26,467.1,12144.6,Dipshikha Dhitopatra Karobar Co. Pvt Ltd.,Dynamic Money Managers Securities Pvt. Ltd.,2026-04-09 12:26:41.531729
2026040904009296,NGPL,44,50,23,466.1,10720.3,Dynamic Money Managers Securities Pvt. Ltd.,Cristal Kanchanjanga Securites Pvt. Ltd.,2026-04-09 12:28:44.768301
2026040904009320,NGPL,58,44,200,467.0,93400.0,Naasa Securities Co. Ltd.,Dynamic Money Managers Securities Pvt. Ltd.,2026-04-09 12:28:48.462639
2026040904009359,NGPL,22,44,100,467.0,46700.0,Siprabi Securities Pvt. Ltd.,Dynamic Money Managers Securities Pvt. Ltd.,2026-04-09 12:29:07.956721
2026040904009434,NGPL,49,8,65,466.9,30348.5,Online Securities Pvt. Ltd.,Brilliant Securities Pvt. Ltd.,2026-04-09 12:30:00.296737
2026040904009435,NGPL,49,44,435,467.0,203145.0,Online Securities Pvt. Ltd.,Dynamic Money Managers Securities Pvt. Ltd.,2026-04-09 12:30:00.296795
2026040904009527,NGPL,48,8,990,466.9,462231.0,Trishakti Securities Public Limited,Brilliant Securities Pvt. Ltd.,2026-04-09 12:30:48.227967
2026040904009528,NGPL,48,44,1265,467.0,590755.0,Trishakti Securities Public Limited,Dynamic Money Managers Securities Pvt. Ltd.,2026-04-09 12:30:48.228403
2026040904009552,NGPL,48,44,283,467.1,132189.3,Trishakti Securities Public Limited,Dynamic Money Managers Securities Pvt. Ltd.,2026-04-09 12:31:02.876180
2026040904009597,NGPL,48,44,217,467.1,101360.7,Trishakti Securities Public Limited,Dynamic Money Managers Securities Pvt. Ltd.,2026-04-09 12:31:20.320897
2026040904009598,NGPL,49,44,50,467.1,23355.0,Online Securities Pvt. Ltd.,Dynamic Money Managers Securities Pvt. Ltd.,2026-04-09 12:31:20.321697
2026040904009599,NGPL,48,44,1245,467.0,581415.0,Trishakti Securities Public Limited,Dynamic Money Managers Securities Pvt. Ltd.,2026-04-09 12:31:20.322216
2026040904009630,NGPL,1,44,150,467.0,70050.0,Kumari Securities Private Limited,Dynamic Money Managers Securities Pvt. Ltd.,2026-04-09 12:31:26.856812
2026040904009652,NGPL,48,44,338,467.0,157846.0,Trishakti Securities Public Limited,Dynamic Money Managers Securities Pvt. Ltd.,2026-04-09 12:31:39.229136
2026040904009653,NGPL,48,8,10,467.4,4674.0,Trishakti Securities Public Limited,Brilliant Securities Pvt. Ltd.,2026-04-09 12:31:39.229574
2026040904009654,NGPL,48,16,152,467.5,71060.0,Trishakti Securities Public Limited,Primo Securities (PVT) Ltd.,2026-04-09 12:31:39.229752
2026040904009685,NGPL,44,49,67,466.1,31228.7,Dynamic Money Managers Securities Pvt. Ltd.,Online Securities Pvt. Ltd.,2026-04-09 12:31:54.350161
2026040904009686,NGPL,51,49,10,466.1,4661.0,Oxford Securities Pvt. Ltd.,Online Securities Pvt. Ltd.,2026-04-09 12:31:54.350603
2026040904009687,NGPL,74,49,1000,466.1,466100.0,KALASH STOCK MARKET PVT. LTD.,Online Securities Pvt. Ltd.,2026-04-09 12:31:54.350785
2026040904009688,NGPL,74,49,200,466.1,93220.0,KALASH STOCK MARKET PVT. LTD.,Online Securities Pvt. Ltd.,2026-04-09 12:31:54.350960
2026040904009773,NGPL,74,88,100,466.1,46610.0,KALASH STOCK MARKET PVT. LTD.,Blue Chip Securities Ltd,2026-04-09 12:32:33.319056
2026040904009774,NGPL,56,88,19,466.1,8855.9,Sri Hari Securities Pvt. Ltd.,Blue Chip Securities Ltd,2026-04-09 12:32:33.319457
2026040904009775,NGPL,42,88,1000,466.1,466100.0,Sani Securities Company Ltd.,Blue Chip Securities Ltd,2026-04-09 12:32:33.319659
2026040904009776,NGPL,17,88,85,466.1,39618.5,ABC Securities Private Limited,Blue Chip Securities Ltd,2026-04-09 12:32:33.319870
2026040904009777,NGPL,25,88,100,466.0,46600.0,Sweta Securities Private Limited,Blue Chip Securities Ltd,2026-04-09 12:32:33.320199
2026040904009778,NGPL,95,88,200,466.0,93200.0,Magnet Securities and Investment Company Private Limited,Blue Chip Securities Ltd,2026-04-09 12:32:33.320421
2026040904009779,NGPL,41,88,150,466.0,69900.0,Linch Stock Market Ltd.,Blue Chip Securities Ltd,2026-04-09 12:32:33.320730
2026040904009780,NGPL,32,88,1000,466.0,466000.0,Premier Securities Company Ltd.,Blue Chip Securities Ltd,2026-04-09 12:32:33.320931
2026040904009843,NGPL,57,54,5,467.0,2335.0,Aryatara Investment & Securities,Sewa Securities Pvt. Ltd.,2026-04-09 12:33:00.305614
2026040904009855,NGPL,34,88,1000,466.0,466000.0,Vision Securities Pvt. Ltd,Blue Chip Securities Ltd,2026-04-09 12:33:05.553145
2026040904009862,NGPL,50,6,50,465.7,23285.0,Cristal Kanchanjanga Securites Pvt. Ltd.,Agrawal Securities (PVT) Ltd.,2026-04-09 12:33:09.351661
2026040904009863,NGPL,39,6,200,465.6,93120.0,Sumeru Securities Pvt. Ltd.,Agrawal Securities (PVT) Ltd.,2026-04-09 12:33:09.352081
2026040904009864,NGPL,21,6,32,465.6,14899.2,Midas Stock Broking Company Private Limited,Agrawal Securities (PVT) Ltd.,2026-04-09 12:33:09.352328
2026040904009897,NGPL,21,40,23,465.6,10708.8,Midas Stock Broking Company Private Limited,Creative Securities Pvt Ltd,2026-04-09 12:33:33.490265
2026040904009900,NGPL,21,44,95,465.6,44232.0,Midas Stock Broking Company Private Limited,Dynamic Money Managers Securities Pvt. Ltd.,2026-04-09 12:33:35.252453
2026040904009901,NGPL,58,44,500,465.6,232800.0,Naasa Securities Co. Ltd.,Dynamic Money Managers Securities Pvt. Ltd.,2026-04-09 12:33:35.252871
2026040904009902,NGPL,35,44,1000,465.6,465600.0,Kohinoor Investment & Securities Pvt. Ltd.,Dynamic Money Managers Securities Pvt. Ltd.,2026-04-09 12:33:35.253050
2026040904009903,NGPL,57,44,500,465.6,232800.0,Aryatara Investment & Securities,Dynamic Money Managers Securities Pvt. Ltd.,2026-04-09 12:33:35.253238
2026040904009904,NGPL,39,44,1000,465.5,465500.0,Sumeru Securities Pvt. Ltd.,Dynamic Money Managers Securities Pvt. Ltd.,2026-04-09 12:33:35.253426
2026040904009905,NGPL,48,44,6905,465.5,3214277.5,Trishakti Securities Public Limited,Dynamic Money Managers Securities Pvt. Ltd.,2026-04-09 12:33:35.253608
2026040904009925,NGPL,63,88,1000,466.0,466000.0,Himalayan Brokerage Company Limited,Blue Chip Securities Ltd,2026-04-09 12:33:42.501824
2026040904009929,NGPL,34,88,20,466.0,9320.0,Vision Securities Pvt. Ltd,Blue Chip Securities Ltd,2026-04-09 12:33:47.627920
2026040904009943,NGPL,45,34,500,465.6,232800.0,Imperial Securities Company Pvt. Ltd.,Vision Securities Pvt. Ltd,2026-04-09 12:33:58.328202
2026040904009972,NGPL,58,34,339,465.6,157838.4,Naasa Securities Co. Ltd.,Vision Securities Pvt. Ltd,2026-04-09 12:34:15.291554
2026040904009973,NGPL,58,88,161,466.0,75026.0,Naasa Securities Co. Ltd.,Blue Chip Securities Ltd,2026-04-09 12:34:15.292362
2026040904010063,NGPL,65,88,1000,466.0,466000.0,Sharepro Securities Private Limited,Blue Chip Securities Ltd,2026-04-09 12:35:04.516215
2026040904010093,NGPL,49,88,165,466.0,76890.0,Online Securities Pvt. Ltd.,Blue Chip Securities Ltd,2026-04-09 12:35:28.751511
2026040904010120,NGPL,49,3,100,466.0,46600.0,Online Securities Pvt. Ltd.,Arun Securities (PVT) Ltd.,2026-04-09 12:35:40.980101
2026040904010168,NGPL,49,44,15,466.0,6990.0,Online Securities Pvt. Ltd.,Dynamic Money Managers Securities Pvt. Ltd.,2026-04-09 12:36:04.343436
2026040904010187,NGPL,48,44,700,466.0,326200.0,Trishakti Securities Public Limited,Dynamic Money Managers Securities Pvt. Ltd.,2026-04-09 12:36:14.595576
2026040904010197,NGPL,64,3,100,465.5,46550.0,SUN SECURITIES PVT LTD,Arun Securities (PVT) Ltd.,2026-04-09 12:36:19.864403
2026040904010207,NGPL,64,3,100,465.5,46550.0,SUN SECURITIES PVT LTD,Arun Securities (PVT) Ltd.,2026-04-09 12:36:31.491084
2026040904010292,NGPL,64,44,300,465.5,139650.0,SUN SECURITIES PVT LTD,Dynamic Money Managers Securities Pvt. Ltd.,2026-04-09 12:36:59.050593
2026040904010316,NGPL,48,44,500,466.0,233000.0,Trishakti Securities Public Limited,Dynamic Money Managers Securities Pvt. Ltd.,2026-04-09 12:37:22.183111
2026040904010325,NGPL,5,58,4,457.0,1828.0,Market Securities & Exchange (PVT) Ltd.,Naasa Securities Co. Ltd.,2026-04-09 12:37:31.849035
2026040904010356,NGPL,39,44,500,465.5,232750.0,Sumeru Securities Pvt. Ltd.,Dynamic Money Managers Securities Pvt. Ltd.,2026-04-09 12:37:48.927991
2026040904010357,NGPL,39,44,200,465.5,93100.0,Sumeru Securities Pvt. Ltd.,Dynamic Money Managers Securities Pvt. Ltd.,2026-04-09 12:37:48.928398
2026040904010358,NGPL,63,44,750,465.5,349125.0,Himalayan Brokerage Company Limited,Dynamic Money Managers Securities Pvt. Ltd.,2026-04-09 12:37:48.928577
2026040904010359,NGPL,42,44,44,465.4,20477.6,Sani Securities Company Ltd.,Dynamic Money Managers Securities Pvt. Ltd.,2026-04-09 12:37:48.928751
2026040904010360,NGPL,57,44,500,465.4,232700.0,Aryatara Investment & Securities,Dynamic Money Managers Securities Pvt. Ltd.,2026-04-09 12:37:48.928921
2026040904010361,NGPL,34,44,200,465.3,93060.0,Vision Securities Pvt. Ltd,Dynamic Money Managers Securities Pvt. Ltd.,2026-04-09 12:37:48.929114
2026040904010362,NGPL,48,44,3095,465.3,1440103.5,Trishakti Securities Public Limited,Dynamic Money Managers Securities Pvt. Ltd.,2026-04-09 12:37:48.929287
2026040904010363,NGPL,57,44,500,465.2,232600.0,Aryatara Investment & Securities,Dynamic Money Managers Securities Pvt. Ltd.,2026-04-09 12:37:48.929475
2026040904010364,NGPL,39,44,500,465.1,232550.0,Sumeru Securities Pvt. Ltd.,Dynamic Money Managers Securities Pvt. Ltd.,2026-04-09 12:37:48.929646
2026040904010365,NGPL,58,44,1000,465.1,465100.0,Naasa Securities Co. Ltd.,Dynamic Money Managers Securities Pvt. Ltd.,2026-04-09 12:37:48.929817
2026040904010366,NGPL,35,44,2711,465.1,1260886.1,Kohinoor Investment & Securities Pvt. Ltd.,Dynamic Money Managers Securities Pvt. Ltd.,2026-04-09 12:37:48.929986
2026040904010399,NGPL,35,49,105,465.1,48835.5,Kohinoor Investment & Securities Pvt. Ltd.,Online Securities Pvt. Ltd.,2026-04-09 12:38:06.584877
2026040904010407,NGPL,35,14,184,465.1,85578.4,Kohinoor Investment & Securities Pvt. Ltd.,Nepal Stock House (PVT) Ltd.,2026-04-09 12:38:08.272477
2026040904010408,NGPL,39,14,316,465.1,146971.6,Sumeru Securities Pvt. Ltd.,Nepal Stock House (PVT) Ltd.,2026-04-09 12:38:08.272860
2026040904010438,NGPL,45,44,500,466.0,233000.0,Imperial Securities Company Pvt. Ltd.,Dynamic Money Managers Securities Pvt. Ltd.,2026-04-09 12:38:25.546243
2026040904010440,NGPL,49,44,15,466.0,6990.0,Online Securities Pvt. Ltd.,Dynamic Money Managers Securities Pvt. Ltd.,2026-04-09 12:38:26.361521
2026040904010441,NGPL,35,44,1000,466.0,466000.0,Kohinoor Investment & Securities Pvt. Ltd.,Dynamic Money Managers Securities Pvt. Ltd.,2026-04-09 12:38:26.481385
2026040904010459,NGPL,66,44,500,466.0,233000.0,Miyo Securities Pvt Ltd,Dynamic Money Managers Securities Pvt. Ltd.,2026-04-09 12:38:34.855954
2026040904010463,NGPL,98,44,500,466.0,233000.0,Trademow Securities Private Limited,Dynamic Money Managers Securities Pvt. Ltd.,2026-04-09 12:38:38.868243
2026040904010511,NGPL,34,44,20,466.0,9320.0,Vision Securities Pvt. Ltd,Dynamic Money Managers Securities Pvt. Ltd.,2026-04-09 12:38:54.868744
2026040904010616,NGPL,62,63,1000,465.3,465300.0,Capital Max Securities Ltd,Himalayan Brokerage Company Limited,2026-04-09 12:39:56.635980
2026040904010617,NGPL,39,63,200,465.3,93060.0,Sumeru Securities Pvt. Ltd.,Himalayan Brokerage Company Limited,2026-04-09 12:39:56.636431
2026040904010618,NGPL,52,63,50,465.2,23260.0,Sundhara Securities Limited,Himalayan Brokerage Company Limited,2026-04-09 12:39:56.636616
2026040904010619,NGPL,63,63,1000,465.2,465200.0,Himalayan Brokerage Company Limited,Himalayan Brokerage Company Limited,2026-04-09 12:39:56.636823
2026040904010620,NGPL,39,63,184,465.1,85578.4,Sumeru Securities Pvt. Ltd.,Himalayan Brokerage Company Limited,2026-04-09 12:39:56.637010
2026040904010621,NGPL,45,63,1500,465.1,697650.0,Imperial Securities Company Pvt. Ltd.,Himalayan Brokerage Company Limited,2026-04-09 12:39:56.637197
2026040904010622,NGPL,56,63,20,465.1,9302.0,Sri Hari Securities Pvt. Ltd.,Himalayan Brokerage Company Limited,2026-04-09 12:39:56.637392
2026040904010623,NGPL,1,63,120,465.1,55812.0,Kumari Securities Private Limited,Himalayan Brokerage Company Limited,2026-04-09 12:39:56.637576
2026040904010624,NGPL,34,63,15,465.1,6976.5,Vision Securities Pvt. Ltd,Himalayan Brokerage Company Limited,2026-04-09 12:39:56.637753
2026040904010625,NGPL,39,63,300,465.0,139500.0,Sumeru Securities Pvt. Ltd.,Himalayan Brokerage Company Limited,2026-04-09 12:39:56.637933
2026040904010626,NGPL,44,63,500,465.0,232500.0,Dynamic Money Managers Securities Pvt. Ltd.,Himalayan Brokerage Company Limited,2026-04-09 12:39:56.638122
2026040904010627,NGPL,6,63,430,465.0,199950.0,Agrawal Securities (PVT) Ltd.,Himalayan Brokerage Company Limited,2026-04-09 12:39:56.638301
2026040904010628,NGPL,35,63,50,465.0,23250.0,Kohinoor Investment & Securities Pvt. Ltd.,Himalayan Brokerage Company Limited,2026-04-09 12:39:56.638474
2026040904010629,NGPL,42,63,55,465.0,25575.0,Sani Securities Company Ltd.,Himalayan Brokerage Company Limited,2026-04-09 12:39:56.638644
2026040904010630,NGPL,77,63,4576,465.0,2127840.0,Nabil Stock Dealer Ltd.,Himalayan Brokerage Company Limited,2026-04-09 12:39:56.638830
2026040904010673,NGPL,28,44,450,466.0,209700.0,Shree Krishna Securities Ltd.,Dynamic Money Managers Securities Pvt. Ltd.,2026-04-09 12:40:20.725056
2026040904010703,NGPL,21,44,20,466.0,9320.0,Midas Stock Broking Company Private Limited,Dynamic Money Managers Securities Pvt. Ltd.,2026-04-09 12:40:47.798067
2026040904010710,NGPL,51,44,300,466.0,139800.0,Oxford Securities Pvt. Ltd.,Dynamic Money Managers Securities Pvt. Ltd.,2026-04-09 12:40:51.767621
2026040904010781,NGPL,63,63,500,465.3,232650.0,Himalayan Brokerage Company Limited,Himalayan Brokerage Company Limited,2026-04-09 12:41:34.383584
2026040904010782,NGPL,65,63,750,465.3,348975.0,Sharepro Securities Private Limited,Himalayan Brokerage Company Limited,2026-04-09 12:41:34.384060
2026040904010783,NGPL,57,63,500,465.3,232650.0,Aryatara Investment & Securities,Himalayan Brokerage Company Limited,2026-04-09 12:41:34.384269
2026040904010784,NGPL,39,63,100,465.1,46510.0,Sumeru Securities Pvt. Ltd.,Himalayan Brokerage Company Limited,2026-04-09 12:41:34.384481
2026040904010785,NGPL,77,63,3424,465.0,1592160.0,Nabil Stock Dealer Ltd.,Himalayan Brokerage Company Limited,2026-04-09 12:41:34.384671
2026040904010786,NGPL,35,63,308,465.0,143220.0,Kohinoor Investment & Securities Pvt. Ltd.,Himalayan Brokerage Company Limited,2026-04-09 12:41:34.384859
2026040904010796,NGPL,35,13,192,465.0,89280.0,Kohinoor Investment & Securities Pvt. Ltd.,Thrive Brokerage House Pvt. Ltd,2026-04-09 12:41:41.567401
2026040904010797,NGPL,35,13,500,465.0,232500.0,Kohinoor Investment & Securities Pvt. Ltd.,Thrive Brokerage House Pvt. Ltd,2026-04-09 12:41:41.567822
2026040904010798,NGPL,34,13,200,465.0,93000.0,Vision Securities Pvt. Ltd,Thrive Brokerage House Pvt. Ltd,2026-04-09 12:41:41.568061
2026040904010799,NGPL,41,13,788,465.0,366420.0,Linch Stock Market Ltd.,Thrive Brokerage House Pvt. Ltd,2026-04-09 12:41:41.568257
2026040904010800,NGPL,58,13,1000,465.0,465000.0,Naasa Securities Co. Ltd.,Thrive Brokerage House Pvt. Ltd,2026-04-09 12:41:41.568449
2026040904010886,NGPL,82,47,210,464.5,97545.0,N.M.B. SECURITIES LIMITED,Neev Securities Pvt. Ltd.,2026-04-09 12:43:13.318436
2026040904011021,NGPL,35,45,100,464.6,46460.0,Kohinoor Investment & Securities Pvt. Ltd.,Imperial Securities Company Pvt. Ltd.,2026-04-09 12:44:22.986359
2026040904011024,NGPL,7,13,200,464.8,92960.0,J.F. Securites (PVT) Ltd.,Thrive Brokerage House Pvt. Ltd,2026-04-09 12:44:25.415365
2026040904011031,NGPL,47,13,1000,464.8,464800.0,Neev Securities Pvt. Ltd.,Thrive Brokerage House Pvt. Ltd,2026-04-09 12:44:28.042073
2026040904011062,NGPL,49,13,120,464.8,55776.0,Online Securities Pvt. Ltd.,Thrive Brokerage House Pvt. Ltd,2026-04-09 12:44:45.206867
2026040904011069,NGPL,49,87,380,464.8,176624.0,Online Securities Pvt. Ltd.,S.P.S.A. Securities Limited,2026-04-09 12:44:52.982176
2026040904011070,NGPL,82,87,790,464.5,366955.0,N.M.B. SECURITIES LIMITED,S.P.S.A. Securities Limited,2026-04-09 12:44:52.982304
2026040904011071,NGPL,21,87,200,464.5,92900.0,Midas Stock Broking Company Private Limited,S.P.S.A. Securities Limited,2026-04-09 12:44:52.982422
2026040904011072,NGPL,63,87,130,464.5,60385.0,Himalayan Brokerage Company Limited,S.P.S.A. Securities Limited,2026-04-09 12:44:52.982489
2026040904011107,NGPL,32,13,200,464.8,92960.0,Premier Securities Company Ltd.,Thrive Brokerage House Pvt. Ltd,2026-04-09 12:45:25.011070
2026040904011143,NGPL,67,13,200,464.8,92960.0,Property Wiard Limited,Thrive Brokerage House Pvt. Ltd,2026-04-09 12:46:04.329420
2026040904011144,NGPL,67,8,1000,464.9,464900.0,Property Wiard Limited,Brilliant Securities Pvt. Ltd.,2026-04-09 12:46:04.329485
2026040904011145,NGPL,67,63,800,465.0,372000.0,Property Wiard Limited,Himalayan Brokerage Company Limited,2026-04-09 12:46:04.329524
2026040904011154,NGPL,34,63,4200,465.0,1953000.0,Vision Securities Pvt. Ltd,Himalayan Brokerage Company Limited,2026-04-09 12:46:13.079963
2026040904011228,NGPL,22,48,500,465.1,232550.0,Siprabi Securities Pvt. Ltd.,Trishakti Securities Public Limited,2026-04-09 12:46:54.197533
2026040904011229,NGPL,34,48,1500,465.0,697500.0,Vision Securities Pvt. Ltd,Trishakti Securities Public Limited,2026-04-09 12:46:54.198300
2026040904011233,NGPL,34,44,4300,465.0,1999500.0,Vision Securities Pvt. Ltd,Dynamic Money Managers Securities Pvt. Ltd.,2026-04-09 12:46:57.808822
2026040904011234,NGPL,74,44,640,465.0,297600.0,KALASH STOCK MARKET PVT. LTD.,Dynamic Money Managers Securities Pvt. Ltd.,2026-04-09 12:46:57.809206
2026040904011247,NGPL,41,44,200,465.0,93000.0,Linch Stock Market Ltd.,Dynamic Money Managers Securities Pvt. Ltd.,2026-04-09 12:47:09.529292
2026040904011256,NGPL,32,44,450,465.0,209250.0,Premier Securities Company Ltd.,Dynamic Money Managers Securities Pvt. Ltd.,2026-04-09 12:47:24.778908
2026040904011267,NGPL,35,44,20,465.0,9300.0,Kohinoor Investment & Securities Pvt. Ltd.,Dynamic Money Managers Securities Pvt. Ltd.,2026-04-09 12:47:39.549069
2026040904011290,NGPL,22,44,390,465.0,181350.0,Siprabi Securities Pvt. Ltd.,Dynamic Money Managers Securities Pvt. Ltd.,2026-04-09 12:48:00.874695
2026040904011340,NGPL,44,44,500,465.0,232500.0,Dynamic Money Managers Securities Pvt. Ltd.,Dynamic Money Managers Securities Pvt. Ltd.,2026-04-09 12:48:43.028381
2026040904011341,NGPL,50,44,1000,465.0,465000.0,Cristal Kanchanjanga Securites Pvt. Ltd.,Dynamic Money Managers Securities Pvt. Ltd.,2026-04-09 12:48:43.028782
2026040904011342,NGPL,39,44,300,465.0,139500.0,Sumeru Securities Pvt. Ltd.,Dynamic Money Managers Securities Pvt. Ltd.,2026-04-09 12:48:43.029011
2026040904011343,NGPL,57,44,100,465.0,46500.0,Aryatara Investment & Securities,Dynamic Money Managers Securities Pvt. Ltd.,2026-04-09 12:48:43.029220
2026040904011401,NGPL,11,44,500,465.0,232500.0,Malla & Malla Stock Broking Company Pvt. Limited,Dynamic Money Managers Securities Pvt. Ltd.,2026-04-09 12:49:02.931172
2026040904011426,NGPL,67,44,2000,465.0,930000.0,Property Wiard Limited,Dynamic Money Managers Securities Pvt. Ltd.,2026-04-09 12:49:13.547364
2026040904011461,NGPL,57,44,100,465.0,46500.0,Aryatara Investment & Securities,Dynamic Money Managers Securities Pvt. Ltd.,2026-04-09 12:49:42.454189
2026040904011538,NGPL,91,44,500,465.0,232500.0,Citizens Share Broker Limited,Dynamic Money Managers Securities Pvt. Ltd.,2026-04-09 12:50:34.808653
2026040904011539,NGPL,91,85,500,465.0,232500.0,Citizens Share Broker Limited,Capital Hub P. Ltd,2026-04-09 12:50:34.809098
2026040904011547,NGPL,83,8,1000,465.9,465900.0,Sanima Securities Limited,Brilliant Securities Pvt. Ltd.,2026-04-09 12:50:43.488091
2026040904011548,NGPL,83,60,1000,465.9,465900.0,Sanima Securities Limited,Nagarik Stock Dealer ,2026-04-09 12:50:43.488218
2026040904011549,NGPL,83,44,480,466.0,223680.0,Sanima Securities Limited,Dynamic Money Managers Securities Pvt. Ltd.,2026-04-09 12:50:43.488308
2026040904011550,NGPL,83,54,520,466.0,242320.0,Sanima Securities Limited,Sewa Securities Pvt. Ltd.,2026-04-09 12:50:43.488412
2026040904011628,NGPL,58,54,19,466.0,8854.0,Naasa Securities Co. Ltd.,Sewa Securities Pvt. Ltd.,2026-04-09 12:52:05.611676
2026040904011707,NGPL,38,35,123,465.1,57207.3,Dipshikha Dhitopatra Karobar Co. Pvt Ltd.,Kohinoor Investment & Securities Pvt. Ltd.,2026-04-09 12:52:40.957734
2026040904011729,NGPL,38,62,377,465.1,175342.7,Dipshikha Dhitopatra Karobar Co. Pvt Ltd.,Capital Max Securities Ltd,2026-04-09 12:53:01.573441
2026040904011730,NGPL,91,62,623,465.0,289695.0,Citizens Share Broker Limited,Capital Max Securities Ltd,2026-04-09 12:53:01.573898
2026040904011732,NGPL,49,54,20,466.0,9320.0,Online Securities Pvt. Ltd.,Sewa Securities Pvt. Ltd.,2026-04-09 12:53:04.026058
2026040904011733,NGPL,7,54,120,466.0,55920.0,J.F. Securites (PVT) Ltd.,Sewa Securities Pvt. Ltd.,2026-04-09 12:53:05.610355
2026040904011780,NGPL,5,54,96,466.0,44736.0,Market Securities & Exchange (PVT) Ltd.,Sewa Securities Pvt. Ltd.,2026-04-09 12:53:39.938821
2026040904011885,NGPL,91,93,20,465.0,9300.0,Citizens Share Broker Limited,Beni Securities Pvt.Ltd.,2026-04-09 12:54:40.690111
2026040904011891,NGPL,58,54,225,466.0,104850.0,Naasa Securities Co. Ltd.,Sewa Securities Pvt. Ltd.,2026-04-09 12:54:44.851073
2026040904011892,NGPL,58,53,275,466.0,128150.0,Naasa Securities Co. Ltd.,Investment Management Nepal Pvt. Ltd.,2026-04-09 12:54:44.851515
2026040904011919,NGPL,25,53,75,466.0,34950.0,Sweta Securities Private Limited,Investment Management Nepal Pvt. Ltd.,2026-04-09 12:54:59.125969
2026040904011920,NGPL,25,33,20,466.0,9320.0,Sweta Securities Private Limited,Dakshinkali Investment & Securities Pvt. Ltd.,2026-04-09 12:54:59.126430
2026040904011921,NGPL,25,44,105,466.0,48930.0,Sweta Securities Private Limited,Dynamic Money Managers Securities Pvt. Ltd.,2026-04-09 12:54:59.126616
2026040904011966,NGPL,35,44,50,466.0,23300.0,Kohinoor Investment & Securities Pvt. Ltd.,Dynamic Money Managers Securities Pvt. Ltd.,2026-04-09 12:55:31.960173
2026040904012026,NGPL,101,44,1000,466.0,466000.0,APPLE SECURITIES PRIVATE LIMITED,Dynamic Money Managers Securities Pvt. Ltd.,2026-04-09 12:56:10.956502
2026040904012044,NGPL,41,44,400,466.0,186400.0,Linch Stock Market Ltd.,Dynamic Money Managers Securities Pvt. Ltd.,2026-04-09 12:56:24.253943
2026040904012053,NGPL,49,44,500,466.0,233000.0,Online Securities Pvt. Ltd.,Dynamic Money Managers Securities Pvt. Ltd.,2026-04-09 12:56:27.860688
2026040904012063,NGPL,95,44,1000,466.0,466000.0,Magnet Securities and Investment Company Private Limited,Dynamic Money Managers Securities Pvt. Ltd.,2026-04-09 12:56:36.244665
2026040904012065,NGPL,56,44,500,466.0,233000.0,Sri Hari Securities Pvt. Ltd.,Dynamic Money Managers Securities Pvt. Ltd.,2026-04-09 12:56:39.445883
2026040904012094,NGPL,66,44,50,466.0,23300.0,Miyo Securities Pvt Ltd,Dynamic Money Managers Securities Pvt. Ltd.,2026-04-09 12:57:01.439735
2026040904012157,NGPL,95,44,1000,466.0,466000.0,Magnet Securities and Investment Company Private Limited,Dynamic Money Managers Securities Pvt. Ltd.,2026-04-09 12:57:52.116830
2026040904012167,NGPL,91,44,357,466.0,166362.0,Citizens Share Broker Limited,Dynamic Money Managers Securities Pvt. Ltd.,2026-04-09 12:57:54.067784
2026040904012208,NGPL,34,62,200,465.5,93100.0,Vision Securities Pvt. Ltd,Capital Max Securities Ltd,2026-04-09 12:58:22.888014
2026040904012209,NGPL,57,62,100,465.5,46550.0,Aryatara Investment & Securities,Capital Max Securities Ltd,2026-04-09 12:58:22.888459
2026040904012210,NGPL,39,62,1000,465.5,465500.0,Sumeru Securities Pvt. Ltd.,Capital Max Securities Ltd,2026-04-09 12:58:22.888655
2026040904012211,NGPL,58,62,500,465.1,232550.0,Naasa Securities Co. Ltd.,Capital Max Securities Ltd,2026-04-09 12:58:22.888853
2026040904012212,NGPL,42,62,200,465.0,93000.0,Sani Securities Company Ltd.,Capital Max Securities Ltd,2026-04-09 12:58:22.889038
2026040904012326,NGPL,58,58,71,465.1,33022.1,Naasa Securities Co. Ltd.,Naasa Securities Co. Ltd.,2026-04-09 12:59:39.288266
2026040904012378,NGPL,66,44,38,466.0,17708.0,Miyo Securities Pvt Ltd,Dynamic Money Managers Securities Pvt. Ltd.,2026-04-09 12:59:54.524933
2026040904012379,NGPL,66,44,22,466.0,10252.0,Miyo Securities Pvt Ltd,Dynamic Money Managers Securities Pvt. Ltd.,2026-04-09 12:59:54.525766
2026040904012472,NGPL,42,6,50,465.9,23295.0,Sani Securities Company Ltd.,Agrawal Securities (PVT) Ltd.,2026-04-09 13:00:53.233393
2026040904012473,NGPL,42,14,88,465.9,40999.2,Sani Securities Company Ltd.,Nepal Stock House (PVT) Ltd.,2026-04-09 13:00:53.233827
2026040904012523,NGPL,41,58,6,464.6,2787.6,Linch Stock Market Ltd.,Naasa Securities Co. Ltd.,2026-04-09 13:01:29.327546
2026040904012534,NGPL,42,14,200,465.9,93180.0,Sani Securities Company Ltd.,Nepal Stock House (PVT) Ltd.,2026-04-09 13:01:35.733724
2026040904012560,NGPL,16,14,212,465.9,98770.8,Primo Securities (PVT) Ltd.,Nepal Stock House (PVT) Ltd.,2026-04-09 13:01:48.306874
2026040904012561,NGPL,16,44,288,466.0,134208.0,Primo Securities (PVT) Ltd.,Dynamic Money Managers Securities Pvt. Ltd.,2026-04-09 13:01:48.307378
2026040904012588,NGPL,39,44,20,466.0,9320.0,Sumeru Securities Pvt. Ltd.,Dynamic Money Managers Securities Pvt. Ltd.,2026-04-09 13:01:54.873084
2026040904012608,NGPL,95,44,100,466.0,46600.0,Magnet Securities and Investment Company Private Limited,Dynamic Money Managers Securities Pvt. Ltd.,2026-04-09 13:02:07.874882
2026040904012616,NGPL,37,44,300,466.0,139800.0,Swarna Laxmi Securities Pvt. Ltd.,Dynamic Money Managers Securities Pvt. Ltd.,2026-04-09 13:02:09.358033
2026040904012620,NGPL,44,44,4270,466.0,1989820.0,Dynamic Money Managers Securities Pvt. Ltd.,Dynamic Money Managers Securities Pvt. Ltd.,2026-04-09 13:02:12.388726
2026040904012661,NGPL,66,25,29,466.8,13537.2,Miyo Securities Pvt Ltd,Sweta Securities Private Limited,2026-04-09 13:02:44.063556
2026040904012671,NGPL,5,95,100,466.1,46610.0,Market Securities & Exchange (PVT) Ltd.,Magnet Securities and Investment Company Private Limited,2026-04-09 13:02:58.019223
2026040904012672,NGPL,44,95,180,466.0,83880.0,Dynamic Money Managers Securities Pvt. Ltd.,Magnet Securities and Investment Company Private Limited,2026-04-09 13:02:58.020056
2026040904012683,NGPL,44,48,240,466.0,111840.0,Dynamic Money Managers Securities Pvt. Ltd.,Trishakti Securities Public Limited,2026-04-09 13:03:06.590607
2026040904012684,NGPL,18,48,50,466.0,23300.0,Sagarmatha Securities Private Limited,Trishakti Securities Public Limited,2026-04-09 13:03:06.591393
2026040904012715,NGPL,18,48,10,466.0,4660.0,Sagarmatha Securities Private Limited,Trishakti Securities Public Limited,2026-04-09 13:03:24.510341
2026040904012730,NGPL,44,25,21,466.8,9802.8,Dynamic Money Managers Securities Pvt. Ltd.,Sweta Securities Private Limited,2026-04-09 13:03:38.930666
2026040904012731,NGPL,44,8,299,466.9,139603.1,Dynamic Money Managers Securities Pvt. Ltd.,Brilliant Securities Pvt. Ltd.,2026-04-09 13:03:38.931653
2026040904012769,NGPL,18,52,200,466.0,93200.0,Sagarmatha Securities Private Limited,Sundhara Securities Limited,2026-04-09 13:04:06.465983
2026040904012841,NGPL,18,63,100,466.0,46600.0,Sagarmatha Securities Private Limited,Himalayan Brokerage Company Limited,2026-04-09 13:05:00.619190
2026040904012913,NGPL,66,94,100,466.7,46670.0,Miyo Securities Pvt Ltd,K.B.L. Securities Limited ,2026-04-09 13:05:49.940652
2026040904012918,NGPL,18,6,140,466.0,65240.0,Sagarmatha Securities Private Limited,Agrawal Securities (PVT) Ltd.,2026-04-09 13:05:53.804748
2026040904012919,NGPL,49,6,243,466.0,113238.0,Online Securities Pvt. Ltd.,Agrawal Securities (PVT) Ltd.,2026-04-09 13:05:53.805212
2026040904012929,NGPL,39,94,1000,466.7,466700.0,Sumeru Securities Pvt. Ltd.,K.B.L. Securities Limited ,2026-04-09 13:06:04.495779
2026040904012943,NGPL,39,52,89,466.6,41527.4,Sumeru Securities Pvt. Ltd.,Sundhara Securities Limited,2026-04-09 13:06:10.770090
2026040904012944,NGPL,39,94,911,466.7,425163.7,Sumeru Securities Pvt. Ltd.,K.B.L. Securities Limited ,2026-04-09 13:06:10.770520
2026040904012951,NGPL,39,8,701,466.6,327086.6,Sumeru Securities Pvt. Ltd.,Brilliant Securities Pvt. Ltd.,2026-04-09 13:06:23.156241
2026040904012952,NGPL,39,14,299,466.6,139513.4,Sumeru Securities Pvt. Ltd.,Nepal Stock House (PVT) Ltd.,2026-04-09 13:06:23.156724
2026040904012961,NGPL,39,14,200,466.6,93320.0,Sumeru Securities Pvt. Ltd.,Nepal Stock House (PVT) Ltd.,2026-04-09 13:06:31.743753
2026040904012962,NGPL,39,29,300,466.6,139980.0,Sumeru Securities Pvt. Ltd.,Trisul Securities & Invt. Ltd.,2026-04-09 13:06:31.744203
2026040904012963,NGPL,39,94,500,466.7,233350.0,Sumeru Securities Pvt. Ltd.,K.B.L. Securities Limited ,2026-04-09 13:06:31.744424
2026040904013024,NGPL,26,94,989,466.7,461566.3,Asian Securities Private Ltd.,K.B.L. Securities Limited ,2026-04-09 13:07:07.072948
2026040904013054,NGPL,42,44,1000,467.0,467000.0,Sani Securities Company Ltd.,Dynamic Money Managers Securities Pvt. Ltd.,2026-04-09 13:07:25.337275
2026040904013074,NGPL,49,44,757,467.0,353519.0,Online Securities Pvt. Ltd.,Dynamic Money Managers Securities Pvt. Ltd.,2026-04-09 13:07:49.447267
2026040904013110,NGPL,5,38,5,465.0,2325.0,Market Securities & Exchange (PVT) Ltd.,Dipshikha Dhitopatra Karobar Co. Pvt Ltd.,2026-04-09 13:08:07.368245
2026040904013111,NGPL,56,44,200,467.0,93400.0,Sri Hari Securities Pvt. Ltd.,Dynamic Money Managers Securities Pvt. Ltd.,2026-04-09 13:08:07.986491
2026040904013142,NGPL,26,62,11,466.7,5133.7,Asian Securities Private Ltd.,Capital Max Securities Ltd,2026-04-09 13:08:26.185488
2026040904013143,NGPL,42,62,1489,466.1,694022.9,Sani Securities Company Ltd.,Capital Max Securities Ltd,2026-04-09 13:08:26.186349
2026040904013152,NGPL,5,4,3,465.3,1395.9,Market Securities & Exchange (PVT) Ltd.,Opal Securities Investment (PVT) Ltd.,2026-04-09 13:08:34.556188
2026040904013154,NGPL,42,44,43,467.0,20081.0,Sani Securities Company Ltd.,Dynamic Money Managers Securities Pvt. Ltd.,2026-04-09 13:08:37.515538
2026040904013199,NGPL,5,45,3,465.0,1395.0,Market Securities & Exchange (PVT) Ltd.,Imperial Securities Company Pvt. Ltd.,2026-04-09 13:08:49.389745
2026040904013225,NGPL,49,26,300,466.5,139950.0,Online Securities Pvt. Ltd.,Asian Securities Private Ltd.,2026-04-09 13:09:04.279798
2026040904013226,NGPL,49,57,100,467.0,46700.0,Online Securities Pvt. Ltd.,Aryatara Investment & Securities,2026-04-09 13:09:04.280290
2026040904013227,NGPL,49,1,80,467.0,37360.0,Online Securities Pvt. Ltd.,Kumari Securities Private Limited,2026-04-09 13:09:04.280528
2026040904013228,NGPL,49,34,20,467.0,9340.0,Online Securities Pvt. Ltd.,Vision Securities Pvt. Ltd,2026-04-09 13:09:04.280745
2026040904013240,NGPL,63,34,1000,467.0,467000.0,Himalayan Brokerage Company Limited,Vision Securities Pvt. Ltd,2026-04-09 13:09:13.468176
2026040904013244,NGPL,42,34,23,466.1,10720.3,Sani Securities Company Ltd.,Vision Securities Pvt. Ltd,2026-04-09 13:09:17.210750
2026040904013346,NGPL,63,8,500,466.9,233450.0,Himalayan Brokerage Company Limited,Brilliant Securities Pvt. Ltd.,2026-04-09 13:10:20.602121
2026040904013420,NGPL,42,8,500,466.9,233450.0,Sani Securities Company Ltd.,Brilliant Securities Pvt. Ltd.,2026-04-09 13:11:07.168514
2026040904013439,NGPL,42,8,1000,466.9,466900.0,Sani Securities Company Ltd.,Brilliant Securities Pvt. Ltd.,2026-04-09 13:11:13.105146
2026040904013534,NGPL,14,34,1500,467.0,700500.0,Nepal Stock House (PVT) Ltd.,Vision Securities Pvt. Ltd,2026-04-09 13:12:05.551062
2026040904013568,NGPL,42,44,500,466.9,233450.0,Sani Securities Company Ltd.,Dynamic Money Managers Securities Pvt. Ltd.,2026-04-09 13:12:11.886602
2026040904013583,NGPL,18,44,100,466.9,46690.0,Sagarmatha Securities Private Limited,Dynamic Money Managers Securities Pvt. Ltd.,2026-04-09 13:12:21.457079
2026040904013619,NGPL,42,44,1488,466.9,694747.2,Sani Securities Company Ltd.,Dynamic Money Managers Securities Pvt. Ltd.,2026-04-09 13:12:41.631594
2026040904013708,NGPL,75,8,1000,466.8,466800.0,N.I.M.B. Stock Markets Limited,Brilliant Securities Pvt. Ltd.,2026-04-09 13:13:29.523561
2026040904013709,NGPL,75,44,150,466.9,70035.0,N.I.M.B. Stock Markets Limited,Dynamic Money Managers Securities Pvt. Ltd.,2026-04-09 13:13:29.524477
2026040904013714,NGPL,57,44,500,466.9,233450.0,Aryatara Investment & Securities,Dynamic Money Managers Securities Pvt. Ltd.,2026-04-09 13:13:34.739755
2026040904013783,NGPL,58,40,12,466.5,5598.0,Naasa Securities Co. Ltd.,Creative Securities Pvt Ltd,2026-04-09 13:14:14.451309
2026040904013831,NGPL,66,29,50,466.8,23340.0,Miyo Securities Pvt Ltd,Trisul Securities & Invt. Ltd.,2026-04-09 13:14:52.246777
2026040904013866,NGPL,58,29,488,466.5,227652.0,Naasa Securities Co. Ltd.,Trisul Securities & Invt. Ltd.,2026-04-09 13:15:09.700057
2026040904013867,NGPL,72,29,500,466.5,233250.0,Hatemalo Financial Services Private Limited,Trisul Securities & Invt. Ltd.,2026-04-09 13:15:09.700506
2026040904013868,NGPL,95,29,500,466.5,233250.0,Magnet Securities and Investment Company Private Limited,Trisul Securities & Invt. Ltd.,2026-04-09 13:15:09.700708
2026040904013869,NGPL,99,29,162,466.5,75573.0,Prabhu Stock Market Limited,Trisul Securities & Invt. Ltd.,2026-04-09 13:15:09.700896
2026040904013890,NGPL,53,43,300,466.8,140040.0,Investment Management Nepal Pvt. Ltd.,South Asian Bulls Pvt. Ltd.,2026-04-09 13:15:22.849458
2026040904013891,NGPL,99,53,50,466.5,23325.0,Prabhu Stock Market Limited,Investment Management Nepal Pvt. Ltd.,2026-04-09 13:15:23.323750
2026040904013913,NGPL,99,8,26,466.5,12129.0,Prabhu Stock Market Limited,Brilliant Securities Pvt. Ltd.,2026-04-09 13:15:39.294027
2026040904013928,NGPL,99,58,11,466.5,5131.5,Prabhu Stock Market Limited,Naasa Securities Co. Ltd.,2026-04-09 13:15:49.596784
2026040904013936,NGPL,99,62,501,466.5,233716.5,Prabhu Stock Market Limited,Capital Max Securities Ltd,2026-04-09 13:15:52.285966
2026040904013937,NGPL,34,62,100,466.5,46650.0,Vision Securities Pvt. Ltd,Capital Max Securities Ltd,2026-04-09 13:15:52.286427
2026040904013938,NGPL,26,62,1399,466.2,652213.8,Asian Securities Private Ltd.,Capital Max Securities Ltd,2026-04-09 13:15:52.286645
2026040904013939,NGPL,33,44,500,466.9,233450.0,Dakshinkali Investment & Securities Pvt. Ltd.,Dynamic Money Managers Securities Pvt. Ltd.,2026-04-09 13:15:53.174176
2026040904013965,NGPL,45,44,1762,466.9,822677.8,Imperial Securities Company Pvt. Ltd.,Dynamic Money Managers Securities Pvt. Ltd.,2026-04-09 13:16:14.140658
2026040904013969,NGPL,58,34,1,476.0,476.0,Naasa Securities Co. Ltd.,Vision Securities Pvt. Ltd,2026-04-09 13:16:15.774945
2026040904014091,NGPL,18,34,100,467.0,46700.0,Sagarmatha Securities Private Limited,Vision Securities Pvt. Ltd,2026-04-09 13:16:59.711408
2026040904014098,NGPL,38,85,430,466.6,200638.0,Dipshikha Dhitopatra Karobar Co. Pvt Ltd.,Capital Hub P. Ltd,2026-04-09 13:17:06.649553
2026040904014131,NGPL,72,8,202,466.5,94233.0,Hatemalo Financial Services Private Limited,Brilliant Securities Pvt. Ltd.,2026-04-09 13:17:28.349188
2026040904014188,NGPL,41,45,1,460.0,460.0,Linch Stock Market Ltd.,Imperial Securities Company Pvt. Ltd.,2026-04-09 13:18:09.581867
2026040904014215,NGPL,72,42,298,466.5,139017.0,Hatemalo Financial Services Private Limited,Sani Securities Company Ltd.,2026-04-09 13:18:42.570858
2026040904014216,NGPL,72,42,300,466.5,139950.0,Hatemalo Financial Services Private Limited,Sani Securities Company Ltd.,2026-04-09 13:18:42.571302
2026040904014217,NGPL,26,42,266,466.2,124009.2,Asian Securities Private Ltd.,Sani Securities Company Ltd.,2026-04-09 13:18:42.571515
2026040904014272,NGPL,26,44,1335,466.2,622377.0,Asian Securities Private Ltd.,Dynamic Money Managers Securities Pvt. Ltd.,2026-04-09 13:19:17.977392
2026040904014273,NGPL,49,44,100,466.1,46610.0,Online Securities Pvt. Ltd.,Dynamic Money Managers Securities Pvt. Ltd.,2026-04-09 13:19:17.977885
2026040904014274,NGPL,25,44,750,466.0,349500.0,Sweta Securities Private Limited,Dynamic Money Managers Securities Pvt. Ltd.,2026-04-09 13:19:17.978090
2026040904014275,NGPL,57,44,100,466.0,46600.0,Aryatara Investment & Securities,Dynamic Money Managers Securities Pvt. Ltd.,2026-04-09 13:19:17.978286
2026040904014276,NGPL,39,44,500,466.0,233000.0,Sumeru Securities Pvt. Ltd.,Dynamic Money Managers Securities Pvt. Ltd.,2026-04-09 13:19:17.979054
2026040904014277,NGPL,62,44,100,466.0,46600.0,Capital Max Securities Ltd,Dynamic Money Managers Securities Pvt. Ltd.,2026-04-09 13:19:17.979717
2026040904014278,NGPL,80,44,40,466.0,18640.0,Indira securities pvt. ltd,Dynamic Money Managers Securities Pvt. Ltd.,2026-04-09 13:19:17.980299
2026040904014279,NGPL,7,44,213,466.0,99258.0,J.F. Securites (PVT) Ltd.,Dynamic Money Managers Securities Pvt. Ltd.,2026-04-09 13:19:17.980889
2026040904014306,NGPL,45,44,1600,466.0,745600.0,Imperial Securities Company Pvt. Ltd.,Dynamic Money Managers Securities Pvt. Ltd.,2026-04-09 13:19:30.088711
2026040904014469,NGPL,22,44,50,466.0,23300.0,Siprabi Securities Pvt. Ltd.,Dynamic Money Managers Securities Pvt. Ltd.,2026-04-09 13:21:03.970358
2026040904014514,NGPL,45,44,212,466.0,98792.0,Imperial Securities Company Pvt. Ltd.,Dynamic Money Managers Securities Pvt. Ltd.,2026-04-09 13:21:47.607359
2026040904014515,NGPL,45,47,188,466.0,87608.0,Imperial Securities Company Pvt. Ltd.,Neev Securities Pvt. Ltd.,2026-04-09 13:21:47.608210
2026040904014571,NGPL,5,4,9,465.0,4185.0,Market Securities & Exchange (PVT) Ltd.,Opal Securities Investment (PVT) Ltd.,2026-04-09 13:22:23.026960
2026040904014632,NGPL,90,34,200,465.9,93180.0,Sajilo Broker Limited,Vision Securities Pvt. Ltd,2026-04-09 13:22:53.362232
2026040904014726,NGPL,90,96,10,465.9,4659.0,Sajilo Broker Limited,Himalayan Securities Limited,2026-04-09 13:23:37.574127
2026040904014727,NGPL,90,44,340,465.9,158406.0,Sajilo Broker Limited,Dynamic Money Managers Securities Pvt. Ltd.,2026-04-09 13:23:37.867240
2026040904014728,NGPL,63,44,1000,465.9,465900.0,Himalayan Brokerage Company Limited,Dynamic Money Managers Securities Pvt. Ltd.,2026-04-09 13:23:37.868081
2026040904014729,NGPL,25,44,1500,465.4,698100.0,Sweta Securities Private Limited,Dynamic Money Managers Securities Pvt. Ltd.,2026-04-09 13:23:37.868696
2026040904014730,NGPL,48,44,17,465.3,7910.1,Trishakti Securities Public Limited,Dynamic Money Managers Securities Pvt. Ltd.,2026-04-09 13:23:37.869263
2026040904014731,NGPL,35,44,50,465.3,23265.0,Kohinoor Investment & Securities Pvt. Ltd.,Dynamic Money Managers Securities Pvt. Ltd.,2026-04-09 13:23:37.869859
2026040904014732,NGPL,58,44,429,465.1,199527.9,Naasa Securities Co. Ltd.,Dynamic Money Managers Securities Pvt. Ltd.,2026-04-09 13:23:37.870438
2026040904014733,NGPL,42,44,50,465.0,23250.0,Sani Securities Company Ltd.,Dynamic Money Managers Securities Pvt. Ltd.,2026-04-09 13:23:37.871032
2026040904014734,NGPL,64,44,300,465.0,139500.0,SUN SECURITIES PVT LTD,Dynamic Money Managers Securities Pvt. Ltd.,2026-04-09 13:23:37.871615
2026040904014735,NGPL,67,44,1000,465.0,465000.0,Property Wiard Limited,Dynamic Money Managers Securities Pvt. Ltd.,2026-04-09 13:23:37.872187
2026040904014736,NGPL,34,44,18,465.0,8370.0,Vision Securities Pvt. Ltd,Dynamic Money Managers Securities Pvt. Ltd.,2026-04-09 13:23:37.872765
2026040904014737,NGPL,36,44,214,465.0,99510.0,Secured Securities Ltd.,Dynamic Money Managers Securities Pvt. Ltd.,2026-04-09 13:23:37.873332
2026040904014738,NGPL,34,44,1000,465.0,465000.0,Vision Securities Pvt. Ltd,Dynamic Money Managers Securities Pvt. Ltd.,2026-04-09 13:23:37.873907
2026040904014739,NGPL,88,44,1000,465.0,465000.0,Blue Chip Securities Ltd,Dynamic Money Managers Securities Pvt. Ltd.,2026-04-09 13:23:37.874479
2026040904014740,NGPL,45,44,110,465.0,51150.0,Imperial Securities Company Pvt. Ltd.,Dynamic Money Managers Securities Pvt. Ltd.,2026-04-09 13:23:37.875041
2026040904014741,NGPL,5,44,500,465.0,232500.0,Market Securities & Exchange (PVT) Ltd.,Dynamic Money Managers Securities Pvt. Ltd.,2026-04-09 13:23:37.875584
2026040904014742,NGPL,21,44,30,465.0,13950.0,Midas Stock Broking Company Private Limited,Dynamic Money Managers Securities Pvt. Ltd.,2026-04-09 13:23:37.875770
2026040904014743,NGPL,20,44,300,465.0,139500.0,Sipla Securities Private Limited,Dynamic Money Managers Securities Pvt. Ltd.,2026-04-09 13:23:37.875953
2026040904014744,NGPL,36,44,142,465.0,66030.0,Secured Securities Ltd.,Dynamic Money Managers Securities Pvt. Ltd.,2026-04-09 13:23:37.876134
2026040904014752,NGPL,57,47,500,466.0,233000.0,Aryatara Investment & Securities,Neev Securities Pvt. Ltd.,2026-04-09 13:23:44.537222
2026040904014805,NGPL,8,48,200,465.0,93000.0,Brilliant Securities Pvt. Ltd.,Trishakti Securities Public Limited,2026-04-09 13:23:56.647721
2026040904014806,NGPL,32,48,200,465.0,93000.0,Premier Securities Company Ltd.,Trishakti Securities Public Limited,2026-04-09 13:23:56.648173
2026040904014807,NGPL,57,48,500,465.0,232500.0,Aryatara Investment & Securities,Trishakti Securities Public Limited,2026-04-09 13:23:56.648403
2026040904014824,NGPL,66,48,50,465.0,23250.0,Miyo Securities Pvt Ltd,Trishakti Securities Public Limited,2026-04-09 13:24:09.931118
2026040904014950,NGPL,72,44,20,464.8,9296.0,Hatemalo Financial Services Private Limited,Dynamic Money Managers Securities Pvt. Ltd.,2026-04-09 13:25:00.442082
2026040904014951,NGPL,44,48,50,465.0,23250.0,Dynamic Money Managers Securities Pvt. Ltd.,Trishakti Securities Public Limited,2026-04-09 13:25:01.820762
2026040904014952,NGPL,44,42,11,465.9,5124.9,Dynamic Money Managers Securities Pvt. Ltd.,Sani Securities Company Ltd.,2026-04-09 13:25:01.820825
2026040904014953,NGPL,44,47,312,466.0,145392.0,Dynamic Money Managers Securities Pvt. Ltd.,Neev Securities Pvt. Ltd.,2026-04-09 13:25:01.820851
2026040904014954,NGPL,44,85,70,466.6,32662.0,Dynamic Money Managers Securities Pvt. Ltd.,Capital Hub P. Ltd,2026-04-09 13:25:01.820881
2026040904014955,NGPL,44,44,57,466.9,26613.3,Dynamic Money Managers Securities Pvt. Ltd.,Dynamic Money Managers Securities Pvt. Ltd.,2026-04-09 13:25:01.820907
2026040904015036,NGPL,66,85,70,466.0,32620.0,Miyo Securities Pvt Ltd,Capital Hub P. Ltd,2026-04-09 13:25:42.707370
2026040904015167,NGPL,6,58,20,465.0,9300.0,Agrawal Securities (PVT) Ltd.,Naasa Securities Co. Ltd.,2026-04-09 13:26:24.735983
2026040904015189,NGPL,6,57,100,465.0,46500.0,Agrawal Securities (PVT) Ltd.,Aryatara Investment & Securities,2026-04-09 13:26:39.747452
2026040904015196,NGPL,6,35,100,465.0,46500.0,Agrawal Securities (PVT) Ltd.,Kohinoor Investment & Securities Pvt. Ltd.,2026-04-09 13:26:42.292822
2026040904015215,NGPL,6,45,80,465.0,37200.0,Agrawal Securities (PVT) Ltd.,Imperial Securities Company Pvt. Ltd.,2026-04-09 13:26:51.021204
2026040904015216,NGPL,34,45,425,464.9,197582.5,Vision Securities Pvt. Ltd,Imperial Securities Company Pvt. Ltd.,2026-04-09 13:26:51.021266
2026040904015217,NGPL,72,45,380,464.8,176624.0,Hatemalo Financial Services Private Limited,Imperial Securities Company Pvt. Ltd.,2026-04-09 13:26:51.021296
2026040904015218,NGPL,72,45,115,464.8,53452.0,Hatemalo Financial Services Private Limited,Imperial Securities Company Pvt. Ltd.,2026-04-09 13:26:51.021335
2026040904015246,NGPL,72,35,100,464.8,46480.0,Hatemalo Financial Services Private Limited,Kohinoor Investment & Securities Pvt. Ltd.,2026-04-09 13:27:07.543584
2026040904015279,NGPL,6,14,100,465.0,46500.0,Agrawal Securities (PVT) Ltd.,Nepal Stock House (PVT) Ltd.,2026-04-09 13:27:28.927027
2026040904015300,NGPL,6,35,100,465.0,46500.0,Agrawal Securities (PVT) Ltd.,Kohinoor Investment & Securities Pvt. Ltd.,2026-04-09 13:27:42.578172
2026040904015369,NGPL,66,29,55,465.0,25575.0,Miyo Securities Pvt Ltd,Trisul Securities & Invt. Ltd.,2026-04-09 13:28:27.194864
2026040904015381,NGPL,72,44,785,464.8,364868.0,Hatemalo Financial Services Private Limited,Dynamic Money Managers Securities Pvt. Ltd.,2026-04-09 13:28:33.551517
