contractId,stockSymbol,buyerMemberId,sellerMemberId,quantity,price,amount,businessDate,tradeBookId,stockId,buyerBrokerName,sellerBrokerName,transaction_time,securityName
2026040905000098,NIFRA,74,58,29,268.0,7772.0,2026-04-09,185668714,2919,KALASH STOCK MARKET PVT. LTD.,Naasa Securities Co. Ltd.,2026-04-09 11:01:10.347089,Nepal Infrastructure Bank Limited
2026040905000099,NIFRA,74,19,471,271.0,127641.0,2026-04-09,185668717,2919,KALASH STOCK MARKET PVT. LTD.,Nepal Investment And Securities Trading Private Limited,2026-04-09 11:01:10.347194,Nepal Infrastructure Bank Limited
2026040905000166,NIFRA,39,42,10,266.2,2662.0,2026-04-09,185669204,2919,Sumeru Securities Pvt. Ltd.,Sani Securities Company Ltd.,2026-04-09 11:01:53.710914,Nepal Infrastructure Bank Limited
2026040905000395,NIFRA,42,49,1963,270.1,530206.3,2026-04-09,185671052,2919,Sani Securities Company Ltd.,Online Securities Pvt. Ltd.,2026-04-09 11:04:14.185550,Nepal Infrastructure Bank Limited
2026040905000396,NIFRA,42,38,237,270.1,64013.7,2026-04-09,185671055,2919,Sani Securities Company Ltd.,Dipshikha Dhitopatra Karobar Co. Pvt Ltd.,2026-04-09 11:04:14.185663,Nepal Infrastructure Bank Limited
2026040905000415,NIFRA,57,42,10,267.2,2672.0,2026-04-09,185671246,2919,Aryatara Investment & Securities,Sani Securities Company Ltd.,2026-04-09 11:04:31.840860,Nepal Infrastructure Bank Limited
2026040905000445,NIFRA,49,42,20,270.9,5418.0,2026-04-09,185671565,2919,Online Securities Pvt. Ltd.,Sani Securities Company Ltd.,2026-04-09 11:04:58.542695,Nepal Infrastructure Bank Limited
2026040905000479,NIFRA,49,42,20,270.9,5418.0,2026-04-09,185671863,2919,Online Securities Pvt. Ltd.,Sani Securities Company Ltd.,2026-04-09 11:05:26.271929,Nepal Infrastructure Bank Limited
2026040905000522,NIFRA,50,19,54,268.1,14477.4,2026-04-09,185672314,2919,Cristal Kanchanjanga Securites Pvt. Ltd.,Nepal Investment And Securities Trading Private Limited,2026-04-09 11:06:05.782972,Nepal Infrastructure Bank Limited
2026040905000540,NIFRA,51,44,37,270.0,9990.0,2026-04-09,185672607,2919,Oxford Securities Pvt. Ltd.,Dynamic Money Managers Securities Pvt. Ltd.,2026-04-09 11:06:26.568861,Nepal Infrastructure Bank Limited
2026040905000633,NIFRA,38,44,10,270.0,2700.0,2026-04-09,185673487,2919,Dipshikha Dhitopatra Karobar Co. Pvt Ltd.,Dynamic Money Managers Securities Pvt. Ltd.,2026-04-09 11:07:26.632236,Nepal Infrastructure Bank Limited
2026040905000656,NIFRA,90,43,64,268.6,17190.4,2026-04-09,185673716,2919,Sajilo Broker Limited,South Asian Bulls Pvt. Ltd.,2026-04-09 11:07:50.924893,Nepal Infrastructure Bank Limited
2026040905000750,NIFRA,90,59,92,268.6,24711.2,2026-04-09,185674545,2919,Sajilo Broker Limited,Deevyaa Securities & Stock House Pvt. Ltd,2026-04-09 11:08:39.196863,Nepal Infrastructure Bank Limited
2026040905000751,NIFRA,19,59,11,268.5,2953.5,2026-04-09,185674547,2919,Nepal Investment And Securities Trading Private Limited,Deevyaa Securities & Stock House Pvt. Ltd,2026-04-09 11:08:39.197006,Nepal Infrastructure Bank Limited
2026040905000752,NIFRA,50,59,800,268.5,214800.0,2026-04-09,185674549,2919,Cristal Kanchanjanga Securites Pvt. Ltd.,Deevyaa Securities & Stock House Pvt. Ltd,2026-04-09 11:08:39.197102,Nepal Infrastructure Bank Limited
2026040905000753,NIFRA,19,59,11,268.5,2953.5,2026-04-09,185674551,2919,Nepal Investment And Securities Trading Private Limited,Deevyaa Securities & Stock House Pvt. Ltd,2026-04-09 11:08:39.197157,Nepal Infrastructure Bank Limited
2026040905000754,NIFRA,71,59,1000,268.2,268200.0,2026-04-09,185674553,2919,SHUBHAKAMANA SECURITIES PVT. LTD,Deevyaa Securities & Stock House Pvt. Ltd,2026-04-09 11:08:39.197209,Nepal Infrastructure Bank Limited
2026040905000755,NIFRA,50,59,346,268.1,92762.6,2026-04-09,185674555,2919,Cristal Kanchanjanga Securites Pvt. Ltd.,Deevyaa Securities & Stock House Pvt. Ltd,2026-04-09 11:08:39.197259,Nepal Infrastructure Bank Limited
2026040905000756,NIFRA,49,59,200,268.1,53620.0,2026-04-09,185674557,2919,Online Securities Pvt. Ltd.,Deevyaa Securities & Stock House Pvt. Ltd,2026-04-09 11:08:39.197329,Nepal Infrastructure Bank Limited
2026040905000757,NIFRA,44,59,80,268.0,21440.0,2026-04-09,185674559,2919,Dynamic Money Managers Securities Pvt. Ltd.,Deevyaa Securities & Stock House Pvt. Ltd,2026-04-09 11:08:39.197404,Nepal Infrastructure Bank Limited
2026040905000758,NIFRA,49,59,200,268.0,53600.0,2026-04-09,185674561,2919,Online Securities Pvt. Ltd.,Deevyaa Securities & Stock House Pvt. Ltd,2026-04-09 11:08:39.197476,Nepal Infrastructure Bank Limited
2026040905000807,NIFRA,57,57,100,267.5,26750.0,2026-04-09,185674917,2919,Aryatara Investment & Securities,Aryatara Investment & Securities,2026-04-09 11:09:03.736174,Nepal Infrastructure Bank Limited
2026040905000808,NIFRA,42,57,100,267.1,26710.0,2026-04-09,185674918,2919,Sani Securities Company Ltd.,Aryatara Investment & Securities,2026-04-09 11:09:03.736334,Nepal Infrastructure Bank Limited
2026040905000809,NIFRA,42,1,600,267.1,160260.0,2026-04-09,185674925,2919,Sani Securities Company Ltd.,Kumari Securities Private Limited,2026-04-09 11:09:04.331391,Nepal Infrastructure Bank Limited
2026040905000810,NIFRA,42,1,400,267.0,106800.0,2026-04-09,185674926,2919,Sani Securities Company Ltd.,Kumari Securities Private Limited,2026-04-09 11:09:04.331543,Nepal Infrastructure Bank Limited
2026040905000831,NIFRA,14,59,12,268.0,3216.0,2026-04-09,185675197,2919,Nepal Stock House (PVT) Ltd.,Deevyaa Securities & Stock House Pvt. Ltd,2026-04-09 11:09:21.718154,Nepal Infrastructure Bank Limited
2026040905001066,NIFRA,36,42,500,267.2,133600.0,2026-04-09,185677259,2919,Secured Securities Ltd.,Sani Securities Company Ltd.,2026-04-09 11:11:34.423193,Nepal Infrastructure Bank Limited
2026040905001067,NIFRA,42,42,100,267.0,26700.0,2026-04-09,185677261,2919,Sani Securities Company Ltd.,Sani Securities Company Ltd.,2026-04-09 11:11:34.423386,Nepal Infrastructure Bank Limited
2026040905001068,NIFRA,74,42,1500,267.0,400500.0,2026-04-09,185677263,2919,KALASH STOCK MARKET PVT. LTD.,Sani Securities Company Ltd.,2026-04-09 11:11:34.423469,Nepal Infrastructure Bank Limited
2026040905001069,NIFRA,49,42,200,267.0,53400.0,2026-04-09,185677265,2919,Online Securities Pvt. Ltd.,Sani Securities Company Ltd.,2026-04-09 11:11:34.423539,Nepal Infrastructure Bank Limited
2026040905001070,NIFRA,14,42,500,267.0,133500.0,2026-04-09,185677267,2919,Nepal Stock House (PVT) Ltd.,Sani Securities Company Ltd.,2026-04-09 11:11:34.423600,Nepal Infrastructure Bank Limited
2026040905001071,NIFRA,58,42,135,267.0,36045.0,2026-04-09,185677269,2919,Naasa Securities Co. Ltd.,Sani Securities Company Ltd.,2026-04-09 11:11:34.423715,Nepal Infrastructure Bank Limited
2026040905001072,NIFRA,17,42,200,267.0,53400.0,2026-04-09,185677271,2919,ABC Securities Private Limited,Sani Securities Company Ltd.,2026-04-09 11:11:34.423792,Nepal Infrastructure Bank Limited
2026040905001073,NIFRA,46,42,100,267.0,26700.0,2026-04-09,185677273,2919,Kalika Securities Pvt. Ltd.,Sani Securities Company Ltd.,2026-04-09 11:11:34.423855,Nepal Infrastructure Bank Limited
2026040905001074,NIFRA,94,42,390,267.0,104130.0,2026-04-09,185677275,2919,K.B.L. Securities Limited ,Sani Securities Company Ltd.,2026-04-09 11:11:34.423918,Nepal Infrastructure Bank Limited
2026040905001140,NIFRA,25,44,10,266.3,2663.0,2026-04-09,185677663,2919,Sweta Securities Private Limited,Dynamic Money Managers Securities Pvt. Ltd.,2026-04-09 11:11:59.606007,Nepal Infrastructure Bank Limited
2026040905001141,NIFRA,40,44,400,266.3,106520.0,2026-04-09,185677665,2919,Creative Securities Pvt Ltd,Dynamic Money Managers Securities Pvt. Ltd.,2026-04-09 11:11:59.606146,Nepal Infrastructure Bank Limited
2026040905001142,NIFRA,49,44,200,266.2,53240.0,2026-04-09,185677667,2919,Online Securities Pvt. Ltd.,Dynamic Money Managers Securities Pvt. Ltd.,2026-04-09 11:11:59.606208,Nepal Infrastructure Bank Limited
2026040905001143,NIFRA,60,44,343,266.1,91272.3,2026-04-09,185677668,2919,Nagarik Stock Dealer ,Dynamic Money Managers Securities Pvt. Ltd.,2026-04-09 11:11:59.606268,Nepal Infrastructure Bank Limited
2026040905001182,NIFRA,60,42,1375,266.1,365887.5,2026-04-09,185677914,2919,Nagarik Stock Dealer ,Sani Securities Company Ltd.,2026-04-09 11:12:24.396356,Nepal Infrastructure Bank Limited
2026040905001423,NIFRA,32,39,54,267.0,14418.0,2026-04-09,185680464,2919,Premier Securities Company Ltd.,Sumeru Securities Pvt. Ltd.,2026-04-09 11:15:52.283113,Nepal Infrastructure Bank Limited
2026040905001432,NIFRA,32,41,54,267.0,14418.0,2026-04-09,185680490,2919,Premier Securities Company Ltd.,Linch Stock Market Ltd.,2026-04-09 11:15:53.560666,Nepal Infrastructure Bank Limited
2026040905001461,NIFRA,32,17,64,267.0,17088.0,2026-04-09,185680804,2919,Premier Securities Company Ltd.,ABC Securities Private Limited,2026-04-09 11:16:19.418091,Nepal Infrastructure Bank Limited
2026040905001564,NIFRA,19,59,50,268.9,13445.0,2026-04-09,185682739,2919,Nepal Investment And Securities Trading Private Limited,Deevyaa Securities & Stock House Pvt. Ltd,2026-04-09 11:17:40.035366,Nepal Infrastructure Bank Limited
2026040905001693,NIFRA,57,66,236,267.6,63153.6,2026-04-09,185684676,2919,Aryatara Investment & Securities,Miyo Securities Pvt Ltd,2026-04-09 11:19:48.339597,Nepal Infrastructure Bank Limited
2026040905001704,NIFRA,58,51,4,265.0,1060.0,2026-04-09,185684868,2919,Naasa Securities Co. Ltd.,Oxford Securities Pvt. Ltd.,2026-04-09 11:20:02.533875,Nepal Infrastructure Bank Limited
2026040905001718,NIFRA,62,59,1300,268.0,348400.0,2026-04-09,185685133,2919,Capital Max Securities Ltd,Deevyaa Securities & Stock House Pvt. Ltd,2026-04-09 11:20:16.628019,Nepal Infrastructure Bank Limited
2026040905001750,NIFRA,22,59,500,268.0,134000.0,2026-04-09,185685417,2919,Siprabi Securities Pvt. Ltd.,Deevyaa Securities & Stock House Pvt. Ltd,2026-04-09 11:20:38.024906,Nepal Infrastructure Bank Limited
2026040905001768,NIFRA,62,59,400,268.0,107200.0,2026-04-09,185685647,2919,Capital Max Securities Ltd,Deevyaa Securities & Stock House Pvt. Ltd,2026-04-09 11:20:54.924971,Nepal Infrastructure Bank Limited
2026040905001778,NIFRA,14,59,48,268.0,12864.0,2026-04-09,185685790,2919,Nepal Stock House (PVT) Ltd.,Deevyaa Securities & Stock House Pvt. Ltd,2026-04-09 11:21:03.963074,Nepal Infrastructure Bank Limited
2026040905001779,NIFRA,14,16,52,268.0,13936.0,2026-04-09,185685793,2919,Nepal Stock House (PVT) Ltd.,Primo Securities (PVT) Ltd.,2026-04-09 11:21:03.963323,Nepal Infrastructure Bank Limited
2026040905001894,NIFRA,39,42,54,268.0,14472.0,2026-04-09,185687052,2919,Sumeru Securities Pvt. Ltd.,Sani Securities Company Ltd.,2026-04-09 11:22:19.624475,Nepal Infrastructure Bank Limited
2026040905001980,NIFRA,43,1,100,268.2,26820.0,2026-04-09,185688026,2919,South Asian Bulls Pvt. Ltd.,Kumari Securities Private Limited,2026-04-09 11:23:32.099535,Nepal Infrastructure Bank Limited
2026040905002156,NIFRA,43,46,93,268.2,24942.6,2026-04-09,185689810,2919,South Asian Bulls Pvt. Ltd.,Kalika Securities Pvt. Ltd.,2026-04-09 11:25:32.183861,Nepal Infrastructure Bank Limited
2026040905002361,NIFRA,69,17,64,268.4,17177.6,2026-04-09,185691846,2919,INDEX SECURITIES LIMITED,ABC Securities Private Limited,2026-04-09 11:28:27.648046,Nepal Infrastructure Bank Limited
2026040905002370,NIFRA,69,57,120,268.4,32208.0,2026-04-09,185691950,2919,INDEX SECURITIES LIMITED,Aryatara Investment & Securities,2026-04-09 11:28:38.268989,Nepal Infrastructure Bank Limited
2026040905002375,NIFRA,90,59,14,268.9,3764.6,2026-04-09,185692006,2919,Sajilo Broker Limited,Deevyaa Securities & Stock House Pvt. Ltd,2026-04-09 11:28:46.670259,Nepal Infrastructure Bank Limited
2026040905002500,NIFRA,90,42,64,268.9,17209.6,2026-04-09,185693404,2919,Sajilo Broker Limited,Sani Securities Company Ltd.,2026-04-09 11:31:10.517796,Nepal Infrastructure Bank Limited
2026040905002522,NIFRA,69,74,10,269.0,2690.0,2026-04-09,185693790,2919,INDEX SECURITIES LIMITED,KALASH STOCK MARKET PVT. LTD.,2026-04-09 11:31:34.644874,Nepal Infrastructure Bank Limited
2026040905002523,NIFRA,69,57,54,269.0,14526.0,2026-04-09,185693792,2919,INDEX SECURITIES LIMITED,Aryatara Investment & Securities,2026-04-09 11:31:34.645110,Nepal Infrastructure Bank Limited
2026040905002524,NIFRA,69,38,50,269.0,13450.0,2026-04-09,185693794,2919,INDEX SECURITIES LIMITED,Dipshikha Dhitopatra Karobar Co. Pvt Ltd.,2026-04-09 11:31:34.645220,Nepal Infrastructure Bank Limited
2026040905002558,NIFRA,58,36,4,266.0,1064.0,2026-04-09,185694160,2919,Naasa Securities Co. Ltd.,Secured Securities Ltd.,2026-04-09 11:31:58.210866,Nepal Infrastructure Bank Limited
2026040905002605,NIFRA,69,65,200,269.0,53800.0,2026-04-09,185694446,2919,INDEX SECURITIES LIMITED,Sharepro Securities Private Limited,2026-04-09 11:32:16.155360,Nepal Infrastructure Bank Limited
2026040905002635,NIFRA,69,81,400,269.0,107600.0,2026-04-09,185694806,2919,INDEX SECURITIES LIMITED,Aakashbhairab Securities Ltd.,2026-04-09 11:32:46.014033,Nepal Infrastructure Bank Limited
2026040905002792,NIFRA,89,42,7,268.9,1882.3,2026-04-09,185696548,2919,Global IME Securities Limited,Sani Securities Company Ltd.,2026-04-09 11:34:56.663059,Nepal Infrastructure Bank Limited
2026040905002803,NIFRA,62,42,41,269.9,11065.9,2026-04-09,185696627,2919,Capital Max Securities Ltd,Sani Securities Company Ltd.,2026-04-09 11:35:02.958428,Nepal Infrastructure Bank Limited
2026040905002820,NIFRA,72,42,170,269.9,45883.0,2026-04-09,185696699,2919,Hatemalo Financial Services Private Limited,Sani Securities Company Ltd.,2026-04-09 11:35:06.914288,Nepal Infrastructure Bank Limited
2026040905002980,NIFRA,58,42,40,269.9,10796.0,2026-04-09,185697969,2919,Naasa Securities Co. Ltd.,Sani Securities Company Ltd.,2026-04-09 11:36:35.202668,Nepal Infrastructure Bank Limited
2026040905002981,NIFRA,69,48,54,269.0,14526.0,2026-04-09,185697994,2919,INDEX SECURITIES LIMITED,Trishakti Securities Public Limited,2026-04-09 11:36:37.970678,Nepal Infrastructure Bank Limited
2026040905002989,NIFRA,58,42,209,269.9,56409.1,2026-04-09,185698026,2919,Naasa Securities Co. Ltd.,Sani Securities Company Ltd.,2026-04-09 11:36:42.109962,Nepal Infrastructure Bank Limited
2026040905002990,NIFRA,58,17,200,270.0,54000.0,2026-04-09,185698028,2919,Naasa Securities Co. Ltd.,ABC Securities Private Limited,2026-04-09 11:36:42.110205,Nepal Infrastructure Bank Limited
2026040905002991,NIFRA,58,22,50,270.0,13500.0,2026-04-09,185698030,2919,Naasa Securities Co. Ltd.,Siprabi Securities Pvt. Ltd.,2026-04-09 11:36:42.110323,Nepal Infrastructure Bank Limited
2026040905002992,NIFRA,58,39,1000,270.0,270000.0,2026-04-09,185698032,2919,Naasa Securities Co. Ltd.,Sumeru Securities Pvt. Ltd.,2026-04-09 11:36:42.110432,Nepal Infrastructure Bank Limited
2026040905002993,NIFRA,58,36,54,270.0,14580.0,2026-04-09,185698034,2919,Naasa Securities Co. Ltd.,Secured Securities Ltd.,2026-04-09 11:36:42.110542,Nepal Infrastructure Bank Limited
2026040905002994,NIFRA,58,45,26,270.0,7020.0,2026-04-09,185698036,2919,Naasa Securities Co. Ltd.,Imperial Securities Company Pvt. Ltd.,2026-04-09 11:36:42.110646,Nepal Infrastructure Bank Limited
2026040905002995,NIFRA,58,58,54,270.0,14580.0,2026-04-09,185698038,2919,Naasa Securities Co. Ltd.,Naasa Securities Co. Ltd.,2026-04-09 11:36:42.110766,Nepal Infrastructure Bank Limited
2026040905002996,NIFRA,58,14,54,270.0,14580.0,2026-04-09,185698040,2919,Naasa Securities Co. Ltd.,Nepal Stock House (PVT) Ltd.,2026-04-09 11:36:42.110870,Nepal Infrastructure Bank Limited
2026040905002997,NIFRA,58,11,64,270.0,17280.0,2026-04-09,185698042,2919,Naasa Securities Co. Ltd.,Malla & Malla Stock Broking Company Pvt. Limited,2026-04-09 11:36:42.110980,Nepal Infrastructure Bank Limited
2026040905002998,NIFRA,58,58,10,270.0,2700.0,2026-04-09,185698044,2919,Naasa Securities Co. Ltd.,Naasa Securities Co. Ltd.,2026-04-09 11:36:42.111086,Nepal Infrastructure Bank Limited
2026040905002999,NIFRA,58,74,500,270.0,135000.0,2026-04-09,185698046,2919,Naasa Securities Co. Ltd.,KALASH STOCK MARKET PVT. LTD.,2026-04-09 11:36:42.111189,Nepal Infrastructure Bank Limited
2026040905003000,NIFRA,58,32,40,270.0,10800.0,2026-04-09,185698048,2919,Naasa Securities Co. Ltd.,Premier Securities Company Ltd.,2026-04-09 11:36:42.111294,Nepal Infrastructure Bank Limited
2026040905003001,NIFRA,58,35,64,270.0,17280.0,2026-04-09,185698050,2919,Naasa Securities Co. Ltd.,Kohinoor Investment & Securities Pvt. Ltd.,2026-04-09 11:36:42.111410,Nepal Infrastructure Bank Limited
2026040905003133,NIFRA,58,49,64,270.0,17280.0,2026-04-09,185699284,2919,Naasa Securities Co. Ltd.,Online Securities Pvt. Ltd.,2026-04-09 11:38:01.063835,Nepal Infrastructure Bank Limited
2026040905003206,NIFRA,69,40,48,269.0,12912.0,2026-04-09,185699961,2919,INDEX SECURITIES LIMITED,Creative Securities Pvt Ltd,2026-04-09 11:38:49.463618,Nepal Infrastructure Bank Limited
2026040905003207,NIFRA,59,40,15,269.0,4035.0,2026-04-09,185699963,2919,Deevyaa Securities & Stock House Pvt. Ltd,Creative Securities Pvt Ltd,2026-04-09 11:38:49.463713,Nepal Infrastructure Bank Limited
2026040905003222,NIFRA,4,75,23,269.1,6189.3,2026-04-09,185700199,2919,Opal Securities Investment (PVT) Ltd.,N.I.M.B. Stock Markets Limited,2026-04-09 11:39:03.159200,Nepal Infrastructure Bank Limited
2026040905003223,NIFRA,58,75,50,269.0,13450.0,2026-04-09,185700201,2919,Naasa Securities Co. Ltd.,N.I.M.B. Stock Markets Limited,2026-04-09 11:39:03.159765,Nepal Infrastructure Bank Limited
2026040905003224,NIFRA,45,75,77,269.0,20713.0,2026-04-09,185700202,2919,Imperial Securities Company Pvt. Ltd.,N.I.M.B. Stock Markets Limited,2026-04-09 11:39:03.160169,Nepal Infrastructure Bank Limited
2026040905003310,NIFRA,58,49,4,263.7,1054.8,2026-04-09,185701154,2919,Naasa Securities Co. Ltd.,Online Securities Pvt. Ltd.,2026-04-09 11:40:16.258146,Nepal Infrastructure Bank Limited
2026040905003458,NIFRA,58,45,20,269.9,5398.0,2026-04-09,185703025,2919,Naasa Securities Co. Ltd.,Imperial Securities Company Pvt. Ltd.,2026-04-09 11:42:30.531707,Nepal Infrastructure Bank Limited
2026040905003460,NIFRA,7,45,10,269.9,2699.0,2026-04-09,185703039,2919,J.F. Securites (PVT) Ltd.,Imperial Securities Company Pvt. Ltd.,2026-04-09 11:42:31.923666,Nepal Infrastructure Bank Limited
2026040905003471,NIFRA,33,45,500,269.9,134950.0,2026-04-09,185703207,2919,Dakshinkali Investment & Securities Pvt. Ltd.,Imperial Securities Company Pvt. Ltd.,2026-04-09 11:42:44.400922,Nepal Infrastructure Bank Limited
2026040905003497,NIFRA,36,58,100,269.4,26940.0,2026-04-09,185703771,2919,Secured Securities Ltd.,Naasa Securities Co. Ltd.,2026-04-09 11:43:20.304393,Nepal Infrastructure Bank Limited
2026040905003498,NIFRA,71,58,900,269.3,242370.0,2026-04-09,185703772,2919,SHUBHAKAMANA SECURITIES PVT. LTD,Naasa Securities Co. Ltd.,2026-04-09 11:43:20.304713,Nepal Infrastructure Bank Limited
2026040905003532,NIFRA,57,45,500,269.9,134950.0,2026-04-09,185704003,2919,Aryatara Investment & Securities,Imperial Securities Company Pvt. Ltd.,2026-04-09 11:43:35.728070,Nepal Infrastructure Bank Limited
2026040905003589,NIFRA,58,45,1470,269.9,396753.0,2026-04-09,185704342,2919,Naasa Securities Co. Ltd.,Imperial Securities Company Pvt. Ltd.,2026-04-09 11:43:53.163891,Nepal Infrastructure Bank Limited
2026040905003606,NIFRA,13,6,100,270.0,27000.0,2026-04-09,185704536,2919,Thrive Brokerage House Pvt. Ltd,Agrawal Securities (PVT) Ltd.,2026-04-09 11:44:03.421827,Nepal Infrastructure Bank Limited
2026040905003607,NIFRA,13,29,11,270.0,2970.0,2026-04-09,185704539,2919,Thrive Brokerage House Pvt. Ltd,Trisul Securities & Invt. Ltd.,2026-04-09 11:44:03.422421,Nepal Infrastructure Bank Limited
2026040905003667,NIFRA,51,29,53,270.0,14310.0,2026-04-09,185705104,2919,Oxford Securities Pvt. Ltd.,Trisul Securities & Invt. Ltd.,2026-04-09 11:44:46.705179,Nepal Infrastructure Bank Limited
2026040905003668,NIFRA,51,7,147,270.0,39690.0,2026-04-09,185705107,2919,Oxford Securities Pvt. Ltd.,J.F. Securites (PVT) Ltd.,2026-04-09 11:44:46.705714,Nepal Infrastructure Bank Limited
2026040905003706,NIFRA,41,7,44,270.0,11880.0,2026-04-09,185705352,2919,Linch Stock Market Ltd.,J.F. Securites (PVT) Ltd.,2026-04-09 11:45:02.096417,Nepal Infrastructure Bank Limited
2026040905003707,NIFRA,41,25,162,270.0,43740.0,2026-04-09,185705354,2919,Linch Stock Market Ltd.,Sweta Securities Private Limited,2026-04-09 11:45:02.096950,Nepal Infrastructure Bank Limited
2026040905003708,NIFRA,41,40,94,270.0,25380.0,2026-04-09,185705357,2919,Linch Stock Market Ltd.,Creative Securities Pvt Ltd,2026-04-09 11:45:02.097304,Nepal Infrastructure Bank Limited
2026040905003709,NIFRA,58,40,10,270.0,2700.0,2026-04-09,185705359,2919,Naasa Securities Co. Ltd.,Creative Securities Pvt Ltd,2026-04-09 11:45:02.588580,Nepal Infrastructure Bank Limited
2026040905003712,NIFRA,58,29,30,269.9,8097.0,2026-04-09,185705374,2919,Naasa Securities Co. Ltd.,Trisul Securities & Invt. Ltd.,2026-04-09 11:45:04.374482,Nepal Infrastructure Bank Limited
2026040905003713,NIFRA,48,40,96,270.0,25920.0,2026-04-09,185705408,2919,Trishakti Securities Public Limited,Creative Securities Pvt Ltd,2026-04-09 11:45:06.625021,Nepal Infrastructure Bank Limited
2026040905003714,NIFRA,48,58,50,270.0,13500.0,2026-04-09,185705410,2919,Trishakti Securities Public Limited,Naasa Securities Co. Ltd.,2026-04-09 11:45:06.625303,Nepal Infrastructure Bank Limited
2026040905003715,NIFRA,48,54,34,270.0,9180.0,2026-04-09,185705413,2919,Trishakti Securities Public Limited,Sewa Securities Pvt. Ltd.,2026-04-09 11:45:06.625437,Nepal Infrastructure Bank Limited
2026040905003783,NIFRA,58,87,100,270.0,27000.0,2026-04-09,185705991,2919,Naasa Securities Co. Ltd.,S.P.S.A. Securities Limited,2026-04-09 11:45:31.377064,Nepal Infrastructure Bank Limited
2026040905003865,NIFRA,45,87,270,270.0,72900.0,2026-04-09,185706879,2919,Imperial Securities Company Pvt. Ltd.,S.P.S.A. Securities Limited,2026-04-09 11:46:21.040266,Nepal Infrastructure Bank Limited
2026040905003884,NIFRA,58,14,10,270.8,2708.0,2026-04-09,185706977,2919,Naasa Securities Co. Ltd.,Nepal Stock House (PVT) Ltd.,2026-04-09 11:46:31.249233,Nepal Infrastructure Bank Limited
2026040905003941,NIFRA,38,5,64,270.0,17280.0,2026-04-09,185707596,2919,Dipshikha Dhitopatra Karobar Co. Pvt Ltd.,Market Securities & Exchange (PVT) Ltd.,2026-04-09 11:47:12.071290,Nepal Infrastructure Bank Limited
2026040905004049,NIFRA,58,14,10,270.8,2708.0,2026-04-09,185708595,2919,Naasa Securities Co. Ltd.,Nepal Stock House (PVT) Ltd.,2026-04-09 11:48:06.747437,Nepal Infrastructure Bank Limited
2026040905004116,NIFRA,57,14,45,270.8,12186.0,2026-04-09,185709152,2919,Aryatara Investment & Securities,Nepal Stock House (PVT) Ltd.,2026-04-09 11:48:42.320959,Nepal Infrastructure Bank Limited
2026040905004117,NIFRA,57,38,100,270.8,27080.0,2026-04-09,185709154,2919,Aryatara Investment & Securities,Dipshikha Dhitopatra Karobar Co. Pvt Ltd.,2026-04-09 11:48:42.321269,Nepal Infrastructure Bank Limited
2026040905004126,NIFRA,14,10,54,270.8,14623.2,2026-04-09,185709240,2919,Nepal Stock House (PVT) Ltd.,Pragyan Securities (PVT) Ltd.,2026-04-09 11:48:47.796905,Nepal Infrastructure Bank Limited
2026040905004127,NIFRA,14,11,100,270.8,27080.0,2026-04-09,185709242,2919,Nepal Stock House (PVT) Ltd.,Malla & Malla Stock Broking Company Pvt. Limited,2026-04-09 11:48:47.797196,Nepal Infrastructure Bank Limited
2026040905004136,NIFRA,57,58,130,270.9,35217.0,2026-04-09,185709318,2919,Aryatara Investment & Securities,Naasa Securities Co. Ltd.,2026-04-09 11:48:53.206403,Nepal Infrastructure Bank Limited
2026040905004137,NIFRA,57,45,634,270.9,171750.6,2026-04-09,185709321,2919,Aryatara Investment & Securities,Imperial Securities Company Pvt. Ltd.,2026-04-09 11:48:53.206952,Nepal Infrastructure Bank Limited
2026040905004152,NIFRA,58,45,10,270.9,2709.0,2026-04-09,185709439,2919,Naasa Securities Co. Ltd.,Imperial Securities Company Pvt. Ltd.,2026-04-09 11:49:00.636396,Nepal Infrastructure Bank Limited
2026040905004193,NIFRA,42,45,611,270.9,165519.9,2026-04-09,185709746,2919,Sani Securities Company Ltd.,Imperial Securities Company Pvt. Ltd.,2026-04-09 11:49:18.142688,Nepal Infrastructure Bank Limited
2026040905004194,NIFRA,42,19,29,271.0,7859.0,2026-04-09,185709748,2919,Sani Securities Company Ltd.,Nepal Investment And Securities Trading Private Limited,2026-04-09 11:49:18.142957,Nepal Infrastructure Bank Limited
2026040905004195,NIFRA,42,38,100,271.0,27100.0,2026-04-09,185709750,2919,Sani Securities Company Ltd.,Dipshikha Dhitopatra Karobar Co. Pvt Ltd.,2026-04-09 11:49:18.143133,Nepal Infrastructure Bank Limited
2026040905004196,NIFRA,42,56,1030,271.0,279130.0,2026-04-09,185709753,2919,Sani Securities Company Ltd.,Sri Hari Securities Pvt. Ltd.,2026-04-09 11:49:18.143308,Nepal Infrastructure Bank Limited
2026040905004222,NIFRA,57,56,1000,271.0,271000.0,2026-04-09,185710109,2919,Aryatara Investment & Securities,Sri Hari Securities Pvt. Ltd.,2026-04-09 11:49:46.087714,Nepal Infrastructure Bank Limited
2026040905004277,NIFRA,58,56,10,271.0,2710.0,2026-04-09,185710521,2919,Naasa Securities Co. Ltd.,Sri Hari Securities Pvt. Ltd.,2026-04-09 11:50:09.482684,Nepal Infrastructure Bank Limited
2026040905004300,NIFRA,46,56,960,271.0,260160.0,2026-04-09,185710690,2919,Kalika Securities Pvt. Ltd.,Sri Hari Securities Pvt. Ltd.,2026-04-09 11:50:20.322477,Nepal Infrastructure Bank Limited
2026040905004301,NIFRA,46,25,54,271.0,14634.0,2026-04-09,185710692,2919,Kalika Securities Pvt. Ltd.,Sweta Securities Private Limited,2026-04-09 11:50:20.322773,Nepal Infrastructure Bank Limited
2026040905004302,NIFRA,46,34,54,271.0,14634.0,2026-04-09,185710694,2919,Kalika Securities Pvt. Ltd.,Vision Securities Pvt. Ltd,2026-04-09 11:50:20.322893,Nepal Infrastructure Bank Limited
2026040905004303,NIFRA,46,17,332,271.0,89972.0,2026-04-09,185710697,2919,Kalika Securities Pvt. Ltd.,ABC Securities Private Limited,2026-04-09 11:50:20.323010,Nepal Infrastructure Bank Limited
2026040905004304,NIFRA,34,17,668,271.0,181028.0,2026-04-09,185710698,2919,Vision Securities Pvt. Ltd,ABC Securities Private Limited,2026-04-09 11:50:20.335579,Nepal Infrastructure Bank Limited
2026040905004305,NIFRA,34,39,332,271.0,89972.0,2026-04-09,185710701,2919,Vision Securities Pvt. Ltd,Sumeru Securities Pvt. Ltd.,2026-04-09 11:50:20.335798,Nepal Infrastructure Bank Limited
2026040905004318,NIFRA,32,39,10,271.0,2710.0,2026-04-09,185710837,2919,Premier Securities Company Ltd.,Sumeru Securities Pvt. Ltd.,2026-04-09 11:50:31.700765,Nepal Infrastructure Bank Limited
2026040905004363,NIFRA,45,39,258,271.0,69918.0,2026-04-09,185711164,2919,Imperial Securities Company Pvt. Ltd.,Sumeru Securities Pvt. Ltd.,2026-04-09 11:50:53.975956,Nepal Infrastructure Bank Limited
2026040905004364,NIFRA,45,26,64,271.0,17344.0,2026-04-09,185711166,2919,Imperial Securities Company Pvt. Ltd.,Asian Securities Private Ltd.,2026-04-09 11:50:53.976250,Nepal Infrastructure Bank Limited
2026040905004365,NIFRA,45,61,500,271.0,135500.0,2026-04-09,185711168,2919,Imperial Securities Company Pvt. Ltd.,BHOLE GANESH SECURITIES LTD,2026-04-09 11:50:53.976384,Nepal Infrastructure Bank Limited
2026040905004366,NIFRA,45,40,30,271.0,8130.0,2026-04-09,185711171,2919,Imperial Securities Company Pvt. Ltd.,Creative Securities Pvt Ltd,2026-04-09 11:50:53.976504,Nepal Infrastructure Bank Limited
2026040905004375,NIFRA,34,101,500,271.0,135500.0,2026-04-09,185711276,2919,Vision Securities Pvt. Ltd,APPLE SECURITIES PRIVATE LIMITED,2026-04-09 11:50:59.525414,Nepal Infrastructure Bank Limited
2026040905004404,NIFRA,69,58,54,271.1,14639.4,2026-04-09,185711544,2919,INDEX SECURITIES LIMITED,Naasa Securities Co. Ltd.,2026-04-09 11:51:19.840768,Nepal Infrastructure Bank Limited
2026040905004421,NIFRA,70,45,1500,271.4,407100.0,2026-04-09,185711685,2919,Infinity Securities Limited,Imperial Securities Company Pvt. Ltd.,2026-04-09 11:51:30.240561,Nepal Infrastructure Bank Limited
2026040905004473,NIFRA,45,57,500,271.3,135650.0,2026-04-09,185712028,2919,Imperial Securities Company Pvt. Ltd.,Aryatara Investment & Securities,2026-04-09 11:51:54.620498,Nepal Infrastructure Bank Limited
2026040905004474,NIFRA,45,45,600,271.4,162840.0,2026-04-09,185712031,2919,Imperial Securities Company Pvt. Ltd.,Imperial Securities Company Pvt. Ltd.,2026-04-09 11:51:54.620765,Nepal Infrastructure Bank Limited
2026040905004530,NIFRA,40,45,50,271.3,13565.0,2026-04-09,185712544,2919,Creative Securities Pvt Ltd,Imperial Securities Company Pvt. Ltd.,2026-04-09 11:52:21.992540,Nepal Infrastructure Bank Limited
2026040905004590,NIFRA,48,45,30,271.4,8142.0,2026-04-09,185713161,2919,Trishakti Securities Public Limited,Imperial Securities Company Pvt. Ltd.,2026-04-09 11:52:57.163888,Nepal Infrastructure Bank Limited
2026040905004620,NIFRA,58,45,10,271.4,2714.0,2026-04-09,185713485,2919,Naasa Securities Co. Ltd.,Imperial Securities Company Pvt. Ltd.,2026-04-09 11:53:17.217170,Nepal Infrastructure Bank Limited
2026040905004643,NIFRA,40,8,50,271.3,13565.0,2026-04-09,185713767,2919,Creative Securities Pvt Ltd,Brilliant Securities Pvt. Ltd.,2026-04-09 11:53:32.561635,Nepal Infrastructure Bank Limited
2026040905004644,NIFRA,40,8,14,271.3,3798.2,2026-04-09,185713768,2919,Creative Securities Pvt Ltd,Brilliant Securities Pvt. Ltd.,2026-04-09 11:53:32.561957,Nepal Infrastructure Bank Limited
2026040905004652,NIFRA,40,38,17,271.3,4612.1,2026-04-09,185713821,2919,Creative Securities Pvt Ltd,Dipshikha Dhitopatra Karobar Co. Pvt Ltd.,2026-04-09 11:53:36.927499,Nepal Infrastructure Bank Limited
2026040905004655,NIFRA,50,58,100,271.2,27120.0,2026-04-09,185713833,2919,Cristal Kanchanjanga Securites Pvt. Ltd.,Naasa Securities Co. Ltd.,2026-04-09 11:53:37.724569,Nepal Infrastructure Bank Limited
2026040905004656,NIFRA,69,58,100,271.1,27110.0,2026-04-09,185713834,2919,INDEX SECURITIES LIMITED,Naasa Securities Co. Ltd.,2026-04-09 11:53:37.725110,Nepal Infrastructure Bank Limited
2026040905004664,NIFRA,22,38,25,271.3,6782.5,2026-04-09,185713909,2919,Siprabi Securities Pvt. Ltd.,Dipshikha Dhitopatra Karobar Co. Pvt Ltd.,2026-04-09 11:53:41.819570,Nepal Infrastructure Bank Limited
2026040905004677,NIFRA,38,38,58,271.3,15735.4,2026-04-09,185714034,2919,Dipshikha Dhitopatra Karobar Co. Pvt Ltd.,Dipshikha Dhitopatra Karobar Co. Pvt Ltd.,2026-04-09 11:53:48.420337,Nepal Infrastructure Bank Limited
2026040905004679,NIFRA,38,22,50,271.3,13565.0,2026-04-09,185714080,2919,Dipshikha Dhitopatra Karobar Co. Pvt Ltd.,Siprabi Securities Pvt. Ltd.,2026-04-09 11:53:52.382808,Nepal Infrastructure Bank Limited
2026040905004693,NIFRA,45,45,650,271.4,176410.0,2026-04-09,185714161,2919,Imperial Securities Company Pvt. Ltd.,Imperial Securities Company Pvt. Ltd.,2026-04-09 11:53:56.209688,Nepal Infrastructure Bank Limited
2026040905004711,NIFRA,38,14,128,271.3,34726.4,2026-04-09,185714293,2919,Dipshikha Dhitopatra Karobar Co. Pvt Ltd.,Nepal Stock House (PVT) Ltd.,2026-04-09 11:54:04.390811,Nepal Infrastructure Bank Limited
2026040905004712,NIFRA,48,14,18,271.3,4883.4,2026-04-09,185714295,2919,Trishakti Securities Public Limited,Nepal Stock House (PVT) Ltd.,2026-04-09 11:54:04.391379,Nepal Infrastructure Bank Limited
2026040905004750,NIFRA,14,14,10,271.3,2713.0,2026-04-09,185714674,2919,Nepal Stock House (PVT) Ltd.,Nepal Stock House (PVT) Ltd.,2026-04-09 11:54:27.985018,Nepal Infrastructure Bank Limited
2026040905004751,NIFRA,14,59,30,271.3,8139.0,2026-04-09,185714676,2919,Nepal Stock House (PVT) Ltd.,Deevyaa Securities & Stock House Pvt. Ltd,2026-04-09 11:54:27.985577,Nepal Infrastructure Bank Limited
2026040905004752,NIFRA,14,6,500,271.3,135650.0,2026-04-09,185714678,2919,Nepal Stock House (PVT) Ltd.,Agrawal Securities (PVT) Ltd.,2026-04-09 11:54:27.985967,Nepal Infrastructure Bank Limited
2026040905004753,NIFRA,14,77,460,271.3,124798.0,2026-04-09,185714681,2919,Nepal Stock House (PVT) Ltd.,Nabil Stock Dealer Ltd.,2026-04-09 11:54:27.986343,Nepal Infrastructure Bank Limited
2026040905004852,NIFRA,58,77,50,271.3,13565.0,2026-04-09,185715361,2919,Naasa Securities Co. Ltd.,Nabil Stock Dealer Ltd.,2026-04-09 11:55:09.077410,Nepal Infrastructure Bank Limited
2026040905004855,NIFRA,69,25,10,271.1,2711.0,2026-04-09,185715396,2919,INDEX SECURITIES LIMITED,Sweta Securities Private Limited,2026-04-09 11:55:10.292963,Nepal Infrastructure Bank Limited
2026040905004865,NIFRA,69,53,836,271.1,226639.6,2026-04-09,185715515,2919,INDEX SECURITIES LIMITED,Investment Management Nepal Pvt. Ltd.,2026-04-09 11:55:16.209189,Nepal Infrastructure Bank Limited
2026040905004870,NIFRA,38,53,164,271.1,44460.4,2026-04-09,185715530,2919,Dipshikha Dhitopatra Karobar Co. Pvt Ltd.,Investment Management Nepal Pvt. Ltd.,2026-04-09 11:55:17.053123,Nepal Infrastructure Bank Limited
2026040905004871,NIFRA,38,77,136,271.3,36896.8,2026-04-09,185715533,2919,Dipshikha Dhitopatra Karobar Co. Pvt Ltd.,Nabil Stock Dealer Ltd.,2026-04-09 11:55:17.053708,Nepal Infrastructure Bank Limited
2026040905004884,NIFRA,34,35,398,271.0,107858.0,2026-04-09,185715646,2919,Vision Securities Pvt. Ltd,Kohinoor Investment & Securities Pvt. Ltd.,2026-04-09 11:55:22.827735,Nepal Infrastructure Bank Limited
2026040905004885,NIFRA,34,49,54,271.0,14634.0,2026-04-09,185715756,2919,Vision Securities Pvt. Ltd,Online Securities Pvt. Ltd.,2026-04-09 11:55:28.095785,Nepal Infrastructure Bank Limited
2026040905004887,NIFRA,58,77,90,271.3,24417.0,2026-04-09,185715777,2919,Naasa Securities Co. Ltd.,Nabil Stock Dealer Ltd.,2026-04-09 11:55:29.065168,Nepal Infrastructure Bank Limited
2026040905004898,NIFRA,34,25,48,271.0,13008.0,2026-04-09,185715849,2919,Vision Securities Pvt. Ltd,Sweta Securities Private Limited,2026-04-09 11:55:35.295530,Nepal Infrastructure Bank Limited
2026040905004899,NIFRA,46,25,90,271.0,24390.0,2026-04-09,185715851,2919,Kalika Securities Pvt. Ltd.,Sweta Securities Private Limited,2026-04-09 11:55:35.296045,Nepal Infrastructure Bank Limited
2026040905004900,NIFRA,18,25,120,271.0,32520.0,2026-04-09,185715853,2919,Sagarmatha Securities Private Limited,Sweta Securities Private Limited,2026-04-09 11:55:35.296420,Nepal Infrastructure Bank Limited
2026040905005085,NIFRA,39,74,300,270.3,81090.0,2026-04-09,185717072,2919,Sumeru Securities Pvt. Ltd.,KALASH STOCK MARKET PVT. LTD.,2026-04-09 11:56:30.144705,Nepal Infrastructure Bank Limited
2026040905005106,NIFRA,39,74,200,270.3,54060.0,2026-04-09,185717359,2919,Sumeru Securities Pvt. Ltd.,KALASH STOCK MARKET PVT. LTD.,2026-04-09 11:56:44.192472,Nepal Infrastructure Bank Limited
2026040905005152,NIFRA,54,74,50,270.0,13500.0,2026-04-09,185717833,2919,Sewa Securities Pvt. Ltd.,KALASH STOCK MARKET PVT. LTD.,2026-04-09 11:57:05.157613,Nepal Infrastructure Bank Limited
2026040905005153,NIFRA,34,74,50,270.0,13500.0,2026-04-09,185717834,2919,Vision Securities Pvt. Ltd,KALASH STOCK MARKET PVT. LTD.,2026-04-09 11:57:05.158209,Nepal Infrastructure Bank Limited
2026040905005189,NIFRA,34,22,450,270.0,121500.0,2026-04-09,185718119,2919,Vision Securities Pvt. Ltd,Siprabi Securities Pvt. Ltd.,2026-04-09 11:57:19.180720,Nepal Infrastructure Bank Limited
2026040905005190,NIFRA,44,22,500,270.0,135000.0,2026-04-09,185718121,2919,Dynamic Money Managers Securities Pvt. Ltd.,Siprabi Securities Pvt. Ltd.,2026-04-09 11:57:19.181296,Nepal Infrastructure Bank Limited
2026040905005191,NIFRA,90,22,100,270.0,27000.0,2026-04-09,185718122,2919,Sajilo Broker Limited,Siprabi Securities Pvt. Ltd.,2026-04-09 11:57:19.181720,Nepal Infrastructure Bank Limited
2026040905005366,NIFRA,71,48,20,269.3,5386.0,2026-04-09,185719610,2919,SHUBHAKAMANA SECURITIES PVT. LTD,Trishakti Securities Public Limited,2026-04-09 11:58:56.111712,Nepal Infrastructure Bank Limited
2026040905005442,NIFRA,71,74,80,269.3,21544.0,2026-04-09,185720233,2919,SHUBHAKAMANA SECURITIES PVT. LTD,KALASH STOCK MARKET PVT. LTD.,2026-04-09 11:59:34.224398,Nepal Infrastructure Bank Limited
2026040905005443,NIFRA,13,74,100,269.3,26930.0,2026-04-09,185720235,2919,Thrive Brokerage House Pvt. Ltd,KALASH STOCK MARKET PVT. LTD.,2026-04-09 11:59:34.224714,Nepal Infrastructure Bank Limited
2026040905005474,NIFRA,45,43,54,269.0,14526.0,2026-04-09,185720470,2919,Imperial Securities Company Pvt. Ltd.,South Asian Bulls Pvt. Ltd.,2026-04-09 11:59:48.848136,Nepal Infrastructure Bank Limited
2026040905005722,NIFRA,14,14,100,270.9,27090.0,2026-04-09,185722840,2919,Nepal Stock House (PVT) Ltd.,Nepal Stock House (PVT) Ltd.,2026-04-09 12:02:50.418310,Nepal Infrastructure Bank Limited
2026040905005723,NIFRA,14,64,14,270.9,3792.6,2026-04-09,185722843,2919,Nepal Stock House (PVT) Ltd.,SUN SECURITIES PVT LTD,2026-04-09 12:02:50.418676,Nepal Infrastructure Bank Limited
2026040905005727,NIFRA,91,58,150,270.0,40500.0,2026-04-09,185722880,2919,Citizens Share Broker Limited,Naasa Securities Co. Ltd.,2026-04-09 12:02:54.720978,Nepal Infrastructure Bank Limited
2026040905005737,NIFRA,42,38,3,268.5,805.5,2026-04-09,185722948,2919,Sani Securities Company Ltd.,Dipshikha Dhitopatra Karobar Co. Pvt Ltd.,2026-04-09 12:03:03.629166,Nepal Infrastructure Bank Limited
2026040905005766,NIFRA,42,42,1,268.4,268.4,2026-04-09,185723236,2919,Sani Securities Company Ltd.,Sani Securities Company Ltd.,2026-04-09 12:03:21.427319,Nepal Infrastructure Bank Limited
2026040905005788,NIFRA,49,64,518,270.9,140326.2,2026-04-09,185723371,2919,Online Securities Pvt. Ltd.,SUN SECURITIES PVT LTD,2026-04-09 12:03:31.388757,Nepal Infrastructure Bank Limited
2026040905005794,NIFRA,42,51,4,267.0,1068.0,2026-04-09,185723462,2919,Sani Securities Company Ltd.,Oxford Securities Pvt. Ltd.,2026-04-09 12:03:44.054609,Nepal Infrastructure Bank Limited
2026040905005824,NIFRA,42,16,2,268.0,536.0,2026-04-09,185723600,2919,Sani Securities Company Ltd.,Primo Securities (PVT) Ltd.,2026-04-09 12:04:01.514128,Nepal Infrastructure Bank Limited
2026040905005848,NIFRA,91,64,18,270.9,4876.2,2026-04-09,185723880,2919,Citizens Share Broker Limited,SUN SECURITIES PVT LTD,2026-04-09 12:04:21.961714,Nepal Infrastructure Bank Limited
2026040905005849,NIFRA,91,29,64,270.9,17337.6,2026-04-09,185723882,2919,Citizens Share Broker Limited,Trisul Securities & Invt. Ltd.,2026-04-09 12:04:21.962127,Nepal Infrastructure Bank Limited
2026040905005850,NIFRA,91,25,242,271.0,65582.0,2026-04-09,185723884,2919,Citizens Share Broker Limited,Sweta Securities Private Limited,2026-04-09 12:04:21.962369,Nepal Infrastructure Bank Limited
2026040905005851,NIFRA,91,38,108,271.0,29268.0,2026-04-09,185723886,2919,Citizens Share Broker Limited,Dipshikha Dhitopatra Karobar Co. Pvt Ltd.,2026-04-09 12:04:21.962553,Nepal Infrastructure Bank Limited
2026040905005852,NIFRA,91,38,2035,271.0,551485.0,2026-04-09,185723888,2919,Citizens Share Broker Limited,Dipshikha Dhitopatra Karobar Co. Pvt Ltd.,2026-04-09 12:04:21.962728,Nepal Infrastructure Bank Limited
2026040905005853,NIFRA,91,58,10,271.0,2710.0,2026-04-09,185723890,2919,Citizens Share Broker Limited,Naasa Securities Co. Ltd.,2026-04-09 12:04:21.962890,Nepal Infrastructure Bank Limited
2026040905005854,NIFRA,91,58,30,271.0,8130.0,2026-04-09,185723892,2919,Citizens Share Broker Limited,Naasa Securities Co. Ltd.,2026-04-09 12:04:21.963032,Nepal Infrastructure Bank Limited
2026040905005855,NIFRA,91,17,943,271.0,255553.0,2026-04-09,185723895,2919,Citizens Share Broker Limited,ABC Securities Private Limited,2026-04-09 12:04:21.963162,Nepal Infrastructure Bank Limited
2026040905005926,NIFRA,34,7,50,270.9,13545.0,2026-04-09,185724447,2919,Vision Securities Pvt. Ltd,J.F. Securites (PVT) Ltd.,2026-04-09 12:05:12.630869,Nepal Infrastructure Bank Limited
2026040905005936,NIFRA,51,17,57,271.0,15447.0,2026-04-09,185724490,2919,Oxford Securities Pvt. Ltd.,ABC Securities Private Limited,2026-04-09 12:05:17.486937,Nepal Infrastructure Bank Limited
2026040905005937,NIFRA,51,28,54,271.0,14634.0,2026-04-09,185724492,2919,Oxford Securities Pvt. Ltd.,Shree Krishna Securities Ltd.,2026-04-09 12:05:17.487603,Nepal Infrastructure Bank Limited
2026040905005938,NIFRA,51,22,50,271.0,13550.0,2026-04-09,185724494,2919,Oxford Securities Pvt. Ltd.,Siprabi Securities Pvt. Ltd.,2026-04-09 12:05:17.488110,Nepal Infrastructure Bank Limited
2026040905006011,NIFRA,34,40,54,271.2,14644.8,2026-04-09,185725251,2919,Vision Securities Pvt. Ltd,Creative Securities Pvt Ltd,2026-04-09 12:06:05.269712,Nepal Infrastructure Bank Limited
2026040905006091,NIFRA,34,77,1100,271.3,298430.0,2026-04-09,185725961,2919,Vision Securities Pvt. Ltd,Nabil Stock Dealer Ltd.,2026-04-09 12:06:56.503666,Nepal Infrastructure Bank Limited
2026040905006174,NIFRA,1,77,46,271.3,12479.8,2026-04-09,185726797,2919,Kumari Securities Private Limited,Nabil Stock Dealer Ltd.,2026-04-09 12:08:07.199152,Nepal Infrastructure Bank Limited
2026040905006214,NIFRA,35,7,44,271.1,11928.4,2026-04-09,185727030,2919,Kohinoor Investment & Securities Pvt. Ltd.,J.F. Securites (PVT) Ltd.,2026-04-09 12:08:14.728297,Nepal Infrastructure Bank Limited
2026040905006256,NIFRA,42,56,4,269.0,1076.0,2026-04-09,185727210,2919,Sani Securities Company Ltd.,Sri Hari Securities Pvt. Ltd.,2026-04-09 12:08:22.086296,Nepal Infrastructure Bank Limited
2026040905006290,NIFRA,34,77,118,271.3,32013.4,2026-04-09,185727454,2919,Vision Securities Pvt. Ltd,Nabil Stock Dealer Ltd.,2026-04-09 12:08:46.198789,Nepal Infrastructure Bank Limited
2026040905006293,NIFRA,42,7,4,269.3,1077.2,2026-04-09,185727474,2919,Sani Securities Company Ltd.,J.F. Securites (PVT) Ltd.,2026-04-09 12:08:47.380002,Nepal Infrastructure Bank Limited
2026040905006316,NIFRA,34,57,66,271.3,17905.8,2026-04-09,185727674,2919,Vision Securities Pvt. Ltd,Aryatara Investment & Securities,2026-04-09 12:08:59.985500,Nepal Infrastructure Bank Limited
2026040905006324,NIFRA,51,90,39,271.0,10569.0,2026-04-09,185727727,2919,Oxford Securities Pvt. Ltd.,Sajilo Broker Limited,2026-04-09 12:09:04.479388,Nepal Infrastructure Bank Limited
2026040905006325,NIFRA,21,90,40,271.0,10840.0,2026-04-09,185727729,2919,Midas Stock Broking Company Private Limited,Sajilo Broker Limited,2026-04-09 12:09:04.479507,Nepal Infrastructure Bank Limited
2026040905006326,NIFRA,49,90,50,270.5,13525.0,2026-04-09,185727731,2919,Online Securities Pvt. Ltd.,Sajilo Broker Limited,2026-04-09 12:09:04.479625,Nepal Infrastructure Bank Limited
2026040905006327,NIFRA,5,90,71,270.2,19184.2,2026-04-09,185727732,2919,Market Securities & Exchange (PVT) Ltd.,Sajilo Broker Limited,2026-04-09 12:09:04.479705,Nepal Infrastructure Bank Limited
2026040905006366,NIFRA,42,41,1,265.0,265.0,2026-04-09,185728116,2919,Sani Securities Company Ltd.,Linch Stock Market Ltd.,2026-04-09 12:09:32.160157,Nepal Infrastructure Bank Limited
2026040905006391,NIFRA,42,58,200,271.3,54260.0,2026-04-09,185728468,2919,Sani Securities Company Ltd.,Naasa Securities Co. Ltd.,2026-04-09 12:09:50.046820,Nepal Infrastructure Bank Limited
2026040905006399,NIFRA,21,79,54,271.2,14644.8,2026-04-09,185728584,2919,Midas Stock Broking Company Private Limited,pahiinvestment,2026-04-09 12:09:59.995096,Nepal Infrastructure Bank Limited
2026040905006405,NIFRA,21,48,30,271.2,8136.0,2026-04-09,185728810,2919,Midas Stock Broking Company Private Limited,Trishakti Securities Public Limited,2026-04-09 12:10:12.581518,Nepal Infrastructure Bank Limited
2026040905006619,NIFRA,44,45,210,271.4,56994.0,2026-04-09,185730270,2919,Dynamic Money Managers Securities Pvt. Ltd.,Imperial Securities Company Pvt. Ltd.,2026-04-09 12:11:18.536106,Nepal Infrastructure Bank Limited
2026040905006620,NIFRA,44,25,54,271.4,14655.6,2026-04-09,185730273,2919,Dynamic Money Managers Securities Pvt. Ltd.,Sweta Securities Private Limited,2026-04-09 12:11:18.536780,Nepal Infrastructure Bank Limited
2026040905006626,NIFRA,21,34,10,271.2,2712.0,2026-04-09,185730320,2919,Midas Stock Broking Company Private Limited,Vision Securities Pvt. Ltd,2026-04-09 12:11:22.728764,Nepal Infrastructure Bank Limited
2026040905006673,NIFRA,21,80,82,271.2,22238.4,2026-04-09,185730623,2919,Midas Stock Broking Company Private Limited,Indira securities pvt. ltd,2026-04-09 12:11:47.076285,Nepal Infrastructure Bank Limited
2026040905006688,NIFRA,32,58,10,271.9,2719.0,2026-04-09,185730725,2919,Premier Securities Company Ltd.,Naasa Securities Co. Ltd.,2026-04-09 12:11:55.197812,Nepal Infrastructure Bank Limited
2026040905006695,NIFRA,56,58,139,271.1,37682.9,2026-04-09,185730781,2919,Sri Hari Securities Pvt. Ltd.,Naasa Securities Co. Ltd.,2026-04-09 12:11:59.928871,Nepal Infrastructure Bank Limited
2026040905006720,NIFRA,58,51,64,271.0,17344.0,2026-04-09,185730924,2919,Naasa Securities Co. Ltd.,Oxford Securities Pvt. Ltd.,2026-04-09 12:12:12.117433,Nepal Infrastructure Bank Limited
2026040905006749,NIFRA,44,58,100,271.0,27100.0,2026-04-09,185731259,2919,Dynamic Money Managers Securities Pvt. Ltd.,Naasa Securities Co. Ltd.,2026-04-09 12:12:38.688092,Nepal Infrastructure Bank Limited
2026040905006889,NIFRA,44,42,11,271.0,2981.0,2026-04-09,185732692,2919,Dynamic Money Managers Securities Pvt. Ltd.,Sani Securities Company Ltd.,2026-04-09 12:14:32.016208,Nepal Infrastructure Bank Limited
2026040905006890,NIFRA,44,58,100,271.0,27100.0,2026-04-09,185732694,2919,Dynamic Money Managers Securities Pvt. Ltd.,Naasa Securities Co. Ltd.,2026-04-09 12:14:32.016557,Nepal Infrastructure Bank Limited
2026040905006891,NIFRA,44,35,54,271.0,14634.0,2026-04-09,185732696,2919,Dynamic Money Managers Securities Pvt. Ltd.,Kohinoor Investment & Securities Pvt. Ltd.,2026-04-09 12:14:32.016702,Nepal Infrastructure Bank Limited
2026040905006892,NIFRA,44,58,35,271.1,9488.5,2026-04-09,185732699,2919,Dynamic Money Managers Securities Pvt. Ltd.,Naasa Securities Co. Ltd.,2026-04-09 12:14:32.016844,Nepal Infrastructure Bank Limited
2026040905006985,NIFRA,43,13,11,270.6,2976.6,2026-04-09,185733353,2919,South Asian Bulls Pvt. Ltd.,Thrive Brokerage House Pvt. Ltd,2026-04-09 12:15:29.014385,Nepal Infrastructure Bank Limited
2026040905006986,NIFRA,41,13,43,270.5,11631.5,2026-04-09,185733354,2919,Linch Stock Market Ltd.,Thrive Brokerage House Pvt. Ltd,2026-04-09 12:15:29.015020,Nepal Infrastructure Bank Limited
2026040905007004,NIFRA,44,58,26,271.1,7048.6,2026-04-09,185733528,2919,Dynamic Money Managers Securities Pvt. Ltd.,Naasa Securities Co. Ltd.,2026-04-09 12:15:44.608281,Nepal Infrastructure Bank Limited
2026040905007005,NIFRA,44,42,64,271.1,17350.4,2026-04-09,185733531,2919,Dynamic Money Managers Securities Pvt. Ltd.,Sani Securities Company Ltd.,2026-04-09 12:15:44.608639,Nepal Infrastructure Bank Limited
2026040905007123,NIFRA,5,96,20,270.5,5410.0,2026-04-09,185734441,2919,Market Securities & Exchange (PVT) Ltd.,Himalayan Securities Limited,2026-04-09 12:16:44.407770,Nepal Infrastructure Bank Limited
2026040905007141,NIFRA,53,43,40,271.4,10856.0,2026-04-09,185734620,2919,Investment Management Nepal Pvt. Ltd.,South Asian Bulls Pvt. Ltd.,2026-04-09 12:16:58.589788,Nepal Infrastructure Bank Limited
2026040905007142,NIFRA,53,58,160,271.5,43440.0,2026-04-09,185734623,2919,Investment Management Nepal Pvt. Ltd.,Naasa Securities Co. Ltd.,2026-04-09 12:16:58.590097,Nepal Infrastructure Bank Limited
2026040905007165,NIFRA,58,58,144,271.5,39096.0,2026-04-09,185734725,2919,Naasa Securities Co. Ltd.,Naasa Securities Co. Ltd.,2026-04-09 12:17:06.859642,Nepal Infrastructure Bank Limited
2026040905007168,NIFRA,42,58,33,271.5,8959.5,2026-04-09,185734803,2919,Sani Securities Company Ltd.,Naasa Securities Co. Ltd.,2026-04-09 12:17:11.078218,Nepal Infrastructure Bank Limited
2026040905007233,NIFRA,41,37,54,270.5,14607.0,2026-04-09,185735692,2919,Linch Stock Market Ltd.,Swarna Laxmi Securities Pvt. Ltd.,2026-04-09 12:17:55.580265,Nepal Infrastructure Bank Limited
2026040905007284,NIFRA,53,58,488,271.5,132492.0,2026-04-09,185736158,2919,Investment Management Nepal Pvt. Ltd.,Naasa Securities Co. Ltd.,2026-04-09 12:18:21.175658,Nepal Infrastructure Bank Limited
2026040905007285,NIFRA,53,22,50,271.5,13575.0,2026-04-09,185736161,2919,Investment Management Nepal Pvt. Ltd.,Siprabi Securities Pvt. Ltd.,2026-04-09 12:18:21.176022,Nepal Infrastructure Bank Limited
2026040905007343,NIFRA,70,43,40,271.7,10868.0,2026-04-09,185736702,2919,Infinity Securities Limited,South Asian Bulls Pvt. Ltd.,2026-04-09 12:18:59.953114,Nepal Infrastructure Bank Limited
2026040905007344,NIFRA,70,59,180,271.8,48924.0,2026-04-09,185736704,2919,Infinity Securities Limited,Deevyaa Securities & Stock House Pvt. Ltd,2026-04-09 12:18:59.953485,Nepal Infrastructure Bank Limited
2026040905007345,NIFRA,70,33,470,271.8,127746.0,2026-04-09,185736706,2919,Infinity Securities Limited,Dakshinkali Investment & Securities Pvt. Ltd.,2026-04-09 12:18:59.953631,Nepal Infrastructure Bank Limited
2026040905007346,NIFRA,70,58,90,271.9,24471.0,2026-04-09,185736708,2919,Infinity Securities Limited,Naasa Securities Co. Ltd.,2026-04-09 12:18:59.953780,Nepal Infrastructure Bank Limited
2026040905007347,NIFRA,70,38,200,271.9,54380.0,2026-04-09,185736710,2919,Infinity Securities Limited,Dipshikha Dhitopatra Karobar Co. Pvt Ltd.,2026-04-09 12:18:59.953923,Nepal Infrastructure Bank Limited
2026040905007348,NIFRA,70,25,500,271.9,135950.0,2026-04-09,185736712,2919,Infinity Securities Limited,Sweta Securities Private Limited,2026-04-09 12:18:59.954065,Nepal Infrastructure Bank Limited
2026040905007349,NIFRA,70,19,54,271.9,14682.6,2026-04-09,185736714,2919,Infinity Securities Limited,Nepal Investment And Securities Trading Private Limited,2026-04-09 12:18:59.954211,Nepal Infrastructure Bank Limited
2026040905007350,NIFRA,70,22,65,271.9,17673.5,2026-04-09,185736716,2919,Infinity Securities Limited,Siprabi Securities Pvt. Ltd.,2026-04-09 12:18:59.954361,Nepal Infrastructure Bank Limited
2026040905007351,NIFRA,70,16,900,271.9,244710.0,2026-04-09,185736718,2919,Infinity Securities Limited,Primo Securities (PVT) Ltd.,2026-04-09 12:18:59.954498,Nepal Infrastructure Bank Limited
2026040905007352,NIFRA,70,42,700,271.9,190330.0,2026-04-09,185736720,2919,Infinity Securities Limited,Sani Securities Company Ltd.,2026-04-09 12:18:59.954636,Nepal Infrastructure Bank Limited
2026040905007353,NIFRA,70,53,54,272.0,14688.0,2026-04-09,185736722,2919,Infinity Securities Limited,Investment Management Nepal Pvt. Ltd.,2026-04-09 12:18:59.954782,Nepal Infrastructure Bank Limited
2026040905007354,NIFRA,70,34,200,272.0,54400.0,2026-04-09,185736724,2919,Infinity Securities Limited,Vision Securities Pvt. Ltd,2026-04-09 12:18:59.954917,Nepal Infrastructure Bank Limited
2026040905007355,NIFRA,70,39,1000,272.0,272000.0,2026-04-09,185736726,2919,Infinity Securities Limited,Sumeru Securities Pvt. Ltd.,2026-04-09 12:18:59.955056,Nepal Infrastructure Bank Limited
2026040905007356,NIFRA,70,38,120,272.0,32640.0,2026-04-09,185736728,2919,Infinity Securities Limited,Dipshikha Dhitopatra Karobar Co. Pvt Ltd.,2026-04-09 12:18:59.955193,Nepal Infrastructure Bank Limited
2026040905007357,NIFRA,70,38,54,272.0,14688.0,2026-04-09,185736730,2919,Infinity Securities Limited,Dipshikha Dhitopatra Karobar Co. Pvt Ltd.,2026-04-09 12:18:59.955330,Nepal Infrastructure Bank Limited
2026040905007358,NIFRA,70,59,64,272.0,17408.0,2026-04-09,185736732,2919,Infinity Securities Limited,Deevyaa Securities & Stock House Pvt. Ltd,2026-04-09 12:18:59.955474,Nepal Infrastructure Bank Limited
2026040905007359,NIFRA,70,48,54,272.0,14688.0,2026-04-09,185736734,2919,Infinity Securities Limited,Trishakti Securities Public Limited,2026-04-09 12:18:59.955607,Nepal Infrastructure Bank Limited
2026040905007360,NIFRA,70,40,100,272.0,27200.0,2026-04-09,185736736,2919,Infinity Securities Limited,Creative Securities Pvt Ltd,2026-04-09 12:18:59.955746,Nepal Infrastructure Bank Limited
2026040905007361,NIFRA,70,42,1000,272.0,272000.0,2026-04-09,185736738,2919,Infinity Securities Limited,Sani Securities Company Ltd.,2026-04-09 12:18:59.955886,Nepal Infrastructure Bank Limited
2026040905007362,NIFRA,70,1,500,272.0,136000.0,2026-04-09,185736740,2919,Infinity Securities Limited,Kumari Securities Private Limited,2026-04-09 12:18:59.956023,Nepal Infrastructure Bank Limited
2026040905007363,NIFRA,70,57,54,272.0,14688.0,2026-04-09,185736742,2919,Infinity Securities Limited,Aryatara Investment & Securities,2026-04-09 12:18:59.956158,Nepal Infrastructure Bank Limited
2026040905007364,NIFRA,70,40,500,272.0,136000.0,2026-04-09,185736744,2919,Infinity Securities Limited,Creative Securities Pvt Ltd,2026-04-09 12:18:59.956291,Nepal Infrastructure Bank Limited
2026040905007365,NIFRA,70,52,20,272.0,5440.0,2026-04-09,185736746,2919,Infinity Securities Limited,Sundhara Securities Limited,2026-04-09 12:18:59.956451,Nepal Infrastructure Bank Limited
2026040905007366,NIFRA,70,25,64,272.0,17408.0,2026-04-09,185736748,2919,Infinity Securities Limited,Sweta Securities Private Limited,2026-04-09 12:18:59.956590,Nepal Infrastructure Bank Limited
2026040905007367,NIFRA,70,50,54,272.0,14688.0,2026-04-09,185736750,2919,Infinity Securities Limited,Cristal Kanchanjanga Securites Pvt. Ltd.,2026-04-09 12:18:59.956723,Nepal Infrastructure Bank Limited
2026040905007368,NIFRA,70,36,50,272.0,13600.0,2026-04-09,185736752,2919,Infinity Securities Limited,Secured Securities Ltd.,2026-04-09 12:18:59.956858,Nepal Infrastructure Bank Limited
2026040905007369,NIFRA,70,80,28,272.0,7616.0,2026-04-09,185736754,2919,Infinity Securities Limited,Indira securities pvt. ltd,2026-04-09 12:18:59.956997,Nepal Infrastructure Bank Limited
2026040905007370,NIFRA,70,45,650,272.0,176800.0,2026-04-09,185736756,2919,Infinity Securities Limited,Imperial Securities Company Pvt. Ltd.,2026-04-09 12:18:59.957132,Nepal Infrastructure Bank Limited
2026040905007371,NIFRA,70,36,43,272.0,11696.0,2026-04-09,185736758,2919,Infinity Securities Limited,Secured Securities Ltd.,2026-04-09 12:18:59.957269,Nepal Infrastructure Bank Limited
2026040905007404,NIFRA,70,37,64,272.0,17408.0,2026-04-09,185736924,2919,Infinity Securities Limited,Swarna Laxmi Securities Pvt. Ltd.,2026-04-09 12:19:13.648022,Nepal Infrastructure Bank Limited
2026040905007491,NIFRA,42,58,4,270.0,1080.0,2026-04-09,185737486,2919,Sani Securities Company Ltd.,Naasa Securities Co. Ltd.,2026-04-09 12:19:52.469796,Nepal Infrastructure Bank Limited
2026040905007522,NIFRA,42,87,5,270.0,1350.0,2026-04-09,185737696,2919,Sani Securities Company Ltd.,S.P.S.A. Securities Limited,2026-04-09 12:20:07.461636,Nepal Infrastructure Bank Limited
2026040905007523,NIFRA,58,29,10,272.0,2720.0,2026-04-09,185737701,2919,Naasa Securities Co. Ltd.,Trisul Securities & Invt. Ltd.,2026-04-09 12:20:08.438095,Nepal Infrastructure Bank Limited
2026040905007534,NIFRA,34,29,371,272.0,100912.0,2026-04-09,185737747,2919,Vision Securities Pvt. Ltd,Trisul Securities & Invt. Ltd.,2026-04-09 12:20:10.714215,Nepal Infrastructure Bank Limited
2026040905007539,NIFRA,62,29,20,272.0,5440.0,2026-04-09,185737841,2919,Capital Max Securities Ltd,Trisul Securities & Invt. Ltd.,2026-04-09 12:20:20.044437,Nepal Infrastructure Bank Limited
2026040905007544,NIFRA,42,54,3,270.0,810.0,2026-04-09,185737870,2919,Sani Securities Company Ltd.,Sewa Securities Pvt. Ltd.,2026-04-09 12:20:22.303273,Nepal Infrastructure Bank Limited
2026040905007686,NIFRA,45,29,10,272.0,2720.0,2026-04-09,185738987,2919,Imperial Securities Company Pvt. Ltd.,Trisul Securities & Invt. Ltd.,2026-04-09 12:21:51.383732,Nepal Infrastructure Bank Limited
2026040905007695,NIFRA,42,53,4,270.0,1080.0,2026-04-09,185739166,2919,Sani Securities Company Ltd.,Investment Management Nepal Pvt. Ltd.,2026-04-09 12:22:00.869635,Nepal Infrastructure Bank Limited
2026040905007703,NIFRA,43,58,21,271.0,5691.0,2026-04-09,185739186,2919,South Asian Bulls Pvt. Ltd.,Naasa Securities Co. Ltd.,2026-04-09 12:22:01.016297,Nepal Infrastructure Bank Limited
2026040905007705,NIFRA,57,29,80,272.0,21760.0,2026-04-09,185739193,2919,Aryatara Investment & Securities,Trisul Securities & Invt. Ltd.,2026-04-09 12:22:01.376816,Nepal Infrastructure Bank Limited
2026040905007717,NIFRA,42,42,5,270.0,1350.0,2026-04-09,185739268,2919,Sani Securities Company Ltd.,Sani Securities Company Ltd.,2026-04-09 12:22:09.505693,Nepal Infrastructure Bank Limited
2026040905007796,NIFRA,47,45,40,272.0,10880.0,2026-04-09,185739832,2919,Neev Securities Pvt. Ltd.,Imperial Securities Company Pvt. Ltd.,2026-04-09 12:22:52.271991,Nepal Infrastructure Bank Limited
2026040905007797,NIFRA,47,74,100,272.0,27200.0,2026-04-09,185739834,2919,Neev Securities Pvt. Ltd.,KALASH STOCK MARKET PVT. LTD.,2026-04-09 12:22:52.272720,Nepal Infrastructure Bank Limited
2026040905007857,NIFRA,42,58,4,270.0,1080.0,2026-04-09,185740384,2919,Sani Securities Company Ltd.,Naasa Securities Co. Ltd.,2026-04-09 12:23:31.952282,Nepal Infrastructure Bank Limited
2026040905007963,NIFRA,47,34,64,272.0,17408.0,2026-04-09,185741120,2919,Neev Securities Pvt. Ltd.,Vision Securities Pvt. Ltd,2026-04-09 12:24:15.966985,Nepal Infrastructure Bank Limited
2026040905007985,NIFRA,47,22,96,272.0,26112.0,2026-04-09,185741245,2919,Neev Securities Pvt. Ltd.,Siprabi Securities Pvt. Ltd.,2026-04-09 12:24:23.194093,Nepal Infrastructure Bank Limited
2026040905007986,NIFRA,57,22,70,272.0,19040.0,2026-04-09,185741247,2919,Aryatara Investment & Securities,Siprabi Securities Pvt. Ltd.,2026-04-09 12:24:23.194461,Nepal Infrastructure Bank Limited
2026040905007987,NIFRA,43,22,100,272.0,27200.0,2026-04-09,185741249,2919,South Asian Bulls Pvt. Ltd.,Siprabi Securities Pvt. Ltd.,2026-04-09 12:24:23.194609,Nepal Infrastructure Bank Limited
2026040905008006,NIFRA,58,22,17,272.0,4624.0,2026-04-09,185741399,2919,Naasa Securities Co. Ltd.,Siprabi Securities Pvt. Ltd.,2026-04-09 12:24:31.748170,Nepal Infrastructure Bank Limited
2026040905008035,NIFRA,4,22,47,272.0,12784.0,2026-04-09,185741600,2919,Opal Securities Investment (PVT) Ltd.,Siprabi Securities Pvt. Ltd.,2026-04-09 12:24:44.346675,Nepal Infrastructure Bank Limited
2026040905008039,NIFRA,45,10,10,271.0,2710.0,2026-04-09,185741641,2919,Imperial Securities Company Pvt. Ltd.,Pragyan Securities (PVT) Ltd.,2026-04-09 12:24:48.188254,Nepal Infrastructure Bank Limited
2026040905008040,NIFRA,35,10,44,271.0,11924.0,2026-04-09,185741642,2919,Kohinoor Investment & Securities Pvt. Ltd.,Pragyan Securities (PVT) Ltd.,2026-04-09 12:24:48.188645,Nepal Infrastructure Bank Limited
2026040905008122,NIFRA,21,58,50,272.0,13600.0,2026-04-09,185742227,2919,Midas Stock Broking Company Private Limited,Naasa Securities Co. Ltd.,2026-04-09 12:25:24.194542,Nepal Infrastructure Bank Limited
2026040905008177,NIFRA,14,58,250,272.0,68000.0,2026-04-09,185742650,2919,Nepal Stock House (PVT) Ltd.,Naasa Securities Co. Ltd.,2026-04-09 12:25:53.573216,Nepal Infrastructure Bank Limited
2026040905008187,NIFRA,14,58,34,272.0,9248.0,2026-04-09,185742726,2919,Nepal Stock House (PVT) Ltd.,Naasa Securities Co. Ltd.,2026-04-09 12:26:00.023401,Nepal Infrastructure Bank Limited
2026040905008192,NIFRA,14,25,216,272.0,58752.0,2026-04-09,185742749,2919,Nepal Stock House (PVT) Ltd.,Sweta Securities Private Limited,2026-04-09 12:26:02.316140,Nepal Infrastructure Bank Limited
2026040905008383,NIFRA,35,47,86,271.0,23306.0,2026-04-09,185743843,2919,Kohinoor Investment & Securities Pvt. Ltd.,Neev Securities Pvt. Ltd.,2026-04-09 12:27:31.433484,Nepal Infrastructure Bank Limited
2026040905008384,NIFRA,6,47,14,271.0,3794.0,2026-04-09,185743844,2919,Agrawal Securities (PVT) Ltd.,Neev Securities Pvt. Ltd.,2026-04-09 12:27:31.433843,Nepal Infrastructure Bank Limited
2026040905008403,NIFRA,35,25,200,272.0,54400.0,2026-04-09,185744003,2919,Kohinoor Investment & Securities Pvt. Ltd.,Sweta Securities Private Limited,2026-04-09 12:27:44.623026,Nepal Infrastructure Bank Limited
2026040905008453,NIFRA,38,25,300,272.0,81600.0,2026-04-09,185744237,2919,Dipshikha Dhitopatra Karobar Co. Pvt Ltd.,Sweta Securities Private Limited,2026-04-09 12:27:59.380515,Nepal Infrastructure Bank Limited
2026040905008491,NIFRA,70,25,284,272.0,77248.0,2026-04-09,185744394,2919,Infinity Securities Limited,Sweta Securities Private Limited,2026-04-09 12:28:13.915582,Nepal Infrastructure Bank Limited
2026040905008492,NIFRA,70,51,200,272.0,54400.0,2026-04-09,185744396,2919,Infinity Securities Limited,Oxford Securities Pvt. Ltd.,2026-04-09 12:28:13.916365,Nepal Infrastructure Bank Limited
2026040905008508,NIFRA,42,14,2,267.0,534.0,2026-04-09,185744602,2919,Sani Securities Company Ltd.,Nepal Stock House (PVT) Ltd.,2026-04-09 12:28:29.112914,Nepal Infrastructure Bank Limited
2026040905008605,NIFRA,47,25,20,272.1,5442.0,2026-04-09,185745147,2919,Neev Securities Pvt. Ltd.,Sweta Securities Private Limited,2026-04-09 12:29:02.133598,Nepal Infrastructure Bank Limited
2026040905008606,NIFRA,70,25,480,272.0,130560.0,2026-04-09,185745148,2919,Infinity Securities Limited,Sweta Securities Private Limited,2026-04-09 12:29:02.134295,Nepal Infrastructure Bank Limited
2026040905008625,NIFRA,70,38,36,272.0,9792.0,2026-04-09,185745311,2919,Infinity Securities Limited,Dipshikha Dhitopatra Karobar Co. Pvt Ltd.,2026-04-09 12:29:16.427928,Nepal Infrastructure Bank Limited
2026040905008626,NIFRA,58,38,90,272.0,24480.0,2026-04-09,185745313,2919,Naasa Securities Co. Ltd.,Dipshikha Dhitopatra Karobar Co. Pvt Ltd.,2026-04-09 12:29:16.428696,Nepal Infrastructure Bank Limited
2026040905008627,NIFRA,6,57,21,271.0,5691.0,2026-04-09,185745324,2919,Agrawal Securities (PVT) Ltd.,Aryatara Investment & Securities,2026-04-09 12:29:18.675636,Nepal Infrastructure Bank Limited
2026040905008638,NIFRA,43,38,490,272.0,133280.0,2026-04-09,185745411,2919,South Asian Bulls Pvt. Ltd.,Dipshikha Dhitopatra Karobar Co. Pvt Ltd.,2026-04-09 12:29:24.566250,Nepal Infrastructure Bank Limited
2026040905008696,NIFRA,6,39,15,271.0,4065.0,2026-04-09,185745701,2919,Agrawal Securities (PVT) Ltd.,Sumeru Securities Pvt. Ltd.,2026-04-09 12:29:44.139398,Nepal Infrastructure Bank Limited
2026040905008697,NIFRA,48,39,200,271.0,54200.0,2026-04-09,185745703,2919,Trishakti Securities Public Limited,Sumeru Securities Pvt. Ltd.,2026-04-09 12:29:44.139808,Nepal Infrastructure Bank Limited
2026040905008698,NIFRA,42,39,20,271.0,5420.0,2026-04-09,185745705,2919,Sani Securities Company Ltd.,Sumeru Securities Pvt. Ltd.,2026-04-09 12:29:44.140014,Nepal Infrastructure Bank Limited
2026040905008699,NIFRA,90,39,65,271.0,17615.0,2026-04-09,185745706,2919,Sajilo Broker Limited,Sumeru Securities Pvt. Ltd.,2026-04-09 12:29:44.140198,Nepal Infrastructure Bank Limited
2026040905008778,NIFRA,4,38,180,271.1,48798.0,2026-04-09,185746023,2919,Opal Securities Investment (PVT) Ltd.,Dipshikha Dhitopatra Karobar Co. Pvt Ltd.,2026-04-09 12:29:58.989007,Nepal Infrastructure Bank Limited
2026040905008829,NIFRA,90,19,35,271.0,9485.0,2026-04-09,185746419,2919,Sajilo Broker Limited,Nepal Investment And Securities Trading Private Limited,2026-04-09 12:30:26.736138,Nepal Infrastructure Bank Limited
2026040905008830,NIFRA,58,19,10,271.0,2710.0,2026-04-09,185746421,2919,Naasa Securities Co. Ltd.,Nepal Investment And Securities Trading Private Limited,2026-04-09 12:30:26.736524,Nepal Infrastructure Bank Limited
2026040905008885,NIFRA,5,38,204,270.9,55263.6,2026-04-09,185746730,2919,Market Securities & Exchange (PVT) Ltd.,Dipshikha Dhitopatra Karobar Co. Pvt Ltd.,2026-04-09 12:30:46.639831,Nepal Infrastructure Bank Limited
2026040905008992,NIFRA,5,39,25,270.9,6772.5,2026-04-09,185747549,2919,Market Securities & Exchange (PVT) Ltd.,Sumeru Securities Pvt. Ltd.,2026-04-09 12:31:33.569906,Nepal Infrastructure Bank Limited
2026040905008993,NIFRA,45,39,10,270.9,2709.0,2026-04-09,185747551,2919,Imperial Securities Company Pvt. Ltd.,Sumeru Securities Pvt. Ltd.,2026-04-09 12:31:33.570273,Nepal Infrastructure Bank Limited
2026040905008994,NIFRA,25,39,65,270.9,17608.5,2026-04-09,185747552,2919,Sweta Securities Private Limited,Sumeru Securities Pvt. Ltd.,2026-04-09 12:31:33.570445,Nepal Infrastructure Bank Limited
2026040905009007,NIFRA,70,47,10,270.8,2708.0,2026-04-09,185747668,2919,Infinity Securities Limited,Neev Securities Pvt. Ltd.,2026-04-09 12:31:43.729304,Nepal Infrastructure Bank Limited
2026040905009010,NIFRA,38,25,46,270.9,12461.4,2026-04-09,185747679,2919,Dipshikha Dhitopatra Karobar Co. Pvt Ltd.,Sweta Securities Private Limited,2026-04-09 12:31:44.453300,Nepal Infrastructure Bank Limited
2026040905009078,NIFRA,70,34,64,270.8,17331.2,2026-04-09,185748150,2919,Infinity Securities Limited,Vision Securities Pvt. Ltd,2026-04-09 12:32:11.766544,Nepal Infrastructure Bank Limited
2026040905009090,NIFRA,70,35,398,270.8,107778.4,2026-04-09,185748224,2919,Infinity Securities Limited,Kohinoor Investment & Securities Pvt. Ltd.,2026-04-09 12:32:19.618491,Nepal Infrastructure Bank Limited
2026040905009156,NIFRA,70,17,200,270.8,54160.0,2026-04-09,185748670,2919,Infinity Securities Limited,ABC Securities Private Limited,2026-04-09 12:32:47.136716,Nepal Infrastructure Bank Limited
2026040905009173,NIFRA,70,25,954,270.8,258343.2,2026-04-09,185748836,2919,Infinity Securities Limited,Sweta Securities Private Limited,2026-04-09 12:32:57.345276,Nepal Infrastructure Bank Limited
2026040905009238,NIFRA,70,14,500,270.8,135400.0,2026-04-09,185749248,2919,Infinity Securities Limited,Nepal Stock House (PVT) Ltd.,2026-04-09 12:33:26.917878,Nepal Infrastructure Bank Limited
2026040905009362,NIFRA,45,38,10,270.8,2708.0,2026-04-09,185749995,2919,Imperial Securities Company Pvt. Ltd.,Dipshikha Dhitopatra Karobar Co. Pvt Ltd.,2026-04-09 12:34:22.853200,Nepal Infrastructure Bank Limited
2026040905009363,NIFRA,58,38,15,270.7,4060.5,2026-04-09,185749999,2919,Naasa Securities Co. Ltd.,Dipshikha Dhitopatra Karobar Co. Pvt Ltd.,2026-04-09 12:34:22.853616,Nepal Infrastructure Bank Limited
2026040905009364,NIFRA,45,38,100,270.6,27060.0,2026-04-09,185750004,2919,Imperial Securities Company Pvt. Ltd.,Dipshikha Dhitopatra Karobar Co. Pvt Ltd.,2026-04-09 12:34:22.853772,Nepal Infrastructure Bank Limited
2026040905009365,NIFRA,41,38,375,270.5,101437.5,2026-04-09,185750005,2919,Linch Stock Market Ltd.,Dipshikha Dhitopatra Karobar Co. Pvt Ltd.,2026-04-09 12:34:22.853927,Nepal Infrastructure Bank Limited
2026040905009482,NIFRA,44,52,10,270.5,2705.0,2026-04-09,185750788,2919,Dynamic Money Managers Securities Pvt. Ltd.,Sundhara Securities Limited,2026-04-09 12:35:21.572179,Nepal Infrastructure Bank Limited
2026040905009494,NIFRA,41,19,528,271.0,143088.0,2026-04-09,185750957,2919,Linch Stock Market Ltd.,Nepal Investment And Securities Trading Private Limited,2026-04-09 12:35:30.011950,Nepal Infrastructure Bank Limited
2026040905009502,NIFRA,44,17,54,270.5,14607.0,2026-04-09,185751012,2919,Dynamic Money Managers Securities Pvt. Ltd.,ABC Securities Private Limited,2026-04-09 12:35:34.262657,Nepal Infrastructure Bank Limited
2026040905009514,NIFRA,58,96,1,270.5,270.5,2026-04-09,185751108,2919,Naasa Securities Co. Ltd.,Himalayan Securities Limited,2026-04-09 12:35:43.951755,Nepal Infrastructure Bank Limited
2026040905009594,NIFRA,44,52,10,270.5,2705.0,2026-04-09,185751688,2919,Dynamic Money Managers Securities Pvt. Ltd.,Sundhara Securities Limited,2026-04-09 12:36:29.522172,Nepal Infrastructure Bank Limited
2026040905009681,NIFRA,44,58,26,270.5,7033.0,2026-04-09,185752217,2919,Dynamic Money Managers Securities Pvt. Ltd.,Naasa Securities Co. Ltd.,2026-04-09 12:37:03.906180,Nepal Infrastructure Bank Limited
2026040905009682,NIFRA,14,58,1000,270.5,270500.0,2026-04-09,185752219,2919,Nepal Stock House (PVT) Ltd.,Naasa Securities Co. Ltd.,2026-04-09 12:37:03.906900,Nepal Infrastructure Bank Limited
2026040905009683,NIFRA,97,58,750,270.5,202875.0,2026-04-09,185752221,2919,R.B.B. Securities Company Ltd,Naasa Securities Co. Ltd.,2026-04-09 12:37:03.907385,Nepal Infrastructure Bank Limited
2026040905009684,NIFRA,42,58,224,270.5,60592.0,2026-04-09,185752222,2919,Sani Securities Company Ltd.,Naasa Securities Co. Ltd.,2026-04-09 12:37:03.907870,Nepal Infrastructure Bank Limited
2026040905009725,NIFRA,42,13,100,270.5,27050.0,2026-04-09,185752508,2919,Sani Securities Company Ltd.,Thrive Brokerage House Pvt. Ltd,2026-04-09 12:37:31.069625,Nepal Infrastructure Bank Limited
2026040905009855,NIFRA,35,19,427,271.0,115717.0,2026-04-09,185753402,2919,Kohinoor Investment & Securities Pvt. Ltd.,Nepal Investment And Securities Trading Private Limited,2026-04-09 12:38:23.972461,Nepal Infrastructure Bank Limited
2026040905009856,NIFRA,35,52,54,271.0,14634.0,2026-04-09,185753404,2919,Kohinoor Investment & Securities Pvt. Ltd.,Sundhara Securities Limited,2026-04-09 12:38:23.972846,Nepal Infrastructure Bank Limited
2026040905009857,NIFRA,35,32,54,271.0,14634.0,2026-04-09,185753406,2919,Kohinoor Investment & Securities Pvt. Ltd.,Premier Securities Company Ltd.,2026-04-09 12:38:23.973123,Nepal Infrastructure Bank Limited
2026040905009858,NIFRA,35,48,20,272.0,5440.0,2026-04-09,185753408,2919,Kohinoor Investment & Securities Pvt. Ltd.,Trishakti Securities Public Limited,2026-04-09 12:38:23.973356,Nepal Infrastructure Bank Limited
2026040905009859,NIFRA,35,19,445,272.0,121040.0,2026-04-09,185753411,2919,Kohinoor Investment & Securities Pvt. Ltd.,Nepal Investment And Securities Trading Private Limited,2026-04-09 12:38:23.973580,Nepal Infrastructure Bank Limited
2026040905009903,NIFRA,42,13,44,271.0,11924.0,2026-04-09,185753819,2919,Sani Securities Company Ltd.,Thrive Brokerage House Pvt. Ltd,2026-04-09 12:38:48.778693,Nepal Infrastructure Bank Limited
2026040905009904,NIFRA,42,13,10,270.5,2705.0,2026-04-09,185753820,2919,Sani Securities Company Ltd.,Thrive Brokerage House Pvt. Ltd,2026-04-09 12:38:48.779050,Nepal Infrastructure Bank Limited
2026040905009923,NIFRA,42,17,54,270.5,14607.0,2026-04-09,185754004,2919,Sani Securities Company Ltd.,ABC Securities Private Limited,2026-04-09 12:38:59.390812,Nepal Infrastructure Bank Limited
2026040905009927,NIFRA,42,58,10,270.5,2705.0,2026-04-09,185754044,2919,Sani Securities Company Ltd.,Naasa Securities Co. Ltd.,2026-04-09 12:39:03.581703,Nepal Infrastructure Bank Limited
2026040905009999,NIFRA,34,38,450,271.0,121950.0,2026-04-09,185754479,2919,Vision Securities Pvt. Ltd,Dipshikha Dhitopatra Karobar Co. Pvt Ltd.,2026-04-09 12:39:38.458928,Nepal Infrastructure Bank Limited
2026040905010084,NIFRA,22,38,15,271.0,4065.0,2026-04-09,185755137,2919,Siprabi Securities Pvt. Ltd.,Dipshikha Dhitopatra Karobar Co. Pvt Ltd.,2026-04-09 12:40:20.813797,Nepal Infrastructure Bank Limited
2026040905010108,NIFRA,42,52,10,270.5,2705.0,2026-04-09,185755252,2919,Sani Securities Company Ltd.,Sundhara Securities Limited,2026-04-09 12:40:31.727405,Nepal Infrastructure Bank Limited
2026040905010161,NIFRA,34,4,80,270.6,21648.0,2026-04-09,185755694,2919,Vision Securities Pvt. Ltd,Opal Securities Investment (PVT) Ltd.,2026-04-09 12:41:14.397220,Nepal Infrastructure Bank Limited
2026040905010227,NIFRA,42,16,500,270.5,135250.0,2026-04-09,185756402,2919,Sani Securities Company Ltd.,Primo Securities (PVT) Ltd.,2026-04-09 12:42:08.201483,Nepal Infrastructure Bank Limited
2026040905010296,NIFRA,42,35,4,270.0,1080.0,2026-04-09,185756930,2919,Sani Securities Company Ltd.,Kohinoor Investment & Securities Pvt. Ltd.,2026-04-09 12:42:56.193635,Nepal Infrastructure Bank Limited
2026040905010327,NIFRA,42,52,64,270.5,17312.0,2026-04-09,185757072,2919,Sani Securities Company Ltd.,Sundhara Securities Limited,2026-04-09 12:43:08.703239,Nepal Infrastructure Bank Limited
2026040905010400,NIFRA,42,57,32,270.5,8656.0,2026-04-09,185757634,2919,Sani Securities Company Ltd.,Aryatara Investment & Securities,2026-04-09 12:43:57.295008,Nepal Infrastructure Bank Limited
2026040905010421,NIFRA,42,38,64,270.5,17312.0,2026-04-09,185757800,2919,Sani Securities Company Ltd.,Dipshikha Dhitopatra Karobar Co. Pvt Ltd.,2026-04-09 12:44:11.832254,Nepal Infrastructure Bank Limited
2026040905010428,NIFRA,42,58,54,270.5,14607.0,2026-04-09,185757844,2919,Sani Securities Company Ltd.,Naasa Securities Co. Ltd.,2026-04-09 12:44:16.435970,Nepal Infrastructure Bank Limited
2026040905010443,NIFRA,42,45,64,270.5,17312.0,2026-04-09,185758000,2919,Sani Securities Company Ltd.,Imperial Securities Company Pvt. Ltd.,2026-04-09 12:44:29.861185,Nepal Infrastructure Bank Limited
2026040905010545,NIFRA,42,34,4,270.0,1080.0,2026-04-09,185758896,2919,Sani Securities Company Ltd.,Vision Securities Pvt. Ltd,2026-04-09 12:45:39.748278,Nepal Infrastructure Bank Limited
2026040905010580,NIFRA,48,38,660,271.0,178860.0,2026-04-09,185759274,2919,Trishakti Securities Public Limited,Dipshikha Dhitopatra Karobar Co. Pvt Ltd.,2026-04-09 12:46:20.061861,Nepal Infrastructure Bank Limited
2026040905010581,NIFRA,48,45,10,271.0,2710.0,2026-04-09,185759276,2919,Trishakti Securities Public Limited,Imperial Securities Company Pvt. Ltd.,2026-04-09 12:46:20.062680,Nepal Infrastructure Bank Limited
2026040905010607,NIFRA,58,59,20,271.9,5438.0,2026-04-09,185762408,2919,Naasa Securities Co. Ltd.,Deevyaa Securities & Stock House Pvt. Ltd,2026-04-09 12:46:46.137271,Nepal Infrastructure Bank Limited
2026040905010608,NIFRA,58,19,50,272.0,13600.0,2026-04-09,185762411,2919,Naasa Securities Co. Ltd.,Nepal Investment And Securities Trading Private Limited,2026-04-09 12:46:46.137666,Nepal Infrastructure Bank Limited
2026040905010847,NIFRA,48,17,200,271.0,54200.0,2026-04-09,185764700,2919,Trishakti Securities Public Limited,ABC Securities Private Limited,2026-04-09 12:49:24.185022,Nepal Infrastructure Bank Limited
2026040905010853,NIFRA,48,58,64,271.0,17344.0,2026-04-09,185764774,2919,Trishakti Securities Public Limited,Naasa Securities Co. Ltd.,2026-04-09 12:49:32.781859,Nepal Infrastructure Bank Limited
2026040905011011,NIFRA,48,32,64,271.0,17344.0,2026-04-09,185766190,2919,Trishakti Securities Public Limited,Premier Securities Company Ltd.,2026-04-09 12:51:17.146888,Nepal Infrastructure Bank Limited
2026040905011058,NIFRA,58,6,100,271.1,27110.0,2026-04-09,185766488,2919,Naasa Securities Co. Ltd.,Agrawal Securities (PVT) Ltd.,2026-04-09 12:51:49.602243,Nepal Infrastructure Bank Limited
2026040905011063,NIFRA,58,21,64,271.1,17350.4,2026-04-09,185766548,2919,Naasa Securities Co. Ltd.,Midas Stock Broking Company Private Limited,2026-04-09 12:51:56.753542,Nepal Infrastructure Bank Limited
2026040905011090,NIFRA,58,42,54,271.1,14639.4,2026-04-09,185766870,2919,Naasa Securities Co. Ltd.,Sani Securities Company Ltd.,2026-04-09 12:52:25.521236,Nepal Infrastructure Bank Limited
2026040905011125,NIFRA,58,7,54,271.1,14639.4,2026-04-09,185767106,2919,Naasa Securities Co. Ltd.,J.F. Securites (PVT) Ltd.,2026-04-09 12:52:45.287054,Nepal Infrastructure Bank Limited
2026040905011134,NIFRA,58,34,500,271.1,135550.0,2026-04-09,185767166,2919,Naasa Securities Co. Ltd.,Vision Securities Pvt. Ltd,2026-04-09 12:52:52.701532,Nepal Infrastructure Bank Limited
2026040905011150,NIFRA,58,38,64,271.1,17350.4,2026-04-09,185767336,2919,Naasa Securities Co. Ltd.,Dipshikha Dhitopatra Karobar Co. Pvt Ltd.,2026-04-09 12:53:07.631419,Nepal Infrastructure Bank Limited
2026040905011159,NIFRA,58,58,44,271.1,11928.4,2026-04-09,185767634,2919,Naasa Securities Co. Ltd.,Naasa Securities Co. Ltd.,2026-04-09 12:53:25.667905,Nepal Infrastructure Bank Limited
2026040905011168,NIFRA,58,47,14,271.1,3795.4,2026-04-09,185767768,2919,Naasa Securities Co. Ltd.,Neev Securities Pvt. Ltd.,2026-04-09 12:53:34.403101,Nepal Infrastructure Bank Limited
2026040905011271,NIFRA,58,42,64,271.1,17350.4,2026-04-09,185768682,2919,Naasa Securities Co. Ltd.,Sani Securities Company Ltd.,2026-04-09 12:54:59.136697,Nepal Infrastructure Bank Limited
2026040905011318,NIFRA,7,4,20,271.5,5430.0,2026-04-09,185769764,2919,J.F. Securites (PVT) Ltd.,Opal Securities Investment (PVT) Ltd.,2026-04-09 12:55:38.003430,Nepal Infrastructure Bank Limited
2026040905011319,NIFRA,7,59,90,271.8,24462.0,2026-04-09,185769766,2919,J.F. Securites (PVT) Ltd.,Deevyaa Securities & Stock House Pvt. Ltd,2026-04-09 12:55:38.003515,Nepal Infrastructure Bank Limited
2026040905011320,NIFRA,7,38,20,271.8,5436.0,2026-04-09,185769768,2919,J.F. Securites (PVT) Ltd.,Dipshikha Dhitopatra Karobar Co. Pvt Ltd.,2026-04-09 12:55:38.003562,Nepal Infrastructure Bank Limited
2026040905011321,NIFRA,7,58,270,271.8,73386.0,2026-04-09,185769770,2919,J.F. Securites (PVT) Ltd.,Naasa Securities Co. Ltd.,2026-04-09 12:55:38.003598,Nepal Infrastructure Bank Limited
2026040905011322,NIFRA,7,45,600,271.9,163140.0,2026-04-09,185769773,2919,J.F. Securites (PVT) Ltd.,Imperial Securities Company Pvt. Ltd.,2026-04-09 12:55:38.003627,Nepal Infrastructure Bank Limited
2026040905011445,NIFRA,42,35,4,271.0,1084.0,2026-04-09,185770742,2919,Sani Securities Company Ltd.,Kohinoor Investment & Securities Pvt. Ltd.,2026-04-09 12:56:40.252745,Nepal Infrastructure Bank Limited
2026040905011589,NIFRA,34,52,10,271.4,2714.0,2026-04-09,185771864,2919,Vision Securities Pvt. Ltd,Sundhara Securities Limited,2026-04-09 12:57:57.493890,Nepal Infrastructure Bank Limited
2026040905011602,NIFRA,42,29,11,271.3,2984.3,2026-04-09,185771894,2919,Sani Securities Company Ltd.,Trisul Securities & Invt. Ltd.,2026-04-09 12:57:57.882151,Nepal Infrastructure Bank Limited
2026040905011633,NIFRA,42,38,10,271.8,2718.0,2026-04-09,185772190,2919,Sani Securities Company Ltd.,Dipshikha Dhitopatra Karobar Co. Pvt Ltd.,2026-04-09 12:58:16.577900,Nepal Infrastructure Bank Limited
2026040905011634,NIFRA,42,25,200,271.8,54360.0,2026-04-09,185772192,2919,Sani Securities Company Ltd.,Sweta Securities Private Limited,2026-04-09 12:58:16.578392,Nepal Infrastructure Bank Limited
2026040905011635,NIFRA,42,45,590,271.9,160421.0,2026-04-09,185772194,2919,Sani Securities Company Ltd.,Imperial Securities Company Pvt. Ltd.,2026-04-09 12:58:16.578582,Nepal Infrastructure Bank Limited
2026040905011636,NIFRA,42,58,200,271.9,54380.0,2026-04-09,185772197,2919,Sani Securities Company Ltd.,Naasa Securities Co. Ltd.,2026-04-09 12:58:16.578765,Nepal Infrastructure Bank Limited
2026040905011663,NIFRA,42,49,21,271.5,5701.5,2026-04-09,185772460,2919,Sani Securities Company Ltd.,Online Securities Pvt. Ltd.,2026-04-09 12:58:38.873178,Nepal Infrastructure Bank Limited
2026040905011664,NIFRA,42,58,479,271.9,130240.1,2026-04-09,185772463,2919,Sani Securities Company Ltd.,Naasa Securities Co. Ltd.,2026-04-09 12:58:38.873609,Nepal Infrastructure Bank Limited
2026040905011713,NIFRA,38,77,43,271.4,11670.2,2026-04-09,185773254,2919,Dipshikha Dhitopatra Karobar Co. Pvt Ltd.,Nabil Stock Dealer Ltd.,2026-04-09 12:59:25.440535,Nepal Infrastructure Bank Limited
2026040905011739,NIFRA,34,14,4,271.1,1084.4,2026-04-09,185773476,2919,Vision Securities Pvt. Ltd,Nepal Stock House (PVT) Ltd.,2026-04-09 12:59:39.307987,Nepal Infrastructure Bank Limited
2026040905011767,NIFRA,42,58,4,271.0,1084.0,2026-04-09,185773850,2919,Sani Securities Company Ltd.,Naasa Securities Co. Ltd.,2026-04-09 13:00:00.906814,Nepal Infrastructure Bank Limited
2026040905011801,NIFRA,38,4,64,271.4,17369.6,2026-04-09,185774084,2919,Dipshikha Dhitopatra Karobar Co. Pvt Ltd.,Opal Securities Investment (PVT) Ltd.,2026-04-09 13:00:20.239775,Nepal Infrastructure Bank Limited
2026040905011819,NIFRA,5,42,200,271.8,54360.0,2026-04-09,185774243,2919,Market Securities & Exchange (PVT) Ltd.,Sani Securities Company Ltd.,2026-04-09 13:00:34.807528,Nepal Infrastructure Bank Limited
2026040905011868,NIFRA,42,58,3,271.0,813.0,2026-04-09,185774890,2919,Sani Securities Company Ltd.,Naasa Securities Co. Ltd.,2026-04-09 13:01:06.893798,Nepal Infrastructure Bank Limited
2026040905011884,NIFRA,38,57,64,271.4,17369.6,2026-04-09,185775030,2919,Dipshikha Dhitopatra Karobar Co. Pvt Ltd.,Aryatara Investment & Securities,2026-04-09 13:01:19.901721,Nepal Infrastructure Bank Limited
2026040905011977,NIFRA,42,49,4,271.0,1084.0,2026-04-09,185775842,2919,Sani Securities Company Ltd.,Online Securities Pvt. Ltd.,2026-04-09 13:02:19.203668,Nepal Infrastructure Bank Limited
2026040905012048,NIFRA,1,42,50,271.8,13590.0,2026-04-09,185776256,2919,Kumari Securities Private Limited,Sani Securities Company Ltd.,2026-04-09 13:02:43.543555,Nepal Infrastructure Bank Limited
2026040905012096,NIFRA,1,58,273,271.9,74228.7,2026-04-09,185776563,2919,Kumari Securities Private Limited,Naasa Securities Co. Ltd.,2026-04-09 13:03:05.734169,Nepal Infrastructure Bank Limited
2026040905012204,NIFRA,42,38,27,271.8,7338.6,2026-04-09,185777347,2919,Sani Securities Company Ltd.,Dipshikha Dhitopatra Karobar Co. Pvt Ltd.,2026-04-09 13:03:58.608345,Nepal Infrastructure Bank Limited
2026040905012205,NIFRA,38,58,10,271.4,2714.0,2026-04-09,185777362,2919,Dipshikha Dhitopatra Karobar Co. Pvt Ltd.,Naasa Securities Co. Ltd.,2026-04-09 13:04:01.016982,Nepal Infrastructure Bank Limited
2026040905012236,NIFRA,58,58,4,267.0,1068.0,2026-04-09,185777642,2919,Naasa Securities Co. Ltd.,Naasa Securities Co. Ltd.,2026-04-09 13:04:20.832592,Nepal Infrastructure Bank Limited
2026040905012269,NIFRA,58,38,50,271.8,13590.0,2026-04-09,185777943,2919,Naasa Securities Co. Ltd.,Dipshikha Dhitopatra Karobar Co. Pvt Ltd.,2026-04-09 13:04:44.547773,Nepal Infrastructure Bank Limited
2026040905012484,NIFRA,38,98,119,271.4,32296.6,2026-04-09,185779727,2919,Dipshikha Dhitopatra Karobar Co. Pvt Ltd.,Trademow Securities Private Limited,2026-04-09 13:07:05.071669,Nepal Infrastructure Bank Limited
2026040905012485,NIFRA,58,98,50,271.4,13570.0,2026-04-09,185779729,2919,Naasa Securities Co. Ltd.,Trademow Securities Private Limited,2026-04-09 13:07:05.072477,Nepal Infrastructure Bank Limited
2026040905012486,NIFRA,42,98,55,271.3,14921.5,2026-04-09,185779731,2919,Sani Securities Company Ltd.,Trademow Securities Private Limited,2026-04-09 13:07:05.073026,Nepal Infrastructure Bank Limited
2026040905012487,NIFRA,58,98,42,271.1,11386.2,2026-04-09,185779733,2919,Naasa Securities Co. Ltd.,Trademow Securities Private Limited,2026-04-09 13:07:05.073590,Nepal Infrastructure Bank Limited
2026040905012488,NIFRA,48,98,64,271.0,17344.0,2026-04-09,185779734,2919,Trishakti Securities Public Limited,Trademow Securities Private Limited,2026-04-09 13:07:05.074113,Nepal Infrastructure Bank Limited
2026040905012566,NIFRA,48,45,32,271.0,8672.0,2026-04-09,185780418,2919,Trishakti Securities Public Limited,Imperial Securities Company Pvt. Ltd.,2026-04-09 13:08:02.707554,Nepal Infrastructure Bank Limited
2026040905012619,NIFRA,4,42,54,271.1,14639.4,2026-04-09,185780804,2919,Opal Securities Investment (PVT) Ltd.,Sani Securities Company Ltd.,2026-04-09 13:08:31.605601,Nepal Infrastructure Bank Limited
2026040905012638,NIFRA,57,7,4,271.0,1084.0,2026-04-09,185780994,2919,Aryatara Investment & Securities,J.F. Securites (PVT) Ltd.,2026-04-09 13:08:42.416622,Nepal Infrastructure Bank Limited
2026040905012695,NIFRA,4,94,10,271.1,2711.0,2026-04-09,185781618,2919,Opal Securities Investment (PVT) Ltd.,K.B.L. Securities Limited ,2026-04-09 13:09:30.104069,Nepal Infrastructure Bank Limited
2026040905012729,NIFRA,58,38,400,271.8,108720.0,2026-04-09,185782027,2919,Naasa Securities Co. Ltd.,Dipshikha Dhitopatra Karobar Co. Pvt Ltd.,2026-04-09 13:09:54.286728,Nepal Infrastructure Bank Limited
2026040905012746,NIFRA,4,7,336,271.1,91089.6,2026-04-09,185782151,2919,Opal Securities Investment (PVT) Ltd.,J.F. Securites (PVT) Ltd.,2026-04-09 13:10:07.497846,Nepal Infrastructure Bank Limited
2026040905012747,NIFRA,57,7,20,271.1,5422.0,2026-04-09,185782153,2919,Aryatara Investment & Securities,J.F. Securites (PVT) Ltd.,2026-04-09 13:10:07.498670,Nepal Infrastructure Bank Limited
2026040905012748,NIFRA,48,7,286,271.0,77506.0,2026-04-09,185782155,2919,Trishakti Securities Public Limited,J.F. Securites (PVT) Ltd.,2026-04-09 13:10:07.499194,Nepal Infrastructure Bank Limited
2026040905012749,NIFRA,42,7,278,271.0,75338.0,2026-04-09,185782156,2919,Sani Securities Company Ltd.,J.F. Securites (PVT) Ltd.,2026-04-09 13:10:07.499715,Nepal Infrastructure Bank Limited
2026040905012931,NIFRA,58,11,4,266.0,1064.0,2026-04-09,185783618,2919,Naasa Securities Co. Ltd.,Malla & Malla Stock Broking Company Pvt. Limited,2026-04-09 13:11:48.732720,Nepal Infrastructure Bank Limited
2026040905012946,NIFRA,58,62,30,271.5,8145.0,2026-04-09,185783871,2919,Naasa Securities Co. Ltd.,Capital Max Securities Ltd,2026-04-09 13:12:01.489488,Nepal Infrastructure Bank Limited
2026040905012960,NIFRA,19,45,1000,271.1,271100.0,2026-04-09,185784048,2919,Nepal Investment And Securities Trading Private Limited,Imperial Securities Company Pvt. Ltd.,2026-04-09 13:12:11.476280,Nepal Infrastructure Bank Limited
2026040905012964,NIFRA,42,45,222,271.0,60162.0,2026-04-09,185784089,2919,Sani Securities Company Ltd.,Imperial Securities Company Pvt. Ltd.,2026-04-09 13:12:14.073584,Nepal Infrastructure Bank Limited
2026040905012965,NIFRA,42,45,200,271.0,54200.0,2026-04-09,185784091,2919,Sani Securities Company Ltd.,Imperial Securities Company Pvt. Ltd.,2026-04-09 13:12:14.074034,Nepal Infrastructure Bank Limited
2026040905012966,NIFRA,49,45,200,271.0,54200.0,2026-04-09,185784093,2919,Online Securities Pvt. Ltd.,Imperial Securities Company Pvt. Ltd.,2026-04-09 13:12:14.074227,Nepal Infrastructure Bank Limited
2026040905012967,NIFRA,42,45,378,271.0,102438.0,2026-04-09,185784094,2919,Sani Securities Company Ltd.,Imperial Securities Company Pvt. Ltd.,2026-04-09 13:12:14.074421,Nepal Infrastructure Bank Limited
2026040905012974,NIFRA,42,45,622,271.0,168562.0,2026-04-09,185784127,2919,Sani Securities Company Ltd.,Imperial Securities Company Pvt. Ltd.,2026-04-09 13:12:16.388930,Nepal Infrastructure Bank Limited
2026040905012975,NIFRA,22,45,378,271.0,102438.0,2026-04-09,185784128,2919,Siprabi Securities Pvt. Ltd.,Imperial Securities Company Pvt. Ltd.,2026-04-09 13:12:16.389748,Nepal Infrastructure Bank Limited
2026040905013005,NIFRA,22,19,22,271.0,5962.0,2026-04-09,185784353,2919,Siprabi Securities Pvt. Ltd.,Nepal Investment And Securities Trading Private Limited,2026-04-09 13:12:32.242004,Nepal Infrastructure Bank Limited
2026040905013006,NIFRA,42,19,278,271.0,75338.0,2026-04-09,185784354,2919,Sani Securities Company Ltd.,Nepal Investment And Securities Trading Private Limited,2026-04-09 13:12:32.242509,Nepal Infrastructure Bank Limited
2026040905013056,NIFRA,53,38,30,271.2,8136.0,2026-04-09,185784785,2919,Investment Management Nepal Pvt. Ltd.,Dipshikha Dhitopatra Karobar Co. Pvt Ltd.,2026-04-09 13:13:06.533525,Nepal Infrastructure Bank Limited
2026040905013057,NIFRA,70,38,93,271.1,25212.3,2026-04-09,185784786,2919,Infinity Securities Limited,Dipshikha Dhitopatra Karobar Co. Pvt Ltd.,2026-04-09 13:13:06.533936,Nepal Infrastructure Bank Limited
2026040905013085,NIFRA,58,62,1500,271.5,407250.0,2026-04-09,185785111,2919,Naasa Securities Co. Ltd.,Capital Max Securities Ltd,2026-04-09 13:13:31.879122,Nepal Infrastructure Bank Limited
2026040905013090,NIFRA,3,62,400,271.5,108600.0,2026-04-09,185785163,2919,Arun Securities (PVT) Ltd.,Capital Max Securities Ltd,2026-04-09 13:13:35.404364,Nepal Infrastructure Bank Limited
2026040905013095,NIFRA,70,22,50,271.3,13565.0,2026-04-09,185785190,2919,Infinity Securities Limited,Siprabi Securities Pvt. Ltd.,2026-04-09 13:13:37.777684,Nepal Infrastructure Bank Limited
2026040905013112,NIFRA,42,62,1070,271.5,290505.0,2026-04-09,185785358,2919,Sani Securities Company Ltd.,Capital Max Securities Ltd,2026-04-09 13:13:57.892719,Nepal Infrastructure Bank Limited
2026040905013113,NIFRA,42,51,50,271.5,13575.0,2026-04-09,185785360,2919,Sani Securities Company Ltd.,Oxford Securities Pvt. Ltd.,2026-04-09 13:13:57.893136,Nepal Infrastructure Bank Limited
2026040905013151,NIFRA,42,35,64,271.7,17388.8,2026-04-09,185785730,2919,Sani Securities Company Ltd.,Kohinoor Investment & Securities Pvt. Ltd.,2026-04-09 13:14:30.086092,Nepal Infrastructure Bank Limited
2026040905013155,NIFRA,42,14,54,271.7,14671.8,2026-04-09,185785746,2919,Sani Securities Company Ltd.,Nepal Stock House (PVT) Ltd.,2026-04-09 13:14:31.781430,Nepal Infrastructure Bank Limited
2026040905013195,NIFRA,42,44,262,271.7,71185.4,2026-04-09,185786001,2919,Sani Securities Company Ltd.,Dynamic Money Managers Securities Pvt. Ltd.,2026-04-09 13:14:48.333513,Nepal Infrastructure Bank Limited
2026040905013238,NIFRA,58,44,238,271.7,64664.6,2026-04-09,185786328,2919,Naasa Securities Co. Ltd.,Dynamic Money Managers Securities Pvt. Ltd.,2026-04-09 13:15:11.254091,Nepal Infrastructure Bank Limited
2026040905013239,NIFRA,58,60,54,271.7,14671.8,2026-04-09,185786330,2919,Naasa Securities Co. Ltd.,Nagarik Stock Dealer ,2026-04-09 13:15:11.254516,Nepal Infrastructure Bank Limited
2026040905013240,NIFRA,58,58,548,271.9,149001.2,2026-04-09,185786332,2919,Naasa Securities Co. Ltd.,Naasa Securities Co. Ltd.,2026-04-09 13:15:11.254708,Nepal Infrastructure Bank Limited
2026040905013241,NIFRA,58,19,160,272.0,43520.0,2026-04-09,185786335,2919,Naasa Securities Co. Ltd.,Nepal Investment And Securities Trading Private Limited,2026-04-09 13:15:11.254889,Nepal Infrastructure Bank Limited
2026040905013243,NIFRA,70,32,154,271.3,41780.2,2026-04-09,185786342,2919,Infinity Securities Limited,Premier Securities Company Ltd.,2026-04-09 13:15:12.138080,Nepal Infrastructure Bank Limited
2026040905013247,NIFRA,8,42,23,271.9,6253.7,2026-04-09,185786384,2919,Brilliant Securities Pvt. Ltd.,Sani Securities Company Ltd.,2026-04-09 13:15:13.981708,Nepal Infrastructure Bank Limited
2026040905013323,NIFRA,8,59,500,271.9,135950.0,2026-04-09,185787264,2919,Brilliant Securities Pvt. Ltd.,Deevyaa Securities & Stock House Pvt. Ltd,2026-04-09 13:16:26.380861,Nepal Infrastructure Bank Limited
2026040905013344,NIFRA,8,59,25,271.9,6797.5,2026-04-09,185787555,2919,Brilliant Securities Pvt. Ltd.,Deevyaa Securities & Stock House Pvt. Ltd,2026-04-09 13:16:47.634929,Nepal Infrastructure Bank Limited
2026040905013345,NIFRA,43,59,16,271.9,4350.4,2026-04-09,185787556,2919,South Asian Bulls Pvt. Ltd.,Deevyaa Securities & Stock House Pvt. Ltd,2026-04-09 13:16:47.635877,Nepal Infrastructure Bank Limited
2026040905013347,NIFRA,57,51,4,270.0,1080.0,2026-04-09,185787576,2919,Aryatara Investment & Securities,Oxford Securities Pvt. Ltd.,2026-04-09 13:16:49.153246,Nepal Infrastructure Bank Limited
2026040905013371,NIFRA,49,58,54,271.7,14671.8,2026-04-09,185787938,2919,Online Securities Pvt. Ltd.,Naasa Securities Co. Ltd.,2026-04-09 13:17:22.689937,Nepal Infrastructure Bank Limited
2026040905013375,NIFRA,49,32,54,271.7,14671.8,2026-04-09,185787978,2919,Online Securities Pvt. Ltd.,Premier Securities Company Ltd.,2026-04-09 13:17:26.913924,Nepal Infrastructure Bank Limited
2026040905013475,NIFRA,49,25,92,271.7,24996.4,2026-04-09,185788675,2919,Online Securities Pvt. Ltd.,Sweta Securities Private Limited,2026-04-09 13:18:24.199583,Nepal Infrastructure Bank Limited
2026040905013481,NIFRA,8,25,70,271.7,19019.0,2026-04-09,185788805,2919,Brilliant Securities Pvt. Ltd.,Sweta Securities Private Limited,2026-04-09 13:18:34.331521,Nepal Infrastructure Bank Limited
2026040905013586,NIFRA,8,25,38,271.7,10324.6,2026-04-09,185789413,2919,Brilliant Securities Pvt. Ltd.,Sweta Securities Private Limited,2026-04-09 13:19:20.114310,Nepal Infrastructure Bank Limited
2026040905013631,NIFRA,4,51,54,271.4,14655.6,2026-04-09,185789766,2919,Opal Securities Investment (PVT) Ltd.,Oxford Securities Pvt. Ltd.,2026-04-09 13:19:40.070371,Nepal Infrastructure Bank Limited
2026040905013672,NIFRA,4,20,54,271.4,14655.6,2026-04-09,185790246,2919,Opal Securities Investment (PVT) Ltd.,Sipla Securities Private Limited,2026-04-09 13:20:23.059659,Nepal Infrastructure Bank Limited
2026040905013742,NIFRA,4,36,64,271.4,17369.6,2026-04-09,185790630,2919,Opal Securities Investment (PVT) Ltd.,Secured Securities Ltd.,2026-04-09 13:20:53.508130,Nepal Infrastructure Bank Limited
2026040905013745,NIFRA,8,41,64,271.5,17376.0,2026-04-09,185790647,2919,Brilliant Securities Pvt. Ltd.,Linch Stock Market Ltd.,2026-04-09 13:20:54.917060,Nepal Infrastructure Bank Limited
2026040905013758,NIFRA,57,41,50,271.5,13575.0,2026-04-09,185790807,2919,Aryatara Investment & Securities,Linch Stock Market Ltd.,2026-04-09 13:21:06.480361,Nepal Infrastructure Bank Limited
2026040905013773,NIFRA,4,41,50,271.5,13575.0,2026-04-09,185790929,2919,Opal Securities Investment (PVT) Ltd.,Linch Stock Market Ltd.,2026-04-09 13:21:17.396763,Nepal Infrastructure Bank Limited
2026040905013774,NIFRA,70,42,64,271.3,17363.2,2026-04-09,185790934,2919,Infinity Securities Limited,Sani Securities Company Ltd.,2026-04-09 13:21:17.960518,Nepal Infrastructure Bank Limited
2026040905013782,NIFRA,70,17,64,271.3,17363.2,2026-04-09,185790992,2919,Infinity Securities Limited,ABC Securities Private Limited,2026-04-09 13:21:23.096620,Nepal Infrastructure Bank Limited
2026040905013854,NIFRA,70,26,90,271.3,24417.0,2026-04-09,185791452,2919,Infinity Securities Limited,Asian Securities Private Ltd.,2026-04-09 13:22:00.309948,Nepal Infrastructure Bank Limited
2026040905013859,NIFRA,70,10,54,271.3,14650.2,2026-04-09,185791490,2919,Infinity Securities Limited,Pragyan Securities (PVT) Ltd.,2026-04-09 13:22:03.695756,Nepal Infrastructure Bank Limited
2026040905013870,NIFRA,70,91,431,271.3,116930.3,2026-04-09,185791641,2919,Infinity Securities Limited,Citizens Share Broker Limited,2026-04-09 13:22:11.474138,Nepal Infrastructure Bank Limited
2026040905013871,NIFRA,71,91,969,271.2,262792.8,2026-04-09,185791642,2919,SHUBHAKAMANA SECURITIES PVT. LTD,Citizens Share Broker Limited,2026-04-09 13:22:11.474963,Nepal Infrastructure Bank Limited
2026040905013908,NIFRA,71,58,31,271.2,8407.2,2026-04-09,185791931,2919,SHUBHAKAMANA SECURITIES PVT. LTD,Naasa Securities Co. Ltd.,2026-04-09 13:22:29.481432,Nepal Infrastructure Bank Limited
2026040905013909,NIFRA,35,58,57,271.2,15458.4,2026-04-09,185791932,2919,Kohinoor Investment & Securities Pvt. Ltd.,Naasa Securities Co. Ltd.,2026-04-09 13:22:29.482359,Nepal Infrastructure Bank Limited
2026040905013965,NIFRA,8,56,60,271.4,16284.0,2026-04-09,185792375,2919,Brilliant Securities Pvt. Ltd.,Sri Hari Securities Pvt. Ltd.,2026-04-09 13:23:02.262487,Nepal Infrastructure Bank Limited
2026040905014089,NIFRA,35,16,2524,271.2,684508.8,2026-04-09,185793007,2919,Kohinoor Investment & Securities Pvt. Ltd.,Primo Securities (PVT) Ltd.,2026-04-09 13:23:37.341306,Nepal Infrastructure Bank Limited
2026040905014090,NIFRA,19,16,76,271.2,20611.2,2026-04-09,185793008,2919,Nepal Investment And Securities Trading Private Limited,Primo Securities (PVT) Ltd.,2026-04-09 13:23:37.342210,Nepal Infrastructure Bank Limited
2026040905014189,NIFRA,19,54,30,271.2,8136.0,2026-04-09,185793807,2919,Nepal Investment And Securities Trading Private Limited,Sewa Securities Pvt. Ltd.,2026-04-09 13:24:36.102815,Nepal Infrastructure Bank Limited
2026040905014190,NIFRA,49,54,55,271.1,14910.5,2026-04-09,185793809,2919,Online Securities Pvt. Ltd.,Sewa Securities Pvt. Ltd.,2026-04-09 13:24:36.103750,Nepal Infrastructure Bank Limited
2026040905014191,NIFRA,36,54,30,271.1,8133.0,2026-04-09,185793811,2919,Secured Securities Ltd.,Sewa Securities Pvt. Ltd.,2026-04-09 13:24:36.104350,Nepal Infrastructure Bank Limited
2026040905014192,NIFRA,42,54,122,271.0,33062.0,2026-04-09,185793813,2919,Sani Securities Company Ltd.,Sewa Securities Pvt. Ltd.,2026-04-09 13:24:36.104925,Nepal Infrastructure Bank Limited
2026040905014193,NIFRA,32,54,263,271.0,71273.0,2026-04-09,185793814,2919,Premier Securities Company Ltd.,Sewa Securities Pvt. Ltd.,2026-04-09 13:24:36.105502,Nepal Infrastructure Bank Limited
2026040905014216,NIFRA,32,91,737,271.0,199727.0,2026-04-09,185794023,2919,Premier Securities Company Ltd.,Citizens Share Broker Limited,2026-04-09 13:24:45.492056,Nepal Infrastructure Bank Limited
2026040905014217,NIFRA,49,91,20,271.0,5420.0,2026-04-09,185794025,2919,Online Securities Pvt. Ltd.,Citizens Share Broker Limited,2026-04-09 13:24:45.492487,Nepal Infrastructure Bank Limited
2026040905014218,NIFRA,29,91,370,271.0,100270.0,2026-04-09,185794027,2919,Trisul Securities & Invt. Ltd.,Citizens Share Broker Limited,2026-04-09 13:24:45.492787,Nepal Infrastructure Bank Limited
2026040905014219,NIFRA,58,91,113,271.0,30623.0,2026-04-09,185794029,2919,Naasa Securities Co. Ltd.,Citizens Share Broker Limited,2026-04-09 13:24:45.493049,Nepal Infrastructure Bank Limited
2026040905014220,NIFRA,49,91,15,271.0,4065.0,2026-04-09,185794031,2919,Online Securities Pvt. Ltd.,Citizens Share Broker Limited,2026-04-09 13:24:45.493232,Nepal Infrastructure Bank Limited
2026040905014221,NIFRA,48,91,745,271.0,201895.0,2026-04-09,185794032,2919,Trishakti Securities Public Limited,Citizens Share Broker Limited,2026-04-09 13:24:45.493417,Nepal Infrastructure Bank Limited
2026040905014228,NIFRA,48,38,255,271.0,69105.0,2026-04-09,185794061,2919,Trishakti Securities Public Limited,Dipshikha Dhitopatra Karobar Co. Pvt Ltd.,2026-04-09 13:24:47.963047,Nepal Infrastructure Bank Limited
2026040905014229,NIFRA,38,38,45,271.0,12195.0,2026-04-09,185794062,2919,Dipshikha Dhitopatra Karobar Co. Pvt Ltd.,Dipshikha Dhitopatra Karobar Co. Pvt Ltd.,2026-04-09 13:24:47.963466,Nepal Infrastructure Bank Limited
2026040905014254,NIFRA,45,41,100,271.5,27150.0,2026-04-09,185794303,2919,Imperial Securities Company Pvt. Ltd.,Linch Stock Market Ltd.,2026-04-09 13:25:02.732896,Nepal Infrastructure Bank Limited
2026040905014271,NIFRA,58,29,64,271.0,17344.0,2026-04-09,185794382,2919,Naasa Securities Co. Ltd.,Trisul Securities & Invt. Ltd.,2026-04-09 13:25:06.990702,Nepal Infrastructure Bank Limited
2026040905014398,NIFRA,58,58,20,271.0,5420.0,2026-04-09,185795084,2919,Naasa Securities Co. Ltd.,Naasa Securities Co. Ltd.,2026-04-09 13:25:47.960841,Nepal Infrastructure Bank Limited
2026040905014405,NIFRA,58,59,116,271.0,31436.0,2026-04-09,185795185,2919,Naasa Securities Co. Ltd.,Deevyaa Securities & Stock House Pvt. Ltd,2026-04-09 13:25:54.190446,Nepal Infrastructure Bank Limited
2026040905014406,NIFRA,58,59,50,271.0,13550.0,2026-04-09,185795189,2919,Naasa Securities Co. Ltd.,Deevyaa Securities & Stock House Pvt. Ltd,2026-04-09 13:25:54.191257,Nepal Infrastructure Bank Limited
2026040905014470,NIFRA,57,1,3,270.0,810.0,2026-04-09,185795724,2919,Aryatara Investment & Securities,Kumari Securities Private Limited,2026-04-09 13:26:27.021560,Nepal Infrastructure Bank Limited
2026040905014524,NIFRA,8,41,133,271.5,36109.5,2026-04-09,185796087,2919,Brilliant Securities Pvt. Ltd.,Linch Stock Market Ltd.,2026-04-09 13:26:55.700406,Nepal Infrastructure Bank Limited
2026040905014526,NIFRA,43,39,20,271.0,5420.0,2026-04-09,185796103,2919,South Asian Bulls Pvt. Ltd.,Sumeru Securities Pvt. Ltd.,2026-04-09 13:26:56.764579,Nepal Infrastructure Bank Limited
2026040905014693,NIFRA,26,59,303,270.7,82022.1,2026-04-09,185796920,2919,Asian Securities Private Ltd.,Deevyaa Securities & Stock House Pvt. Ltd,2026-04-09 13:27:53.044683,Nepal Infrastructure Bank Limited
2026040905014697,NIFRA,38,39,10,271.0,2710.0,2026-04-09,185796941,2919,Dipshikha Dhitopatra Karobar Co. Pvt Ltd.,Sumeru Securities Pvt. Ltd.,2026-04-09 13:27:53.780532,Nepal Infrastructure Bank Limited
2026040905014756,NIFRA,26,14,10,270.7,2707.0,2026-04-09,185797542,2919,Asian Securities Private Ltd.,Nepal Stock House (PVT) Ltd.,2026-04-09 13:28:35.989501,Nepal Infrastructure Bank Limited
2026040905014782,NIFRA,65,39,10,271.0,2710.0,2026-04-09,185797777,2919,Sharepro Securities Private Limited,Sumeru Securities Pvt. Ltd.,2026-04-09 13:28:52.280729,Nepal Infrastructure Bank Limited
2026040905014791,NIFRA,26,38,300,270.7,81210.0,2026-04-09,185797804,2919,Asian Securities Private Ltd.,Dipshikha Dhitopatra Karobar Co. Pvt Ltd.,2026-04-09 13:28:53.589154,Nepal Infrastructure Bank Limited
2026040905014844,NIFRA,26,7,54,270.7,14617.8,2026-04-09,185798216,2919,Asian Securities Private Ltd.,J.F. Securites (PVT) Ltd.,2026-04-09 13:29:27.134976,Nepal Infrastructure Bank Limited
2026040905014847,NIFRA,26,59,21,270.7,5684.7,2026-04-09,185798238,2919,Asian Securities Private Ltd.,Deevyaa Securities & Stock House Pvt. Ltd,2026-04-09 13:29:29.592394,Nepal Infrastructure Bank Limited
2026040905014917,NIFRA,26,62,64,270.7,17324.8,2026-04-09,185798680,2919,Asian Securities Private Ltd.,Capital Max Securities Ltd,2026-04-09 13:30:11.132780,Nepal Infrastructure Bank Limited
2026040905014946,NIFRA,37,39,300,271.0,81300.0,2026-04-09,185798943,2919,Swarna Laxmi Securities Pvt. Ltd.,Sumeru Securities Pvt. Ltd.,2026-04-09 13:30:32.687876,Nepal Infrastructure Bank Limited
2026040905014980,NIFRA,14,39,260,271.0,70460.0,2026-04-09,185799250,2919,Nepal Stock House (PVT) Ltd.,Sumeru Securities Pvt. Ltd.,2026-04-09 13:30:51.804773,Nepal Infrastructure Bank Limited
2026040905014981,NIFRA,14,51,1000,271.0,271000.0,2026-04-09,185799252,2919,Nepal Stock House (PVT) Ltd.,Oxford Securities Pvt. Ltd.,2026-04-09 13:30:51.805603,Nepal Infrastructure Bank Limited
