contract_id,symbol,buyer_member_id,seller_member_id,volume,price,amount,buyer_broker,seller_broker,transaction_time
2026040901000123,PCBL,17,39,200,249.9,49980.0,ABC Securities Private Limited,Sumeru Securities Pvt. Ltd.,2026-04-09 11:00:38.691140
2026040901001463,PCBL,57,45,50,247.0,12350.0,Aryatara Investment & Securities,Imperial Securities Company Pvt. Ltd.,2026-04-09 11:06:57.027044
2026040901001861,PCBL,50,39,363,245.3,89043.9,Cristal Kanchanjanga Securites Pvt. Ltd.,Sumeru Securities Pvt. Ltd.,2026-04-09 11:09:00.435012
2026040901001862,PCBL,52,39,30,245.2,7356.0,Sundhara Securities Limited,Sumeru Securities Pvt. Ltd.,2026-04-09 11:09:00.435100
2026040901001863,PCBL,28,39,10,245.1,2451.0,Shree Krishna Securities Ltd.,Sumeru Securities Pvt. Ltd.,2026-04-09 11:09:00.435161
2026040901001864,PCBL,45,39,200,245.0,49000.0,Imperial Securities Company Pvt. Ltd.,Sumeru Securities Pvt. Ltd.,2026-04-09 11:09:00.435198
2026040901001865,PCBL,81,39,397,245.0,97265.0,Aakashbhairab Securities Ltd.,Sumeru Securities Pvt. Ltd.,2026-04-09 11:09:00.435231
2026040901002052,PCBL,81,76,108,245.0,26460.0,Aakashbhairab Securities Ltd.,Machhapuchchhre Securities Limited,2026-04-09 11:09:55.636707
2026040901002616,PCBL,50,29,10,244.0,2440.0,Cristal Kanchanjanga Securites Pvt. Ltd.,Trisul Securities & Invt. Ltd.,2026-04-09 11:12:48.732536
2026040901003066,PCBL,57,22,248,245.0,60760.0,Aryatara Investment & Securities,Siprabi Securities Pvt. Ltd.,2026-04-09 11:14:55.258724
2026040901004468,PCBL,35,66,389,246.0,95694.0,Kohinoor Investment & Securities Pvt. Ltd.,Miyo Securities Pvt Ltd,2026-04-09 11:19:18.266001
2026040901004530,PCBL,35,1,19,246.0,4674.0,Kohinoor Investment & Securities Pvt. Ltd.,Kumari Securities Private Limited,2026-04-09 11:19:29.521246
2026040901004531,PCBL,57,1,97,246.0,23862.0,Aryatara Investment & Securities,Kumari Securities Private Limited,2026-04-09 11:19:29.521280
2026040901004570,PCBL,57,21,500,246.0,123000.0,Aryatara Investment & Securities,Midas Stock Broking Company Private Limited,2026-04-09 11:19:33.549390
2026040901004578,PCBL,58,49,2,243.2,486.4,Naasa Securities Co. Ltd.,Online Securities Pvt. Ltd.,2026-04-09 11:19:37.190367
2026040901004662,PCBL,57,21,29,246.0,7134.0,Aryatara Investment & Securities,Midas Stock Broking Company Private Limited,2026-04-09 11:20:01.961096
2026040901005878,PCBL,57,41,52,246.4,12812.8,Aryatara Investment & Securities,Linch Stock Market Ltd.,2026-04-09 11:25:04.982446
2026040901005879,PCBL,50,41,400,246.3,98520.0,Cristal Kanchanjanga Securites Pvt. Ltd.,Linch Stock Market Ltd.,2026-04-09 11:25:04.982487
2026040901005880,PCBL,5,41,183,246.2,45054.6,Market Securities & Exchange (PVT) Ltd.,Linch Stock Market Ltd.,2026-04-09 11:25:04.982512
2026040901006798,PCBL,5,42,17,247.8,4212.6,Market Securities & Exchange (PVT) Ltd.,Sani Securities Company Ltd.,2026-04-09 11:30:25.547694
2026040901006799,PCBL,5,32,200,247.8,49560.0,Market Securities & Exchange (PVT) Ltd.,Premier Securities Company Ltd.,2026-04-09 11:30:25.547789
2026040901007783,PCBL,38,57,19,246.3,4679.7,Dipshikha Dhitopatra Karobar Co. Pvt Ltd.,Aryatara Investment & Securities,2026-04-09 11:35:53.984974
2026040901008338,PCBL,5,19,31,246.5,7641.5,Market Securities & Exchange (PVT) Ltd.,Nepal Investment And Securities Trading Private Limited,2026-04-09 11:38:41.513366
2026040901009598,PCBL,59,35,500,248.0,124000.0,Deevyaa Securities & Stock House Pvt. Ltd,Kohinoor Investment & Securities Pvt. Ltd.,2026-04-09 11:43:56.760862
2026040901009599,PCBL,59,49,500,248.0,124000.0,Deevyaa Securities & Stock House Pvt. Ltd,Online Securities Pvt. Ltd.,2026-04-09 11:43:56.760976
2026040901010486,PCBL,42,49,15,248.0,3720.0,Sani Securities Company Ltd.,Online Securities Pvt. Ltd.,2026-04-09 11:48:02.355188
2026040901010563,PCBL,58,49,87,248.0,21576.0,Naasa Securities Co. Ltd.,Online Securities Pvt. Ltd.,2026-04-09 11:48:33.652523
2026040901010780,PCBL,42,58,87,247.0,21489.0,Sani Securities Company Ltd.,Naasa Securities Co. Ltd.,2026-04-09 11:49:46.221846
2026040901011360,PCBL,48,4,50,247.1,12355.0,Trishakti Securities Public Limited,Opal Securities Investment (PVT) Ltd.,2026-04-09 11:53:03.503960
2026040901011361,PCBL,1,4,58,247.1,14331.8,Kumari Securities Private Limited,Opal Securities Investment (PVT) Ltd.,2026-04-09 11:53:03.504091
2026040901011376,PCBL,3,49,250,248.0,62000.0,Arun Securities (PVT) Ltd.,Online Securities Pvt. Ltd.,2026-04-09 11:53:05.617510
2026040901011558,PCBL,3,49,148,248.0,36704.0,Arun Securities (PVT) Ltd.,Online Securities Pvt. Ltd.,2026-04-09 11:53:57.255112
2026040901011559,PCBL,3,11,400,248.0,99200.0,Arun Securities (PVT) Ltd.,Malla & Malla Stock Broking Company Pvt. Limited,2026-04-09 11:53:57.255364
2026040901011560,PCBL,3,39,200,248.0,49600.0,Arun Securities (PVT) Ltd.,Sumeru Securities Pvt. Ltd.,2026-04-09 11:53:57.255521
2026040901011561,PCBL,3,34,20,248.0,4960.0,Arun Securities (PVT) Ltd.,Vision Securities Pvt. Ltd,2026-04-09 11:53:57.255671
2026040901011562,PCBL,3,35,19,248.0,4712.0,Arun Securities (PVT) Ltd.,Kohinoor Investment & Securities Pvt. Ltd.,2026-04-09 11:53:57.255824
2026040901011563,PCBL,3,13,12,248.0,2976.0,Arun Securities (PVT) Ltd.,Thrive Brokerage House Pvt. Ltd,2026-04-09 11:53:57.256000
2026040901011677,PCBL,33,34,20,248.8,4976.0,Dakshinkali Investment & Securities Pvt. Ltd.,Vision Securities Pvt. Ltd,2026-04-09 11:54:38.710925
2026040901012366,PCBL,3,43,100,248.0,24800.0,Arun Securities (PVT) Ltd.,South Asian Bulls Pvt. Ltd.,2026-04-09 11:57:46.874105
2026040901012730,PCBL,56,34,11,248.7,2735.7,Sri Hari Securities Pvt. Ltd.,Vision Securities Pvt. Ltd,2026-04-09 11:59:50.104927
2026040901012862,PCBL,26,34,19,248.7,4725.3,Asian Securities Private Ltd.,Vision Securities Pvt. Ltd,2026-04-09 12:00:36.581219
2026040901013429,PCBL,3,25,500,248.0,124000.0,Arun Securities (PVT) Ltd.,Sweta Securities Private Limited,2026-04-09 12:03:31.855620
2026040901014846,PCBL,42,44,100,248.3,24830.0,Sani Securities Company Ltd.,Dynamic Money Managers Securities Pvt. Ltd.,2026-04-09 12:11:28.531007
2026040901014941,PCBL,50,59,68,248.1,16870.8,Cristal Kanchanjanga Securites Pvt. Ltd.,Deevyaa Securities & Stock House Pvt. Ltd,2026-04-09 12:12:20.295097
2026040901015188,PCBL,65,5,250,248.5,62125.0,Sharepro Securities Private Limited,Market Securities & Exchange (PVT) Ltd.,2026-04-09 12:13:55.740584
2026040901015189,PCBL,65,32,32,248.5,7952.0,Sharepro Securities Private Limited,Premier Securities Company Ltd.,2026-04-09 12:13:55.740720
2026040901015190,PCBL,65,34,170,248.7,42279.0,Sharepro Securities Private Limited,Vision Securities Pvt. Ltd,2026-04-09 12:13:55.740783
2026040901015191,PCBL,65,34,180,248.8,44784.0,Sharepro Securities Private Limited,Vision Securities Pvt. Ltd,2026-04-09 12:13:55.740843
2026040901015192,PCBL,65,59,300,248.9,74670.0,Sharepro Securities Private Limited,Deevyaa Securities & Stock House Pvt. Ltd,2026-04-09 12:13:55.740904
2026040901015193,PCBL,65,50,6900,249.0,1718100.0,Sharepro Securities Private Limited,Cristal Kanchanjanga Securites Pvt. Ltd.,2026-04-09 12:13:55.740964
2026040901015194,PCBL,65,42,129,249.0,32121.0,Sharepro Securities Private Limited,Sani Securities Company Ltd.,2026-04-09 12:13:55.741030
2026040901015195,PCBL,65,58,200,249.0,49800.0,Sharepro Securities Private Limited,Naasa Securities Co. Ltd.,2026-04-09 12:13:55.741120
2026040901015600,PCBL,5,28,100,249.9,24990.0,Market Securities & Exchange (PVT) Ltd.,Shree Krishna Securities Ltd.,2026-04-09 12:16:58.336428
2026040901015601,PCBL,5,53,100,249.9,24990.0,Market Securities & Exchange (PVT) Ltd.,Investment Management Nepal Pvt. Ltd.,2026-04-09 12:16:58.336504
2026040901015945,PCBL,38,53,100,249.9,24990.0,Dipshikha Dhitopatra Karobar Co. Pvt Ltd.,Investment Management Nepal Pvt. Ltd.,2026-04-09 12:18:27.298146
2026040901016074,PCBL,34,46,86,249.1,21422.6,Vision Securities Pvt. Ltd,Kalika Securities Pvt. Ltd.,2026-04-09 12:19:14.982751
2026040901016219,PCBL,19,53,259,249.9,64724.1,Nepal Investment And Securities Trading Private Limited,Investment Management Nepal Pvt. Ltd.,2026-04-09 12:20:18.936764
2026040901016364,PCBL,86,53,41,249.9,10245.9,Stoxkarts Securities Limited,Investment Management Nepal Pvt. Ltd.,2026-04-09 12:21:36.306722
2026040901016365,PCBL,86,51,100,249.9,24990.0,Stoxkarts Securities Limited,Oxford Securities Pvt. Ltd.,2026-04-09 12:21:36.306912
2026040901016366,PCBL,86,32,200,249.9,49980.0,Stoxkarts Securities Limited,Premier Securities Company Ltd.,2026-04-09 12:21:36.306986
2026040901016367,PCBL,86,43,69,249.9,17243.1,Stoxkarts Securities Limited,South Asian Bulls Pvt. Ltd.,2026-04-09 12:21:36.307056
2026040901016403,PCBL,62,32,1,247.0,247.0,Capital Max Securities Ltd,Premier Securities Company Ltd.,2026-04-09 12:21:44.820010
2026040901016530,PCBL,5,43,31,249.9,7746.9,Market Securities & Exchange (PVT) Ltd.,South Asian Bulls Pvt. Ltd.,2026-04-09 12:22:26.201306
2026040901016531,PCBL,5,40,100,249.9,24990.0,Market Securities & Exchange (PVT) Ltd.,Creative Securities Pvt Ltd,2026-04-09 12:22:26.201405
2026040901016536,PCBL,34,45,100,249.1,24910.0,Vision Securities Pvt. Ltd,Imperial Securities Company Pvt. Ltd.,2026-04-09 12:22:28.437021
2026040901016596,PCBL,34,32,56,249.1,13949.6,Vision Securities Pvt. Ltd,Premier Securities Company Ltd.,2026-04-09 12:22:50.283897
2026040901016654,PCBL,57,59,45,249.9,11245.5,Aryatara Investment & Securities,Deevyaa Securities & Stock House Pvt. Ltd,2026-04-09 12:23:23.745225
2026040901016681,PCBL,50,59,255,249.9,63724.5,Cristal Kanchanjanga Securites Pvt. Ltd.,Deevyaa Securities & Stock House Pvt. Ltd,2026-04-09 12:23:27.826406
2026040901016682,PCBL,50,44,200,250.0,50000.0,Cristal Kanchanjanga Securites Pvt. Ltd.,Dynamic Money Managers Securities Pvt. Ltd.,2026-04-09 12:23:27.826787
2026040901016683,PCBL,50,3,400,250.0,100000.0,Cristal Kanchanjanga Securites Pvt. Ltd.,Arun Securities (PVT) Ltd.,2026-04-09 12:23:27.827064
2026040901016684,PCBL,50,45,2200,250.0,550000.0,Cristal Kanchanjanga Securites Pvt. Ltd.,Imperial Securities Company Pvt. Ltd.,2026-04-09 12:23:27.827320
2026040901016685,PCBL,50,1,100,250.0,25000.0,Cristal Kanchanjanga Securites Pvt. Ltd.,Kumari Securities Private Limited,2026-04-09 12:23:27.827524
2026040901016686,PCBL,50,39,300,250.0,75000.0,Cristal Kanchanjanga Securites Pvt. Ltd.,Sumeru Securities Pvt. Ltd.,2026-04-09 12:23:27.827729
2026040901016687,PCBL,50,43,1000,250.0,250000.0,Cristal Kanchanjanga Securites Pvt. Ltd.,South Asian Bulls Pvt. Ltd.,2026-04-09 12:23:27.828014
2026040901016688,PCBL,50,51,200,250.0,50000.0,Cristal Kanchanjanga Securites Pvt. Ltd.,Oxford Securities Pvt. Ltd.,2026-04-09 12:23:27.828228
2026040901016689,PCBL,50,34,500,250.0,125000.0,Cristal Kanchanjanga Securites Pvt. Ltd.,Vision Securities Pvt. Ltd,2026-04-09 12:23:27.828407
2026040901016690,PCBL,50,87,30,250.0,7500.0,Cristal Kanchanjanga Securites Pvt. Ltd.,S.P.S.A. Securities Limited,2026-04-09 12:23:27.828692
2026040901016691,PCBL,50,52,15,250.0,3750.0,Cristal Kanchanjanga Securites Pvt. Ltd.,Sundhara Securities Limited,2026-04-09 12:23:27.828930
2026040901016742,PCBL,65,52,65,250.0,16250.0,Sharepro Securities Private Limited,Sundhara Securities Limited,2026-04-09 12:23:47.583047
2026040901016743,PCBL,65,50,239,250.0,59750.0,Sharepro Securities Private Limited,Cristal Kanchanjanga Securites Pvt. Ltd.,2026-04-09 12:23:47.583180
2026040901016744,PCBL,65,13,40,250.0,10000.0,Sharepro Securities Private Limited,Thrive Brokerage House Pvt. Ltd,2026-04-09 12:23:47.583236
2026040901016905,PCBL,65,59,300,250.9,75270.0,Sharepro Securities Private Limited,Deevyaa Securities & Stock House Pvt. Ltd,2026-04-09 12:24:25.899714
2026040901016906,PCBL,65,38,594,251.0,149094.0,Sharepro Securities Private Limited,Dipshikha Dhitopatra Karobar Co. Pvt Ltd.,2026-04-09 12:24:25.899844
2026040901016907,PCBL,65,57,50,251.0,12550.0,Sharepro Securities Private Limited,Aryatara Investment & Securities,2026-04-09 12:24:25.899902
2026040901016908,PCBL,65,100,551,251.1,138356.1,Sharepro Securities Private Limited,Sunrise Securities Limited,2026-04-09 12:24:25.899957
2026040901017217,PCBL,58,100,60,251.1,15066.0,Naasa Securities Co. Ltd.,Sunrise Securities Limited,2026-04-09 12:26:04.515068
2026040901017760,PCBL,38,38,41,250.9,10286.9,Dipshikha Dhitopatra Karobar Co. Pvt Ltd.,Dipshikha Dhitopatra Karobar Co. Pvt Ltd.,2026-04-09 12:30:10.012121
2026040901017859,PCBL,6,38,100,250.9,25090.0,Agrawal Securities (PVT) Ltd.,Dipshikha Dhitopatra Karobar Co. Pvt Ltd.,2026-04-09 12:30:44.292849
2026040901017927,PCBL,34,50,109,250.0,27250.0,Vision Securities Pvt. Ltd,Cristal Kanchanjanga Securites Pvt. Ltd.,2026-04-09 12:30:59.704205
2026040901018254,PCBL,16,6,500,250.0,125000.0,Primo Securities (PVT) Ltd.,Agrawal Securities (PVT) Ltd.,2026-04-09 12:33:09.123418
2026040901018584,PCBL,16,11,49,250.0,12250.0,Primo Securities (PVT) Ltd.,Malla & Malla Stock Broking Company Pvt. Limited,2026-04-09 12:35:30.519763
2026040901018703,PCBL,16,42,17,250.0,4250.0,Primo Securities (PVT) Ltd.,Sani Securities Company Ltd.,2026-04-09 12:36:29.195730
2026040901019140,PCBL,16,17,19,250.0,4750.0,Primo Securities (PVT) Ltd.,ABC Securities Private Limited,2026-04-09 12:39:22.192884
2026040901020091,PCBL,11,43,13,249.9,3248.7,Malla & Malla Stock Broking Company Pvt. Limited,South Asian Bulls Pvt. Ltd.,2026-04-09 12:45:37.563186
2026040901020092,PCBL,11,53,102,250.0,25500.0,Malla & Malla Stock Broking Company Pvt. Limited,Investment Management Nepal Pvt. Ltd.,2026-04-09 12:45:37.563402
2026040901020093,PCBL,11,11,194,250.0,48500.0,Malla & Malla Stock Broking Company Pvt. Limited,Malla & Malla Stock Broking Company Pvt. Limited,2026-04-09 12:45:37.563496
2026040901020094,PCBL,34,11,6,250.0,1500.0,Vision Securities Pvt. Ltd,Malla & Malla Stock Broking Company Pvt. Limited,2026-04-09 12:45:37.563587
2026040901022201,PCBL,56,35,100,250.0,25000.0,Sri Hari Securities Pvt. Ltd.,Kohinoor Investment & Securities Pvt. Ltd.,2026-04-09 12:49:02.726645
2026040901022202,PCBL,34,35,365,250.0,91250.0,Vision Securities Pvt. Ltd,Kohinoor Investment & Securities Pvt. Ltd.,2026-04-09 12:49:02.726938
2026040901022766,PCBL,34,40,28,250.8,7022.4,Vision Securities Pvt. Ltd,Creative Securities Pvt Ltd,2026-04-09 12:53:00.117216
2026040901022995,PCBL,34,3,258,250.1,64525.8,Vision Securities Pvt. Ltd,Arun Securities (PVT) Ltd.,2026-04-09 12:54:07.772332
2026040901022996,PCBL,34,3,1635,250.0,408750.0,Vision Securities Pvt. Ltd,Arun Securities (PVT) Ltd.,2026-04-09 12:54:07.772500
2026040901022997,PCBL,41,3,250,250.0,62500.0,Linch Stock Market Ltd.,Arun Securities (PVT) Ltd.,2026-04-09 12:54:07.772571
2026040901023606,PCBL,51,17,2,245.0,490.0,Oxford Securities Pvt. Ltd.,ABC Securities Private Limited,2026-04-09 12:56:09.362405
2026040901023758,PCBL,51,16,1,247.0,247.0,Oxford Securities Pvt. Ltd.,Primo Securities (PVT) Ltd.,2026-04-09 12:56:34.753730
2026040901023794,PCBL,58,58,28,249.1,6974.8,Naasa Securities Co. Ltd.,Naasa Securities Co. Ltd.,2026-04-09 12:56:47.735422
2026040901023944,PCBL,65,3,5417,250.0,1354250.0,Sharepro Securities Private Limited,Arun Securities (PVT) Ltd.,2026-04-09 12:57:28.845950
2026040901023945,PCBL,65,11,618,250.0,154500.0,Sharepro Securities Private Limited,Malla & Malla Stock Broking Company Pvt. Limited,2026-04-09 12:57:28.846319
2026040901024044,PCBL,51,52,1,245.0,245.0,Oxford Securities Pvt. Ltd.,Sundhara Securities Limited,2026-04-09 12:58:00.214581
2026040901024425,PCBL,65,45,16,250.0,4000.0,Sharepro Securities Private Limited,Imperial Securities Company Pvt. Ltd.,2026-04-09 12:59:19.018755
2026040901024590,PCBL,65,35,184,250.0,46000.0,Sharepro Securities Private Limited,Kohinoor Investment & Securities Pvt. Ltd.,2026-04-09 13:00:07.186175
2026040901024865,PCBL,65,45,64,250.0,16000.0,Sharepro Securities Private Limited,Imperial Securities Company Pvt. Ltd.,2026-04-09 13:01:13.239020
2026040901024928,PCBL,65,40,972,250.8,243777.6,Sharepro Securities Private Limited,Creative Securities Pvt Ltd,2026-04-09 13:01:38.824461
2026040901024929,PCBL,65,57,206,250.8,51664.8,Sharepro Securities Private Limited,Aryatara Investment & Securities,2026-04-09 13:01:38.824666
2026040901024930,PCBL,65,38,79,250.9,19821.1,Sharepro Securities Private Limited,Dipshikha Dhitopatra Karobar Co. Pvt Ltd.,2026-04-09 13:01:38.824771
2026040901024931,PCBL,65,22,132,251.0,33132.0,Sharepro Securities Private Limited,Siprabi Securities Pvt. Ltd.,2026-04-09 13:01:38.824849
2026040901024932,PCBL,65,11,200,251.0,50200.0,Sharepro Securities Private Limited,Malla & Malla Stock Broking Company Pvt. Limited,2026-04-09 13:01:38.824928
2026040901024933,PCBL,65,41,216,251.0,54216.0,Sharepro Securities Private Limited,Linch Stock Market Ltd.,2026-04-09 13:01:38.825001
2026040901024934,PCBL,65,51,648,251.0,162648.0,Sharepro Securities Private Limited,Oxford Securities Pvt. Ltd.,2026-04-09 13:01:38.825081
2026040901024935,PCBL,65,56,15,251.0,3765.0,Sharepro Securities Private Limited,Sri Hari Securities Pvt. Ltd.,2026-04-09 13:01:38.825158
2026040901024936,PCBL,65,40,16,251.0,4016.0,Sharepro Securities Private Limited,Creative Securities Pvt Ltd,2026-04-09 13:01:38.825227
2026040901024937,PCBL,65,100,389,251.1,97677.9,Sharepro Securities Private Limited,Sunrise Securities Limited,2026-04-09 13:01:38.825372
2026040901024938,PCBL,65,100,500,251.1,125550.0,Sharepro Securities Private Limited,Sunrise Securities Limited,2026-04-09 13:01:38.825445
2026040901024939,PCBL,65,58,50,251.1,12555.0,Sharepro Securities Private Limited,Naasa Securities Co. Ltd.,2026-04-09 13:01:38.825515
2026040901024940,PCBL,65,58,40,251.1,10044.0,Sharepro Securities Private Limited,Naasa Securities Co. Ltd.,2026-04-09 13:01:38.825584
2026040901024941,PCBL,65,45,18,251.5,4527.0,Sharepro Securities Private Limited,Imperial Securities Company Pvt. Ltd.,2026-04-09 13:01:38.825653
2026040901024942,PCBL,65,51,15,251.5,3772.5,Sharepro Securities Private Limited,Oxford Securities Pvt. Ltd.,2026-04-09 13:01:38.825725
2026040901024943,PCBL,65,5,200,251.9,50380.0,Sharepro Securities Private Limited,Market Securities & Exchange (PVT) Ltd.,2026-04-09 13:01:38.825795
2026040901025029,PCBL,65,34,5,250.0,1250.0,Sharepro Securities Private Limited,Vision Securities Pvt. Ltd,2026-04-09 13:02:15.605062
2026040901025343,PCBL,49,59,100,251.9,25190.0,Online Securities Pvt. Ltd.,Deevyaa Securities & Stock House Pvt. Ltd,2026-04-09 13:03:49.335784
2026040901026959,PCBL,6,11,24,251.0,6024.0,Agrawal Securities (PVT) Ltd.,Malla & Malla Stock Broking Company Pvt. Limited,2026-04-09 13:13:05.810668
2026040901026960,PCBL,6,11,161,251.0,40411.0,Agrawal Securities (PVT) Ltd.,Malla & Malla Stock Broking Company Pvt. Limited,2026-04-09 13:13:05.811072
2026040901027654,PCBL,45,11,10,251.0,2510.0,Imperial Securities Company Pvt. Ltd.,Malla & Malla Stock Broking Company Pvt. Limited,2026-04-09 13:17:46.077678
2026040901027839,PCBL,39,11,520,251.0,130520.0,Sumeru Securities Pvt. Ltd.,Malla & Malla Stock Broking Company Pvt. Limited,2026-04-09 13:19:01.739812
2026040901027840,PCBL,39,10,149,251.0,37399.0,Sumeru Securities Pvt. Ltd.,Pragyan Securities (PVT) Ltd.,2026-04-09 13:19:01.740179
2026040901027841,PCBL,39,34,331,251.5,83246.5,Sumeru Securities Pvt. Ltd.,Vision Securities Pvt. Ltd,2026-04-09 13:19:01.740413
2026040901027881,PCBL,42,58,15,250.0,3750.0,Sani Securities Company Ltd.,Naasa Securities Co. Ltd.,2026-04-09 13:19:22.052557
2026040901028168,PCBL,58,13,66,251.4,16592.4,Naasa Securities Co. Ltd.,Thrive Brokerage House Pvt. Ltd,2026-04-09 13:21:15.729482
2026040901028169,PCBL,58,34,57,251.5,14335.5,Naasa Securities Co. Ltd.,Vision Securities Pvt. Ltd,2026-04-09 13:21:15.729880
2026040901028335,PCBL,42,8,145,250.0,36250.0,Sani Securities Company Ltd.,Brilliant Securities Pvt. Ltd.,2026-04-09 13:22:17.659608
2026040901028336,PCBL,58,8,32,250.0,8000.0,Naasa Securities Co. Ltd.,Brilliant Securities Pvt. Ltd.,2026-04-09 13:22:17.659972
2026040901028337,PCBL,4,8,47,250.0,11750.0,Opal Securities Investment (PVT) Ltd.,Brilliant Securities Pvt. Ltd.,2026-04-09 13:22:17.660226
2026040901028338,PCBL,57,8,276,250.0,69000.0,Aryatara Investment & Securities,Brilliant Securities Pvt. Ltd.,2026-04-09 13:22:17.660545
2026040901028570,PCBL,57,42,24,250.0,6000.0,Aryatara Investment & Securities,Sani Securities Company Ltd.,2026-04-09 13:23:57.487447
2026040901028571,PCBL,14,42,112,250.0,28000.0,Nepal Stock House (PVT) Ltd.,Sani Securities Company Ltd.,2026-04-09 13:23:57.487809
2026040901028733,PCBL,14,38,150,250.0,37500.0,Nepal Stock House (PVT) Ltd.,Dipshikha Dhitopatra Karobar Co. Pvt Ltd.,2026-04-09 13:25:23.669557
2026040901028818,PCBL,14,6,78,250.0,19500.0,Nepal Stock House (PVT) Ltd.,Agrawal Securities (PVT) Ltd.,2026-04-09 13:26:03.250876
2026040901029006,PCBL,50,6,22,250.0,5500.0,Cristal Kanchanjanga Securites Pvt. Ltd.,Agrawal Securities (PVT) Ltd.,2026-04-09 13:27:31.236142
2026040901029277,PCBL,5,74,100,249.4,24940.0,Market Securities & Exchange (PVT) Ltd.,KALASH STOCK MARKET PVT. LTD.,2026-04-09 13:29:14.820593
2026040901029278,PCBL,38,74,228,249.3,56840.4,Dipshikha Dhitopatra Karobar Co. Pvt Ltd.,KALASH STOCK MARKET PVT. LTD.,2026-04-09 13:29:14.820693
2026040901029394,PCBL,5,38,100,249.4,24940.0,Market Securities & Exchange (PVT) Ltd.,Dipshikha Dhitopatra Karobar Co. Pvt Ltd.,2026-04-09 13:30:06.345086
2026040901029395,PCBL,38,38,140,249.3,34902.0,Dipshikha Dhitopatra Karobar Co. Pvt Ltd.,Dipshikha Dhitopatra Karobar Co. Pvt Ltd.,2026-04-09 13:30:06.345320
2026040901029740,PCBL,5,8,100,249.4,24940.0,Market Securities & Exchange (PVT) Ltd.,Brilliant Securities Pvt. Ltd.,2026-04-09 13:33:03.862786
2026040901029741,PCBL,38,8,132,249.3,32907.6,Dipshikha Dhitopatra Karobar Co. Pvt Ltd.,Brilliant Securities Pvt. Ltd.,2026-04-09 13:33:03.862890
2026040901029742,PCBL,22,8,268,249.3,66812.4,Siprabi Securities Pvt. Ltd.,Brilliant Securities Pvt. Ltd.,2026-04-09 13:33:03.862968
2026040901029991,PCBL,22,38,32,249.3,7977.6,Siprabi Securities Pvt. Ltd.,Dipshikha Dhitopatra Karobar Co. Pvt Ltd.,2026-04-09 13:35:04.766323
2026040901029992,PCBL,33,38,192,249.2,47846.4,Dakshinkali Investment & Securities Pvt. Ltd.,Dipshikha Dhitopatra Karobar Co. Pvt Ltd.,2026-04-09 13:35:04.766726
2026040901030236,PCBL,11,29,16,249.4,3990.4,Malla & Malla Stock Broking Company Pvt. Limited,Trisul Securities & Invt. Ltd.,2026-04-09 13:37:18.966153
2026040901030237,PCBL,5,29,50,249.3,12465.0,Market Securities & Exchange (PVT) Ltd.,Trisul Securities & Invt. Ltd.,2026-04-09 13:37:18.966218
2026040901030238,PCBL,33,29,1434,249.2,357352.8,Dakshinkali Investment & Securities Pvt. Ltd.,Trisul Securities & Invt. Ltd.,2026-04-09 13:37:18.966257
2026040901030250,PCBL,33,29,1621,249.2,403953.2,Dakshinkali Investment & Securities Pvt. Ltd.,Trisul Securities & Invt. Ltd.,2026-04-09 13:37:25.026741
2026040901030521,PCBL,43,49,27,250.0,6750.0,South Asian Bulls Pvt. Ltd.,Online Securities Pvt. Ltd.,2026-04-09 13:40:06.858931
2026040901030627,PCBL,43,49,23,250.0,5750.0,South Asian Bulls Pvt. Ltd.,Online Securities Pvt. Ltd.,2026-04-09 13:41:41.805456
2026040901030694,PCBL,42,49,10,250.0,2500.0,Sani Securities Company Ltd.,Online Securities Pvt. Ltd.,2026-04-09 13:42:32.547967
2026040901030705,PCBL,42,49,17,250.0,4250.0,Sani Securities Company Ltd.,Online Securities Pvt. Ltd.,2026-04-09 13:42:40.323296
2026040901030801,PCBL,4,49,10,250.8,2508.0,Opal Securities Investment (PVT) Ltd.,Online Securities Pvt. Ltd.,2026-04-09 13:43:36.089943
2026040901030984,PCBL,42,45,123,250.0,30750.0,Sani Securities Company Ltd.,Imperial Securities Company Pvt. Ltd.,2026-04-09 13:45:24.756507
2026040901031061,PCBL,56,49,500,249.5,124750.0,Sri Hari Securities Pvt. Ltd.,Online Securities Pvt. Ltd.,2026-04-09 13:46:18.935402
2026040901031405,PCBL,56,42,21,249.5,5239.5,Sri Hari Securities Pvt. Ltd.,Sani Securities Company Ltd.,2026-04-09 13:49:25.739275
2026040901031411,PCBL,39,45,467,250.0,116750.0,Sumeru Securities Pvt. Ltd.,Imperial Securities Company Pvt. Ltd.,2026-04-09 13:49:28.702995
2026040901031412,PCBL,39,70,16,250.0,4000.0,Sumeru Securities Pvt. Ltd.,Infinity Securities Limited,2026-04-09 13:49:28.703415
2026040901031413,PCBL,39,33,100,250.7,25070.0,Sumeru Securities Pvt. Ltd.,Dakshinkali Investment & Securities Pvt. Ltd.,2026-04-09 13:49:28.703668
2026040901031414,PCBL,39,49,390,250.8,97812.0,Sumeru Securities Pvt. Ltd.,Online Securities Pvt. Ltd.,2026-04-09 13:49:28.703906
2026040901031415,PCBL,39,22,324,250.9,81291.6,Sumeru Securities Pvt. Ltd.,Siprabi Securities Pvt. Ltd.,2026-04-09 13:49:28.704171
2026040901031416,PCBL,39,32,30,251.0,7530.0,Sumeru Securities Pvt. Ltd.,Premier Securities Company Ltd.,2026-04-09 13:49:28.704492
2026040901031417,PCBL,39,40,673,251.0,168923.0,Sumeru Securities Pvt. Ltd.,Creative Securities Pvt Ltd,2026-04-09 13:49:28.704770
2026040901031784,PCBL,56,4,216,249.5,53892.0,Sri Hari Securities Pvt. Ltd.,Opal Securities Investment (PVT) Ltd.,2026-04-09 13:51:26.558481
2026040901031864,PCBL,58,40,10,251.0,2510.0,Naasa Securities Co. Ltd.,Creative Securities Pvt Ltd,2026-04-09 13:51:54.646458
2026040901032397,PCBL,56,56,763,249.5,190368.5,Sri Hari Securities Pvt. Ltd.,Sri Hari Securities Pvt. Ltd.,2026-04-09 13:56:05.986929
2026040901032399,PCBL,50,40,631,251.0,158381.0,Cristal Kanchanjanga Securites Pvt. Ltd.,Creative Securities Pvt Ltd,2026-04-09 13:56:08.738229
2026040901032400,PCBL,50,70,100,251.0,25100.0,Cristal Kanchanjanga Securites Pvt. Ltd.,Infinity Securities Limited,2026-04-09 13:56:08.738466
2026040901032401,PCBL,50,74,200,251.3,50260.0,Cristal Kanchanjanga Securites Pvt. Ltd.,KALASH STOCK MARKET PVT. LTD.,2026-04-09 13:56:08.738559
2026040901032402,PCBL,50,8,400,251.3,100520.0,Cristal Kanchanjanga Securites Pvt. Ltd.,Brilliant Securities Pvt. Ltd.,2026-04-09 13:56:08.738785
2026040901032403,PCBL,50,34,152,251.5,38228.0,Cristal Kanchanjanga Securites Pvt. Ltd.,Vision Securities Pvt. Ltd,2026-04-09 13:56:08.738904
2026040901032404,PCBL,50,8,500,251.5,125750.0,Cristal Kanchanjanga Securites Pvt. Ltd.,Brilliant Securities Pvt. Ltd.,2026-04-09 13:56:08.739049
2026040901032405,PCBL,50,11,100,251.5,25150.0,Cristal Kanchanjanga Securites Pvt. Ltd.,Malla & Malla Stock Broking Company Pvt. Limited,2026-04-09 13:56:08.739200
2026040901032406,PCBL,50,59,300,251.6,75480.0,Cristal Kanchanjanga Securites Pvt. Ltd.,Deevyaa Securities & Stock House Pvt. Ltd,2026-04-09 13:56:08.739316
2026040901032407,PCBL,50,26,300,251.7,75510.0,Cristal Kanchanjanga Securites Pvt. Ltd.,Asian Securities Private Ltd.,2026-04-09 13:56:08.739416
2026040901032408,PCBL,50,45,1618,251.7,407250.6,Cristal Kanchanjanga Securites Pvt. Ltd.,Imperial Securities Company Pvt. Ltd.,2026-04-09 13:56:08.739517
2026040901032409,PCBL,50,45,499,251.7,125598.3,Cristal Kanchanjanga Securites Pvt. Ltd.,Imperial Securities Company Pvt. Ltd.,2026-04-09 13:56:08.739620
2026040901032522,PCBL,48,56,400,249.4,99760.0,Trishakti Securities Public Limited,Sri Hari Securities Pvt. Ltd.,2026-04-09 13:57:21.243473
2026040901033083,PCBL,41,13,93,249.4,23194.2,Linch Stock Market Ltd.,Thrive Brokerage House Pvt. Ltd,2026-04-09 14:03:28.996517
2026040901033143,PCBL,41,56,83,249.4,20700.2,Linch Stock Market Ltd.,Sri Hari Securities Pvt. Ltd.,2026-04-09 14:04:06.060554
2026040901033381,PCBL,29,22,20,249.5,4990.0,Trisul Securities & Invt. Ltd.,Siprabi Securities Pvt. Ltd.,2026-04-09 14:06:10.794913
2026040901033391,PCBL,29,45,10,251.0,2510.0,Trisul Securities & Invt. Ltd.,Imperial Securities Company Pvt. Ltd.,2026-04-09 14:06:20.899418
2026040901033448,PCBL,29,56,250,249.5,62375.0,Trisul Securities & Invt. Ltd.,Sri Hari Securities Pvt. Ltd.,2026-04-09 14:07:11.520593
2026040901033722,PCBL,57,14,11,249.4,2743.4,Aryatara Investment & Securities,Nepal Stock House (PVT) Ltd.,2026-04-09 14:09:42.273778
2026040901033846,PCBL,57,49,10,249.4,2494.0,Aryatara Investment & Securities,Online Securities Pvt. Ltd.,2026-04-09 14:10:54.041221
2026040901034038,PCBL,57,44,279,249.4,69582.6,Aryatara Investment & Securities,Dynamic Money Managers Securities Pvt. Ltd.,2026-04-09 14:12:08.763734
2026040901034039,PCBL,32,44,1000,249.3,249300.0,Premier Securities Company Ltd.,Dynamic Money Managers Securities Pvt. Ltd.,2026-04-09 14:12:08.764202
2026040901034040,PCBL,43,44,100,249.3,24930.0,South Asian Bulls Pvt. Ltd.,Dynamic Money Managers Securities Pvt. Ltd.,2026-04-09 14:12:08.764549
2026040901034041,PCBL,38,44,500,249.3,124650.0,Dipshikha Dhitopatra Karobar Co. Pvt Ltd.,Dynamic Money Managers Securities Pvt. Ltd.,2026-04-09 14:12:08.764877
2026040901034042,PCBL,33,44,1104,249.2,275116.8,Dakshinkali Investment & Securities Pvt. Ltd.,Dynamic Money Managers Securities Pvt. Ltd.,2026-04-09 14:12:08.765244
2026040901034127,PCBL,3,56,54,249.3,13462.2,Arun Securities (PVT) Ltd.,Sri Hari Securities Pvt. Ltd.,2026-04-09 14:13:06.593834
2026040901034366,PCBL,3,39,16,250.0,4000.0,Arun Securities (PVT) Ltd.,Sumeru Securities Pvt. Ltd.,2026-04-09 14:15:39.521550
2026040901034367,PCBL,3,1,53,250.0,13250.0,Arun Securities (PVT) Ltd.,Kumari Securities Private Limited,2026-04-09 14:15:39.522084
2026040901034567,PCBL,3,56,167,250.0,41750.0,Arun Securities (PVT) Ltd.,Sri Hari Securities Pvt. Ltd.,2026-04-09 14:17:23.565898
2026040901034568,PCBL,57,56,22,250.0,5500.0,Aryatara Investment & Securities,Sri Hari Securities Pvt. Ltd.,2026-04-09 14:17:23.566304
2026040901034886,PCBL,4,42,50,250.0,12500.0,Opal Securities Investment (PVT) Ltd.,Sani Securities Company Ltd.,2026-04-09 14:20:25.655976
2026040901034908,PCBL,4,49,1450,250.0,362500.0,Opal Securities Investment (PVT) Ltd.,Online Securities Pvt. Ltd.,2026-04-09 14:20:36.764497
2026040901034909,PCBL,21,49,500,250.0,125000.0,Midas Stock Broking Company Private Limited,Online Securities Pvt. Ltd.,2026-04-09 14:20:36.765066
2026040901034980,PCBL,41,49,500,250.0,125000.0,Linch Stock Market Ltd.,Online Securities Pvt. Ltd.,2026-04-09 14:21:07.475125
2026040901035171,PCBL,6,34,320,249.7,79904.0,Agrawal Securities (PVT) Ltd.,Vision Securities Pvt. Ltd,2026-04-09 14:22:37.470946
2026040901035317,PCBL,6,56,411,249.7,102626.7,Agrawal Securities (PVT) Ltd.,Sri Hari Securities Pvt. Ltd.,2026-04-09 14:23:31.662973
2026040901035424,PCBL,6,19,100,249.7,24970.0,Agrawal Securities (PVT) Ltd.,Nepal Investment And Securities Trading Private Limited,2026-04-09 14:24:20.545538
2026040901035510,PCBL,49,28,58,249.9,14494.2,Online Securities Pvt. Ltd.,Shree Krishna Securities Ltd.,2026-04-09 14:25:31.792068
2026040901035513,PCBL,6,56,100,249.7,24970.0,Agrawal Securities (PVT) Ltd.,Sri Hari Securities Pvt. Ltd.,2026-04-09 14:25:35.057289
2026040901035787,PCBL,33,49,2550,250.0,637500.0,Dakshinkali Investment & Securities Pvt. Ltd.,Online Securities Pvt. Ltd.,2026-04-09 14:28:14.135768
2026040901036227,PCBL,49,8,200,250.8,50160.0,Online Securities Pvt. Ltd.,Brilliant Securities Pvt. Ltd.,2026-04-09 14:31:32.374431
2026040901036744,PCBL,36,49,100,250.2,25020.0,Secured Securities Ltd.,Online Securities Pvt. Ltd.,2026-04-09 14:37:11.928880
2026040901036745,PCBL,57,49,100,250.1,25010.0,Aryatara Investment & Securities,Online Securities Pvt. Ltd.,2026-04-09 14:37:11.929345
2026040901036746,PCBL,33,49,99,250.0,24750.0,Dakshinkali Investment & Securities Pvt. Ltd.,Online Securities Pvt. Ltd.,2026-04-09 14:37:11.929615
2026040901036747,PCBL,44,49,1000,250.0,250000.0,Dynamic Money Managers Securities Pvt. Ltd.,Online Securities Pvt. Ltd.,2026-04-09 14:37:11.929874
2026040901036748,PCBL,45,49,3000,250.0,750000.0,Imperial Securities Company Pvt. Ltd.,Online Securities Pvt. Ltd.,2026-04-09 14:37:11.930166
2026040901036749,PCBL,19,49,140,250.0,35000.0,Nepal Investment And Securities Trading Private Limited,Online Securities Pvt. Ltd.,2026-04-09 14:37:11.930420
2026040901036750,PCBL,42,49,40,250.0,10000.0,Sani Securities Company Ltd.,Online Securities Pvt. Ltd.,2026-04-09 14:37:11.930668
2026040901036980,PCBL,6,42,92,249.7,22972.4,Agrawal Securities (PVT) Ltd.,Sani Securities Company Ltd.,2026-04-09 14:38:36.440981
2026040901037208,PCBL,14,47,40,249.8,9992.0,Nepal Stock House (PVT) Ltd.,Neev Securities Pvt. Ltd.,2026-04-09 14:40:04.198932
2026040901037364,PCBL,34,49,500,250.0,125000.0,Vision Securities Pvt. Ltd,Online Securities Pvt. Ltd.,2026-04-09 14:41:06.728893
2026040901037380,PCBL,14,40,36,249.8,8992.8,Nepal Stock House (PVT) Ltd.,Creative Securities Pvt Ltd,2026-04-09 14:41:13.608345
2026040901037599,PCBL,14,26,30,249.8,7494.0,Nepal Stock House (PVT) Ltd.,Asian Securities Private Ltd.,2026-04-09 14:42:47.526235
2026040901037933,PCBL,14,35,90,249.8,22482.0,Nepal Stock House (PVT) Ltd.,Kohinoor Investment & Securities Pvt. Ltd.,2026-04-09 14:44:46.969115
2026040901038096,PCBL,14,45,300,249.8,74940.0,Nepal Stock House (PVT) Ltd.,Imperial Securities Company Pvt. Ltd.,2026-04-09 14:45:43.140562
2026040901038525,PCBL,8,49,21,250.0,5250.0,Brilliant Securities Pvt. Ltd.,Online Securities Pvt. Ltd.,2026-04-09 14:48:25.879518
2026040901038526,PCBL,8,59,273,250.0,68250.0,Brilliant Securities Pvt. Ltd.,Deevyaa Securities & Stock House Pvt. Ltd,2026-04-09 14:48:25.879778
2026040901038527,PCBL,8,29,100,250.0,25000.0,Brilliant Securities Pvt. Ltd.,Trisul Securities & Invt. Ltd.,2026-04-09 14:48:25.879871
2026040901038528,PCBL,8,51,15,250.0,3750.0,Brilliant Securities Pvt. Ltd.,Oxford Securities Pvt. Ltd.,2026-04-09 14:48:25.879958
2026040901038529,PCBL,8,52,17,250.0,4250.0,Brilliant Securities Pvt. Ltd.,Sundhara Securities Limited,2026-04-09 14:48:25.880052
2026040901038530,PCBL,8,39,30,250.0,7500.0,Brilliant Securities Pvt. Ltd.,Sumeru Securities Pvt. Ltd.,2026-04-09 14:48:25.880159
2026040901038531,PCBL,8,29,534,250.0,133500.0,Brilliant Securities Pvt. Ltd.,Trisul Securities & Invt. Ltd.,2026-04-09 14:48:25.880326
2026040901038548,PCBL,8,34,10,250.5,2505.0,Brilliant Securities Pvt. Ltd.,Vision Securities Pvt. Ltd,2026-04-09 14:48:36.460544
2026040901038659,PCBL,59,34,446,250.5,111723.0,Deevyaa Securities & Stock House Pvt. Ltd,Vision Securities Pvt. Ltd,2026-04-09 14:49:16.435514
2026040901038660,PCBL,59,8,300,250.6,75180.0,Deevyaa Securities & Stock House Pvt. Ltd,Brilliant Securities Pvt. Ltd.,2026-04-09 14:49:16.435626
2026040901038661,PCBL,59,8,254,250.8,63703.2,Deevyaa Securities & Stock House Pvt. Ltd,Brilliant Securities Pvt. Ltd.,2026-04-09 14:49:16.435697
2026040901038777,PCBL,22,8,20,250.8,5016.0,Siprabi Securities Pvt. Ltd.,Brilliant Securities Pvt. Ltd.,2026-04-09 14:49:56.041836
2026040901038803,PCBL,17,8,26,250.8,6520.8,ABC Securities Private Limited,Brilliant Securities Pvt. Ltd.,2026-04-09 14:50:04.921306
2026040901038923,PCBL,59,35,28,250.7,7019.6,Deevyaa Securities & Stock House Pvt. Ltd,Kohinoor Investment & Securities Pvt. Ltd.,2026-04-09 14:50:34.175559
2026040901038924,PCBL,59,16,500,250.8,125400.0,Deevyaa Securities & Stock House Pvt. Ltd,Primo Securities (PVT) Ltd.,2026-04-09 14:50:34.175682
2026040901038925,PCBL,59,19,472,250.8,118377.6,Deevyaa Securities & Stock House Pvt. Ltd,Nepal Investment And Securities Trading Private Limited,2026-04-09 14:50:34.175779
2026040901039042,PCBL,58,19,28,250.8,7022.4,Naasa Securities Co. Ltd.,Nepal Investment And Securities Trading Private Limited,2026-04-09 14:51:14.996177
2026040901039043,PCBL,58,57,32,250.8,8025.6,Naasa Securities Co. Ltd.,Aryatara Investment & Securities,2026-04-09 14:51:14.996589
2026040901039121,PCBL,59,53,50,250.9,12545.0,Deevyaa Securities & Stock House Pvt. Ltd,Investment Management Nepal Pvt. Ltd.,2026-04-09 14:51:29.053863
2026040901039151,PCBL,6,53,150,250.9,37635.0,Agrawal Securities (PVT) Ltd.,Investment Management Nepal Pvt. Ltd.,2026-04-09 14:51:44.577826
2026040901039152,PCBL,6,45,110,251.0,27610.0,Agrawal Securities (PVT) Ltd.,Imperial Securities Company Pvt. Ltd.,2026-04-09 14:51:44.578089
2026040901039153,PCBL,6,42,240,251.0,60240.0,Agrawal Securities (PVT) Ltd.,Sani Securities Company Ltd.,2026-04-09 14:51:44.578188
2026040901039249,PCBL,58,6,90,250.8,22572.0,Naasa Securities Co. Ltd.,Agrawal Securities (PVT) Ltd.,2026-04-09 14:52:04.204856
2026040901039250,PCBL,57,6,400,250.0,100000.0,Aryatara Investment & Securities,Agrawal Securities (PVT) Ltd.,2026-04-09 14:52:04.205080
2026040901039251,PCBL,57,6,510,250.0,127500.0,Aryatara Investment & Securities,Agrawal Securities (PVT) Ltd.,2026-04-09 14:52:04.205170
2026040901039313,PCBL,57,6,22,250.0,5500.0,Aryatara Investment & Securities,Agrawal Securities (PVT) Ltd.,2026-04-09 14:52:21.132474
2026040901039362,PCBL,29,47,10,250.9,2509.0,Trisul Securities & Invt. Ltd.,Neev Securities Pvt. Ltd.,2026-04-09 14:52:39.987771
2026040901039405,PCBL,59,42,10,251.0,2510.0,Deevyaa Securities & Stock House Pvt. Ltd,Sani Securities Company Ltd.,2026-04-09 14:52:49.747878
2026040901039473,PCBL,42,42,1310,251.0,328810.0,Sani Securities Company Ltd.,Sani Securities Company Ltd.,2026-04-09 14:53:06.640960
2026040901039552,PCBL,50,4,400,250.1,100040.0,Cristal Kanchanjanga Securites Pvt. Ltd.,Opal Securities Investment (PVT) Ltd.,2026-04-09 14:53:34.649378
2026040901039553,PCBL,57,4,1600,250.0,400000.0,Aryatara Investment & Securities,Opal Securities Investment (PVT) Ltd.,2026-04-09 14:53:34.649806
2026040901039571,PCBL,42,42,60,251.0,15060.0,Sani Securities Company Ltd.,Sani Securities Company Ltd.,2026-04-09 14:53:39.507250
2026040901039572,PCBL,42,11,40,251.0,10040.0,Sani Securities Company Ltd.,Malla & Malla Stock Broking Company Pvt. Limited,2026-04-09 14:53:39.507671
2026040901039573,PCBL,42,6,100,251.0,25100.0,Sani Securities Company Ltd.,Agrawal Securities (PVT) Ltd.,2026-04-09 14:53:39.507917
2026040901039586,PCBL,57,4,868,250.0,217000.0,Aryatara Investment & Securities,Opal Securities Investment (PVT) Ltd.,2026-04-09 14:53:42.489908
2026040901039587,PCBL,59,4,132,250.0,33000.0,Deevyaa Securities & Stock House Pvt. Ltd,Opal Securities Investment (PVT) Ltd.,2026-04-09 14:53:42.490377
2026040901039709,PCBL,6,6,224,251.0,56224.0,Agrawal Securities (PVT) Ltd.,Agrawal Securities (PVT) Ltd.,2026-04-09 14:54:21.476348
2026040901039710,PCBL,6,42,200,251.0,50200.0,Agrawal Securities (PVT) Ltd.,Sani Securities Company Ltd.,2026-04-09 14:54:21.476392
2026040901039711,PCBL,6,49,138,251.4,34693.2,Agrawal Securities (PVT) Ltd.,Online Securities Pvt. Ltd.,2026-04-09 14:54:21.476421
2026040901039712,PCBL,6,57,104,251.5,26156.0,Agrawal Securities (PVT) Ltd.,Aryatara Investment & Securities,2026-04-09 14:54:21.476451
2026040901039713,PCBL,6,45,334,251.7,84067.8,Agrawal Securities (PVT) Ltd.,Imperial Securities Company Pvt. Ltd.,2026-04-09 14:54:21.476487
2026040901040019,PCBL,44,32,648,251.0,162648.0,Dynamic Money Managers Securities Pvt. Ltd.,Premier Securities Company Ltd.,2026-04-09 14:55:46.213255
2026040901040178,PCBL,44,41,40,251.6,10064.0,Dynamic Money Managers Securities Pvt. Ltd.,Linch Stock Market Ltd.,2026-04-09 14:56:17.446097
2026040901040179,PCBL,44,45,785,251.7,197584.5,Dynamic Money Managers Securities Pvt. Ltd.,Imperial Securities Company Pvt. Ltd.,2026-04-09 14:56:17.446393
2026040901040180,PCBL,44,16,200,251.7,50340.0,Dynamic Money Managers Securities Pvt. Ltd.,Primo Securities (PVT) Ltd.,2026-04-09 14:56:17.446489
2026040901040181,PCBL,44,35,50,251.8,12590.0,Dynamic Money Managers Securities Pvt. Ltd.,Kohinoor Investment & Securities Pvt. Ltd.,2026-04-09 14:56:17.446579
2026040901040182,PCBL,44,59,200,251.9,50380.0,Dynamic Money Managers Securities Pvt. Ltd.,Deevyaa Securities & Stock House Pvt. Ltd,2026-04-09 14:56:17.446668
2026040901040183,PCBL,44,90,301,251.9,75821.9,Dynamic Money Managers Securities Pvt. Ltd.,Sajilo Broker Limited,2026-04-09 14:56:17.446756
2026040901040184,PCBL,44,40,50,251.9,12595.0,Dynamic Money Managers Securities Pvt. Ltd.,Creative Securities Pvt Ltd,2026-04-09 14:56:17.446863
2026040901040185,PCBL,44,44,200,251.9,50380.0,Dynamic Money Managers Securities Pvt. Ltd.,Dynamic Money Managers Securities Pvt. Ltd.,2026-04-09 14:56:17.446962
2026040901040186,PCBL,44,17,1000,252.0,252000.0,Dynamic Money Managers Securities Pvt. Ltd.,ABC Securities Private Limited,2026-04-09 14:56:17.447057
2026040901040187,PCBL,44,59,205,252.0,51660.0,Dynamic Money Managers Securities Pvt. Ltd.,Deevyaa Securities & Stock House Pvt. Ltd,2026-04-09 14:56:17.447143
2026040901040188,PCBL,44,34,94,252.0,23688.0,Dynamic Money Managers Securities Pvt. Ltd.,Vision Securities Pvt. Ltd,2026-04-09 14:56:17.447240
2026040901040189,PCBL,44,1,200,252.0,50400.0,Dynamic Money Managers Securities Pvt. Ltd.,Kumari Securities Private Limited,2026-04-09 14:56:17.447334
2026040901040190,PCBL,44,28,100,252.0,25200.0,Dynamic Money Managers Securities Pvt. Ltd.,Shree Krishna Securities Ltd.,2026-04-09 14:56:17.447425
2026040901040191,PCBL,44,58,927,252.0,233604.0,Dynamic Money Managers Securities Pvt. Ltd.,Naasa Securities Co. Ltd.,2026-04-09 14:56:17.447518
2026040901040293,PCBL,39,58,1073,252.0,270396.0,Sumeru Securities Pvt. Ltd.,Naasa Securities Co. Ltd.,2026-04-09 14:56:37.461959
2026040901040294,PCBL,39,19,770,252.0,194040.0,Sumeru Securities Pvt. Ltd.,Nepal Investment And Securities Trading Private Limited,2026-04-09 14:56:37.462362
2026040901040295,PCBL,39,16,101,252.0,25452.0,Sumeru Securities Pvt. Ltd.,Primo Securities (PVT) Ltd.,2026-04-09 14:56:37.462613
2026040901040296,PCBL,39,6,84,252.0,21168.0,Sumeru Securities Pvt. Ltd.,Agrawal Securities (PVT) Ltd.,2026-04-09 14:56:37.462857
2026040901040297,PCBL,39,32,100,252.0,25200.0,Sumeru Securities Pvt. Ltd.,Premier Securities Company Ltd.,2026-04-09 14:56:37.463115
2026040901040298,PCBL,39,57,120,252.0,30240.0,Sumeru Securities Pvt. Ltd.,Aryatara Investment & Securities,2026-04-09 14:56:37.463353
2026040901040299,PCBL,39,46,17,252.0,4284.0,Sumeru Securities Pvt. Ltd.,Kalika Securities Pvt. Ltd.,2026-04-09 14:56:37.463588
2026040901040300,PCBL,39,40,500,252.0,126000.0,Sumeru Securities Pvt. Ltd.,Creative Securities Pvt Ltd,2026-04-09 14:56:37.463818
2026040901040301,PCBL,39,52,500,252.0,126000.0,Sumeru Securities Pvt. Ltd.,Sundhara Securities Limited,2026-04-09 14:56:37.464061
2026040901040302,PCBL,39,58,301,252.0,75852.0,Sumeru Securities Pvt. Ltd.,Naasa Securities Co. Ltd.,2026-04-09 14:56:37.464293
2026040901040303,PCBL,39,49,80,252.0,20160.0,Sumeru Securities Pvt. Ltd.,Online Securities Pvt. Ltd.,2026-04-09 14:56:37.464519
2026040901040304,PCBL,39,45,18,252.0,4536.0,Sumeru Securities Pvt. Ltd.,Imperial Securities Company Pvt. Ltd.,2026-04-09 14:56:37.464745
2026040901040305,PCBL,39,11,40,252.0,10080.0,Sumeru Securities Pvt. Ltd.,Malla & Malla Stock Broking Company Pvt. Limited,2026-04-09 14:56:37.464976
2026040901040306,PCBL,39,54,103,252.0,25956.0,Sumeru Securities Pvt. Ltd.,Sewa Securities Pvt. Ltd.,2026-04-09 14:56:37.465225
2026040901040307,PCBL,39,34,320,252.0,80640.0,Sumeru Securities Pvt. Ltd.,Vision Securities Pvt. Ltd,2026-04-09 14:56:37.465454
2026040901040308,PCBL,39,82,402,252.0,101304.0,Sumeru Securities Pvt. Ltd.,N.M.B. SECURITIES LIMITED,2026-04-09 14:56:37.465678
2026040901040309,PCBL,39,38,500,252.0,126000.0,Sumeru Securities Pvt. Ltd.,Dipshikha Dhitopatra Karobar Co. Pvt Ltd.,2026-04-09 14:56:37.465888
2026040901040310,PCBL,39,53,100,252.0,25200.0,Sumeru Securities Pvt. Ltd.,Investment Management Nepal Pvt. Ltd.,2026-04-09 14:56:37.466126
2026040901040311,PCBL,39,74,500,252.5,126250.0,Sumeru Securities Pvt. Ltd.,KALASH STOCK MARKET PVT. LTD.,2026-04-09 14:56:37.466380
2026040901040312,PCBL,39,38,4000,252.6,1010400.0,Sumeru Securities Pvt. Ltd.,Dipshikha Dhitopatra Karobar Co. Pvt Ltd.,2026-04-09 14:56:37.466609
2026040901040313,PCBL,39,59,300,252.6,75780.0,Sumeru Securities Pvt. Ltd.,Deevyaa Securities & Stock House Pvt. Ltd,2026-04-09 14:56:37.466844
2026040901040314,PCBL,39,26,71,252.7,17941.7,Sumeru Securities Pvt. Ltd.,Asian Securities Private Ltd.,2026-04-09 14:56:37.467085
2026040901040658,PCBL,34,51,100,250.2,25020.0,Vision Securities Pvt. Ltd,Oxford Securities Pvt. Ltd.,2026-04-09 14:57:56.313089
2026040901040934,PCBL,22,42,10,252.4,2524.0,Siprabi Securities Pvt. Ltd.,Sani Securities Company Ltd.,2026-04-09 14:58:45.811058
2026040901041387,PCBL,32,29,100,252.2,25220.0,Premier Securities Company Ltd.,Trisul Securities & Invt. Ltd.,2026-04-09 14:59:47.808469
2026040901041388,PCBL,32,50,199,252.2,50187.8,Premier Securities Company Ltd.,Cristal Kanchanjanga Securites Pvt. Ltd.,2026-04-09 14:59:47.808883
2026040901041389,PCBL,32,28,43,252.2,10844.6,Premier Securities Company Ltd.,Shree Krishna Securities Ltd.,2026-04-09 14:59:47.809160
2026040901041390,PCBL,32,42,50,252.4,12620.0,Premier Securities Company Ltd.,Sani Securities Company Ltd.,2026-04-09 14:59:47.809407
2026040901041391,PCBL,32,57,200,252.5,50500.0,Premier Securities Company Ltd.,Aryatara Investment & Securities,2026-04-09 14:59:47.809703
2026040901041402,PCBL,34,49,50,252.6,12630.0,Vision Securities Pvt. Ltd,Online Securities Pvt. Ltd.,2026-04-09 14:59:48.717062
2026040901041403,PCBL,34,26,29,252.7,7328.3,Vision Securities Pvt. Ltd,Asian Securities Private Ltd.,2026-04-09 14:59:48.717150
2026040901041404,PCBL,34,35,50,252.8,12640.0,Vision Securities Pvt. Ltd,Kohinoor Investment & Securities Pvt. Ltd.,2026-04-09 14:59:48.717214
2026040901041405,PCBL,34,53,500,252.8,126400.0,Vision Securities Pvt. Ltd,Investment Management Nepal Pvt. Ltd.,2026-04-09 14:59:48.717276
2026040901041406,PCBL,34,46,10,252.9,2529.0,Vision Securities Pvt. Ltd,Kalika Securities Pvt. Ltd.,2026-04-09 14:59:48.717350
2026040901041407,PCBL,34,37,41,252.9,10368.9,Vision Securities Pvt. Ltd,Swarna Laxmi Securities Pvt. Ltd.,2026-04-09 14:59:48.717439
2026040901041408,PCBL,34,52,320,252.9,80928.0,Vision Securities Pvt. Ltd,Sundhara Securities Limited,2026-04-09 14:59:48.717525
2026040901041472,PCBL,6,52,500,252.9,126450.0,Agrawal Securities (PVT) Ltd.,Sundhara Securities Limited,2026-04-09 14:59:52.989696
