contractId,stockSymbol,buyerMemberId,sellerMemberId,quantity,price,amount,businessDate,tradeBookId,stockId,buyerBrokerName,sellerBrokerName,transaction_time,securityName
2026040904000359,RADHI,22,53,100,825.0,82500.0,2026-04-09,185672956,2776,Siprabi Securities Pvt. Ltd.,Investment Management Nepal Pvt. Ltd.,2026-04-09 11:06:43.683997,Radhi Bidyut Company Ltd
2026040904000469,RADHI,22,34,100,824.0,82400.0,2026-04-09,185673881,2776,Siprabi Securities Pvt. Ltd.,Vision Securities Pvt. Ltd,2026-04-09 11:08:00.718134,Radhi Bidyut Company Ltd
2026040904000470,RADHI,39,34,500,822.0,411000.0,2026-04-09,185673883,2776,Sumeru Securities Pvt. Ltd.,Vision Securities Pvt. Ltd,2026-04-09 11:08:00.718238,Radhi Bidyut Company Ltd
2026040904000471,RADHI,74,34,57,821.1,46802.7,2026-04-09,185673885,2776,KALASH STOCK MARKET PVT. LTD.,Vision Securities Pvt. Ltd,2026-04-09 11:08:00.718281,Radhi Bidyut Company Ltd
2026040904000472,RADHI,68,34,1000,821.0,821000.0,2026-04-09,185673887,2776,Elite Stock House Limited,Vision Securities Pvt. Ltd,2026-04-09 11:08:00.718335,Radhi Bidyut Company Ltd
2026040904000473,RADHI,34,34,30,820.2,24606.0,2026-04-09,185673889,2776,Vision Securities Pvt. Ltd,Vision Securities Pvt. Ltd,2026-04-09 11:08:00.718378,Radhi Bidyut Company Ltd
2026040904000474,RADHI,34,34,1000,820.1,820100.0,2026-04-09,185673891,2776,Vision Securities Pvt. Ltd,Vision Securities Pvt. Ltd,2026-04-09 11:08:00.718435,Radhi Bidyut Company Ltd
2026040904000475,RADHI,81,34,214,820.0,175480.0,2026-04-09,185673893,2776,Aakashbhairab Securities Ltd.,Vision Securities Pvt. Ltd,2026-04-09 11:08:00.718490,Radhi Bidyut Company Ltd
2026040904000476,RADHI,81,34,500,820.0,410000.0,2026-04-09,185673895,2776,Aakashbhairab Securities Ltd.,Vision Securities Pvt. Ltd,2026-04-09 11:08:00.718530,Radhi Bidyut Company Ltd
2026040904000526,RADHI,45,77,200,818.0,163600.0,2026-04-09,185674219,2776,Imperial Securities Company Pvt. Ltd.,Nabil Stock Dealer Ltd.,2026-04-09 11:08:19.098389,Radhi Bidyut Company Ltd
2026040904000527,RADHI,20,77,1000,817.1,817100.0,2026-04-09,185674221,2776,Sipla Securities Private Limited,Nabil Stock Dealer Ltd.,2026-04-09 11:08:19.098469,Radhi Bidyut Company Ltd
2026040904000528,RADHI,34,77,1050,817.1,857955.0,2026-04-09,185674222,2776,Vision Securities Pvt. Ltd,Nabil Stock Dealer Ltd.,2026-04-09 11:08:19.098503,Radhi Bidyut Company Ltd
2026040904000600,RADHI,19,1,200,819.0,163800.0,2026-04-09,185674979,2776,Nepal Investment And Securities Trading Private Limited,Kumari Securities Private Limited,2026-04-09 11:09:06.150257,Radhi Bidyut Company Ltd
2026040904000651,RADHI,7,77,50,818.0,40900.0,2026-04-09,185675209,2776,J.F. Securites (PVT) Ltd.,Nabil Stock Dealer Ltd.,2026-04-09 11:09:22.882569,Radhi Bidyut Company Ltd
2026040904000652,RADHI,34,77,950,817.1,776245.0,2026-04-09,185675210,2776,Vision Securities Pvt. Ltd,Nabil Stock Dealer Ltd.,2026-04-09 11:09:22.882685,Radhi Bidyut Company Ltd
2026040904000733,RADHI,34,77,20,817.2,16344.0,2026-04-09,185675905,2776,Vision Securities Pvt. Ltd,Nabil Stock Dealer Ltd.,2026-04-09 11:10:03.816869,Radhi Bidyut Company Ltd
2026040904000734,RADHI,20,77,980,817.2,800856.0,2026-04-09,185675906,2776,Sipla Securities Private Limited,Nabil Stock Dealer Ltd.,2026-04-09 11:10:03.816983,Radhi Bidyut Company Ltd
2026040904001813,RADHI,95,34,100,826.0,82600.0,2026-04-09,185686659,2776,Magnet Securities and Investment Company Private Limited,Vision Securities Pvt. Ltd,2026-04-09 11:21:54.331018,Radhi Bidyut Company Ltd
2026040904001975,RADHI,38,34,600,826.0,495600.0,2026-04-09,185687973,2776,Dipshikha Dhitopatra Karobar Co. Pvt Ltd.,Vision Securities Pvt. Ltd,2026-04-09 11:23:26.525887,Radhi Bidyut Company Ltd
2026040904002331,RADHI,39,34,500,820.0,410000.0,2026-04-09,185691257,2776,Sumeru Securities Pvt. Ltd.,Vision Securities Pvt. Ltd,2026-04-09 11:27:38.142597,Radhi Bidyut Company Ltd
2026040904002343,RADHI,54,34,100,820.0,82000.0,2026-04-09,185691431,2776,Sewa Securities Pvt. Ltd.,Vision Securities Pvt. Ltd,2026-04-09 11:27:45.427591,Radhi Bidyut Company Ltd
2026040904002381,RADHI,59,53,200,820.0,164000.0,2026-04-09,185691767,2776,Deevyaa Securities & Stock House Pvt. Ltd,Investment Management Nepal Pvt. Ltd.,2026-04-09 11:28:19.280677,Radhi Bidyut Company Ltd
2026040904002382,RADHI,51,53,100,820.0,82000.0,2026-04-09,185691768,2776,Oxford Securities Pvt. Ltd.,Investment Management Nepal Pvt. Ltd.,2026-04-09 11:28:19.280802,Radhi Bidyut Company Ltd
2026040904002589,RADHI,58,34,500,824.0,412000.0,2026-04-09,185693461,2776,Naasa Securities Co. Ltd.,Vision Securities Pvt. Ltd,2026-04-09 11:31:12.086054,Radhi Bidyut Company Ltd
2026040904003276,RADHI,81,53,110,826.9,90959.0,2026-04-09,185698766,2776,Aakashbhairab Securities Ltd.,Investment Management Nepal Pvt. Ltd.,2026-04-09 11:37:21.708109,Radhi Bidyut Company Ltd
2026040904003277,RADHI,81,7,10,827.0,8270.0,2026-04-09,185698768,2776,Aakashbhairab Securities Ltd.,J.F. Securites (PVT) Ltd.,2026-04-09 11:37:21.708360,Radhi Bidyut Company Ltd
2026040904003278,RADHI,81,53,180,829.8,149364.0,2026-04-09,185698771,2776,Aakashbhairab Securities Ltd.,Investment Management Nepal Pvt. Ltd.,2026-04-09 11:37:21.708515,Radhi Bidyut Company Ltd
2026040904003329,RADHI,36,53,20,829.8,16596.0,2026-04-09,185699094,2776,Secured Securities Ltd.,Investment Management Nepal Pvt. Ltd.,2026-04-09 11:37:49.409818,Radhi Bidyut Company Ltd
2026040904003369,RADHI,8,34,250,829.9,207475.0,2026-04-09,185699245,2776,Brilliant Securities Pvt. Ltd.,Vision Securities Pvt. Ltd,2026-04-09 11:37:58.390208,Radhi Bidyut Company Ltd
2026040904003436,RADHI,8,34,20,829.9,16598.0,2026-04-09,185699959,2776,Brilliant Securities Pvt. Ltd.,Vision Securities Pvt. Ltd,2026-04-09 11:38:49.219109,Radhi Bidyut Company Ltd
2026040904003474,RADHI,36,57,30,829.8,24894.0,2026-04-09,185700229,2776,Secured Securities Ltd.,Aryatara Investment & Securities,2026-04-09 11:39:05.692398,Radhi Bidyut Company Ltd
2026040904003583,RADHI,51,39,5,820.0,4100.0,2026-04-09,185701288,2776,Oxford Securities Pvt. Ltd.,Sumeru Securities Pvt. Ltd.,2026-04-09 11:40:24.385276,Radhi Bidyut Company Ltd
2026040904003681,RADHI,58,53,100,827.0,82700.0,2026-04-09,185702214,2776,Naasa Securities Co. Ltd.,Investment Management Nepal Pvt. Ltd.,2026-04-09 11:41:29.802236,Radhi Bidyut Company Ltd
2026040904003682,RADHI,58,53,100,827.0,82700.0,2026-04-09,185702216,2776,Naasa Securities Co. Ltd.,Investment Management Nepal Pvt. Ltd.,2026-04-09 11:41:29.802516,Radhi Bidyut Company Ltd
2026040904003683,RADHI,58,39,5000,828.0,4140000.0,2026-04-09,185702218,2776,Naasa Securities Co. Ltd.,Sumeru Securities Pvt. Ltd.,2026-04-09 11:41:29.802674,Radhi Bidyut Company Ltd
2026040904003684,RADHI,58,4,75,828.0,62100.0,2026-04-09,185702220,2776,Naasa Securities Co. Ltd.,Opal Securities Investment (PVT) Ltd.,2026-04-09 11:41:29.802813,Radhi Bidyut Company Ltd
2026040904003685,RADHI,58,34,300,828.9,248670.0,2026-04-09,185702264,2776,Naasa Securities Co. Ltd.,Vision Securities Pvt. Ltd,2026-04-09 11:41:29.802952,Radhi Bidyut Company Ltd
2026040904003686,RADHI,58,57,1070,829.0,887030.0,2026-04-09,185702266,2776,Naasa Securities Co. Ltd.,Aryatara Investment & Securities,2026-04-09 11:41:29.803096,Radhi Bidyut Company Ltd
2026040904003687,RADHI,58,34,30,829.9,24897.0,2026-04-09,185702268,2776,Naasa Securities Co. Ltd.,Vision Securities Pvt. Ltd,2026-04-09 11:41:29.803238,Radhi Bidyut Company Ltd
2026040904003688,RADHI,58,45,500,830.0,415000.0,2026-04-09,185702270,2776,Naasa Securities Co. Ltd.,Imperial Securities Company Pvt. Ltd.,2026-04-09 11:41:29.803396,Radhi Bidyut Company Ltd
2026040904003689,RADHI,58,21,50,830.0,41500.0,2026-04-09,185702272,2776,Naasa Securities Co. Ltd.,Midas Stock Broking Company Private Limited,2026-04-09 11:41:29.803539,Radhi Bidyut Company Ltd
2026040904003690,RADHI,58,4,456,830.0,378480.0,2026-04-09,185702274,2776,Naasa Securities Co. Ltd.,Opal Securities Investment (PVT) Ltd.,2026-04-09 11:41:29.803683,Radhi Bidyut Company Ltd
2026040904003749,RADHI,86,54,28,833.0,23324.0,2026-04-09,185702940,2776,Stoxkarts Securities Limited,Sewa Securities Pvt. Ltd.,2026-04-09 11:42:25.258108,Radhi Bidyut Company Ltd
2026040904003750,RADHI,86,74,500,833.5,416750.0,2026-04-09,185702942,2776,Stoxkarts Securities Limited,KALASH STOCK MARKET PVT. LTD.,2026-04-09 11:42:25.258196,Radhi Bidyut Company Ltd
2026040904003751,RADHI,86,16,500,834.5,417250.0,2026-04-09,185702944,2776,Stoxkarts Securities Limited,Primo Securities (PVT) Ltd.,2026-04-09 11:42:25.258284,Radhi Bidyut Company Ltd
2026040904003752,RADHI,86,39,2000,834.9,1669800.0,2026-04-09,185702946,2776,Stoxkarts Securities Limited,Sumeru Securities Pvt. Ltd.,2026-04-09 11:42:25.258380,Radhi Bidyut Company Ltd
2026040904003753,RADHI,86,16,1972,835.0,1646620.0,2026-04-09,185702949,2776,Stoxkarts Securities Limited,Primo Securities (PVT) Ltd.,2026-04-09 11:42:25.258444,Radhi Bidyut Company Ltd
2026040904004043,RADHI,53,16,28,835.0,23380.0,2026-04-09,185705190,2776,Investment Management Nepal Pvt. Ltd.,Primo Securities (PVT) Ltd.,2026-04-09 11:44:52.930170,Radhi Bidyut Company Ltd
2026040904004044,RADHI,53,40,472,838.9,395960.8,2026-04-09,185705193,2776,Investment Management Nepal Pvt. Ltd.,Creative Securities Pvt Ltd,2026-04-09 11:44:52.930426,Radhi Bidyut Company Ltd
2026040904004670,RADHI,34,81,500,835.0,417500.0,2026-04-09,185709441,2776,Vision Securities Pvt. Ltd,Aakashbhairab Securities Ltd.,2026-04-09 11:49:00.817403,Radhi Bidyut Company Ltd
2026040904004795,RADHI,58,65,14,838.8,11743.2,2026-04-09,185710241,2776,Naasa Securities Co. Ltd.,Sharepro Securities Private Limited,2026-04-09 11:49:53.110669,Radhi Bidyut Company Ltd
2026040904004975,RADHI,26,65,186,838.8,156016.8,2026-04-09,185711646,2776,Asian Securities Private Ltd.,Sharepro Securities Private Limited,2026-04-09 11:51:27.452992,Radhi Bidyut Company Ltd
2026040904004976,RADHI,26,53,100,838.8,83880.0,2026-04-09,185711648,2776,Asian Securities Private Ltd.,Investment Management Nepal Pvt. Ltd.,2026-04-09 11:51:27.453220,Radhi Bidyut Company Ltd
2026040904004977,RADHI,26,53,94,838.8,78847.2,2026-04-09,185711651,2776,Asian Securities Private Ltd.,Investment Management Nepal Pvt. Ltd.,2026-04-09 11:51:27.453276,Radhi Bidyut Company Ltd
2026040904005032,RADHI,50,40,78,838.9,65434.2,2026-04-09,185712076,2776,Cristal Kanchanjanga Securites Pvt. Ltd.,Creative Securities Pvt Ltd,2026-04-09 11:51:59.045942,Radhi Bidyut Company Ltd
2026040904005033,RADHI,50,81,122,838.9,102345.8,2026-04-09,185712079,2776,Cristal Kanchanjanga Securites Pvt. Ltd.,Aakashbhairab Securities Ltd.,2026-04-09 11:51:59.046215,Radhi Bidyut Company Ltd
2026040904005122,RADHI,38,81,378,838.9,317104.2,2026-04-09,185712596,2776,Dipshikha Dhitopatra Karobar Co. Pvt Ltd.,Aakashbhairab Securities Ltd.,2026-04-09 11:52:24.621067,Radhi Bidyut Company Ltd
2026040904005123,RADHI,38,81,122,839.0,102358.0,2026-04-09,185712599,2776,Dipshikha Dhitopatra Karobar Co. Pvt Ltd.,Aakashbhairab Securities Ltd.,2026-04-09 11:52:24.621357,Radhi Bidyut Company Ltd
2026040904005237,RADHI,43,81,378,839.0,317142.0,2026-04-09,185713242,2776,South Asian Bulls Pvt. Ltd.,Aakashbhairab Securities Ltd.,2026-04-09 11:53:01.893703,Radhi Bidyut Company Ltd
2026040904005238,RADHI,43,39,122,839.0,102358.0,2026-04-09,185713245,2776,South Asian Bulls Pvt. Ltd.,Sumeru Securities Pvt. Ltd.,2026-04-09 11:53:01.893885,Radhi Bidyut Company Ltd
2026040904005299,RADHI,38,39,1000,839.0,839000.0,2026-04-09,185713695,2776,Dipshikha Dhitopatra Karobar Co. Pvt Ltd.,Sumeru Securities Pvt. Ltd.,2026-04-09 11:53:29.867266,Radhi Bidyut Company Ltd
2026040904005385,RADHI,43,39,90,839.0,75510.0,2026-04-09,185714385,2776,South Asian Bulls Pvt. Ltd.,Sumeru Securities Pvt. Ltd.,2026-04-09 11:54:11.400583,Radhi Bidyut Company Ltd
2026040904005449,RADHI,34,16,200,838.0,167600.0,2026-04-09,185714733,2776,Vision Securities Pvt. Ltd,Primo Securities (PVT) Ltd.,2026-04-09 11:54:32.952751,Radhi Bidyut Company Ltd
2026040904005536,RADHI,42,21,50,837.0,41850.0,2026-04-09,185715373,2776,Sani Securities Company Ltd.,Midas Stock Broking Company Private Limited,2026-04-09 11:55:09.188442,Radhi Bidyut Company Ltd
2026040904005537,RADHI,60,21,450,837.0,376650.0,2026-04-09,185715374,2776,Nagarik Stock Dealer ,Midas Stock Broking Company Private Limited,2026-04-09 11:55:09.188625,Radhi Bidyut Company Ltd
2026040904005538,RADHI,60,91,50,837.0,41850.0,2026-04-09,185715381,2776,Nagarik Stock Dealer ,Citizens Share Broker Limited,2026-04-09 11:55:09.859789,Radhi Bidyut Company Ltd
2026040904005539,RADHI,19,91,50,837.0,41850.0,2026-04-09,185715382,2776,Nepal Investment And Securities Trading Private Limited,Citizens Share Broker Limited,2026-04-09 11:55:09.860037,Radhi Bidyut Company Ltd
2026040904005577,RADHI,38,16,95,838.0,79610.0,2026-04-09,185715681,2776,Dipshikha Dhitopatra Karobar Co. Pvt Ltd.,Primo Securities (PVT) Ltd.,2026-04-09 11:55:24.101620,Radhi Bidyut Company Ltd
2026040904005656,RADHI,19,13,10,837.0,8370.0,2026-04-09,185716174,2776,Nepal Investment And Securities Trading Private Limited,Thrive Brokerage House Pvt. Ltd,2026-04-09 11:55:50.494155,Radhi Bidyut Company Ltd
2026040904005743,RADHI,19,70,90,837.0,75330.0,2026-04-09,185716821,2776,Nepal Investment And Securities Trading Private Limited,Infinity Securities Limited,2026-04-09 11:56:18.718761,Radhi Bidyut Company Ltd
2026040904005744,RADHI,64,70,1910,836.2,1597142.0,2026-04-09,185716822,2776,SUN SECURITIES PVT LTD,Infinity Securities Limited,2026-04-09 11:56:18.718895,Radhi Bidyut Company Ltd
2026040904005769,RADHI,64,81,90,836.2,75258.0,2026-04-09,185716965,2776,SUN SECURITIES PVT LTD,Aakashbhairab Securities Ltd.,2026-04-09 11:56:26.062930,Radhi Bidyut Company Ltd
2026040904005770,RADHI,44,81,410,836.2,342842.0,2026-04-09,185716966,2776,Dynamic Money Managers Securities Pvt. Ltd.,Aakashbhairab Securities Ltd.,2026-04-09 11:56:26.063131,Radhi Bidyut Company Ltd
2026040904005824,RADHI,44,54,75,836.2,62715.0,2026-04-09,185717318,2776,Dynamic Money Managers Securities Pvt. Ltd.,Sewa Securities Pvt. Ltd.,2026-04-09 11:56:43.953814,Radhi Bidyut Company Ltd
2026040904005854,RADHI,44,45,15,836.2,12543.0,2026-04-09,185717481,2776,Dynamic Money Managers Securities Pvt. Ltd.,Imperial Securities Company Pvt. Ltd.,2026-04-09 11:56:48.328065,Radhi Bidyut Company Ltd
2026040904005940,RADHI,34,81,200,833.3,166660.0,2026-04-09,185718004,2776,Vision Securities Pvt. Ltd,Aakashbhairab Securities Ltd.,2026-04-09 11:57:11.311333,Radhi Bidyut Company Ltd
2026040904006014,RADHI,34,71,300,833.3,249990.0,2026-04-09,185718496,2776,Vision Securities Pvt. Ltd,SHUBHAKAMANA SECURITIES PVT. LTD,2026-04-09 11:57:42.638562,Radhi Bidyut Company Ltd
2026040904006260,RADHI,33,45,500,832.0,416000.0,2026-04-09,185720229,2776,Dakshinkali Investment & Securities Pvt. Ltd.,Imperial Securities Company Pvt. Ltd.,2026-04-09 11:59:33.978527,Radhi Bidyut Company Ltd
2026040904006291,RADHI,26,72,10,831.2,8312.0,2026-04-09,185720592,2776,Asian Securities Private Ltd.,Hatemalo Financial Services Private Limited,2026-04-09 11:59:58.829365,Radhi Bidyut Company Ltd
2026040904006305,RADHI,26,59,490,831.2,407288.0,2026-04-09,185720705,2776,Asian Securities Private Ltd.,Deevyaa Securities & Stock House Pvt. Ltd,2026-04-09 12:00:10.440305,Radhi Bidyut Company Ltd
2026040904006306,RADHI,32,59,10,831.0,8310.0,2026-04-09,185720706,2776,Premier Securities Company Ltd.,Deevyaa Securities & Stock House Pvt. Ltd,2026-04-09 12:00:10.440515,Radhi Bidyut Company Ltd
2026040904006329,RADHI,32,86,190,831.0,157890.0,2026-04-09,185720859,2776,Premier Securities Company Ltd.,Stoxkarts Securities Limited,2026-04-09 12:00:23.353702,Radhi Bidyut Company Ltd
2026040904006403,RADHI,32,86,110,831.0,91410.0,2026-04-09,185721496,2776,Premier Securities Company Ltd.,Stoxkarts Securities Limited,2026-04-09 12:01:05.608515,Radhi Bidyut Company Ltd
2026040904006436,RADHI,32,74,200,831.0,166200.0,2026-04-09,185721880,2776,Premier Securities Company Ltd.,KALASH STOCK MARKET PVT. LTD.,2026-04-09 12:01:32.262751,Radhi Bidyut Company Ltd
2026040904006519,RADHI,4,8,500,831.9,415950.0,2026-04-09,185722444,2776,Opal Securities Investment (PVT) Ltd.,Brilliant Securities Pvt. Ltd.,2026-04-09 12:02:18.901452,Radhi Bidyut Company Ltd
2026040904006533,RADHI,4,45,500,832.0,416000.0,2026-04-09,185722593,2776,Opal Securities Investment (PVT) Ltd.,Imperial Securities Company Pvt. Ltd.,2026-04-09 12:02:32.066369,Radhi Bidyut Company Ltd
2026040904006536,RADHI,16,45,500,832.0,416000.0,2026-04-09,185722622,2776,Primo Securities (PVT) Ltd.,Imperial Securities Company Pvt. Ltd.,2026-04-09 12:02:33.708082,Radhi Bidyut Company Ltd
2026040904006551,RADHI,60,45,10,832.0,8320.0,2026-04-09,185722859,2776,Nagarik Stock Dealer ,Imperial Securities Company Pvt. Ltd.,2026-04-09 12:02:52.941418,Radhi Bidyut Company Ltd
2026040904006566,RADHI,32,45,200,832.0,166400.0,2026-04-09,185723001,2776,Premier Securities Company Ltd.,Imperial Securities Company Pvt. Ltd.,2026-04-09 12:03:05.972949,Radhi Bidyut Company Ltd
2026040904006610,RADHI,64,45,200,832.0,166400.0,2026-04-09,185723419,2776,SUN SECURITIES PVT LTD,Imperial Securities Company Pvt. Ltd.,2026-04-09 12:03:38.071161,Radhi Bidyut Company Ltd
2026040904006678,RADHI,34,16,4,820.0,3280.0,2026-04-09,185723929,2776,Vision Securities Pvt. Ltd,Primo Securities (PVT) Ltd.,2026-04-09 12:04:23.201915,Radhi Bidyut Company Ltd
2026040904007064,RADHI,32,45,90,831.0,74790.0,2026-04-09,185726026,2776,Premier Securities Company Ltd.,Imperial Securities Company Pvt. Ltd.,2026-04-09 12:07:05.220996,Radhi Bidyut Company Ltd
2026040904007179,RADHI,58,97,52,830.0,43160.0,2026-04-09,185726871,2776,Naasa Securities Co. Ltd.,R.B.B. Securities Company Ltd,2026-04-09 12:08:09.313180,Radhi Bidyut Company Ltd
2026040904007180,RADHI,58,97,150,829.0,124350.0,2026-04-09,185726873,2776,Naasa Securities Co. Ltd.,R.B.B. Securities Company Ltd,2026-04-09 12:08:09.313405,Radhi Bidyut Company Ltd
2026040904007181,RADHI,32,97,600,827.4,496440.0,2026-04-09,185726875,2776,Premier Securities Company Ltd.,R.B.B. Securities Company Ltd,2026-04-09 12:08:09.313473,Radhi Bidyut Company Ltd
2026040904007182,RADHI,45,97,100,827.3,82730.0,2026-04-09,185726877,2776,Imperial Securities Company Pvt. Ltd.,R.B.B. Securities Company Ltd,2026-04-09 12:08:09.313535,Radhi Bidyut Company Ltd
2026040904007183,RADHI,64,97,98,827.2,81065.6,2026-04-09,185726878,2776,SUN SECURITIES PVT LTD,R.B.B. Securities Company Ltd,2026-04-09 12:08:09.313595,Radhi Bidyut Company Ltd
2026040904008010,RADHI,58,36,13,829.0,10777.0,2026-04-09,185734098,2776,Naasa Securities Co. Ltd.,Secured Securities Ltd.,2026-04-09 12:16:19.086870,Radhi Bidyut Company Ltd
2026040904008598,RADHI,42,34,85,831.0,70635.0,2026-04-09,185738327,2776,Sani Securities Company Ltd.,Vision Securities Pvt. Ltd,2026-04-09 12:21:03.815777,Radhi Bidyut Company Ltd
2026040904008599,RADHI,70,34,15,830.1,12451.5,2026-04-09,185738328,2776,Infinity Securities Limited,Vision Securities Pvt. Ltd,2026-04-09 12:21:03.815931,Radhi Bidyut Company Ltd
2026040904008903,RADHI,34,14,10,835.0,8350.0,2026-04-09,185741057,2776,Vision Securities Pvt. Ltd,Nepal Stock House (PVT) Ltd.,2026-04-09 12:24:10.546480,Radhi Bidyut Company Ltd
2026040904009199,RADHI,18,14,490,835.0,409150.0,2026-04-09,185744100,2776,Sagarmatha Securities Private Limited,Nepal Stock House (PVT) Ltd.,2026-04-09 12:27:52.620270,Radhi Bidyut Company Ltd
2026040904009200,RADHI,18,42,10,835.0,8350.0,2026-04-09,185744105,2776,Sagarmatha Securities Private Limited,Sani Securities Company Ltd.,2026-04-09 12:27:52.620694,Radhi Bidyut Company Ltd
2026040904009254,RADHI,58,42,190,835.0,158650.0,2026-04-09,185744560,2776,Naasa Securities Co. Ltd.,Sani Securities Company Ltd.,2026-04-09 12:28:27.517609,Radhi Bidyut Company Ltd
2026040904009255,RADHI,58,34,50,835.0,41750.0,2026-04-09,185744562,2776,Naasa Securities Co. Ltd.,Vision Securities Pvt. Ltd,2026-04-09 12:28:27.517803,Radhi Bidyut Company Ltd
2026040904009256,RADHI,58,65,100,836.0,83600.0,2026-04-09,185744564,2776,Naasa Securities Co. Ltd.,Sharepro Securities Private Limited,2026-04-09 12:28:27.517869,Radhi Bidyut Company Ltd
2026040904009257,RADHI,58,21,500,836.1,418050.0,2026-04-09,185744567,2776,Naasa Securities Co. Ltd.,Midas Stock Broking Company Private Limited,2026-04-09 12:28:27.517932,Radhi Bidyut Company Ltd
2026040904009375,RADHI,40,81,500,837.0,418500.0,2026-04-09,185745452,2776,Creative Securities Pvt Ltd,Aakashbhairab Securities Ltd.,2026-04-09 12:29:28.466564,Radhi Bidyut Company Ltd
2026040904009376,RADHI,40,8,500,837.9,418950.0,2026-04-09,185745454,2776,Creative Securities Pvt Ltd,Brilliant Securities Pvt. Ltd.,2026-04-09 12:29:28.466792,Radhi Bidyut Company Ltd
2026040904009377,RADHI,40,16,1000,838.0,838000.0,2026-04-09,185745457,2776,Creative Securities Pvt Ltd,Primo Securities (PVT) Ltd.,2026-04-09 12:29:28.466860,Radhi Bidyut Company Ltd
2026040904009392,RADHI,83,16,205,838.0,171790.0,2026-04-09,185745692,2776,Sanima Securities Limited,Primo Securities (PVT) Ltd.,2026-04-09 12:29:43.651390,Radhi Bidyut Company Ltd
2026040904009393,RADHI,83,39,788,839.0,661132.0,2026-04-09,185745694,2776,Sanima Securities Limited,Sumeru Securities Pvt. Ltd.,2026-04-09 12:29:43.651699,Radhi Bidyut Company Ltd
2026040904009394,RADHI,83,74,500,839.0,419500.0,2026-04-09,185745696,2776,Sanima Securities Limited,KALASH STOCK MARKET PVT. LTD.,2026-04-09 12:29:43.651891,Radhi Bidyut Company Ltd
2026040904009466,RADHI,43,99,150,839.9,125985.0,2026-04-09,185746226,2776,South Asian Bulls Pvt. Ltd.,Prabhu Stock Market Limited,2026-04-09 12:30:12.254137,Radhi Bidyut Company Ltd
2026040904009467,RADHI,43,57,22,839.9,18477.8,2026-04-09,185746228,2776,South Asian Bulls Pvt. Ltd.,Aryatara Investment & Securities,2026-04-09 12:30:12.254304,Radhi Bidyut Company Ltd
2026040904009468,RADHI,43,16,1018,840.0,855120.0,2026-04-09,185746231,2776,South Asian Bulls Pvt. Ltd.,Primo Securities (PVT) Ltd.,2026-04-09 12:30:12.254411,Radhi Bidyut Company Ltd
2026040904009498,RADHI,83,81,100,839.0,83900.0,2026-04-09,185746412,2776,Sanima Securities Limited,Aakashbhairab Securities Ltd.,2026-04-09 12:30:26.191146,Radhi Bidyut Company Ltd
2026040904010067,RADHI,38,38,2,823.0,1646.0,2026-04-09,185750626,2776,Dipshikha Dhitopatra Karobar Co. Pvt Ltd.,Dipshikha Dhitopatra Karobar Co. Pvt Ltd.,2026-04-09 12:35:05.166093,Radhi Bidyut Company Ltd
2026040904010319,RADHI,70,5,43,834.0,35862.0,2026-04-09,185752434,2776,Infinity Securities Limited,Market Securities & Exchange (PVT) Ltd.,2026-04-09 12:37:26.632102,Radhi Bidyut Company Ltd
2026040904010367,RADHI,64,16,250,833.1,208275.0,2026-04-09,185752794,2776,SUN SECURITIES PVT LTD,Primo Securities (PVT) Ltd.,2026-04-09 12:37:49.009896,Radhi Bidyut Company Ltd
2026040904010923,RADHI,38,6,400,834.1,333640.0,2026-04-09,185757335,2776,Dipshikha Dhitopatra Karobar Co. Pvt Ltd.,Agrawal Securities (PVT) Ltd.,2026-04-09 12:43:32.642988,Radhi Bidyut Company Ltd
2026040904010924,RADHI,81,6,200,834.0,166800.0,2026-04-09,185757336,2776,Aakashbhairab Securities Ltd.,Agrawal Securities (PVT) Ltd.,2026-04-09 12:43:32.643177,Radhi Bidyut Company Ltd
2026040904011037,RADHI,32,33,150,837.7,125655.0,2026-04-09,185758014,2776,Premier Securities Company Ltd.,Dakshinkali Investment & Securities Pvt. Ltd.,2026-04-09 12:44:33.568147,Radhi Bidyut Company Ltd
2026040904011038,RADHI,32,74,200,837.8,167560.0,2026-04-09,185758016,2776,Premier Securities Company Ltd.,KALASH STOCK MARKET PVT. LTD.,2026-04-09 12:44:33.568385,Radhi Bidyut Company Ltd
2026040904011039,RADHI,32,52,10,838.0,8380.0,2026-04-09,185758018,2776,Premier Securities Company Ltd.,Sundhara Securities Limited,2026-04-09 12:44:33.568461,Radhi Bidyut Company Ltd
2026040904011040,RADHI,32,13,10,838.0,8380.0,2026-04-09,185758020,2776,Premier Securities Company Ltd.,Thrive Brokerage House Pvt. Ltd,2026-04-09 12:44:33.568529,Radhi Bidyut Company Ltd
2026040904011041,RADHI,32,74,100,838.0,83800.0,2026-04-09,185758022,2776,Premier Securities Company Ltd.,KALASH STOCK MARKET PVT. LTD.,2026-04-09 12:44:33.568594,Radhi Bidyut Company Ltd
2026040904011042,RADHI,32,14,200,838.0,167600.0,2026-04-09,185758024,2776,Premier Securities Company Ltd.,Nepal Stock House (PVT) Ltd.,2026-04-09 12:44:33.568683,Radhi Bidyut Company Ltd
2026040904011043,RADHI,32,57,500,838.0,419000.0,2026-04-09,185758026,2776,Premier Securities Company Ltd.,Aryatara Investment & Securities,2026-04-09 12:44:33.568749,Radhi Bidyut Company Ltd
2026040904011044,RADHI,32,21,1330,838.0,1114540.0,2026-04-09,185758029,2776,Premier Securities Company Ltd.,Midas Stock Broking Company Private Limited,2026-04-09 12:44:33.568829,Radhi Bidyut Company Ltd
2026040904011289,RADHI,18,74,100,837.9,83790.0,2026-04-09,185763563,2776,Sagarmatha Securities Private Limited,KALASH STOCK MARKET PVT. LTD.,2026-04-09 12:47:59.470399,Radhi Bidyut Company Ltd
2026040904011337,RADHI,18,21,170,838.0,142460.0,2026-04-09,185764110,2776,Sagarmatha Securities Private Limited,Midas Stock Broking Company Private Limited,2026-04-09 12:48:42.992129,Radhi Bidyut Company Ltd
2026040904011338,RADHI,18,6,70,838.0,58660.0,2026-04-09,185764112,2776,Sagarmatha Securities Private Limited,Agrawal Securities (PVT) Ltd.,2026-04-09 12:48:42.992347,Radhi Bidyut Company Ltd
2026040904011339,RADHI,18,65,260,838.0,217880.0,2026-04-09,185764115,2776,Sagarmatha Securities Private Limited,Sharepro Securities Private Limited,2026-04-09 12:48:42.992465,Radhi Bidyut Company Ltd
2026040904011772,RADHI,88,65,100,838.0,83800.0,2026-04-09,185767647,2776,Blue Chip Securities Ltd,Sharepro Securities Private Limited,2026-04-09 12:53:27.903248,Radhi Bidyut Company Ltd
2026040904011828,RADHI,81,34,200,836.0,167200.0,2026-04-09,185768108,2776,Aakashbhairab Securities Ltd.,Vision Securities Pvt. Ltd,2026-04-09 12:54:07.873181,Radhi Bidyut Company Ltd
2026040904011878,RADHI,81,99,600,836.0,501600.0,2026-04-09,185768415,2776,Aakashbhairab Securities Ltd.,Prabhu Stock Market Limited,2026-04-09 12:54:35.927354,Radhi Bidyut Company Ltd
2026040904011879,RADHI,32,99,500,835.0,417500.0,2026-04-09,185768417,2776,Premier Securities Company Ltd.,Prabhu Stock Market Limited,2026-04-09 12:54:35.927711,Radhi Bidyut Company Ltd
2026040904011930,RADHI,25,99,200,835.0,167000.0,2026-04-09,185768724,2776,Sweta Securities Private Limited,Prabhu Stock Market Limited,2026-04-09 12:55:03.571677,Radhi Bidyut Company Ltd
2026040904012347,RADHI,60,99,500,837.0,418500.0,2026-04-09,185773566,2776,Nagarik Stock Dealer ,Prabhu Stock Market Limited,2026-04-09 12:59:43.264378,Radhi Bidyut Company Ltd
2026040904012348,RADHI,60,13,20,837.9,16758.0,2026-04-09,185773568,2776,Nagarik Stock Dealer ,Thrive Brokerage House Pvt. Ltd,2026-04-09 12:59:43.264707,Radhi Bidyut Company Ltd
2026040904012349,RADHI,60,65,140,838.0,117320.0,2026-04-09,185773570,2776,Nagarik Stock Dealer ,Sharepro Securities Private Limited,2026-04-09 12:59:43.264918,Radhi Bidyut Company Ltd
2026040904012350,RADHI,60,17,10,838.0,8380.0,2026-04-09,185773572,2776,Nagarik Stock Dealer ,ABC Securities Private Limited,2026-04-09 12:59:43.265112,Radhi Bidyut Company Ltd
2026040904012351,RADHI,60,14,690,838.0,578220.0,2026-04-09,185773575,2776,Nagarik Stock Dealer ,Nepal Stock House (PVT) Ltd.,2026-04-09 12:59:43.265333,Radhi Bidyut Company Ltd
2026040904012706,RADHI,86,14,310,838.0,259780.0,2026-04-09,185776784,2776,Stoxkarts Securities Limited,Nepal Stock House (PVT) Ltd.,2026-04-09 13:03:19.441739,Radhi Bidyut Company Ltd
2026040904012707,RADHI,86,8,500,838.9,419450.0,2026-04-09,185776786,2776,Stoxkarts Securities Limited,Brilliant Securities Pvt. Ltd.,2026-04-09 13:03:19.442077,Radhi Bidyut Company Ltd
2026040904012708,RADHI,86,57,500,839.0,419500.0,2026-04-09,185776788,2776,Stoxkarts Securities Limited,Aryatara Investment & Securities,2026-04-09 13:03:19.442290,Radhi Bidyut Company Ltd
2026040904012709,RADHI,86,80,200,839.9,167980.0,2026-04-09,185776790,2776,Stoxkarts Securities Limited,Indira securities pvt. ltd,2026-04-09 13:03:19.442514,Radhi Bidyut Company Ltd
2026040904012710,RADHI,86,8,500,839.9,419950.0,2026-04-09,185776792,2776,Stoxkarts Securities Limited,Brilliant Securities Pvt. Ltd.,2026-04-09 13:03:19.442710,Radhi Bidyut Company Ltd
2026040904012711,RADHI,86,8,500,839.9,419950.0,2026-04-09,185776794,2776,Stoxkarts Securities Limited,Brilliant Securities Pvt. Ltd.,2026-04-09 13:03:19.442899,Radhi Bidyut Company Ltd
2026040904012712,RADHI,86,16,982,840.0,824880.0,2026-04-09,185776796,2776,Stoxkarts Securities Limited,Primo Securities (PVT) Ltd.,2026-04-09 13:03:19.443096,Radhi Bidyut Company Ltd
2026040904012797,RADHI,75,36,100,840.0,84000.0,2026-04-09,185777722,2776,N.I.M.B. Stock Markets Limited,Secured Securities Ltd.,2026-04-09 13:04:27.069834,Radhi Bidyut Company Ltd
2026040904012798,RADHI,75,42,200,840.0,168000.0,2026-04-09,185777724,2776,N.I.M.B. Stock Markets Limited,Sani Securities Company Ltd.,2026-04-09 13:04:27.070048,Radhi Bidyut Company Ltd
2026040904012799,RADHI,75,52,13,840.0,10920.0,2026-04-09,185777726,2776,N.I.M.B. Stock Markets Limited,Sundhara Securities Limited,2026-04-09 13:04:27.070120,Radhi Bidyut Company Ltd
2026040904012800,RADHI,75,86,1500,840.0,1260000.0,2026-04-09,185777728,2776,N.I.M.B. Stock Markets Limited,Stoxkarts Securities Limited,2026-04-09 13:04:27.070188,Radhi Bidyut Company Ltd
2026040904012801,RADHI,75,13,10,840.0,8400.0,2026-04-09,185777730,2776,N.I.M.B. Stock Markets Limited,Thrive Brokerage House Pvt. Ltd,2026-04-09 13:04:27.070256,Radhi Bidyut Company Ltd
2026040904012802,RADHI,75,39,500,840.0,420000.0,2026-04-09,185777732,2776,N.I.M.B. Stock Markets Limited,Sumeru Securities Pvt. Ltd.,2026-04-09 13:04:27.070331,Radhi Bidyut Company Ltd
2026040904012803,RADHI,75,58,100,840.0,84000.0,2026-04-09,185777734,2776,N.I.M.B. Stock Markets Limited,Naasa Securities Co. Ltd.,2026-04-09 13:04:27.070399,Radhi Bidyut Company Ltd
2026040904012804,RADHI,75,4,500,840.0,420000.0,2026-04-09,185777736,2776,N.I.M.B. Stock Markets Limited,Opal Securities Investment (PVT) Ltd.,2026-04-09 13:04:27.070467,Radhi Bidyut Company Ltd
2026040904012883,RADHI,75,81,75,840.0,63000.0,2026-04-09,185778560,2776,N.I.M.B. Stock Markets Limited,Aakashbhairab Securities Ltd.,2026-04-09 13:05:30.662188,Radhi Bidyut Company Ltd
2026040904013057,RADHI,49,39,10,840.0,8400.0,2026-04-09,185780063,2776,Online Securities Pvt. Ltd.,Sumeru Securities Pvt. Ltd.,2026-04-09 13:07:29.748881,Radhi Bidyut Company Ltd
2026040904013263,RADHI,42,39,90,840.0,75600.0,2026-04-09,185781720,2776,Sani Securities Company Ltd.,Sumeru Securities Pvt. Ltd.,2026-04-09 13:09:34.938508,Radhi Bidyut Company Ltd
2026040904013264,RADHI,42,45,40,840.8,33632.0,2026-04-09,185781722,2776,Sani Securities Company Ltd.,Imperial Securities Company Pvt. Ltd.,2026-04-09 13:09:34.938688,Radhi Bidyut Company Ltd
2026040904013265,RADHI,42,34,370,840.8,311096.0,2026-04-09,185781725,2776,Sani Securities Company Ltd.,Vision Securities Pvt. Ltd,2026-04-09 13:09:34.938772,Radhi Bidyut Company Ltd
2026040904013355,RADHI,58,8,500,840.7,420350.0,2026-04-09,185782514,2776,Naasa Securities Co. Ltd.,Brilliant Securities Pvt. Ltd.,2026-04-09 13:10:27.923868,Radhi Bidyut Company Ltd
2026040904013356,RADHI,58,34,1819,840.8,1529415.2,2026-04-09,185782517,2776,Naasa Securities Co. Ltd.,Vision Securities Pvt. Ltd,2026-04-09 13:10:27.924060,Radhi Bidyut Company Ltd
2026040904013436,RADHI,18,8,20,840.7,16814.0,2026-04-09,185783252,2776,Sagarmatha Securities Private Limited,Brilliant Securities Pvt. Ltd.,2026-04-09 13:11:12.242211,Radhi Bidyut Company Ltd
2026040904013437,RADHI,18,34,480,840.8,403584.0,2026-04-09,185783255,2776,Sagarmatha Securities Private Limited,Vision Securities Pvt. Ltd,2026-04-09 13:11:12.242496,Radhi Bidyut Company Ltd
2026040904013585,RADHI,99,34,500,840.0,420000.0,2026-04-09,185784203,2776,Prabhu Stock Market Limited,Vision Securities Pvt. Ltd,2026-04-09 13:12:22.165374,Radhi Bidyut Company Ltd
2026040904013623,RADHI,43,34,500,840.0,420000.0,2026-04-09,185784547,2776,South Asian Bulls Pvt. Ltd.,Vision Securities Pvt. Ltd,2026-04-09 13:12:46.267118,Radhi Bidyut Company Ltd
2026040904013710,RADHI,59,99,1200,839.9,1007880.0,2026-04-09,185785083,2776,Deevyaa Securities & Stock House Pvt. Ltd,Prabhu Stock Market Limited,2026-04-09 13:13:29.639271,Radhi Bidyut Company Ltd
2026040904013716,RADHI,21,34,1000,840.0,840000.0,2026-04-09,185785167,2776,Midas Stock Broking Company Private Limited,Vision Securities Pvt. Ltd,2026-04-09 13:13:36.055831,Radhi Bidyut Company Ltd
2026040904013732,RADHI,36,45,80,838.0,67040.0,2026-04-09,185785348,2776,Secured Securities Ltd.,Imperial Securities Company Pvt. Ltd.,2026-04-09 13:13:56.209853,Radhi Bidyut Company Ltd
2026040904013809,RADHI,59,34,900,838.1,754290.0,2026-04-09,185785792,2776,Deevyaa Securities & Stock House Pvt. Ltd,Vision Securities Pvt. Ltd,2026-04-09 13:14:36.225411,Radhi Bidyut Company Ltd
2026040904013893,RADHI,21,32,1000,840.0,840000.0,2026-04-09,185786485,2776,Midas Stock Broking Company Private Limited,Premier Securities Company Ltd.,2026-04-09 13:15:23.639332,Radhi Bidyut Company Ltd
2026040904013940,RADHI,74,16,200,840.0,168000.0,2026-04-09,185786890,2776,KALASH STOCK MARKET PVT. LTD.,Primo Securities (PVT) Ltd.,2026-04-09 13:15:53.251247,Radhi Bidyut Company Ltd
2026040904013968,RADHI,74,34,332,840.0,278880.0,2026-04-09,185787152,2776,KALASH STOCK MARKET PVT. LTD.,Vision Securities Pvt. Ltd,2026-04-09 13:16:15.466749,Radhi Bidyut Company Ltd
2026040904014008,RADHI,74,21,76,840.0,63840.0,2026-04-09,185787322,2776,KALASH STOCK MARKET PVT. LTD.,Midas Stock Broking Company Private Limited,2026-04-09 13:16:31.819737,Radhi Bidyut Company Ltd
2026040904014052,RADHI,74,56,392,840.0,329280.0,2026-04-09,185787427,2776,KALASH STOCK MARKET PVT. LTD.,Sri Hari Securities Pvt. Ltd.,2026-04-09 13:16:36.764269,Radhi Bidyut Company Ltd
2026040904014053,RADHI,46,56,60,840.0,50400.0,2026-04-09,185787429,2776,Kalika Securities Pvt. Ltd.,Sri Hari Securities Pvt. Ltd.,2026-04-09 13:16:36.764455,Radhi Bidyut Company Ltd
2026040904014068,RADHI,21,56,48,840.0,40320.0,2026-04-09,185787544,2776,Midas Stock Broking Company Private Limited,Sri Hari Securities Pvt. Ltd.,2026-04-09 13:16:46.371777,Radhi Bidyut Company Ltd
2026040904014080,RADHI,25,81,200,840.7,168140.0,2026-04-09,185787601,2776,Sweta Securities Private Limited,Aakashbhairab Securities Ltd.,2026-04-09 13:16:50.495363,Radhi Bidyut Company Ltd
2026040904014114,RADHI,21,4,952,840.0,799680.0,2026-04-09,185787841,2776,Midas Stock Broking Company Private Limited,Opal Securities Investment (PVT) Ltd.,2026-04-09 13:17:14.189185,Radhi Bidyut Company Ltd
2026040904014176,RADHI,21,4,48,840.0,40320.0,2026-04-09,185788420,2776,Midas Stock Broking Company Private Limited,Opal Securities Investment (PVT) Ltd.,2026-04-09 13:18:04.128715,Radhi Bidyut Company Ltd
2026040904014177,RADHI,21,34,952,840.0,799680.0,2026-04-09,185788429,2776,Midas Stock Broking Company Private Limited,Vision Securities Pvt. Ltd,2026-04-09 13:18:04.306357,Radhi Bidyut Company Ltd
2026040904014178,RADHI,74,34,48,839.0,40272.0,2026-04-09,185788430,2776,KALASH STOCK MARKET PVT. LTD.,Vision Securities Pvt. Ltd,2026-04-09 13:18:04.306519,Radhi Bidyut Company Ltd
2026040904014213,RADHI,59,81,125,839.1,104887.5,2026-04-09,185788848,2776,Deevyaa Securities & Stock House Pvt. Ltd,Aakashbhairab Securities Ltd.,2026-04-09 13:18:38.585836,Radhi Bidyut Company Ltd
2026040904014226,RADHI,74,56,500,840.0,420000.0,2026-04-09,185788923,2776,KALASH STOCK MARKET PVT. LTD.,Sri Hari Securities Pvt. Ltd.,2026-04-09 13:18:47.268994,Radhi Bidyut Company Ltd
2026040904014247,RADHI,59,16,75,839.1,62932.5,2026-04-09,185789159,2776,Deevyaa Securities & Stock House Pvt. Ltd,Primo Securities (PVT) Ltd.,2026-04-09 13:19:04.001578,Radhi Bidyut Company Ltd
2026040904014248,RADHI,74,16,925,839.0,776075.0,2026-04-09,185789160,2776,KALASH STOCK MARKET PVT. LTD.,Primo Securities (PVT) Ltd.,2026-04-09 13:19:04.001890,Radhi Bidyut Company Ltd
2026040904014544,RADHI,57,50,100,840.0,84000.0,2026-04-09,185791596,2776,Aryatara Investment & Securities,Cristal Kanchanjanga Securites Pvt. Ltd.,2026-04-09 13:22:09.607753,Radhi Bidyut Company Ltd
2026040904014572,RADHI,57,17,70,840.0,58800.0,2026-04-09,185791835,2776,Aryatara Investment & Securities,ABC Securities Private Limited,2026-04-09 13:22:23.772192,Radhi Bidyut Company Ltd
2026040904014588,RADHI,18,17,50,840.0,42000.0,2026-04-09,185791917,2776,Sagarmatha Securities Private Limited,ABC Securities Private Limited,2026-04-09 13:22:28.550830,Radhi Bidyut Company Ltd
2026040904014598,RADHI,74,34,27,839.0,22653.0,2026-04-09,185791971,2776,KALASH STOCK MARKET PVT. LTD.,Vision Securities Pvt. Ltd,2026-04-09 13:22:31.507956,Radhi Bidyut Company Ltd
2026040904014599,RADHI,74,34,223,839.0,187097.0,2026-04-09,185791972,2776,KALASH STOCK MARKET PVT. LTD.,Vision Securities Pvt. Ltd,2026-04-09 13:22:31.508307,Radhi Bidyut Company Ltd
2026040904014622,RADHI,74,42,277,839.0,232403.0,2026-04-09,185792185,2776,KALASH STOCK MARKET PVT. LTD.,Sani Securities Company Ltd.,2026-04-09 13:22:44.725178,Radhi Bidyut Company Ltd
2026040904014623,RADHI,36,42,20,838.0,16760.0,2026-04-09,185792187,2776,Secured Securities Ltd.,Sani Securities Company Ltd.,2026-04-09 13:22:44.725381,Radhi Bidyut Company Ltd
2026040904014624,RADHI,57,42,100,838.0,83800.0,2026-04-09,185792189,2776,Aryatara Investment & Securities,Sani Securities Company Ltd.,2026-04-09 13:22:44.725452,Radhi Bidyut Company Ltd
2026040904014625,RADHI,74,42,103,838.0,86314.0,2026-04-09,185792190,2776,KALASH STOCK MARKET PVT. LTD.,Sani Securities Company Ltd.,2026-04-09 13:22:44.725524,Radhi Bidyut Company Ltd
2026040904014941,RADHI,74,86,12,838.0,10056.0,2026-04-09,185794231,2776,KALASH STOCK MARKET PVT. LTD.,Stoxkarts Securities Limited,2026-04-09 13:24:59.828185,Radhi Bidyut Company Ltd
2026040904014942,RADHI,39,86,100,837.0,83700.0,2026-04-09,185794233,2776,Sumeru Securities Pvt. Ltd.,Stoxkarts Securities Limited,2026-04-09 13:24:59.828376,Radhi Bidyut Company Ltd
2026040904014943,RADHI,57,86,50,836.0,41800.0,2026-04-09,185794235,2776,Aryatara Investment & Securities,Stoxkarts Securities Limited,2026-04-09 13:24:59.828460,Radhi Bidyut Company Ltd
2026040904014944,RADHI,42,86,200,836.0,167200.0,2026-04-09,185794237,2776,Sani Securities Company Ltd.,Stoxkarts Securities Limited,2026-04-09 13:24:59.828531,Radhi Bidyut Company Ltd
2026040904014945,RADHI,45,86,10,836.0,8360.0,2026-04-09,185794239,2776,Imperial Securities Company Pvt. Ltd.,Stoxkarts Securities Limited,2026-04-09 13:24:59.828601,Radhi Bidyut Company Ltd
2026040904014946,RADHI,74,86,1000,835.3,835300.0,2026-04-09,185794241,2776,KALASH STOCK MARKET PVT. LTD.,Stoxkarts Securities Limited,2026-04-09 13:24:59.828668,Radhi Bidyut Company Ltd
2026040904014947,RADHI,14,86,345,835.2,288144.0,2026-04-09,185794243,2776,Nepal Stock House (PVT) Ltd.,Stoxkarts Securities Limited,2026-04-09 13:24:59.828737,Radhi Bidyut Company Ltd
2026040904014948,RADHI,58,86,283,835.2,236361.6,2026-04-09,185794244,2776,Naasa Securities Co. Ltd.,Stoxkarts Securities Limited,2026-04-09 13:24:59.828803,Radhi Bidyut Company Ltd
2026040904015099,RADHI,49,17,10,839.0,8390.0,2026-04-09,185795258,2776,Online Securities Pvt. Ltd.,ABC Securities Private Limited,2026-04-09 13:25:59.125204,Radhi Bidyut Company Ltd
2026040904015100,RADHI,49,17,10,839.0,8390.0,2026-04-09,185795260,2776,Online Securities Pvt. Ltd.,ABC Securities Private Limited,2026-04-09 13:25:59.125391,Radhi Bidyut Company Ltd
2026040904015101,RADHI,49,8,80,839.9,67192.0,2026-04-09,185795263,2776,Online Securities Pvt. Ltd.,Brilliant Securities Pvt. Ltd.,2026-04-09 13:25:59.125466,Radhi Bidyut Company Ltd
2026040904015104,RADHI,58,34,82,836.0,68552.0,2026-04-09,185795303,2776,Naasa Securities Co. Ltd.,Vision Securities Pvt. Ltd,2026-04-09 13:26:02.313612,Radhi Bidyut Company Ltd
2026040904015105,RADHI,58,34,48,835.2,40089.6,2026-04-09,185795304,2776,Naasa Securities Co. Ltd.,Vision Securities Pvt. Ltd,2026-04-09 13:26:02.313966,Radhi Bidyut Company Ltd
2026040904015226,RADHI,74,48,100,835.3,83530.0,2026-04-09,185796088,2776,KALASH STOCK MARKET PVT. LTD.,Trishakti Securities Public Limited,2026-04-09 13:26:55.925614,Radhi Bidyut Company Ltd
2026040904015295,RADHI,74,86,900,835.3,751770.0,2026-04-09,185796750,2776,KALASH STOCK MARKET PVT. LTD.,Stoxkarts Securities Limited,2026-04-09 13:27:38.879774,Radhi Bidyut Company Ltd
2026040904015450,RADHI,34,34,90,836.0,75240.0,2026-04-09,185797954,2776,Vision Securities Pvt. Ltd,Vision Securities Pvt. Ltd,2026-04-09 13:29:06.618757,Radhi Bidyut Company Ltd
2026040904015533,RADHI,34,26,410,836.0,342760.0,2026-04-09,185798759,2776,Vision Securities Pvt. Ltd,Asian Securities Private Ltd.,2026-04-09 13:30:17.508471,Radhi Bidyut Company Ltd
2026040904015534,RADHI,74,26,1000,835.3,835300.0,2026-04-09,185798761,2776,KALASH STOCK MARKET PVT. LTD.,Asian Securities Private Ltd.,2026-04-09 13:30:17.508754,Radhi Bidyut Company Ltd
2026040904015535,RADHI,58,26,2669,835.2,2229148.8,2026-04-09,185798763,2776,Naasa Securities Co. Ltd.,Asian Securities Private Ltd.,2026-04-09 13:30:17.508853,Radhi Bidyut Company Ltd
2026040904015536,RADHI,25,26,300,835.0,250500.0,2026-04-09,185798765,2776,Sweta Securities Private Limited,Asian Securities Private Ltd.,2026-04-09 13:30:17.508962,Radhi Bidyut Company Ltd
2026040904015537,RADHI,81,26,621,835.0,518535.0,2026-04-09,185798766,2776,Aakashbhairab Securities Ltd.,Asian Securities Private Ltd.,2026-04-09 13:30:17.509075,Radhi Bidyut Company Ltd
2026040904015679,RADHI,81,19,179,835.0,149465.0,2026-04-09,185800037,2776,Aakashbhairab Securities Ltd.,Nepal Investment And Securities Trading Private Limited,2026-04-09 13:32:11.005990,Radhi Bidyut Company Ltd
2026040904015680,RADHI,39,19,100,835.0,83500.0,2026-04-09,185800039,2776,Sumeru Securities Pvt. Ltd.,Nepal Investment And Securities Trading Private Limited,2026-04-09 13:32:11.006362,Radhi Bidyut Company Ltd
2026040904015681,RADHI,45,19,10,835.0,8350.0,2026-04-09,185800041,2776,Imperial Securities Company Pvt. Ltd.,Nepal Investment And Securities Trading Private Limited,2026-04-09 13:32:11.006573,Radhi Bidyut Company Ltd
2026040904015682,RADHI,38,19,111,835.0,92685.0,2026-04-09,185800042,2776,Dipshikha Dhitopatra Karobar Co. Pvt Ltd.,Nepal Investment And Securities Trading Private Limited,2026-04-09 13:32:11.006791,Radhi Bidyut Company Ltd
2026040904015731,RADHI,38,19,89,835.0,74315.0,2026-04-09,185800475,2776,Dipshikha Dhitopatra Karobar Co. Pvt Ltd.,Nepal Investment And Securities Trading Private Limited,2026-04-09 13:32:56.648809,Radhi Bidyut Company Ltd
2026040904015732,RADHI,34,19,150,835.0,125250.0,2026-04-09,185800477,2776,Vision Securities Pvt. Ltd,Nepal Investment And Securities Trading Private Limited,2026-04-09 13:32:56.649164,Radhi Bidyut Company Ltd
2026040904015733,RADHI,74,19,61,834.1,50880.1,2026-04-09,185800478,2776,KALASH STOCK MARKET PVT. LTD.,Nepal Investment And Securities Trading Private Limited,2026-04-09 13:32:56.649421,Radhi Bidyut Company Ltd
2026040904015929,RADHI,74,19,200,834.1,166820.0,2026-04-09,185802166,2776,KALASH STOCK MARKET PVT. LTD.,Nepal Investment And Securities Trading Private Limited,2026-04-09 13:35:31.286288,Radhi Bidyut Company Ltd
2026040904016058,RADHI,74,65,300,838.0,251400.0,2026-04-09,185803323,2776,KALASH STOCK MARKET PVT. LTD.,Sharepro Securities Private Limited,2026-04-09 13:37:37.664149,Radhi Bidyut Company Ltd
2026040904016195,RADHI,74,65,200,838.0,167600.0,2026-04-09,185804028,2776,KALASH STOCK MARKET PVT. LTD.,Sharepro Securities Private Limited,2026-04-09 13:38:39.830177,Radhi Bidyut Company Ltd
2026040904016196,RADHI,74,83,39,838.0,32682.0,2026-04-09,185804031,2776,KALASH STOCK MARKET PVT. LTD.,Sanima Securities Limited,2026-04-09 13:38:39.830406,Radhi Bidyut Company Ltd
2026040904016238,RADHI,16,44,16,835.0,13360.0,2026-04-09,185804559,2776,Primo Securities (PVT) Ltd.,Dynamic Money Managers Securities Pvt. Ltd.,2026-04-09 13:39:35.835683,Radhi Bidyut Company Ltd
2026040904016667,RADHI,74,4,21,834.2,17518.2,2026-04-09,185807729,2776,KALASH STOCK MARKET PVT. LTD.,Opal Securities Investment (PVT) Ltd.,2026-04-09 13:45:10.408875,Radhi Bidyut Company Ltd
2026040904016668,RADHI,14,4,111,834.2,92596.2,2026-04-09,185807731,2776,Nepal Stock House (PVT) Ltd.,Opal Securities Investment (PVT) Ltd.,2026-04-09 13:45:10.409101,Radhi Bidyut Company Ltd
2026040904016669,RADHI,39,4,40,834.2,33368.0,2026-04-09,185807733,2776,Sumeru Securities Pvt. Ltd.,Opal Securities Investment (PVT) Ltd.,2026-04-09 13:45:10.409174,Radhi Bidyut Company Ltd
2026040904016670,RADHI,34,4,50,834.1,41705.0,2026-04-09,185807735,2776,Vision Securities Pvt. Ltd,Opal Securities Investment (PVT) Ltd.,2026-04-09 13:45:10.409268,Radhi Bidyut Company Ltd
2026040904016671,RADHI,32,4,778,834.0,648852.0,2026-04-09,185807736,2776,Premier Securities Company Ltd.,Opal Securities Investment (PVT) Ltd.,2026-04-09 13:45:10.409358,Radhi Bidyut Company Ltd
2026040904016724,RADHI,32,83,222,834.0,185148.0,2026-04-09,185808065,2776,Premier Securities Company Ltd.,Sanima Securities Limited,2026-04-09 13:45:43.373518,Radhi Bidyut Company Ltd
2026040904016725,RADHI,42,83,500,834.0,417000.0,2026-04-09,185808067,2776,Sani Securities Company Ltd.,Sanima Securities Limited,2026-04-09 13:45:43.373710,Radhi Bidyut Company Ltd
2026040904016775,RADHI,45,75,500,833.5,416750.0,2026-04-09,185808362,2776,Imperial Securities Company Pvt. Ltd.,N.I.M.B. Stock Markets Limited,2026-04-09 13:46:21.513902,Radhi Bidyut Company Ltd
2026040904016923,RADHI,16,34,50,835.0,41750.0,2026-04-09,185809511,2776,Primo Securities (PVT) Ltd.,Vision Securities Pvt. Ltd,2026-04-09 13:48:18.738812,Radhi Bidyut Company Ltd
2026040904017091,RADHI,16,83,139,833.5,115856.5,2026-04-09,185811140,2776,Primo Securities (PVT) Ltd.,Sanima Securities Limited,2026-04-09 13:50:22.737690,Radhi Bidyut Company Ltd
2026040904017148,RADHI,16,56,100,835.0,83500.0,2026-04-09,185811599,2776,Primo Securities (PVT) Ltd.,Sri Hari Securities Pvt. Ltd.,2026-04-09 13:51:23.794927,Radhi Bidyut Company Ltd
2026040904017166,RADHI,16,56,294,835.0,245490.0,2026-04-09,185811664,2776,Primo Securities (PVT) Ltd.,Sri Hari Securities Pvt. Ltd.,2026-04-09 13:51:34.818453,Radhi Bidyut Company Ltd
2026040904017231,RADHI,16,34,50,835.0,41750.0,2026-04-09,185812481,2776,Primo Securities (PVT) Ltd.,Vision Securities Pvt. Ltd,2026-04-09 13:52:30.889107,Radhi Bidyut Company Ltd
2026040904017232,RADHI,16,34,61,833.5,50843.5,2026-04-09,185812483,2776,Primo Securities (PVT) Ltd.,Vision Securities Pvt. Ltd,2026-04-09 13:52:30.889474,Radhi Bidyut Company Ltd
2026040904017233,RADHI,58,34,35,833.5,29172.5,2026-04-09,185812485,2776,Naasa Securities Co. Ltd.,Vision Securities Pvt. Ltd,2026-04-09 13:52:30.889694,Radhi Bidyut Company Ltd
2026040904017234,RADHI,16,34,206,833.5,171701.0,2026-04-09,185812487,2776,Primo Securities (PVT) Ltd.,Vision Securities Pvt. Ltd,2026-04-09 13:52:30.889901,Radhi Bidyut Company Ltd
2026040904017235,RADHI,64,34,352,833.4,293356.8,2026-04-09,185812489,2776,SUN SECURITIES PVT LTD,Vision Securities Pvt. Ltd,2026-04-09 13:52:30.890109,Radhi Bidyut Company Ltd
2026040904017236,RADHI,88,34,296,833.2,246627.2,2026-04-09,185812490,2776,Blue Chip Securities Ltd,Vision Securities Pvt. Ltd,2026-04-09 13:52:30.890329,Radhi Bidyut Company Ltd
2026040904017275,RADHI,44,8,500,836.4,418200.0,2026-04-09,185812842,2776,Dynamic Money Managers Securities Pvt. Ltd.,Brilliant Securities Pvt. Ltd.,2026-04-09 13:52:57.241624,Radhi Bidyut Company Ltd
2026040904017276,RADHI,44,17,2500,836.5,2091250.0,2026-04-09,185812845,2776,Dynamic Money Managers Securities Pvt. Ltd.,ABC Securities Private Limited,2026-04-09 13:52:57.241804,Radhi Bidyut Company Ltd
2026040904017869,RADHI,78,13,50,836.4,41820.0,2026-04-09,185817136,2776,Garima Securities Limited,Thrive Brokerage House Pvt. Ltd,2026-04-09 13:59:03.563506,Radhi Bidyut Company Ltd
2026040904017870,RADHI,78,66,300,836.4,250920.0,2026-04-09,185817138,2776,Garima Securities Limited,Miyo Securities Pvt Ltd,2026-04-09 13:59:03.563903,Radhi Bidyut Company Ltd
2026040904017884,RADHI,78,66,295,836.4,246738.0,2026-04-09,185817202,2776,Garima Securities Limited,Miyo Securities Pvt Ltd,2026-04-09 13:59:08.477145,Radhi Bidyut Company Ltd
2026040904017923,RADHI,78,86,355,836.4,296922.0,2026-04-09,185817473,2776,Garima Securities Limited,Stoxkarts Securities Limited,2026-04-09 13:59:32.958991,Radhi Bidyut Company Ltd
2026040904017924,RADHI,44,86,645,835.0,538575.0,2026-04-09,185817474,2776,Dynamic Money Managers Securities Pvt. Ltd.,Stoxkarts Securities Limited,2026-04-09 13:59:32.959459,Radhi Bidyut Company Ltd
2026040904017981,RADHI,44,17,500,835.0,417500.0,2026-04-09,185817826,2776,Dynamic Money Managers Securities Pvt. Ltd.,ABC Securities Private Limited,2026-04-09 14:00:02.933644,Radhi Bidyut Company Ltd
2026040904017994,RADHI,41,8,100,836.4,83640.0,2026-04-09,185817873,2776,Linch Stock Market Ltd.,Brilliant Securities Pvt. Ltd.,2026-04-09 14:00:08.777048,Radhi Bidyut Company Ltd
2026040904018212,RADHI,41,8,120,836.4,100368.0,2026-04-09,185819617,2776,Linch Stock Market Ltd.,Brilliant Securities Pvt. Ltd.,2026-04-09 14:02:39.703564,Radhi Bidyut Company Ltd
2026040904018408,RADHI,57,62,100,835.1,83510.0,2026-04-09,185820871,2776,Aryatara Investment & Securities,Capital Max Securities Ltd,2026-04-09 14:04:38.774352,Radhi Bidyut Company Ltd
2026040904018409,RADHI,44,62,855,835.0,713925.0,2026-04-09,185820873,2776,Dynamic Money Managers Securities Pvt. Ltd.,Capital Max Securities Ltd,2026-04-09 14:04:38.774483,Radhi Bidyut Company Ltd
2026040904018410,RADHI,17,62,50,835.0,41750.0,2026-04-09,185820875,2776,ABC Securities Private Limited,Capital Max Securities Ltd,2026-04-09 14:04:38.774563,Radhi Bidyut Company Ltd
2026040904018411,RADHI,78,62,1000,834.5,834500.0,2026-04-09,185820877,2776,Garima Securities Limited,Capital Max Securities Ltd,2026-04-09 14:04:38.774642,Radhi Bidyut Company Ltd
2026040904018412,RADHI,41,62,20,834.0,16680.0,2026-04-09,185820879,2776,Linch Stock Market Ltd.,Capital Max Securities Ltd,2026-04-09 14:04:38.774718,Radhi Bidyut Company Ltd
2026040904018413,RADHI,21,62,500,833.3,416650.0,2026-04-09,185820881,2776,Midas Stock Broking Company Private Limited,Capital Max Securities Ltd,2026-04-09 14:04:38.774791,Radhi Bidyut Company Ltd
2026040904018414,RADHI,88,62,475,833.2,395770.0,2026-04-09,185820882,2776,Blue Chip Securities Ltd,Capital Max Securities Ltd,2026-04-09 14:04:38.774870,Radhi Bidyut Company Ltd
2026040904018678,RADHI,44,26,50,834.0,41700.0,2026-04-09,185822808,2776,Dynamic Money Managers Securities Pvt. Ltd.,Asian Securities Private Ltd.,2026-04-09 14:07:43.100920,Radhi Bidyut Company Ltd
2026040904019541,RADHI,8,13,100,836.0,83600.0,2026-04-09,185828248,2776,Brilliant Securities Pvt. Ltd.,Thrive Brokerage House Pvt. Ltd,2026-04-09 14:14:59.176558,Radhi Bidyut Company Ltd
2026040904019831,RADHI,8,8,100,836.0,83600.0,2026-04-09,185830314,2776,Brilliant Securities Pvt. Ltd.,Brilliant Securities Pvt. Ltd.,2026-04-09 14:17:51.547029,Radhi Bidyut Company Ltd
2026040904019877,RADHI,8,8,300,836.0,250800.0,2026-04-09,185830642,2776,Brilliant Securities Pvt. Ltd.,Brilliant Securities Pvt. Ltd.,2026-04-09 14:18:19.201508,Radhi Bidyut Company Ltd
2026040904019989,RADHI,44,8,1100,835.5,919050.0,2026-04-09,185831448,2776,Dynamic Money Managers Securities Pvt. Ltd.,Brilliant Securities Pvt. Ltd.,2026-04-09 14:19:13.309558,Radhi Bidyut Company Ltd
2026040904020048,RADHI,44,58,27,835.5,22558.5,2026-04-09,185831664,2776,Dynamic Money Managers Securities Pvt. Ltd.,Naasa Securities Co. Ltd.,2026-04-09 14:19:23.233925,Radhi Bidyut Company Ltd
2026040904020100,RADHI,16,8,500,835.6,417800.0,2026-04-09,185831934,2776,Primo Securities (PVT) Ltd.,Brilliant Securities Pvt. Ltd.,2026-04-09 14:19:41.709846,Radhi Bidyut Company Ltd
2026040904020140,RADHI,44,8,200,835.5,167100.0,2026-04-09,185832146,2776,Dynamic Money Managers Securities Pvt. Ltd.,Brilliant Securities Pvt. Ltd.,2026-04-09 14:19:56.686703,Radhi Bidyut Company Ltd
2026040904020190,RADHI,44,86,600,835.5,501300.0,2026-04-09,185832490,2776,Dynamic Money Managers Securities Pvt. Ltd.,Stoxkarts Securities Limited,2026-04-09 14:20:19.167696,Radhi Bidyut Company Ltd
2026040904020589,RADHI,74,45,10,836.4,8364.0,2026-04-09,185835239,2776,KALASH STOCK MARKET PVT. LTD.,Imperial Securities Company Pvt. Ltd.,2026-04-09 14:23:08.071428,Radhi Bidyut Company Ltd
2026040904021218,RADHI,74,44,150,836.0,125400.0,2026-04-09,185839248,2776,KALASH STOCK MARKET PVT. LTD.,Dynamic Money Managers Securities Pvt. Ltd.,2026-04-09 14:27:22.947803,Radhi Bidyut Company Ltd
2026040904021219,RADHI,74,74,35,836.0,29260.0,2026-04-09,185839250,2776,KALASH STOCK MARKET PVT. LTD.,KALASH STOCK MARKET PVT. LTD.,2026-04-09 14:27:22.947999,Radhi Bidyut Company Ltd
2026040904021251,RADHI,74,88,1000,836.0,836000.0,2026-04-09,185839441,2776,KALASH STOCK MARKET PVT. LTD.,Blue Chip Securities Ltd,2026-04-09 14:27:35.818947,Radhi Bidyut Company Ltd
2026040904021363,RADHI,44,49,11,835.5,9190.5,2026-04-09,185839934,2776,Dynamic Money Managers Securities Pvt. Ltd.,Online Securities Pvt. Ltd.,2026-04-09 14:28:10.658252,Radhi Bidyut Company Ltd
2026040904021448,RADHI,65,45,317,836.4,265138.8,2026-04-09,185840404,2776,Sharepro Securities Private Limited,Imperial Securities Company Pvt. Ltd.,2026-04-09 14:28:39.317952,Radhi Bidyut Company Ltd
2026040904021449,RADHI,65,17,431,836.5,360531.5,2026-04-09,185840406,2776,Sharepro Securities Private Limited,ABC Securities Private Limited,2026-04-09 14:28:39.318014,Radhi Bidyut Company Ltd
2026040904021450,RADHI,65,66,200,837.9,167580.0,2026-04-09,185840408,2776,Sharepro Securities Private Limited,Miyo Securities Pvt Ltd,2026-04-09 14:28:39.318037,Radhi Bidyut Company Ltd
2026040904021451,RADHI,65,17,17,838.8,14259.6,2026-04-09,185840410,2776,Sharepro Securities Private Limited,ABC Securities Private Limited,2026-04-09 14:28:39.318060,Radhi Bidyut Company Ltd
2026040904021452,RADHI,65,58,23,839.0,19297.0,2026-04-09,185840412,2776,Sharepro Securities Private Limited,Naasa Securities Co. Ltd.,2026-04-09 14:28:39.318079,Radhi Bidyut Company Ltd
2026040904021453,RADHI,65,13,12,839.0,10068.0,2026-04-09,185840415,2776,Sharepro Securities Private Limited,Thrive Brokerage House Pvt. Ltd,2026-04-09 14:28:39.318107,Radhi Bidyut Company Ltd
2026040904021510,RADHI,81,13,168,839.0,140952.0,2026-04-09,185840614,2776,Aakashbhairab Securities Ltd.,Thrive Brokerage House Pvt. Ltd,2026-04-09 14:28:48.541841,Radhi Bidyut Company Ltd
2026040904021511,RADHI,81,13,20,839.9,16798.0,2026-04-09,185840616,2776,Aakashbhairab Securities Ltd.,Thrive Brokerage House Pvt. Ltd,2026-04-09 14:28:48.542195,Radhi Bidyut Company Ltd
2026040904021512,RADHI,81,13,50,839.9,41995.0,2026-04-09,185840618,2776,Aakashbhairab Securities Ltd.,Thrive Brokerage House Pvt. Ltd,2026-04-09 14:28:48.542429,Radhi Bidyut Company Ltd
2026040904021513,RADHI,81,13,20,840.0,16800.0,2026-04-09,185840620,2776,Aakashbhairab Securities Ltd.,Thrive Brokerage House Pvt. Ltd,2026-04-09 14:28:48.542637,Radhi Bidyut Company Ltd
2026040904021514,RADHI,81,57,500,840.0,420000.0,2026-04-09,185840622,2776,Aakashbhairab Securities Ltd.,Aryatara Investment & Securities,2026-04-09 14:28:48.542842,Radhi Bidyut Company Ltd
2026040904021515,RADHI,81,59,11,840.0,9240.0,2026-04-09,185840624,2776,Aakashbhairab Securities Ltd.,Deevyaa Securities & Stock House Pvt. Ltd,2026-04-09 14:28:48.543066,Radhi Bidyut Company Ltd
2026040904021516,RADHI,81,50,150,840.0,126000.0,2026-04-09,185840626,2776,Aakashbhairab Securities Ltd.,Cristal Kanchanjanga Securites Pvt. Ltd.,2026-04-09 14:28:48.543263,Radhi Bidyut Company Ltd
2026040904021517,RADHI,81,53,10,840.0,8400.0,2026-04-09,185840628,2776,Aakashbhairab Securities Ltd.,Investment Management Nepal Pvt. Ltd.,2026-04-09 14:28:48.543475,Radhi Bidyut Company Ltd
2026040904021518,RADHI,81,28,31,840.0,26040.0,2026-04-09,185840630,2776,Aakashbhairab Securities Ltd.,Shree Krishna Securities Ltd.,2026-04-09 14:28:48.543670,Radhi Bidyut Company Ltd
2026040904021519,RADHI,81,43,40,840.0,33600.0,2026-04-09,185840633,2776,Aakashbhairab Securities Ltd.,South Asian Bulls Pvt. Ltd.,2026-04-09 14:28:48.543854,Radhi Bidyut Company Ltd
2026040904021520,RADHI,65,43,460,840.0,386400.0,2026-04-09,185840634,2776,Sharepro Securities Private Limited,South Asian Bulls Pvt. Ltd.,2026-04-09 14:28:48.787837,Radhi Bidyut Company Ltd
2026040904021521,RADHI,65,4,1000,840.6,840600.0,2026-04-09,185840636,2776,Sharepro Securities Private Limited,Opal Securities Investment (PVT) Ltd.,2026-04-09 14:28:48.787893,Radhi Bidyut Company Ltd
2026040904021522,RADHI,65,51,10,841.0,8410.0,2026-04-09,185840638,2776,Sharepro Securities Private Limited,Oxford Securities Pvt. Ltd.,2026-04-09 14:28:48.787949,Radhi Bidyut Company Ltd
2026040904021523,RADHI,65,1,500,841.0,420500.0,2026-04-09,185840640,2776,Sharepro Securities Private Limited,Kumari Securities Private Limited,2026-04-09 14:28:48.787974,Radhi Bidyut Company Ltd
2026040904021524,RADHI,65,62,30,842.0,25260.0,2026-04-09,185840643,2776,Sharepro Securities Private Limited,Capital Max Securities Ltd,2026-04-09 14:28:48.788001,Radhi Bidyut Company Ltd
2026040904021681,RADHI,74,62,10,842.0,8420.0,2026-04-09,185841817,2776,KALASH STOCK MARKET PVT. LTD.,Capital Max Securities Ltd,2026-04-09 14:30:00.568722,Radhi Bidyut Company Ltd
2026040904022356,RADHI,64,4,1000,840.9,840900.0,2026-04-09,185845415,2776,SUN SECURITIES PVT LTD,Opal Securities Investment (PVT) Ltd.,2026-04-09 14:33:25.558391,Radhi Bidyut Company Ltd
2026040904022870,RADHI,42,57,15,839.5,12592.5,2026-04-09,185848578,2776,Sani Securities Company Ltd.,Aryatara Investment & Securities,2026-04-09 14:37:54.740465,Radhi Bidyut Company Ltd
2026040904022896,RADHI,44,71,200,839.9,167980.0,2026-04-09,185848742,2776,Dynamic Money Managers Securities Pvt. Ltd.,SHUBHAKAMANA SECURITIES PVT. LTD,2026-04-09 14:38:04.700199,Radhi Bidyut Company Ltd
2026040904022897,RADHI,44,34,800,840.0,672000.0,2026-04-09,185848745,2776,Dynamic Money Managers Securities Pvt. Ltd.,Vision Securities Pvt. Ltd,2026-04-09 14:38:04.700576,Radhi Bidyut Company Ltd
2026040904023377,RADHI,42,77,123,839.5,103258.5,2026-04-09,185851363,2776,Sani Securities Company Ltd.,Nabil Stock Dealer Ltd.,2026-04-09 14:40:10.920195,Radhi Bidyut Company Ltd
2026040904023378,RADHI,42,77,88,839.0,73832.0,2026-04-09,185851365,2776,Sani Securities Company Ltd.,Nabil Stock Dealer Ltd.,2026-04-09 14:40:10.920394,Radhi Bidyut Company Ltd
2026040904023379,RADHI,34,77,1000,836.1,836100.0,2026-04-09,185851367,2776,Vision Securities Pvt. Ltd,Nabil Stock Dealer Ltd.,2026-04-09 14:40:10.920490,Radhi Bidyut Company Ltd
2026040904023380,RADHI,13,77,100,836.0,83600.0,2026-04-09,185851369,2776,Thrive Brokerage House Pvt. Ltd,Nabil Stock Dealer Ltd.,2026-04-09 14:40:10.920563,Radhi Bidyut Company Ltd
2026040904023381,RADHI,74,77,500,836.0,418000.0,2026-04-09,185851371,2776,KALASH STOCK MARKET PVT. LTD.,Nabil Stock Dealer Ltd.,2026-04-09 14:40:10.920636,Radhi Bidyut Company Ltd
2026040904023382,RADHI,34,77,100,836.0,83600.0,2026-04-09,185851373,2776,Vision Securities Pvt. Ltd,Nabil Stock Dealer Ltd.,2026-04-09 14:40:10.920707,Radhi Bidyut Company Ltd
2026040904023383,RADHI,44,77,2012,835.5,1681026.0,2026-04-09,185851375,2776,Dynamic Money Managers Securities Pvt. Ltd.,Nabil Stock Dealer Ltd.,2026-04-09 14:40:10.920789,Radhi Bidyut Company Ltd
2026040904023384,RADHI,38,77,400,835.0,334000.0,2026-04-09,185851377,2776,Dipshikha Dhitopatra Karobar Co. Pvt Ltd.,Nabil Stock Dealer Ltd.,2026-04-09 14:40:10.920861,Radhi Bidyut Company Ltd
2026040904023385,RADHI,34,77,5000,835.0,4175000.0,2026-04-09,185851379,2776,Vision Securities Pvt. Ltd,Nabil Stock Dealer Ltd.,2026-04-09 14:40:10.920945,Radhi Bidyut Company Ltd
2026040904023386,RADHI,49,77,50,835.0,41750.0,2026-04-09,185851381,2776,Online Securities Pvt. Ltd.,Nabil Stock Dealer Ltd.,2026-04-09 14:40:10.921013,Radhi Bidyut Company Ltd
2026040904023469,RADHI,32,77,100,834.0,83400.0,2026-04-09,185851713,2776,Premier Securities Company Ltd.,Nabil Stock Dealer Ltd.,2026-04-09 14:40:24.167659,Radhi Bidyut Company Ltd
2026040904023470,RADHI,11,77,1000,833.3,833300.0,2026-04-09,185851715,2776,Malla & Malla Stock Broking Company Pvt. Limited,Nabil Stock Dealer Ltd.,2026-04-09 14:40:24.167867,Radhi Bidyut Company Ltd
2026040904023471,RADHI,88,77,1729,833.2,1440602.8,2026-04-09,185851717,2776,Blue Chip Securities Ltd,Nabil Stock Dealer Ltd.,2026-04-09 14:40:24.167947,Radhi Bidyut Company Ltd
2026040904023472,RADHI,51,77,45,833.2,37494.0,2026-04-09,185851719,2776,Oxford Securities Pvt. Ltd.,Nabil Stock Dealer Ltd.,2026-04-09 14:40:24.168019,Radhi Bidyut Company Ltd
2026040904023473,RADHI,58,77,100,833.0,83300.0,2026-04-09,185851721,2776,Naasa Securities Co. Ltd.,Nabil Stock Dealer Ltd.,2026-04-09 14:40:24.168091,Radhi Bidyut Company Ltd
2026040904023474,RADHI,41,77,30,833.0,24990.0,2026-04-09,185851723,2776,Linch Stock Market Ltd.,Nabil Stock Dealer Ltd.,2026-04-09 14:40:24.168162,Radhi Bidyut Company Ltd
2026040904023475,RADHI,77,77,415,833.0,345695.0,2026-04-09,185851725,2776,Nabil Stock Dealer Ltd.,Nabil Stock Dealer Ltd.,2026-04-09 14:40:24.168233,Radhi Bidyut Company Ltd
2026040904023476,RADHI,42,77,300,833.0,249900.0,2026-04-09,185851727,2776,Sani Securities Company Ltd.,Nabil Stock Dealer Ltd.,2026-04-09 14:40:24.168302,Radhi Bidyut Company Ltd
2026040904023477,RADHI,45,77,10,833.0,8330.0,2026-04-09,185851729,2776,Imperial Securities Company Pvt. Ltd.,Nabil Stock Dealer Ltd.,2026-04-09 14:40:24.168409,Radhi Bidyut Company Ltd
2026040904023478,RADHI,81,77,30,833.0,24990.0,2026-04-09,185851731,2776,Aakashbhairab Securities Ltd.,Nabil Stock Dealer Ltd.,2026-04-09 14:40:24.168477,Radhi Bidyut Company Ltd
2026040904023479,RADHI,45,77,10,833.0,8330.0,2026-04-09,185851733,2776,Imperial Securities Company Pvt. Ltd.,Nabil Stock Dealer Ltd.,2026-04-09 14:40:24.168541,Radhi Bidyut Company Ltd
2026040904023480,RADHI,7,77,600,833.0,499800.0,2026-04-09,185851735,2776,J.F. Securites (PVT) Ltd.,Nabil Stock Dealer Ltd.,2026-04-09 14:40:24.168611,Radhi Bidyut Company Ltd
2026040904023481,RADHI,101,77,50,832.5,41625.0,2026-04-09,185851737,2776,APPLE SECURITIES PRIVATE LIMITED,Nabil Stock Dealer Ltd.,2026-04-09 14:40:24.168680,Radhi Bidyut Company Ltd
2026040904023482,RADHI,44,77,50,832.2,41610.0,2026-04-09,185851739,2776,Dynamic Money Managers Securities Pvt. Ltd.,Nabil Stock Dealer Ltd.,2026-04-09 14:40:24.168748,Radhi Bidyut Company Ltd
2026040904023483,RADHI,58,77,30,832.0,24960.0,2026-04-09,185851741,2776,Naasa Securities Co. Ltd.,Nabil Stock Dealer Ltd.,2026-04-09 14:40:24.168813,Radhi Bidyut Company Ltd
2026040904023484,RADHI,57,77,73,832.0,60736.0,2026-04-09,185851743,2776,Aryatara Investment & Securities,Nabil Stock Dealer Ltd.,2026-04-09 14:40:24.168880,Radhi Bidyut Company Ltd
2026040904023485,RADHI,45,77,10,832.0,8320.0,2026-04-09,185851745,2776,Imperial Securities Company Pvt. Ltd.,Nabil Stock Dealer Ltd.,2026-04-09 14:40:24.168949,Radhi Bidyut Company Ltd
2026040904023486,RADHI,70,77,85,830.1,70558.5,2026-04-09,185851747,2776,Infinity Securities Limited,Nabil Stock Dealer Ltd.,2026-04-09 14:40:24.169053,Radhi Bidyut Company Ltd
2026040904023487,RADHI,14,77,333,830.0,276390.0,2026-04-09,185851748,2776,Nepal Stock House (PVT) Ltd.,Nabil Stock Dealer Ltd.,2026-04-09 14:40:24.169123,Radhi Bidyut Company Ltd
2026040904023824,RADHI,44,87,100,834.0,83400.0,2026-04-09,185853790,2776,Dynamic Money Managers Securities Pvt. Ltd.,S.P.S.A. Securities Limited,2026-04-09 14:42:09.840704,Radhi Bidyut Company Ltd
2026040904023863,RADHI,32,77,300,835.0,250500.0,2026-04-09,185854005,2776,Premier Securities Company Ltd.,Nabil Stock Dealer Ltd.,2026-04-09 14:42:23.219275,Radhi Bidyut Company Ltd
2026040904023960,RADHI,44,77,100,835.0,83500.0,2026-04-09,185854547,2776,Dynamic Money Managers Securities Pvt. Ltd.,Nabil Stock Dealer Ltd.,2026-04-09 14:42:53.008219,Radhi Bidyut Company Ltd
2026040904024054,RADHI,48,77,227,835.0,189545.0,2026-04-09,185855190,2776,Trishakti Securities Public Limited,Nabil Stock Dealer Ltd.,2026-04-09 14:43:20.758973,Radhi Bidyut Company Ltd
2026040904024538,RADHI,11,34,50,840.0,42000.0,2026-04-09,185858096,2776,Malla & Malla Stock Broking Company Pvt. Limited,Vision Securities Pvt. Ltd,2026-04-09 14:45:48.596141,Radhi Bidyut Company Ltd
2026040904024539,RADHI,11,45,190,840.0,159600.0,2026-04-09,185858099,2776,Malla & Malla Stock Broking Company Pvt. Limited,Imperial Securities Company Pvt. Ltd.,2026-04-09 14:45:48.596462,Radhi Bidyut Company Ltd
2026040904024698,RADHI,44,45,810,840.0,680400.0,2026-04-09,185859066,2776,Dynamic Money Managers Securities Pvt. Ltd.,Imperial Securities Company Pvt. Ltd.,2026-04-09 14:46:44.289098,Radhi Bidyut Company Ltd
2026040904024699,RADHI,44,58,40,840.0,33600.0,2026-04-09,185859068,2776,Dynamic Money Managers Securities Pvt. Ltd.,Naasa Securities Co. Ltd.,2026-04-09 14:46:44.289349,Radhi Bidyut Company Ltd
2026040904024700,RADHI,44,26,20,840.0,16800.0,2026-04-09,185859070,2776,Dynamic Money Managers Securities Pvt. Ltd.,Asian Securities Private Ltd.,2026-04-09 14:46:44.289422,Radhi Bidyut Company Ltd
2026040904024701,RADHI,44,38,530,840.0,445200.0,2026-04-09,185859073,2776,Dynamic Money Managers Securities Pvt. Ltd.,Dipshikha Dhitopatra Karobar Co. Pvt Ltd.,2026-04-09 14:46:44.289492,Radhi Bidyut Company Ltd
2026040904025024,RADHI,44,38,470,840.0,394800.0,2026-04-09,185860886,2776,Dynamic Money Managers Securities Pvt. Ltd.,Dipshikha Dhitopatra Karobar Co. Pvt Ltd.,2026-04-09 14:48:00.348107,Radhi Bidyut Company Ltd
2026040904025025,RADHI,44,49,30,840.0,25200.0,2026-04-09,185860889,2776,Dynamic Money Managers Securities Pvt. Ltd.,Online Securities Pvt. Ltd.,2026-04-09 14:48:00.348271,Radhi Bidyut Company Ltd
2026040904025737,RADHI,45,34,50,839.0,41950.0,2026-04-09,185865087,2776,Imperial Securities Company Pvt. Ltd.,Vision Securities Pvt. Ltd,2026-04-09 14:50:51.986281,Radhi Bidyut Company Ltd
2026040904025838,RADHI,43,34,10,839.0,8390.0,2026-04-09,185865625,2776,South Asian Bulls Pvt. Ltd.,Vision Securities Pvt. Ltd,2026-04-09 14:51:17.903001,Radhi Bidyut Company Ltd
2026040904025914,RADHI,58,34,40,839.0,33560.0,2026-04-09,185866210,2776,Naasa Securities Co. Ltd.,Vision Securities Pvt. Ltd,2026-04-09 14:51:42.315069,Radhi Bidyut Company Ltd
2026040904025915,RADHI,58,22,33,839.0,27687.0,2026-04-09,185866212,2776,Naasa Securities Co. Ltd.,Siprabi Securities Pvt. Ltd.,2026-04-09 14:51:42.315446,Radhi Bidyut Company Ltd
2026040904025916,RADHI,58,19,200,839.0,167800.0,2026-04-09,185866214,2776,Naasa Securities Co. Ltd.,Nepal Investment And Securities Trading Private Limited,2026-04-09 14:51:42.315672,Radhi Bidyut Company Ltd
2026040904025917,RADHI,58,49,470,840.0,394800.0,2026-04-09,185866216,2776,Naasa Securities Co. Ltd.,Online Securities Pvt. Ltd.,2026-04-09 14:51:42.315893,Radhi Bidyut Company Ltd
2026040904025918,RADHI,58,49,257,840.0,215880.0,2026-04-09,185866219,2776,Naasa Securities Co. Ltd.,Online Securities Pvt. Ltd.,2026-04-09 14:51:42.316102,Radhi Bidyut Company Ltd
2026040904026448,RADHI,81,49,93,840.0,78120.0,2026-04-09,185869570,2776,Aakashbhairab Securities Ltd.,Online Securities Pvt. Ltd.,2026-04-09 14:53:58.883007,Radhi Bidyut Company Ltd
2026040904026449,RADHI,81,52,200,840.0,168000.0,2026-04-09,185869572,2776,Aakashbhairab Securities Ltd.,Sundhara Securities Limited,2026-04-09 14:53:58.883362,Radhi Bidyut Company Ltd
2026040904026450,RADHI,81,83,17,840.0,14280.0,2026-04-09,185869575,2776,Aakashbhairab Securities Ltd.,Sanima Securities Limited,2026-04-09 14:53:58.883578,Radhi Bidyut Company Ltd
2026040904026538,RADHI,60,34,10,836.1,8361.0,2026-04-09,185870129,2776,Nagarik Stock Dealer ,Vision Securities Pvt. Ltd,2026-04-09 14:54:17.720636,Radhi Bidyut Company Ltd
2026040904026539,RADHI,39,34,200,836.0,167200.0,2026-04-09,185870131,2776,Sumeru Securities Pvt. Ltd.,Vision Securities Pvt. Ltd,2026-04-09 14:54:17.720794,Radhi Bidyut Company Ltd
2026040904026540,RADHI,16,34,790,835.5,660045.0,2026-04-09,185870132,2776,Primo Securities (PVT) Ltd.,Vision Securities Pvt. Ltd,2026-04-09 14:54:17.720871,Radhi Bidyut Company Ltd
2026040904027121,RADHI,29,66,50,836.0,41800.0,2026-04-09,185873041,2776,Trisul Securities & Invt. Ltd.,Miyo Securities Pvt Ltd,2026-04-09 14:55:56.865184,Radhi Bidyut Company Ltd
2026040904027122,RADHI,16,66,210,835.5,175455.0,2026-04-09,185873043,2776,Primo Securities (PVT) Ltd.,Miyo Securities Pvt Ltd,2026-04-09 14:55:56.865549,Radhi Bidyut Company Ltd
2026040904027123,RADHI,42,66,375,835.5,313312.5,2026-04-09,185873045,2776,Sani Securities Company Ltd.,Miyo Securities Pvt Ltd,2026-04-09 14:55:56.865774,Radhi Bidyut Company Ltd
2026040904027124,RADHI,74,66,79,835.3,65988.7,2026-04-09,185873047,2776,KALASH STOCK MARKET PVT. LTD.,Miyo Securities Pvt Ltd,2026-04-09 14:55:56.865991,Radhi Bidyut Company Ltd
2026040904027125,RADHI,29,66,50,835.3,41765.0,2026-04-09,185873049,2776,Trisul Securities & Invt. Ltd.,Miyo Securities Pvt Ltd,2026-04-09 14:55:56.866205,Radhi Bidyut Company Ltd
2026040904027126,RADHI,57,66,100,835.1,83510.0,2026-04-09,185873051,2776,Aryatara Investment & Securities,Miyo Securities Pvt Ltd,2026-04-09 14:55:56.866433,Radhi Bidyut Company Ltd
2026040904027127,RADHI,48,66,136,835.0,113560.0,2026-04-09,185873052,2776,Trishakti Securities Public Limited,Miyo Securities Pvt Ltd,2026-04-09 14:55:56.866643,Radhi Bidyut Company Ltd
2026040904027370,RADHI,48,58,10,835.0,8350.0,2026-04-09,185874474,2776,Trishakti Securities Public Limited,Naasa Securities Co. Ltd.,2026-04-09 14:56:32.161839,Radhi Bidyut Company Ltd
2026040904027497,RADHI,48,49,50,835.0,41750.0,2026-04-09,185875128,2776,Trishakti Securities Public Limited,Online Securities Pvt. Ltd.,2026-04-09 14:56:48.136758,Radhi Bidyut Company Ltd
2026040904027952,RADHI,16,8,300,835.3,250590.0,2026-04-09,185877698,2776,Primo Securities (PVT) Ltd.,Brilliant Securities Pvt. Ltd.,2026-04-09 14:57:56.433541,Radhi Bidyut Company Ltd
2026040904028182,RADHI,16,49,200,835.5,167100.0,2026-04-09,185879083,2776,Primo Securities (PVT) Ltd.,Online Securities Pvt. Ltd.,2026-04-09 14:58:31.609020,Radhi Bidyut Company Ltd
2026040904028183,RADHI,65,49,20,835.4,16708.0,2026-04-09,185879085,2776,Sharepro Securities Private Limited,Online Securities Pvt. Ltd.,2026-04-09 14:58:31.609379,Radhi Bidyut Company Ltd
2026040904028184,RADHI,39,49,100,835.2,83520.0,2026-04-09,185879087,2776,Sumeru Securities Pvt. Ltd.,Online Securities Pvt. Ltd.,2026-04-09 14:58:31.609608,Radhi Bidyut Company Ltd
2026040904028185,RADHI,74,49,430,835.1,359093.0,2026-04-09,185879088,2776,KALASH STOCK MARKET PVT. LTD.,Online Securities Pvt. Ltd.,2026-04-09 14:58:31.609814,Radhi Bidyut Company Ltd
2026040904028202,RADHI,48,6,577,835.0,481795.0,2026-04-09,185879341,2776,Trishakti Securities Public Limited,Agrawal Securities (PVT) Ltd.,2026-04-09 14:58:36.975595,Radhi Bidyut Company Ltd
2026040904028203,RADHI,38,6,10,835.0,8350.0,2026-04-09,185879343,2776,Dipshikha Dhitopatra Karobar Co. Pvt Ltd.,Agrawal Securities (PVT) Ltd.,2026-04-09 14:58:36.975784,Radhi Bidyut Company Ltd
2026040904028204,RADHI,29,6,50,835.0,41750.0,2026-04-09,185879345,2776,Trisul Securities & Invt. Ltd.,Agrawal Securities (PVT) Ltd.,2026-04-09 14:58:36.975860,Radhi Bidyut Company Ltd
2026040904028205,RADHI,17,6,23,835.0,19205.0,2026-04-09,185879346,2776,ABC Securities Private Limited,Agrawal Securities (PVT) Ltd.,2026-04-09 14:58:36.975931,Radhi Bidyut Company Ltd
2026040904028322,RADHI,17,16,27,835.0,22545.0,2026-04-09,185880109,2776,ABC Securities Private Limited,Primo Securities (PVT) Ltd.,2026-04-09 14:58:54.558240,Radhi Bidyut Company Ltd
2026040904028323,RADHI,50,16,373,835.0,311455.0,2026-04-09,185880110,2776,Cristal Kanchanjanga Securites Pvt. Ltd.,Primo Securities (PVT) Ltd.,2026-04-09 14:58:54.558572,Radhi Bidyut Company Ltd
2026040904028324,RADHI,50,51,20,835.0,16700.0,2026-04-09,185880122,2776,Cristal Kanchanjanga Securites Pvt. Ltd.,Oxford Securities Pvt. Ltd.,2026-04-09 14:58:54.660869,Radhi Bidyut Company Ltd
2026040904028357,RADHI,53,56,100,835.5,83550.0,2026-04-09,185880265,2776,Investment Management Nepal Pvt. Ltd.,Sri Hari Securities Pvt. Ltd.,2026-04-09 14:58:57.918632,Radhi Bidyut Company Ltd
2026040904028463,RADHI,50,34,607,835.0,506845.0,2026-04-09,185881020,2776,Cristal Kanchanjanga Securites Pvt. Ltd.,Vision Securities Pvt. Ltd,2026-04-09 14:59:13.881268,Radhi Bidyut Company Ltd
2026040904028682,RADHI,74,34,575,835.0,480125.0,2026-04-09,185882642,2776,KALASH STOCK MARKET PVT. LTD.,Vision Securities Pvt. Ltd,2026-04-09 14:59:35.605898,Radhi Bidyut Company Ltd
2026040904028846,RADHI,17,16,50,834.0,41700.0,2026-04-09,185883692,2776,ABC Securities Private Limited,Primo Securities (PVT) Ltd.,2026-04-09 14:59:49.383822,Radhi Bidyut Company Ltd
2026040904028847,RADHI,17,16,334,834.0,278556.0,2026-04-09,185883694,2776,ABC Securities Private Limited,Primo Securities (PVT) Ltd.,2026-04-09 14:59:49.384023,Radhi Bidyut Company Ltd
2026040904029031,RADHI,57,16,100,832.1,83210.0,2026-04-09,185884859,2776,Aryatara Investment & Securities,Primo Securities (PVT) Ltd.,2026-04-09 14:59:56.937145,Radhi Bidyut Company Ltd
2026040904029032,RADHI,16,16,716,832.0,595712.0,2026-04-09,185884860,2776,Primo Securities (PVT) Ltd.,Primo Securities (PVT) Ltd.,2026-04-09 14:59:56.937361,Radhi Bidyut Company Ltd
2026040904029142,RADHI,81,34,218,835.0,182030.0,2026-04-09,185885494,2776,Aakashbhairab Securities Ltd.,Vision Securities Pvt. Ltd,2026-04-09 14:59:59.800544,Radhi Bidyut Company Ltd
2026040904029143,RADHI,81,20,200,835.0,167000.0,2026-04-09,185885500,2776,Aakashbhairab Securities Ltd.,Sipla Securities Private Limited,2026-04-09 14:59:59.800700,Radhi Bidyut Company Ltd
2026040904029144,RADHI,81,56,200,835.5,167100.0,2026-04-09,185885506,2776,Aakashbhairab Securities Ltd.,Sri Hari Securities Pvt. Ltd.,2026-04-09 14:59:59.800774,Radhi Bidyut Company Ltd
2026040904029145,RADHI,81,43,1000,837.9,837900.0,2026-04-09,185885512,2776,Aakashbhairab Securities Ltd.,South Asian Bulls Pvt. Ltd.,2026-04-09 14:59:59.800847,Radhi Bidyut Company Ltd
2026040904029146,RADHI,81,54,100,838.0,83800.0,2026-04-09,185885518,2776,Aakashbhairab Securities Ltd.,Sewa Securities Pvt. Ltd.,2026-04-09 14:59:59.800917,Radhi Bidyut Company Ltd
2026040904029147,RADHI,81,32,500,839.0,419500.0,2026-04-09,185885523,2776,Aakashbhairab Securities Ltd.,Premier Securities Company Ltd.,2026-04-09 14:59:59.800987,Radhi Bidyut Company Ltd
2026040904029148,RADHI,81,39,440,839.0,369160.0,2026-04-09,185885526,2776,Aakashbhairab Securities Ltd.,Sumeru Securities Pvt. Ltd.,2026-04-09 14:59:59.801067,Radhi Bidyut Company Ltd
2026040904029149,RADHI,81,17,50,839.9,41995.0,2026-04-09,185885530,2776,Aakashbhairab Securities Ltd.,ABC Securities Private Limited,2026-04-09 14:59:59.801136,Radhi Bidyut Company Ltd
2026040904029150,RADHI,81,83,983,840.0,825720.0,2026-04-09,185885534,2776,Aakashbhairab Securities Ltd.,Sanima Securities Limited,2026-04-09 14:59:59.801213,Radhi Bidyut Company Ltd
2026040904029151,RADHI,81,19,300,840.0,252000.0,2026-04-09,185885539,2776,Aakashbhairab Securities Ltd.,Nepal Investment And Securities Trading Private Limited,2026-04-09 14:59:59.801282,Radhi Bidyut Company Ltd
2026040904029152,RADHI,81,81,1000,840.0,840000.0,2026-04-09,185885542,2776,Aakashbhairab Securities Ltd.,Aakashbhairab Securities Ltd.,2026-04-09 14:59:59.801355,Radhi Bidyut Company Ltd
2026040904029157,RADHI,86,26,20,840.0,16800.0,2026-04-09,185885618,2776,Stoxkarts Securities Limited,Asian Securities Private Ltd.,2026-04-09 14:59:59.952634,Radhi Bidyut Company Ltd
