contract_id,symbol,buyer_member_id,seller_member_id,volume,price,amount,buyer_broker,seller_broker,transaction_time
2026040904000178,RHPL,84,7,20,286.2,5724.0,MILKY WAY SHARE BROKER COMPANY LTD ,J.F. Securites (PVT) Ltd.,2026-04-09 11:04:02.070748
2026040904000179,RHPL,62,7,20,286.2,5724.0,Capital Max Securities Ltd,J.F. Securites (PVT) Ltd.,2026-04-09 11:04:02.070827
2026040904000180,RHPL,53,7,10,286.2,2862.0,Investment Management Nepal Pvt. Ltd.,J.F. Securites (PVT) Ltd.,2026-04-09 11:04:02.070846
2026040904001114,RHPL,58,17,80,289.0,23120.0,Naasa Securities Co. Ltd.,ABC Securities Private Limited,2026-04-09 11:14:47.523631
2026040904001214,RHPL,58,46,30,291.0,8730.0,Naasa Securities Co. Ltd.,Kalika Securities Pvt. Ltd.,2026-04-09 11:16:19.647001
2026040904001514,RHPL,44,46,20,291.0,5820.0,Dynamic Money Managers Securities Pvt. Ltd.,Kalika Securities Pvt. Ltd.,2026-04-09 11:18:34.866981
2026040904001612,RHPL,58,46,19,291.0,5529.0,Naasa Securities Co. Ltd.,Kalika Securities Pvt. Ltd.,2026-04-09 11:20:01.477289
2026040904002069,RHPL,16,58,80,290.0,23200.0,Primo Securities (PVT) Ltd.,Naasa Securities Co. Ltd.,2026-04-09 11:24:35.499294
2026040904002083,RHPL,16,38,20,290.0,5800.0,Primo Securities (PVT) Ltd.,Dipshikha Dhitopatra Karobar Co. Pvt Ltd.,2026-04-09 11:24:46.603334
2026040904002091,RHPL,16,56,400,290.0,116000.0,Primo Securities (PVT) Ltd.,Sri Hari Securities Pvt. Ltd.,2026-04-09 11:24:51.884632
2026040904002169,RHPL,58,56,25,290.0,7250.0,Naasa Securities Co. Ltd.,Sri Hari Securities Pvt. Ltd.,2026-04-09 11:25:45.635569
2026040904002232,RHPL,62,42,300,288.7,86610.0,Capital Max Securities Ltd,Sani Securities Company Ltd.,2026-04-09 11:26:36.562426
2026040904002233,RHPL,34,42,50,288.6,14430.0,Vision Securities Pvt. Ltd,Sani Securities Company Ltd.,2026-04-09 11:26:36.562505
2026040904002234,RHPL,53,42,40,288.4,11536.0,Investment Management Nepal Pvt. Ltd.,Sani Securities Company Ltd.,2026-04-09 11:26:36.562549
2026040904002235,RHPL,57,42,310,288.4,89404.0,Aryatara Investment & Securities,Sani Securities Company Ltd.,2026-04-09 11:26:36.562588
2026040904002730,RHPL,14,19,100,290.8,29080.0,Nepal Stock House (PVT) Ltd.,Nepal Investment And Securities Trading Private Limited,2026-04-09 11:32:16.725931
2026040904002731,RHPL,14,6,400,290.9,116360.0,Nepal Stock House (PVT) Ltd.,Agrawal Securities (PVT) Ltd.,2026-04-09 11:32:16.725973
2026040904002732,RHPL,14,46,131,291.0,38121.0,Nepal Stock House (PVT) Ltd.,Kalika Securities Pvt. Ltd.,2026-04-09 11:32:16.726005
2026040904002733,RHPL,14,34,70,291.0,20370.0,Nepal Stock House (PVT) Ltd.,Vision Securities Pvt. Ltd,2026-04-09 11:32:16.726032
2026040904002734,RHPL,14,28,80,291.0,23280.0,Nepal Stock House (PVT) Ltd.,Shree Krishna Securities Ltd.,2026-04-09 11:32:16.726058
2026040904002735,RHPL,14,49,25,291.0,7275.0,Nepal Stock House (PVT) Ltd.,Online Securities Pvt. Ltd.,2026-04-09 11:32:16.726083
2026040904002736,RHPL,14,89,100,293.7,29370.0,Nepal Stock House (PVT) Ltd.,Global IME Securities Limited,2026-04-09 11:32:16.726108
2026040904002737,RHPL,14,22,50,293.8,14690.0,Nepal Stock House (PVT) Ltd.,Siprabi Securities Pvt. Ltd.,2026-04-09 11:32:16.726144
2026040904002738,RHPL,14,77,44,294.0,12936.0,Nepal Stock House (PVT) Ltd.,Nabil Stock Dealer Ltd.,2026-04-09 11:32:16.726180
2026040904003069,RHPL,14,14,300,294.0,88200.0,Nepal Stock House (PVT) Ltd.,Nepal Stock House (PVT) Ltd.,2026-04-09 11:35:16.888563
2026040904003070,RHPL,14,46,50,294.0,14700.0,Nepal Stock House (PVT) Ltd.,Kalika Securities Pvt. Ltd.,2026-04-09 11:35:16.888751
2026040904003075,RHPL,14,1,200,294.0,58800.0,Nepal Stock House (PVT) Ltd.,Kumari Securities Private Limited,2026-04-09 11:35:19.220455
2026040904003094,RHPL,14,56,450,294.0,132300.0,Nepal Stock House (PVT) Ltd.,Sri Hari Securities Pvt. Ltd.,2026-04-09 11:35:31.519950
2026040904003312,RHPL,57,58,800,291.0,232800.0,Aryatara Investment & Securities,Naasa Securities Co. Ltd.,2026-04-09 11:37:36.928706
2026040904003388,RHPL,51,58,180,291.0,52380.0,Oxford Securities Pvt. Ltd.,Naasa Securities Co. Ltd.,2026-04-09 11:38:19.146755
2026040904003395,RHPL,33,34,50,290.2,14510.0,Dakshinkali Investment & Securities Pvt. Ltd.,Vision Securities Pvt. Ltd,2026-04-09 11:38:24.902109
2026040904003483,RHPL,33,40,40,290.2,11608.0,Dakshinkali Investment & Securities Pvt. Ltd.,Creative Securities Pvt Ltd,2026-04-09 11:39:14.161778
2026040904003587,RHPL,40,42,30,291.0,8730.0,Creative Securities Pvt Ltd,Sani Securities Company Ltd.,2026-04-09 11:40:27.587562
2026040904003906,RHPL,40,64,50,291.0,14550.0,Creative Securities Pvt Ltd,SUN SECURITIES PVT LTD,2026-04-09 11:43:42.162739
2026040904003999,RHPL,40,29,20,291.0,5820.0,Creative Securities Pvt Ltd,Trisul Securities & Invt. Ltd.,2026-04-09 11:44:27.563497
2026040904004000,RHPL,58,29,15,291.0,4365.0,Naasa Securities Co. Ltd.,Trisul Securities & Invt. Ltd.,2026-04-09 11:44:27.563691
2026040904004001,RHPL,84,29,35,291.0,10185.0,MILKY WAY SHARE BROKER COMPANY LTD ,Trisul Securities & Invt. Ltd.,2026-04-09 11:44:27.563826
2026040904004093,RHPL,45,62,180,294.0,52920.0,Imperial Securities Company Pvt. Ltd.,Capital Max Securities Ltd,2026-04-09 11:45:18.929995
2026040904005177,RHPL,46,8,30,291.6,8748.0,Kalika Securities Pvt. Ltd.,Brilliant Securities Pvt. Ltd.,2026-04-09 11:52:39.996928
2026040904005879,RHPL,1,38,200,292.0,58400.0,Kumari Securities Private Limited,Dipshikha Dhitopatra Karobar Co. Pvt Ltd.,2026-04-09 11:56:56.194355
2026040904005880,RHPL,46,38,800,291.9,233520.0,Kalika Securities Pvt. Ltd.,Dipshikha Dhitopatra Karobar Co. Pvt Ltd.,2026-04-09 11:56:56.194414
2026040904006214,RHPL,37,32,500,292.0,146000.0,Swarna Laxmi Securities Pvt. Ltd.,Premier Securities Company Ltd.,2026-04-09 11:59:15.997150
2026040904006382,RHPL,59,32,300,292.0,87600.0,Deevyaa Securities & Stock House Pvt. Ltd,Premier Securities Company Ltd.,2026-04-09 12:00:55.012711
2026040904006462,RHPL,59,56,480,292.0,140160.0,Deevyaa Securities & Stock House Pvt. Ltd,Sri Hari Securities Pvt. Ltd.,2026-04-09 12:01:44.203273
2026040904006482,RHPL,59,43,40,292.0,11680.0,Deevyaa Securities & Stock House Pvt. Ltd,South Asian Bulls Pvt. Ltd.,2026-04-09 12:01:57.875865
2026040904006704,RHPL,59,38,70,292.0,20440.0,Deevyaa Securities & Stock House Pvt. Ltd,Dipshikha Dhitopatra Karobar Co. Pvt Ltd.,2026-04-09 12:04:49.644719
2026040904007117,RHPL,41,5,50,293.8,14690.0,Linch Stock Market Ltd.,Market Securities & Exchange (PVT) Ltd.,2026-04-09 12:07:32.239629
2026040904007226,RHPL,77,92,14,292.5,4095.0,Nabil Stock Dealer Ltd.,Roadshow securities limited,2026-04-09 12:08:29.809795
2026040904007227,RHPL,59,92,110,292.0,32120.0,Deevyaa Securities & Stock House Pvt. Ltd,Roadshow securities limited,2026-04-09 12:08:29.809855
2026040904007228,RHPL,45,92,26,292.0,7592.0,Imperial Securities Company Pvt. Ltd.,Roadshow securities limited,2026-04-09 12:08:29.809895
2026040904007462,RHPL,59,89,10,293.8,2938.0,Deevyaa Securities & Stock House Pvt. Ltd,Global IME Securities Limited,2026-04-09 12:10:50.835379
2026040904007686,RHPL,57,29,80,293.9,23512.0,Aryatara Investment & Securities,Trisul Securities & Invt. Ltd.,2026-04-09 12:13:13.229512
2026040904007687,RHPL,57,57,898,294.0,264012.0,Aryatara Investment & Securities,Aryatara Investment & Securities,2026-04-09 12:13:13.229649
2026040904007688,RHPL,57,25,22,294.0,6468.0,Aryatara Investment & Securities,Sweta Securities Private Limited,2026-04-09 12:13:13.229707
2026040904007888,RHPL,45,25,78,294.0,22932.0,Imperial Securities Company Pvt. Ltd.,Sweta Securities Private Limited,2026-04-09 12:15:17.498572
2026040904007889,RHPL,45,89,10,294.0,2940.0,Imperial Securities Company Pvt. Ltd.,Global IME Securities Limited,2026-04-09 12:15:17.498852
2026040904008160,RHPL,45,34,112,294.0,32928.0,Imperial Securities Company Pvt. Ltd.,Vision Securities Pvt. Ltd,2026-04-09 12:17:30.901075
2026040904008161,RHPL,45,34,88,294.0,25872.0,Imperial Securities Company Pvt. Ltd.,Vision Securities Pvt. Ltd,2026-04-09 12:17:30.901218
2026040904008620,RHPL,7,89,10,294.4,2944.0,J.F. Securites (PVT) Ltd.,Global IME Securities Limited,2026-04-09 12:21:15.015567
2026040904008891,RHPL,64,6,400,292.4,116960.0,SUN SECURITIES PVT LTD,Agrawal Securities (PVT) Ltd.,2026-04-09 12:23:58.553741
2026040904008914,RHPL,64,6,100,292.4,29240.0,SUN SECURITIES PVT LTD,Agrawal Securities (PVT) Ltd.,2026-04-09 12:24:18.473333
2026040904008961,RHPL,1,6,200,292.3,58460.0,Kumari Securities Private Limited,Agrawal Securities (PVT) Ltd.,2026-04-09 12:24:47.836033
2026040904008999,RHPL,37,6,210,292.2,61362.0,Swarna Laxmi Securities Pvt. Ltd.,Agrawal Securities (PVT) Ltd.,2026-04-09 12:24:59.924953
2026040904009041,RHPL,37,6,200,292.2,58440.0,Swarna Laxmi Securities Pvt. Ltd.,Agrawal Securities (PVT) Ltd.,2026-04-09 12:25:24.710973
2026040904009138,RHPL,84,37,270,292.4,78948.0,MILKY WAY SHARE BROKER COMPANY LTD ,Swarna Laxmi Securities Pvt. Ltd.,2026-04-09 12:26:50.862217
2026040904009801,RHPL,84,34,80,292.4,23392.0,MILKY WAY SHARE BROKER COMPANY LTD ,Vision Securities Pvt. Ltd,2026-04-09 12:32:46.136952
2026040904010167,RHPL,34,17,30,292.6,8778.0,Vision Securities Pvt. Ltd,ABC Securities Private Limited,2026-04-09 12:36:01.635904
2026040904010181,RHPL,34,37,20,292.6,5852.0,Vision Securities Pvt. Ltd,Swarna Laxmi Securities Pvt. Ltd.,2026-04-09 12:36:10.458484
2026040904010198,RHPL,34,37,950,292.6,277970.0,Vision Securities Pvt. Ltd,Swarna Laxmi Securities Pvt. Ltd.,2026-04-09 12:36:21.457310
2026040904010199,RHPL,1,37,50,292.5,14625.0,Kumari Securities Private Limited,Swarna Laxmi Securities Pvt. Ltd.,2026-04-09 12:36:21.457709
2026040904010310,RHPL,1,37,60,292.5,17550.0,Kumari Securities Private Limited,Swarna Laxmi Securities Pvt. Ltd.,2026-04-09 12:37:12.259182
2026040904010351,RHPL,1,49,70,292.5,20475.0,Kumari Securities Private Limited,Online Securities Pvt. Ltd.,2026-04-09 12:37:47.187422
2026040904010410,RHPL,1,58,20,292.5,5850.0,Kumari Securities Private Limited,Naasa Securities Co. Ltd.,2026-04-09 12:38:10.754028
2026040904010430,RHPL,84,37,385,292.4,112574.0,MILKY WAY SHARE BROKER COMPANY LTD ,Swarna Laxmi Securities Pvt. Ltd.,2026-04-09 12:38:22.739076
2026040904010431,RHPL,25,37,200,292.4,58480.0,Sweta Securities Private Limited,Swarna Laxmi Securities Pvt. Ltd.,2026-04-09 12:38:22.739474
2026040904010432,RHPL,57,37,415,292.3,121304.5,Aryatara Investment & Securities,Swarna Laxmi Securities Pvt. Ltd.,2026-04-09 12:38:22.739676
2026040904010466,RHPL,57,47,585,292.3,170995.5,Aryatara Investment & Securities,Neev Securities Pvt. Ltd.,2026-04-09 12:38:40.450209
2026040904010467,RHPL,37,47,90,292.2,26298.0,Swarna Laxmi Securities Pvt. Ltd.,Neev Securities Pvt. Ltd.,2026-04-09 12:38:40.450378
2026040904010468,RHPL,57,47,325,292.1,94932.5,Aryatara Investment & Securities,Neev Securities Pvt. Ltd.,2026-04-09 12:38:40.450445
2026040904010557,RHPL,45,58,16,292.5,4680.0,Imperial Securities Company Pvt. Ltd.,Naasa Securities Co. Ltd.,2026-04-09 12:39:23.681306
2026040904010567,RHPL,57,58,30,292.1,8763.0,Aryatara Investment & Securities,Naasa Securities Co. Ltd.,2026-04-09 12:39:29.961512
2026040904010590,RHPL,57,17,40,292.1,11684.0,Aryatara Investment & Securities,ABC Securities Private Limited,2026-04-09 12:39:49.750235
2026040904010723,RHPL,57,89,150,292.1,43815.0,Aryatara Investment & Securities,Global IME Securities Limited,2026-04-09 12:41:02.042762
2026040904010725,RHPL,57,50,455,292.1,132905.5,Aryatara Investment & Securities,Cristal Kanchanjanga Securites Pvt. Ltd.,2026-04-09 12:41:02.298787
2026040904010728,RHPL,34,47,75,292.0,21900.0,Vision Securities Pvt. Ltd,Neev Securities Pvt. Ltd.,2026-04-09 12:41:04.343336
2026040904010729,RHPL,4,47,925,292.0,270100.0,Opal Securities Investment (PVT) Ltd.,Neev Securities Pvt. Ltd.,2026-04-09 12:41:04.343726
2026040904010748,RHPL,4,57,705,292.0,205860.0,Opal Securities Investment (PVT) Ltd.,Aryatara Investment & Securities,2026-04-09 12:41:16.048641
2026040904010768,RHPL,4,37,1000,292.0,292000.0,Opal Securities Investment (PVT) Ltd.,Swarna Laxmi Securities Pvt. Ltd.,2026-04-09 12:41:23.335530
2026040904010841,RHPL,4,42,200,292.0,58400.0,Opal Securities Investment (PVT) Ltd.,Sani Securities Company Ltd.,2026-04-09 12:42:22.597079
2026040904010911,RHPL,4,58,20,292.0,5840.0,Opal Securities Investment (PVT) Ltd.,Naasa Securities Co. Ltd.,2026-04-09 12:43:21.886975
2026040904011013,RHPL,4,11,150,292.0,43800.0,Opal Securities Investment (PVT) Ltd.,Malla & Malla Stock Broking Company Pvt. Limited,2026-04-09 12:44:13.832109
2026040904011014,RHPL,50,11,50,292.0,14600.0,Cristal Kanchanjanga Securites Pvt. Ltd.,Malla & Malla Stock Broking Company Pvt. Limited,2026-04-09 12:44:13.832452
2026040904011130,RHPL,50,50,150,292.0,43800.0,Cristal Kanchanjanga Securites Pvt. Ltd.,Cristal Kanchanjanga Securites Pvt. Ltd.,2026-04-09 12:45:51.343656
2026040904011131,RHPL,89,50,45,292.0,13140.0,Global IME Securities Limited,Cristal Kanchanjanga Securites Pvt. Ltd.,2026-04-09 12:45:51.343849
2026040904011219,RHPL,89,21,100,292.0,29200.0,Global IME Securities Limited,Midas Stock Broking Company Private Limited,2026-04-09 12:46:48.007531
2026040904011250,RHPL,89,16,55,292.0,16060.0,Global IME Securities Limited,Primo Securities (PVT) Ltd.,2026-04-09 12:47:16.136030
2026040904011251,RHPL,46,16,15,291.9,4378.5,Kalika Securities Pvt. Ltd.,Primo Securities (PVT) Ltd.,2026-04-09 12:47:16.136196
2026040904011294,RHPL,33,58,44,292.5,12870.0,Dakshinkali Investment & Securities Pvt. Ltd.,Naasa Securities Co. Ltd.,2026-04-09 12:48:03.120232
2026040904011295,RHPL,33,40,70,292.5,20475.0,Dakshinkali Investment & Securities Pvt. Ltd.,Creative Securities Pvt Ltd,2026-04-09 12:48:03.120565
2026040904011296,RHPL,33,50,200,292.9,58580.0,Dakshinkali Investment & Securities Pvt. Ltd.,Cristal Kanchanjanga Securites Pvt. Ltd.,2026-04-09 12:48:03.120754
2026040904011297,RHPL,33,49,200,293.0,58600.0,Dakshinkali Investment & Securities Pvt. Ltd.,Online Securities Pvt. Ltd.,2026-04-09 12:48:03.120931
2026040904011298,RHPL,33,42,40,293.0,11720.0,Dakshinkali Investment & Securities Pvt. Ltd.,Sani Securities Company Ltd.,2026-04-09 12:48:03.121119
2026040904011335,RHPL,33,45,17,292.0,4964.0,Dakshinkali Investment & Securities Pvt. Ltd.,Imperial Securities Company Pvt. Ltd.,2026-04-09 12:48:39.049227
2026040904011487,RHPL,33,17,30,292.0,8760.0,Dakshinkali Investment & Securities Pvt. Ltd.,ABC Securities Private Limited,2026-04-09 12:50:05.200780
2026040904011577,RHPL,33,50,46,292.0,13432.0,Dakshinkali Investment & Securities Pvt. Ltd.,Cristal Kanchanjanga Securites Pvt. Ltd.,2026-04-09 12:51:05.063769
2026040904011838,RHPL,33,58,10,292.0,2920.0,Dakshinkali Investment & Securities Pvt. Ltd.,Naasa Securities Co. Ltd.,2026-04-09 12:54:17.880901
2026040904012254,RHPL,33,62,10,292.0,2920.0,Dakshinkali Investment & Securities Pvt. Ltd.,Capital Max Securities Ltd,2026-04-09 12:58:48.076241
2026040904012316,RHPL,47,58,10,293.0,2930.0,Neev Securities Pvt. Ltd.,Naasa Securities Co. Ltd.,2026-04-09 12:59:35.269822
2026040904012317,RHPL,47,4,150,293.0,43950.0,Neev Securities Pvt. Ltd.,Opal Securities Investment (PVT) Ltd.,2026-04-09 12:59:35.270004
2026040904012318,RHPL,47,77,250,293.6,73400.0,Neev Securities Pvt. Ltd.,Nabil Stock Dealer Ltd.,2026-04-09 12:59:35.270088
2026040904012319,RHPL,47,34,300,293.7,88110.0,Neev Securities Pvt. Ltd.,Vision Securities Pvt. Ltd,2026-04-09 12:59:35.270153
2026040904012320,RHPL,47,1,200,293.8,58760.0,Neev Securities Pvt. Ltd.,Kumari Securities Private Limited,2026-04-09 12:59:35.270221
2026040904012321,RHPL,47,58,80,293.9,23512.0,Neev Securities Pvt. Ltd.,Naasa Securities Co. Ltd.,2026-04-09 12:59:35.270285
2026040904012322,RHPL,47,35,10,293.9,2939.0,Neev Securities Pvt. Ltd.,Kohinoor Investment & Securities Pvt. Ltd.,2026-04-09 12:59:35.270385
2026040904012766,RHPL,58,35,200,293.9,58780.0,Naasa Securities Co. Ltd.,Kohinoor Investment & Securities Pvt. Ltd.,2026-04-09 13:04:03.932047
2026040904012767,RHPL,58,35,37,293.9,10874.3,Naasa Securities Co. Ltd.,Kohinoor Investment & Securities Pvt. Ltd.,2026-04-09 13:04:04.394306
2026040904013219,RHPL,51,38,20,292.3,5846.0,Oxford Securities Pvt. Ltd.,Dipshikha Dhitopatra Karobar Co. Pvt Ltd.,2026-04-09 13:09:02.003070
2026040904013383,RHPL,58,35,50,293.9,14695.0,Naasa Securities Co. Ltd.,Kohinoor Investment & Securities Pvt. Ltd.,2026-04-09 13:10:39.765223
2026040904013456,RHPL,47,35,203,293.9,59661.7,Neev Securities Pvt. Ltd.,Kohinoor Investment & Securities Pvt. Ltd.,2026-04-09 13:11:29.032534
2026040904013457,RHPL,47,1,200,293.9,58780.0,Neev Securities Pvt. Ltd.,Kumari Securities Private Limited,2026-04-09 13:11:29.032710
2026040904013467,RHPL,47,21,30,294.0,8820.0,Neev Securities Pvt. Ltd.,Midas Stock Broking Company Private Limited,2026-04-09 13:11:44.232696
2026040904013468,RHPL,47,17,970,294.0,285180.0,Neev Securities Pvt. Ltd.,ABC Securities Private Limited,2026-04-09 13:11:44.233016
2026040904013545,RHPL,7,17,30,294.0,8820.0,J.F. Securites (PVT) Ltd.,ABC Securities Private Limited,2026-04-09 13:12:09.987491
2026040904013546,RHPL,7,52,80,294.0,23520.0,J.F. Securites (PVT) Ltd.,Sundhara Securities Limited,2026-04-09 13:12:09.987790
2026040904013547,RHPL,7,22,50,294.0,14700.0,J.F. Securites (PVT) Ltd.,Siprabi Securities Pvt. Ltd.,2026-04-09 13:12:09.988008
2026040904013578,RHPL,42,74,10,294.2,2942.0,Sani Securities Company Ltd.,KALASH STOCK MARKET PVT. LTD.,2026-04-09 13:12:20.342138
2026040904013579,RHPL,42,35,70,294.5,20615.0,Sani Securities Company Ltd.,Kohinoor Investment & Securities Pvt. Ltd.,2026-04-09 13:12:20.342300
2026040904013580,RHPL,42,77,120,294.9,35388.0,Sani Securities Company Ltd.,Nabil Stock Dealer Ltd.,2026-04-09 13:12:20.342380
2026040904013582,RHPL,7,49,80,294.0,23520.0,J.F. Securites (PVT) Ltd.,Online Securities Pvt. Ltd.,2026-04-09 13:12:21.453193
2026040904013610,RHPL,42,77,130,294.9,38337.0,Sani Securities Company Ltd.,Nabil Stock Dealer Ltd.,2026-04-09 13:12:37.610053
2026040904013611,RHPL,42,13,50,295.0,14750.0,Sani Securities Company Ltd.,Thrive Brokerage House Pvt. Ltd,2026-04-09 13:12:37.610417
2026040904013612,RHPL,42,32,10,295.0,2950.0,Sani Securities Company Ltd.,Premier Securities Company Ltd.,2026-04-09 13:12:37.610664
2026040904013613,RHPL,42,49,10,295.0,2950.0,Sani Securities Company Ltd.,Online Securities Pvt. Ltd.,2026-04-09 13:12:37.610918
2026040904013614,RHPL,42,49,150,295.0,44250.0,Sani Securities Company Ltd.,Online Securities Pvt. Ltd.,2026-04-09 13:12:38.259168
2026040904013615,RHPL,42,50,40,295.0,11800.0,Sani Securities Company Ltd.,Cristal Kanchanjanga Securites Pvt. Ltd.,2026-04-09 13:12:38.259354
2026040904013616,RHPL,42,11,50,295.0,14750.0,Sani Securities Company Ltd.,Malla & Malla Stock Broking Company Pvt. Limited,2026-04-09 13:12:38.259423
2026040904013617,RHPL,42,32,10,295.0,2950.0,Sani Securities Company Ltd.,Premier Securities Company Ltd.,2026-04-09 13:12:38.259489
2026040904013618,RHPL,42,14,50,295.0,14750.0,Sani Securities Company Ltd.,Nepal Stock House (PVT) Ltd.,2026-04-09 13:12:38.259553
2026040904013638,RHPL,42,14,300,295.0,88500.0,Sani Securities Company Ltd.,Nepal Stock House (PVT) Ltd.,2026-04-09 13:12:55.910686
2026040904013643,RHPL,47,14,150,295.0,44250.0,Neev Securities Pvt. Ltd.,Nepal Stock House (PVT) Ltd.,2026-04-09 13:13:01.771446
2026040904013644,RHPL,47,58,250,295.0,73750.0,Neev Securities Pvt. Ltd.,Naasa Securities Co. Ltd.,2026-04-09 13:13:01.771734
2026040904013645,RHPL,47,35,70,295.0,20650.0,Neev Securities Pvt. Ltd.,Kohinoor Investment & Securities Pvt. Ltd.,2026-04-09 13:13:01.771921
2026040904013646,RHPL,47,46,30,295.0,8850.0,Neev Securities Pvt. Ltd.,Kalika Securities Pvt. Ltd.,2026-04-09 13:13:01.772120
2026040904013662,RHPL,42,46,70,295.0,20650.0,Sani Securities Company Ltd.,Kalika Securities Pvt. Ltd.,2026-04-09 13:13:06.193878
2026040904013663,RHPL,42,32,50,295.0,14750.0,Sani Securities Company Ltd.,Premier Securities Company Ltd.,2026-04-09 13:13:06.194042
2026040904013664,RHPL,42,19,20,295.0,5900.0,Sani Securities Company Ltd.,Nepal Investment And Securities Trading Private Limited,2026-04-09 13:13:06.194128
2026040904013670,RHPL,42,39,60,295.0,17700.0,Sani Securities Company Ltd.,Sumeru Securities Pvt. Ltd.,2026-04-09 13:13:11.228235
2026040904013671,RHPL,7,39,10,294.0,2940.0,J.F. Securites (PVT) Ltd.,Sumeru Securities Pvt. Ltd.,2026-04-09 13:13:11.228565
2026040904013858,RHPL,47,38,75,295.8,22185.0,Neev Securities Pvt. Ltd.,Dipshikha Dhitopatra Karobar Co. Pvt Ltd.,2026-04-09 13:14:58.909403
2026040904014059,RHPL,7,45,173,296.0,51208.0,J.F. Securites (PVT) Ltd.,Imperial Securities Company Pvt. Ltd.,2026-04-09 13:16:41.100727
2026040904014060,RHPL,7,3,10,296.0,2960.0,J.F. Securites (PVT) Ltd.,Arun Securities (PVT) Ltd.,2026-04-09 13:16:41.100881
2026040904014061,RHPL,7,14,80,296.0,23680.0,J.F. Securites (PVT) Ltd.,Nepal Stock House (PVT) Ltd.,2026-04-09 13:16:41.100963
2026040904014062,RHPL,7,14,40,296.0,11840.0,J.F. Securites (PVT) Ltd.,Nepal Stock House (PVT) Ltd.,2026-04-09 13:16:41.101026
2026040904014063,RHPL,7,57,80,296.0,23680.0,J.F. Securites (PVT) Ltd.,Aryatara Investment & Securities,2026-04-09 13:16:41.101087
2026040904014064,RHPL,7,45,500,296.0,148000.0,J.F. Securites (PVT) Ltd.,Imperial Securities Company Pvt. Ltd.,2026-04-09 13:16:41.101149
2026040904014065,RHPL,7,32,70,296.0,20720.0,J.F. Securites (PVT) Ltd.,Premier Securities Company Ltd.,2026-04-09 13:16:41.101210
2026040904014085,RHPL,7,29,20,296.0,5920.0,J.F. Securites (PVT) Ltd.,Trisul Securities & Invt. Ltd.,2026-04-09 13:16:58.256581
2026040904014099,RHPL,7,26,70,297.0,20790.0,J.F. Securites (PVT) Ltd.,Asian Securities Private Ltd.,2026-04-09 13:17:07.311441
2026040904014100,RHPL,7,19,20,297.0,5940.0,J.F. Securites (PVT) Ltd.,Nepal Investment And Securities Trading Private Limited,2026-04-09 13:17:07.311586
2026040904014101,RHPL,7,26,200,297.0,59400.0,J.F. Securites (PVT) Ltd.,Asian Securities Private Ltd.,2026-04-09 13:17:07.311651
2026040904014102,RHPL,7,33,210,297.0,62370.0,J.F. Securites (PVT) Ltd.,Dakshinkali Investment & Securities Pvt. Ltd.,2026-04-09 13:17:07.311713
2026040904014149,RHPL,53,44,2,291.6,583.2,Investment Management Nepal Pvt. Ltd.,Dynamic Money Managers Securities Pvt. Ltd.,2026-04-09 13:17:36.826792
2026040904014433,RHPL,7,56,27,296.0,7992.0,J.F. Securites (PVT) Ltd.,Sri Hari Securities Pvt. Ltd.,2026-04-09 13:20:45.022385
2026040904014434,RHPL,47,56,38,295.8,11240.4,Neev Securities Pvt. Ltd.,Sri Hari Securities Pvt. Ltd.,2026-04-09 13:20:45.022723
2026040904014440,RHPL,58,36,40,296.9,11876.0,Naasa Securities Co. Ltd.,Secured Securities Ltd.,2026-04-09 13:20:47.439084
2026040904014441,RHPL,58,35,60,296.9,17814.0,Naasa Securities Co. Ltd.,Kohinoor Investment & Securities Pvt. Ltd.,2026-04-09 13:20:47.439250
2026040904014633,RHPL,47,39,70,295.8,20706.0,Neev Securities Pvt. Ltd.,Sumeru Securities Pvt. Ltd.,2026-04-09 13:22:54.038160
2026040904014722,RHPL,47,51,317,295.8,93768.6,Neev Securities Pvt. Ltd.,Oxford Securities Pvt. Ltd.,2026-04-09 13:23:35.747191
2026040904014892,RHPL,42,89,150,295.0,44250.0,Sani Securities Company Ltd.,Global IME Securities Limited,2026-04-09 13:24:42.260103
2026040904015220,RHPL,42,77,150,295.0,44250.0,Sani Securities Company Ltd.,Nabil Stock Dealer Ltd.,2026-04-09 13:26:52.678018
2026040904015221,RHPL,42,77,300,295.0,88500.0,Sani Securities Company Ltd.,Nabil Stock Dealer Ltd.,2026-04-09 13:26:52.678360
2026040904015222,RHPL,92,77,600,295.0,177000.0,Roadshow securities limited,Nabil Stock Dealer Ltd.,2026-04-09 13:26:52.678577
2026040904015223,RHPL,42,77,75,295.0,22125.0,Sani Securities Company Ltd.,Nabil Stock Dealer Ltd.,2026-04-09 13:26:52.678840
2026040904015281,RHPL,42,14,10,295.0,2950.0,Sani Securities Company Ltd.,Nepal Stock House (PVT) Ltd.,2026-04-09 13:27:32.268038
2026040904015319,RHPL,42,26,15,295.0,4425.0,Sani Securities Company Ltd.,Asian Securities Private Ltd.,2026-04-09 13:28:00.298747
2026040904015320,RHPL,42,26,85,295.0,25075.0,Sani Securities Company Ltd.,Asian Securities Private Ltd.,2026-04-09 13:28:00.298918
2026040904015325,RHPL,42,57,65,295.0,19175.0,Sani Securities Company Ltd.,Aryatara Investment & Securities,2026-04-09 13:28:05.749044
2026040904015326,RHPL,42,57,100,295.0,29500.0,Sani Securities Company Ltd.,Aryatara Investment & Securities,2026-04-09 13:28:05.749217
2026040904015327,RHPL,42,57,150,295.0,44250.0,Sani Securities Company Ltd.,Aryatara Investment & Securities,2026-04-09 13:28:05.749281
2026040904015328,RHPL,89,57,200,295.0,59000.0,Global IME Securities Limited,Aryatara Investment & Securities,2026-04-09 13:28:05.749348
2026040904015329,RHPL,42,57,200,295.0,59000.0,Sani Securities Company Ltd.,Aryatara Investment & Securities,2026-04-09 13:28:05.749420
2026040904015330,RHPL,89,57,200,295.0,59000.0,Global IME Securities Limited,Aryatara Investment & Securities,2026-04-09 13:28:05.749501
2026040904015331,RHPL,41,57,85,295.0,25075.0,Linch Stock Market Ltd.,Aryatara Investment & Securities,2026-04-09 13:28:05.749593
2026040904015541,RHPL,41,74,15,295.0,4425.0,Linch Stock Market Ltd.,KALASH STOCK MARKET PVT. LTD.,2026-04-09 13:30:18.655574
2026040904015542,RHPL,47,74,55,293.2,16126.0,Neev Securities Pvt. Ltd.,KALASH STOCK MARKET PVT. LTD.,2026-04-09 13:30:18.655669
2026040904015715,RHPL,58,29,10,295.0,2950.0,Naasa Securities Co. Ltd.,Trisul Securities & Invt. Ltd.,2026-04-09 13:32:29.984212
2026040904015726,RHPL,58,16,15,295.0,4425.0,Naasa Securities Co. Ltd.,Primo Securities (PVT) Ltd.,2026-04-09 13:32:46.490127
2026040904015965,RHPL,64,16,30,295.0,8850.0,SUN SECURITIES PVT LTD,Primo Securities (PVT) Ltd.,2026-04-09 13:36:11.605179
2026040904016274,RHPL,25,16,25,295.0,7375.0,Sweta Securities Private Limited,Primo Securities (PVT) Ltd.,2026-04-09 13:40:24.764837
2026040904016275,RHPL,25,44,50,295.0,14750.0,Sweta Securities Private Limited,Dynamic Money Managers Securities Pvt. Ltd.,2026-04-09 13:40:24.765132
2026040904016276,RHPL,25,34,50,295.0,14750.0,Sweta Securities Private Limited,Vision Securities Pvt. Ltd,2026-04-09 13:40:24.765344
2026040904017082,RHPL,1,14,10,293.6,2936.0,Kumari Securities Private Limited,Nepal Stock House (PVT) Ltd.,2026-04-09 13:50:14.440575
2026040904017123,RHPL,14,4,20,295.8,5916.0,Nepal Stock House (PVT) Ltd.,Opal Securities Investment (PVT) Ltd.,2026-04-09 13:51:11.166784
2026040904017124,RHPL,14,74,80,296.0,23680.0,Nepal Stock House (PVT) Ltd.,KALASH STOCK MARKET PVT. LTD.,2026-04-09 13:51:11.167113
2026040904017750,RHPL,50,74,40,296.0,11840.0,Cristal Kanchanjanga Securites Pvt. Ltd.,KALASH STOCK MARKET PVT. LTD.,2026-04-09 13:57:36.286882
2026040904017751,RHPL,50,32,10,296.0,2960.0,Cristal Kanchanjanga Securites Pvt. Ltd.,Premier Securities Company Ltd.,2026-04-09 13:57:36.287035
2026040904017752,RHPL,50,32,10,296.0,2960.0,Cristal Kanchanjanga Securites Pvt. Ltd.,Premier Securities Company Ltd.,2026-04-09 13:57:36.287105
2026040904017753,RHPL,50,1,100,296.0,29600.0,Cristal Kanchanjanga Securites Pvt. Ltd.,Kumari Securities Private Limited,2026-04-09 13:57:36.287173
2026040904017754,RHPL,50,89,100,296.4,29640.0,Cristal Kanchanjanga Securites Pvt. Ltd.,Global IME Securities Limited,2026-04-09 13:57:36.287241
2026040904018042,RHPL,50,29,10,296.4,2964.0,Cristal Kanchanjanga Securites Pvt. Ltd.,Trisul Securities & Invt. Ltd.,2026-04-09 14:00:45.566389
2026040904018069,RHPL,4,26,50,296.6,14830.0,Opal Securities Investment (PVT) Ltd.,Asian Securities Private Ltd.,2026-04-09 14:01:06.023815
2026040904018259,RHPL,51,35,350,296.9,103915.0,Oxford Securities Pvt. Ltd.,Kohinoor Investment & Securities Pvt. Ltd.,2026-04-09 14:03:01.310501
2026040904018297,RHPL,50,38,10,296.4,2964.0,Cristal Kanchanjanga Securites Pvt. Ltd.,Dipshikha Dhitopatra Karobar Co. Pvt Ltd.,2026-04-09 14:03:24.431725
2026040904018334,RHPL,50,52,20,296.4,5928.0,Cristal Kanchanjanga Securites Pvt. Ltd.,Sundhara Securities Limited,2026-04-09 14:03:44.127884
2026040904018340,RHPL,45,52,20,296.4,5928.0,Imperial Securities Company Pvt. Ltd.,Sundhara Securities Limited,2026-04-09 14:03:45.429803
2026040904018350,RHPL,50,59,80,296.0,23680.0,Cristal Kanchanjanga Securites Pvt. Ltd.,Deevyaa Securities & Stock House Pvt. Ltd,2026-04-09 14:03:52.815264
2026040904018386,RHPL,45,52,30,296.4,8892.0,Imperial Securities Company Pvt. Ltd.,Sundhara Securities Limited,2026-04-09 14:04:21.905876
2026040904018403,RHPL,50,21,20,296.0,5920.0,Cristal Kanchanjanga Securites Pvt. Ltd.,Midas Stock Broking Company Private Limited,2026-04-09 14:04:35.468783
2026040904018629,RHPL,45,52,40,296.4,11856.0,Imperial Securities Company Pvt. Ltd.,Sundhara Securities Limited,2026-04-09 14:07:12.161868
2026040904018708,RHPL,45,47,30,296.0,8880.0,Imperial Securities Company Pvt. Ltd.,Neev Securities Pvt. Ltd.,2026-04-09 14:08:02.453571
2026040904018709,RHPL,50,47,50,295.2,14760.0,Cristal Kanchanjanga Securites Pvt. Ltd.,Neev Securities Pvt. Ltd.,2026-04-09 14:08:02.454035
2026040904018710,RHPL,34,47,50,295.1,14755.0,Vision Securities Pvt. Ltd,Neev Securities Pvt. Ltd.,2026-04-09 14:08:02.454400
2026040904018711,RHPL,50,47,63,295.1,18591.3,Cristal Kanchanjanga Securites Pvt. Ltd.,Neev Securities Pvt. Ltd.,2026-04-09 14:08:02.454723
2026040904018762,RHPL,50,68,50,295.3,14765.0,Cristal Kanchanjanga Securites Pvt. Ltd.,Elite Stock House Limited,2026-04-09 14:08:57.289350
2026040904018947,RHPL,50,57,10,295.1,2951.0,Cristal Kanchanjanga Securites Pvt. Ltd.,Aryatara Investment & Securities,2026-04-09 14:10:58.984255
2026040904019142,RHPL,50,38,40,295.2,11808.0,Cristal Kanchanjanga Securites Pvt. Ltd.,Dipshikha Dhitopatra Karobar Co. Pvt Ltd.,2026-04-09 14:12:58.905479
2026040904019665,RHPL,1,76,80,295.3,23624.0,Kumari Securities Private Limited,Machhapuchchhre Securities Limited,2026-04-09 14:16:17.505994
2026040904019716,RHPL,1,58,80,295.3,23624.0,Kumari Securities Private Limited,Naasa Securities Co. Ltd.,2026-04-09 14:16:45.826199
2026040904020111,RHPL,26,11,30,296.0,8880.0,Asian Securities Private Ltd.,Malla & Malla Stock Broking Company Pvt. Limited,2026-04-09 14:19:42.460697
2026040904020112,RHPL,26,48,70,296.0,20720.0,Asian Securities Private Ltd.,Trishakti Securities Public Limited,2026-04-09 14:19:42.461089
2026040904020586,RHPL,1,59,30,295.3,8859.0,Kumari Securities Private Limited,Deevyaa Securities & Stock House Pvt. Ltd,2026-04-09 14:23:02.768688
2026040904020587,RHPL,50,59,40,295.2,11808.0,Cristal Kanchanjanga Securites Pvt. Ltd.,Deevyaa Securities & Stock House Pvt. Ltd,2026-04-09 14:23:02.769039
2026040904020613,RHPL,50,65,10,295.2,2952.0,Cristal Kanchanjanga Securites Pvt. Ltd.,Sharepro Securities Private Limited,2026-04-09 14:23:17.202859
2026040904020692,RHPL,7,34,40,296.0,11840.0,J.F. Securites (PVT) Ltd.,Vision Securities Pvt. Ltd,2026-04-09 14:23:41.198898
2026040904021078,RHPL,7,89,60,296.0,17760.0,J.F. Securites (PVT) Ltd.,Global IME Securities Limited,2026-04-09 14:26:24.115490
2026040904021228,RHPL,66,6,40,295.3,11812.0,Miyo Securities Pvt Ltd,Agrawal Securities (PVT) Ltd.,2026-04-09 14:27:25.698079
2026040904021983,RHPL,45,51,10,295.4,2954.0,Imperial Securities Company Pvt. Ltd.,Oxford Securities Pvt. Ltd.,2026-04-09 14:30:58.092668
2026040904022500,RHPL,58,28,40,296.0,11840.0,Naasa Securities Co. Ltd.,Shree Krishna Securities Ltd.,2026-04-09 14:35:43.124454
2026040904022557,RHPL,58,13,40,296.1,11844.0,Naasa Securities Co. Ltd.,Thrive Brokerage House Pvt. Ltd,2026-04-09 14:36:11.557512
2026040904022579,RHPL,57,13,10,296.1,2961.0,Aryatara Investment & Securities,Thrive Brokerage House Pvt. Ltd,2026-04-09 14:36:19.863663
2026040904022666,RHPL,57,47,10,296.2,2962.0,Aryatara Investment & Securities,Neev Securities Pvt. Ltd.,2026-04-09 14:36:44.405599
2026040904022701,RHPL,66,32,60,295.6,17736.0,Miyo Securities Pvt Ltd,Premier Securities Company Ltd.,2026-04-09 14:37:03.776477
2026040904022856,RHPL,29,32,50,295.6,14780.0,Trisul Securities & Invt. Ltd.,Premier Securities Company Ltd.,2026-04-09 14:37:51.116578
2026040904022962,RHPL,45,32,90,295.6,26604.0,Imperial Securities Company Pvt. Ltd.,Premier Securities Company Ltd.,2026-04-09 14:38:34.355635
2026040904023508,RHPL,28,49,100,295.5,29550.0,Shree Krishna Securities Ltd.,Online Securities Pvt. Ltd.,2026-04-09 14:40:34.552807
2026040904023573,RHPL,33,32,180,295.6,53208.0,Dakshinkali Investment & Securities Pvt. Ltd.,Premier Securities Company Ltd.,2026-04-09 14:40:55.501065
2026040904023574,RHPL,33,13,50,296.0,14800.0,Dakshinkali Investment & Securities Pvt. Ltd.,Thrive Brokerage House Pvt. Ltd,2026-04-09 14:40:55.501469
2026040904023900,RHPL,33,50,12,296.0,3552.0,Dakshinkali Investment & Securities Pvt. Ltd.,Cristal Kanchanjanga Securites Pvt. Ltd.,2026-04-09 14:42:30.042643
2026040904023901,RHPL,41,50,68,296.0,20128.0,Linch Stock Market Ltd.,Cristal Kanchanjanga Securites Pvt. Ltd.,2026-04-09 14:42:30.042832
2026040904024237,RHPL,42,19,70,296.3,20741.0,Sani Securities Company Ltd.,Nepal Investment And Securities Trading Private Limited,2026-04-09 14:44:16.199018
2026040904024238,RHPL,42,52,190,296.4,56316.0,Sani Securities Company Ltd.,Sundhara Securities Limited,2026-04-09 14:44:16.199267
2026040904024239,RHPL,42,34,10,296.5,2965.0,Sani Securities Company Ltd.,Vision Securities Pvt. Ltd,2026-04-09 14:44:16.199360
2026040904024240,RHPL,42,49,500,296.5,148250.0,Sani Securities Company Ltd.,Online Securities Pvt. Ltd.,2026-04-09 14:44:16.199458
2026040904024241,RHPL,42,89,100,296.8,29680.0,Sani Securities Company Ltd.,Global IME Securities Limited,2026-04-09 14:44:16.199537
2026040904024242,RHPL,42,49,100,296.8,29680.0,Sani Securities Company Ltd.,Online Securities Pvt. Ltd.,2026-04-09 14:44:16.199606
2026040904024243,RHPL,42,35,90,296.9,26721.0,Sani Securities Company Ltd.,Kohinoor Investment & Securities Pvt. Ltd.,2026-04-09 14:44:16.199681
2026040904024244,RHPL,42,57,70,296.9,20783.0,Sani Securities Company Ltd.,Aryatara Investment & Securities,2026-04-09 14:44:16.199750
2026040904024613,RHPL,45,34,100,296.1,29610.0,Imperial Securities Company Pvt. Ltd.,Vision Securities Pvt. Ltd,2026-04-09 14:46:20.930349
2026040904024614,RHPL,4,34,30,296.1,8883.0,Opal Securities Investment (PVT) Ltd.,Vision Securities Pvt. Ltd,2026-04-09 14:46:20.930715
2026040904024947,RHPL,42,34,20,296.1,5922.0,Sani Securities Company Ltd.,Vision Securities Pvt. Ltd,2026-04-09 14:47:52.695389
2026040904024948,RHPL,42,17,20,296.8,5936.0,Sani Securities Company Ltd.,ABC Securities Private Limited,2026-04-09 14:47:52.695618
2026040904024949,RHPL,42,57,240,296.9,71256.0,Sani Securities Company Ltd.,Aryatara Investment & Securities,2026-04-09 14:47:52.695690
2026040904024950,RHPL,42,45,170,296.9,50473.0,Sani Securities Company Ltd.,Imperial Securities Company Pvt. Ltd.,2026-04-09 14:47:52.695763
2026040904025042,RHPL,41,1,32,296.0,9472.0,Linch Stock Market Ltd.,Kumari Securities Private Limited,2026-04-09 14:48:06.917191
2026040904025043,RHPL,28,1,168,296.0,49728.0,Shree Krishna Securities Ltd.,Kumari Securities Private Limited,2026-04-09 14:48:06.917556
2026040904025468,RHPL,28,14,72,296.0,21312.0,Shree Krishna Securities Ltd.,Nepal Stock House (PVT) Ltd.,2026-04-09 14:49:26.013257
2026040904025469,RHPL,4,14,13,296.0,3848.0,Opal Securities Investment (PVT) Ltd.,Nepal Stock House (PVT) Ltd.,2026-04-09 14:49:26.013467
2026040904025470,RHPL,19,14,15,296.0,4440.0,Nepal Investment And Securities Trading Private Limited,Nepal Stock House (PVT) Ltd.,2026-04-09 14:49:26.013544
2026040904025714,RHPL,19,45,285,296.0,84360.0,Nepal Investment And Securities Trading Private Limited,Imperial Securities Company Pvt. Ltd.,2026-04-09 14:50:43.606119
2026040904026260,RHPL,54,45,350,296.0,103600.0,Sewa Securities Pvt. Ltd.,Imperial Securities Company Pvt. Ltd.,2026-04-09 14:53:07.885476
2026040904026289,RHPL,41,45,195,296.0,57720.0,Linch Stock Market Ltd.,Imperial Securities Company Pvt. Ltd.,2026-04-09 14:53:17.891281
2026040904026290,RHPL,41,32,181,296.0,53576.0,Linch Stock Market Ltd.,Premier Securities Company Ltd.,2026-04-09 14:53:17.891471
2026040904026434,RHPL,64,32,19,296.0,5624.0,SUN SECURITIES PVT LTD,Premier Securities Company Ltd.,2026-04-09 14:53:55.196561
2026040904026435,RHPL,64,49,40,296.0,11840.0,SUN SECURITIES PVT LTD,Online Securities Pvt. Ltd.,2026-04-09 14:53:55.196745
2026040904026436,RHPL,64,50,91,296.0,26936.0,SUN SECURITIES PVT LTD,Cristal Kanchanjanga Securites Pvt. Ltd.,2026-04-09 14:53:55.196824
2026040904026541,RHPL,7,50,100,296.0,29600.0,J.F. Securites (PVT) Ltd.,Cristal Kanchanjanga Securites Pvt. Ltd.,2026-04-09 14:54:18.343432
2026040904026572,RHPL,45,50,10,296.0,2960.0,Imperial Securities Company Pvt. Ltd.,Cristal Kanchanjanga Securites Pvt. Ltd.,2026-04-09 14:54:26.782455
2026040904026648,RHPL,50,58,80,295.3,23624.0,Cristal Kanchanjanga Securites Pvt. Ltd.,Naasa Securities Co. Ltd.,2026-04-09 14:54:47.946353
2026040904026830,RHPL,50,29,67,295.3,19785.1,Cristal Kanchanjanga Securites Pvt. Ltd.,Trisul Securities & Invt. Ltd.,2026-04-09 14:55:19.095693
2026040904026831,RHPL,48,29,2750,295.3,812075.0,Trishakti Securities Public Limited,Trisul Securities & Invt. Ltd.,2026-04-09 14:55:19.095883
2026040904026832,RHPL,6,29,2183,295.2,644421.6,Agrawal Securities (PVT) Ltd.,Trisul Securities & Invt. Ltd.,2026-04-09 14:55:19.096022
2026040904026955,RHPL,6,34,70,295.2,20664.0,Agrawal Securities (PVT) Ltd.,Vision Securities Pvt. Ltd,2026-04-09 14:55:38.308640
2026040904027100,RHPL,43,50,14,296.0,4144.0,South Asian Bulls Pvt. Ltd.,Cristal Kanchanjanga Securites Pvt. Ltd.,2026-04-09 14:55:51.296413
2026040904027129,RHPL,6,47,408,295.2,120441.6,Agrawal Securities (PVT) Ltd.,Neev Securities Pvt. Ltd.,2026-04-09 14:55:57.473486
2026040904027379,RHPL,6,41,150,295.2,44280.0,Agrawal Securities (PVT) Ltd.,Linch Stock Market Ltd.,2026-04-09 14:56:32.897401
2026040904027610,RHPL,54,50,285,296.0,84360.0,Sewa Securities Pvt. Ltd.,Cristal Kanchanjanga Securites Pvt. Ltd.,2026-04-09 14:57:09.363878
2026040904027611,RHPL,54,45,175,296.0,51800.0,Sewa Securities Pvt. Ltd.,Imperial Securities Company Pvt. Ltd.,2026-04-09 14:57:09.364214
2026040904027612,RHPL,54,49,190,296.8,56392.0,Sewa Securities Pvt. Ltd.,Online Securities Pvt. Ltd.,2026-04-09 14:57:09.364484
2026040904027633,RHPL,16,34,300,295.5,88650.0,Primo Securities (PVT) Ltd.,Vision Securities Pvt. Ltd,2026-04-09 14:57:13.271145
2026040904027634,RHPL,6,34,189,295.2,55792.8,Agrawal Securities (PVT) Ltd.,Vision Securities Pvt. Ltd,2026-04-09 14:57:13.271183
2026040904027635,RHPL,45,34,20,295.1,5902.0,Imperial Securities Company Pvt. Ltd.,Vision Securities Pvt. Ltd,2026-04-09 14:57:13.271209
2026040904027636,RHPL,43,34,100,295.1,29510.0,South Asian Bulls Pvt. Ltd.,Vision Securities Pvt. Ltd,2026-04-09 14:57:13.271233
2026040904027637,RHPL,42,34,200,295.0,59000.0,Sani Securities Company Ltd.,Vision Securities Pvt. Ltd,2026-04-09 14:57:13.271270
2026040904027638,RHPL,42,34,100,295.0,29500.0,Sani Securities Company Ltd.,Vision Securities Pvt. Ltd,2026-04-09 14:57:13.271299
2026040904027639,RHPL,42,34,100,295.0,29500.0,Sani Securities Company Ltd.,Vision Securities Pvt. Ltd,2026-04-09 14:57:13.271328
2026040904027640,RHPL,42,34,150,295.0,44250.0,Sani Securities Company Ltd.,Vision Securities Pvt. Ltd,2026-04-09 14:57:13.271349
2026040904027641,RHPL,42,34,100,295.0,29500.0,Sani Securities Company Ltd.,Vision Securities Pvt. Ltd,2026-04-09 14:57:13.271371
2026040904027642,RHPL,42,34,200,295.0,59000.0,Sani Securities Company Ltd.,Vision Securities Pvt. Ltd,2026-04-09 14:57:13.271400
2026040904027643,RHPL,45,34,50,295.0,14750.0,Imperial Securities Company Pvt. Ltd.,Vision Securities Pvt. Ltd,2026-04-09 14:57:13.271421
2026040904027644,RHPL,32,34,50,295.0,14750.0,Premier Securities Company Ltd.,Vision Securities Pvt. Ltd,2026-04-09 14:57:13.271445
2026040904027645,RHPL,58,34,41,295.0,12095.0,Naasa Securities Co. Ltd.,Vision Securities Pvt. Ltd,2026-04-09 14:57:13.271466
2026040904027942,RHPL,58,49,10,295.0,2950.0,Naasa Securities Co. Ltd.,Online Securities Pvt. Ltd.,2026-04-09 14:57:54.933626
2026040904027943,RHPL,41,49,100,295.0,29500.0,Linch Stock Market Ltd.,Online Securities Pvt. Ltd.,2026-04-09 14:57:54.933811
2026040904027944,RHPL,42,49,100,295.0,29500.0,Sani Securities Company Ltd.,Online Securities Pvt. Ltd.,2026-04-09 14:57:54.933882
2026040904027945,RHPL,56,49,100,295.0,29500.0,Sri Hari Securities Pvt. Ltd.,Online Securities Pvt. Ltd.,2026-04-09 14:57:54.933950
2026040904027946,RHPL,6,49,90,295.0,26550.0,Agrawal Securities (PVT) Ltd.,Online Securities Pvt. Ltd.,2026-04-09 14:57:54.934017
2026040904027963,RHPL,6,41,100,295.0,29500.0,Agrawal Securities (PVT) Ltd.,Linch Stock Market Ltd.,2026-04-09 14:58:00.482998
2026040904028898,RHPL,58,51,40,296.0,11840.0,Naasa Securities Co. Ltd.,Oxford Securities Pvt. Ltd.,2026-04-09 14:59:52.697785
2026040904028932,RHPL,6,81,60,295.0,17700.0,Agrawal Securities (PVT) Ltd.,Aakashbhairab Securities Ltd.,2026-04-09 14:59:53.901305
2026040904028933,RHPL,56,81,190,295.0,56050.0,Sri Hari Securities Pvt. Ltd.,Aakashbhairab Securities Ltd.,2026-04-09 14:59:53.901463
