contract_id,symbol,buyer_member_id,seller_member_id,volume,price,amount,buyer_broker,seller_broker,transaction_time
2026040903000546,SFCL,19,7,10,395.0,3950.0,Nepal Investment And Securities Trading Private Limited,J.F. Securites (PVT) Ltd.,2026-04-09 11:24:03.720173
2026040903000973,SFCL,48,26,180,392.2,70596.0,Trishakti Securities Public Limited,Asian Securities Private Ltd.,2026-04-09 11:38:29.807224
2026040903000974,SFCL,34,26,25,392.0,9800.0,Vision Securities Pvt. Ltd,Asian Securities Private Ltd.,2026-04-09 11:38:29.807389
2026040903000975,SFCL,45,26,38,392.0,14896.0,Imperial Securities Company Pvt. Ltd.,Asian Securities Private Ltd.,2026-04-09 11:38:29.807465
2026040903000976,SFCL,41,26,60,392.0,23520.0,Linch Stock Market Ltd.,Asian Securities Private Ltd.,2026-04-09 11:38:29.807534
2026040903000977,SFCL,7,26,20,392.0,7840.0,J.F. Securites (PVT) Ltd.,Asian Securities Private Ltd.,2026-04-09 11:38:29.807599
2026040903000978,SFCL,45,26,10,392.0,3920.0,Imperial Securities Company Pvt. Ltd.,Asian Securities Private Ltd.,2026-04-09 11:38:29.807664
2026040903000979,SFCL,21,26,10,392.0,3920.0,Midas Stock Broking Company Private Limited,Asian Securities Private Ltd.,2026-04-09 11:38:29.807753
2026040903000980,SFCL,58,26,100,391.0,39100.0,Naasa Securities Co. Ltd.,Asian Securities Private Ltd.,2026-04-09 11:38:29.807779
2026040903000981,SFCL,46,26,16,390.0,6240.0,Kalika Securities Pvt. Ltd.,Asian Securities Private Ltd.,2026-04-09 11:38:29.807803
2026040903000982,SFCL,41,26,25,390.0,9750.0,Linch Stock Market Ltd.,Asian Securities Private Ltd.,2026-04-09 11:38:29.807827
2026040903000983,SFCL,28,26,100,390.0,39000.0,Shree Krishna Securities Ltd.,Asian Securities Private Ltd.,2026-04-09 11:38:29.807851
2026040903000984,SFCL,6,26,200,390.0,78000.0,Agrawal Securities (PVT) Ltd.,Asian Securities Private Ltd.,2026-04-09 11:38:29.807875
2026040903000985,SFCL,58,26,27,388.1,10478.7,Naasa Securities Co. Ltd.,Asian Securities Private Ltd.,2026-04-09 11:38:29.807898
2026040903000986,SFCL,57,26,100,388.1,38810.0,Aryatara Investment & Securities,Asian Securities Private Ltd.,2026-04-09 11:38:29.807924
2026040903000987,SFCL,53,26,89,388.1,34540.9,Investment Management Nepal Pvt. Ltd.,Asian Securities Private Ltd.,2026-04-09 11:38:29.807960
2026040903001229,SFCL,49,7,50,395.0,19750.0,Online Securities Pvt. Ltd.,J.F. Securites (PVT) Ltd.,2026-04-09 11:48:21.598809
2026040903001248,SFCL,45,7,16,395.0,6320.0,Imperial Securities Company Pvt. Ltd.,J.F. Securites (PVT) Ltd.,2026-04-09 11:48:39.042079
2026040903001299,SFCL,56,82,80,399.5,31960.0,Sri Hari Securities Pvt. Ltd.,N.M.B. SECURITIES LIMITED,2026-04-09 11:49:59.148720
2026040903001300,SFCL,56,49,100,399.9,39990.0,Sri Hari Securities Pvt. Ltd.,Online Securities Pvt. Ltd.,2026-04-09 11:49:59.148780
2026040903001301,SFCL,56,17,320,400.0,128000.0,Sri Hari Securities Pvt. Ltd.,ABC Securities Private Limited,2026-04-09 11:49:59.148814
2026040903001347,SFCL,49,17,180,400.0,72000.0,Online Securities Pvt. Ltd.,ABC Securities Private Limited,2026-04-09 11:51:02.841539
2026040903001348,SFCL,49,39,320,400.0,128000.0,Online Securities Pvt. Ltd.,Sumeru Securities Pvt. Ltd.,2026-04-09 11:51:02.841616
2026040903001373,SFCL,4,43,76,399.7,30377.2,Opal Securities Investment (PVT) Ltd.,South Asian Bulls Pvt. Ltd.,2026-04-09 11:51:51.673826
2026040903001833,SFCL,47,72,100,395.0,39500.0,Neev Securities Pvt. Ltd.,Hatemalo Financial Services Private Limited,2026-04-09 12:02:14.791237
2026040903001834,SFCL,58,72,500,394.1,197050.0,Naasa Securities Co. Ltd.,Hatemalo Financial Services Private Limited,2026-04-09 12:02:14.791322
2026040903001835,SFCL,42,72,400,394.0,157600.0,Sani Securities Company Ltd.,Hatemalo Financial Services Private Limited,2026-04-09 12:02:14.791376
2026040903001841,SFCL,42,72,600,394.0,236400.0,Sani Securities Company Ltd.,Hatemalo Financial Services Private Limited,2026-04-09 12:02:24.008679
2026040903001842,SFCL,54,72,400,394.0,157600.0,Sewa Securities Pvt. Ltd.,Hatemalo Financial Services Private Limited,2026-04-09 12:02:24.008774
2026040903001845,SFCL,58,72,500,393.0,196500.0,Naasa Securities Co. Ltd.,Hatemalo Financial Services Private Limited,2026-04-09 12:02:32.638588
2026040903002168,SFCL,45,35,10,398.7,3987.0,Imperial Securities Company Pvt. Ltd.,Kohinoor Investment & Securities Pvt. Ltd.,2026-04-09 12:10:42.019417
2026040903002225,SFCL,13,35,45,398.7,17941.5,Thrive Brokerage House Pvt. Ltd,Kohinoor Investment & Securities Pvt. Ltd.,2026-04-09 12:11:41.991714
2026040903002527,SFCL,77,77,10,396.0,3960.0,Nabil Stock Dealer Ltd.,Nabil Stock Dealer Ltd.,2026-04-09 12:17:53.916953
2026040903002581,SFCL,25,10,25,398.5,9962.5,Sweta Securities Private Limited,Pragyan Securities (PVT) Ltd.,2026-04-09 12:18:40.578197
2026040903002989,SFCL,48,35,50,397.1,19855.0,Trishakti Securities Public Limited,Kohinoor Investment & Securities Pvt. Ltd.,2026-04-09 12:28:00.233099
2026040903002993,SFCL,48,35,50,397.1,19855.0,Trishakti Securities Public Limited,Kohinoor Investment & Securities Pvt. Ltd.,2026-04-09 12:28:14.361509
2026040903003038,SFCL,21,58,100,398.0,39800.0,Midas Stock Broking Company Private Limited,Naasa Securities Co. Ltd.,2026-04-09 12:29:08.881655
2026040903003048,SFCL,77,58,90,398.0,35820.0,Nabil Stock Dealer Ltd.,Naasa Securities Co. Ltd.,2026-04-09 12:29:22.318337
2026040903003072,SFCL,37,58,180,398.0,71640.0,Swarna Laxmi Securities Pvt. Ltd.,Naasa Securities Co. Ltd.,2026-04-09 12:29:50.056441
2026040903003086,SFCL,21,58,25,398.0,9950.0,Midas Stock Broking Company Private Limited,Naasa Securities Co. Ltd.,2026-04-09 12:30:12.843819
2026040903003092,SFCL,42,5,125,397.0,49625.0,Sani Securities Company Ltd.,Market Securities & Exchange (PVT) Ltd.,2026-04-09 12:30:28.828186
2026040903003153,SFCL,48,7,20,397.1,7942.0,Trishakti Securities Public Limited,J.F. Securites (PVT) Ltd.,2026-04-09 12:32:10.073246
2026040903003154,SFCL,42,7,980,397.0,389060.0,Sani Securities Company Ltd.,J.F. Securites (PVT) Ltd.,2026-04-09 12:32:10.073329
2026040903003351,SFCL,16,58,253,398.0,100694.0,Primo Securities (PVT) Ltd.,Naasa Securities Co. Ltd.,2026-04-09 12:36:28.952372
2026040903003373,SFCL,3,58,200,398.0,79600.0,Arun Securities (PVT) Ltd.,Naasa Securities Co. Ltd.,2026-04-09 12:37:03.058514
2026040903003396,SFCL,37,57,100,398.0,39800.0,Swarna Laxmi Securities Pvt. Ltd.,Aryatara Investment & Securities,2026-04-09 12:37:36.500473
2026040903003487,SFCL,59,39,50,398.0,19900.0,Deevyaa Securities & Stock House Pvt. Ltd,Sumeru Securities Pvt. Ltd.,2026-04-09 12:39:14.675479
2026040903003563,SFCL,59,39,680,398.0,270640.0,Deevyaa Securities & Stock House Pvt. Ltd,Sumeru Securities Pvt. Ltd.,2026-04-09 12:41:41.579573
2026040903003649,SFCL,37,10,175,398.5,69737.5,Swarna Laxmi Securities Pvt. Ltd.,Pragyan Securities (PVT) Ltd.,2026-04-09 12:44:14.423306
2026040903003765,SFCL,59,17,270,398.0,107460.0,Deevyaa Securities & Stock House Pvt. Ltd,ABC Securities Private Limited,2026-04-09 12:47:37.155980
2026040903003766,SFCL,42,17,50,398.0,19900.0,Sani Securities Company Ltd.,ABC Securities Private Limited,2026-04-09 12:47:37.156184
2026040903003815,SFCL,42,17,140,397.0,55580.0,Sani Securities Company Ltd.,ABC Securities Private Limited,2026-04-09 12:48:38.573086
2026040903004150,SFCL,49,25,10,398.0,3980.0,Online Securities Pvt. Ltd.,Sweta Securities Private Limited,2026-04-09 12:58:00.921849
2026040903004159,SFCL,76,82,63,399.0,25137.0,Machhapuchchhre Securities Limited,N.M.B. SECURITIES LIMITED,2026-04-09 12:58:19.348618
2026040903004264,SFCL,42,82,90,399.0,35910.0,Sani Securities Company Ltd.,N.M.B. SECURITIES LIMITED,2026-04-09 13:01:42.949873
2026040903004302,SFCL,49,25,10,398.0,3980.0,Online Securities Pvt. Ltd.,Sweta Securities Private Limited,2026-04-09 13:02:49.696623
2026040903004375,SFCL,36,82,50,399.0,19950.0,Secured Securities Ltd.,N.M.B. SECURITIES LIMITED,2026-04-09 13:05:00.965039
2026040903004413,SFCL,56,82,50,399.0,19950.0,Sri Hari Securities Pvt. Ltd.,N.M.B. SECURITIES LIMITED,2026-04-09 13:06:08.934502
2026040903004536,SFCL,49,25,10,398.0,3980.0,Online Securities Pvt. Ltd.,Sweta Securities Private Limited,2026-04-09 13:08:47.785126
2026040903004604,SFCL,4,82,20,399.0,7980.0,Opal Securities Investment (PVT) Ltd.,N.M.B. SECURITIES LIMITED,2026-04-09 13:10:23.146262
2026040903004615,SFCL,62,82,80,399.0,31920.0,Capital Max Securities Ltd,N.M.B. SECURITIES LIMITED,2026-04-09 13:10:41.645855
2026040903004680,SFCL,49,6,20,398.0,7960.0,Online Securities Pvt. Ltd.,Agrawal Securities (PVT) Ltd.,2026-04-09 13:11:44.506878
2026040903004681,SFCL,51,6,10,398.0,3980.0,Oxford Securities Pvt. Ltd.,Agrawal Securities (PVT) Ltd.,2026-04-09 13:11:44.507083
2026040903004767,SFCL,62,82,32,399.0,12768.0,Capital Max Securities Ltd,N.M.B. SECURITIES LIMITED,2026-04-09 13:14:47.949053
2026040903004776,SFCL,37,82,115,399.0,45885.0,Swarna Laxmi Securities Pvt. Ltd.,N.M.B. SECURITIES LIMITED,2026-04-09 13:14:57.856353
2026040903004777,SFCL,37,21,80,399.0,31920.0,Swarna Laxmi Securities Pvt. Ltd.,Midas Stock Broking Company Private Limited,2026-04-09 13:14:57.856429
2026040903004795,SFCL,37,58,250,399.7,99925.0,Swarna Laxmi Securities Pvt. Ltd.,Naasa Securities Co. Ltd.,2026-04-09 13:15:21.964595
2026040903004826,SFCL,37,58,250,399.8,99950.0,Swarna Laxmi Securities Pvt. Ltd.,Naasa Securities Co. Ltd.,2026-04-09 13:16:04.212232
2026040903004842,SFCL,37,71,546,399.9,218345.4,Swarna Laxmi Securities Pvt. Ltd.,SHUBHAKAMANA SECURITIES PVT. LTD,2026-04-09 13:16:38.112762
2026040903004875,SFCL,38,26,150,400.0,60000.0,Dipshikha Dhitopatra Karobar Co. Pvt Ltd.,Asian Securities Private Ltd.,2026-04-09 13:17:09.846713
2026040903004876,SFCL,38,42,20,400.0,8000.0,Dipshikha Dhitopatra Karobar Co. Pvt Ltd.,Sani Securities Company Ltd.,2026-04-09 13:17:09.846877
2026040903004877,SFCL,38,39,200,400.0,80000.0,Dipshikha Dhitopatra Karobar Co. Pvt Ltd.,Sumeru Securities Pvt. Ltd.,2026-04-09 13:17:09.846983
2026040903004878,SFCL,38,1,30,400.0,12000.0,Dipshikha Dhitopatra Karobar Co. Pvt Ltd.,Kumari Securities Private Limited,2026-04-09 13:17:09.847121
2026040903005735,SFCL,57,1,20,400.0,8000.0,Aryatara Investment & Securities,Kumari Securities Private Limited,2026-04-09 13:36:22.968902
2026040903005736,SFCL,57,38,20,400.0,8000.0,Aryatara Investment & Securities,Dipshikha Dhitopatra Karobar Co. Pvt Ltd.,2026-04-09 13:36:22.969117
2026040903005779,SFCL,57,42,265,400.0,106000.0,Aryatara Investment & Securities,Sani Securities Company Ltd.,2026-04-09 13:38:04.307773
2026040903006178,SFCL,57,43,50,400.9,20045.0,Aryatara Investment & Securities,South Asian Bulls Pvt. Ltd.,2026-04-09 13:48:41.628194
2026040903006188,SFCL,38,1,150,401.0,60150.0,Dipshikha Dhitopatra Karobar Co. Pvt Ltd.,Kumari Securities Private Limited,2026-04-09 13:49:02.094315
2026040903006207,SFCL,57,1,350,401.0,140350.0,Aryatara Investment & Securities,Kumari Securities Private Limited,2026-04-09 13:49:28.283219
2026040903006356,SFCL,37,44,10,402.0,4020.0,Swarna Laxmi Securities Pvt. Ltd.,Dynamic Money Managers Securities Pvt. Ltd.,2026-04-09 13:53:26.204654
2026040903006357,SFCL,57,44,45,402.0,18090.0,Aryatara Investment & Securities,Dynamic Money Managers Securities Pvt. Ltd.,2026-04-09 13:53:27.159529
2026040903006547,SFCL,57,44,20,402.0,8040.0,Aryatara Investment & Securities,Dynamic Money Managers Securities Pvt. Ltd.,2026-04-09 13:58:19.465000
2026040903006567,SFCL,57,21,30,402.9,12087.0,Aryatara Investment & Securities,Midas Stock Broking Company Private Limited,2026-04-09 13:58:40.366042
2026040903006619,SFCL,57,57,50,404.5,20225.0,Aryatara Investment & Securities,Aryatara Investment & Securities,2026-04-09 14:00:09.597642
2026040903006620,SFCL,57,43,50,404.5,20225.0,Aryatara Investment & Securities,South Asian Bulls Pvt. Ltd.,2026-04-09 14:00:09.597805
2026040903006661,SFCL,57,69,100,404.7,40470.0,Aryatara Investment & Securities,INDEX SECURITIES LIMITED,2026-04-09 14:01:41.889184
2026040903006719,SFCL,40,49,127,404.8,51409.6,Creative Securities Pvt Ltd,Online Securities Pvt. Ltd.,2026-04-09 14:02:35.966485
2026040903006740,SFCL,21,57,5,398.0,1990.0,Midas Stock Broking Company Private Limited,Aryatara Investment & Securities,2026-04-09 14:03:03.193015
2026040903006743,SFCL,21,58,2,398.0,796.0,Midas Stock Broking Company Private Limited,Naasa Securities Co. Ltd.,2026-04-09 14:03:10.073380
2026040903007521,SFCL,1,36,100,401.2,40120.0,Kumari Securities Private Limited,Secured Securities Ltd.,2026-04-09 14:22:15.868527
2026040903007537,SFCL,22,57,400,401.1,160440.0,Siprabi Securities Pvt. Ltd.,Aryatara Investment & Securities,2026-04-09 14:22:39.414110
2026040903007616,SFCL,43,57,200,401.0,80200.0,South Asian Bulls Pvt. Ltd.,Aryatara Investment & Securities,2026-04-09 14:24:21.990798
2026040903007617,SFCL,57,57,500,401.0,200500.0,Aryatara Investment & Securities,Aryatara Investment & Securities,2026-04-09 14:24:21.990979
2026040903007618,SFCL,59,57,190,401.0,76190.0,Deevyaa Securities & Stock House Pvt. Ltd,Aryatara Investment & Securities,2026-04-09 14:24:21.991156
2026040903008354,SFCL,32,44,100,404.0,40400.0,Premier Securities Company Ltd.,Dynamic Money Managers Securities Pvt. Ltd.,2026-04-09 14:37:48.113029
2026040903008701,SFCL,51,47,250,402.0,100500.0,Oxford Securities Pvt. Ltd.,Neev Securities Pvt. Ltd.,2026-04-09 14:42:26.451343
2026040903009219,SFCL,49,49,10,402.1,4021.0,Online Securities Pvt. Ltd.,Online Securities Pvt. Ltd.,2026-04-09 14:49:05.204263
2026040903009795,SFCL,65,44,265,403.0,106795.0,Sharepro Securities Private Limited,Dynamic Money Managers Securities Pvt. Ltd.,2026-04-09 14:55:01.735034
2026040903009883,SFCL,65,34,10,403.0,4030.0,Sharepro Securities Private Limited,Vision Securities Pvt. Ltd,2026-04-09 14:56:00.751297
2026040903009937,SFCL,65,21,25,403.0,10075.0,Sharepro Securities Private Limited,Midas Stock Broking Company Private Limited,2026-04-09 14:56:21.705357
2026040903009938,SFCL,80,21,100,403.0,40300.0,Indira securities pvt. ltd,Midas Stock Broking Company Private Limited,2026-04-09 14:56:21.705459
2026040903009999,SFCL,43,42,50,403.0,20150.0,South Asian Bulls Pvt. Ltd.,Sani Securities Company Ltd.,2026-04-09 14:56:54.497215
2026040903010036,SFCL,43,70,10,403.0,4030.0,South Asian Bulls Pvt. Ltd.,Infinity Securities Limited,2026-04-09 14:57:17.315200
2026040903010213,SFCL,43,50,40,403.0,16120.0,South Asian Bulls Pvt. Ltd.,Cristal Kanchanjanga Securites Pvt. Ltd.,2026-04-09 14:58:22.734405
2026040903010214,SFCL,51,50,140,402.2,56308.0,Oxford Securities Pvt. Ltd.,Cristal Kanchanjanga Securites Pvt. Ltd.,2026-04-09 14:58:22.734525
2026040903010215,SFCL,57,50,70,402.0,28140.0,Aryatara Investment & Securities,Cristal Kanchanjanga Securites Pvt. Ltd.,2026-04-09 14:58:22.734576
2026040903010252,SFCL,53,34,100,403.8,40380.0,Investment Management Nepal Pvt. Ltd.,Vision Securities Pvt. Ltd,2026-04-09 14:58:33.165625
2026040903010375,SFCL,50,39,100,403.8,40380.0,Cristal Kanchanjanga Securites Pvt. Ltd.,Sumeru Securities Pvt. Ltd.,2026-04-09 14:59:15.456900
