Date,S.N.,Contract ID,Symbol,Buyer Broker,Seller Broker,quantity,rate,amount,transaction_time
2025-08-24,57800,2025082404000027,SHEL,Dipshikha Dhitopatra Karobar Co. Pvt Ltd.,Siprabi Securities Pvt. Ltd.,250,307.0,76750.0,2025-08-24 11:02:28.442543
2025-08-24,57760,2025082404000038,SHEL,Online Securities Pvt. Ltd.,Creative Securities Pvt Ltd,10,309.9,3099.0,2025-08-24 11:02:44.896770
2025-08-24,57719,2025082404000044,SHEL,Secured Securities Ltd.,Creative Securities Pvt Ltd,1240,309.9,384276.0,2025-08-24 11:03:07.933555
2025-08-24,57643,2025082404000052,SHEL,Aryatara Investment & Securities,Kohinoor Investment & Securities Pvt. Ltd.,20,310.0,6200.0,2025-08-24 11:03:29.240095
2025-08-24,57642,2025082404000053,SHEL,Aryatara Investment & Securities,Bhrikuti Stock Broking Co. Pvt. Ltd.,20,310.0,6200.0,2025-08-24 11:03:29.240185
2025-08-24,57628,2025082404000057,SHEL,Agrawal Securities (PVT) Ltd.,Bhrikuti Stock Broking Co. Pvt. Ltd.,280,310.0,86800.0,2025-08-24 11:03:37.267404
2025-08-24,57592,2025082404000064,SHEL,Online Securities Pvt. Ltd.,Sewa Securities Pvt. Ltd.,10,310.9,3109.0,2025-08-24 11:03:55.556212
2025-08-24,57586,2025082404000066,SHEL,Agrawal Securities (PVT) Ltd.,Sewa Securities Pvt. Ltd.,720,310.0,223200.0,2025-08-24 11:03:56.635366
2025-08-24,57514,2025082404000075,SHEL,Deevyaa Securities & Stock House Pvt. Ltd,Sani Securities Company Ltd.,200,310.0,62000.0,2025-08-24 11:04:24.863618
2025-08-24,57513,2025082404000076,SHEL,Secured Securities Ltd.,SHUBHAKAMANA SECURITIES PVT. LTD,200,309.9,61980.0,2025-08-24 11:04:26.544728
2025-08-24,57464,2025082404000077,SHEL,Sewa Securities Pvt. Ltd.,Sani Securities Company Ltd.,30,310.0,9300.0,2025-08-24 11:04:36.839230
2025-08-24,57450,2025082404000079,SHEL,Secured Securities Ltd.,Sewa Securities Pvt. Ltd.,60,309.9,18594.0,2025-08-24 11:04:42.867625
2025-08-24,57332,2025082404000090,SHEL,Online Securities Pvt. Ltd.,South Asian Bulls Pvt. Ltd.,200,309.8,61960.0,2025-08-24 11:05:20.095675
2025-08-24,56470,2025082404000237,SHEL,Sumeru Securities Pvt. Ltd.,Sani Securities Company Ltd.,40,308.0,12320.0,2025-08-24 11:11:23.482976
2025-08-24,56469,2025082404000238,SHEL,Sumeru Securities Pvt. Ltd.,Bhrikuti Stock Broking Co. Pvt. Ltd.,960,308.0,295680.0,2025-08-24 11:11:23.483284
2025-08-24,56341,2025082404000259,SHEL,Dipshikha Dhitopatra Karobar Co. Pvt Ltd.,Bhrikuti Stock Broking Co. Pvt. Ltd.,40,308.0,12320.0,2025-08-24 11:12:01.489406
2025-08-24,56340,2025082404000260,SHEL,Dipshikha Dhitopatra Karobar Co. Pvt Ltd.,Kumari Securities Private Limited,38,308.0,11704.0,2025-08-24 11:12:01.489674
2025-08-24,56332,2025082404000262,SHEL,Naasa Securities Co. Ltd.,Kumari Securities Private Limited,1000,308.0,308000.0,2025-08-24 11:12:06.955030
2025-08-24,56290,2025082404000271,SHEL,BHOLE GANESH SECURITIES LTD,Kumari Securities Private Limited,962,308.0,296296.0,2025-08-24 11:12:17.772561
2025-08-24,56258,2025082404000280,SHEL,BHOLE GANESH SECURITIES LTD,Naasa Securities Co. Ltd.,38,308.0,11704.0,2025-08-24 11:12:33.320181
2025-08-24,56198,2025082404000291,SHEL,Elite Stock House Limited,Naasa Securities Co. Ltd.,500,308.0,154000.0,2025-08-24 11:12:51.999347
2025-08-24,55992,2025082404000342,SHEL,Dynamic Money Managers Securities Pvt. Ltd.,Naasa Securities Co. Ltd.,62,308.0,19096.0,2025-08-24 11:13:32.061442
2025-08-24,55637,2025082404000410,SHEL,Dynamic Money Managers Securities Pvt. Ltd.,Hatemalo Financial Services Private Limited,232,308.0,71456.0,2025-08-24 11:15:02.424091
2025-08-24,55575,2025082404000421,SHEL,Indira securities pvt. ltd,Sumeru Securities Pvt. Ltd.,1000,308.8,308800.0,2025-08-24 11:15:19.238397
2025-08-24,55524,2025082404000443,SHEL,Online Securities Pvt. Ltd.,Creative Securities Pvt Ltd,200,308.9,61780.0,2025-08-24 11:15:33.669001
2025-08-24,55311,2025082404000478,SHEL,Dipshikha Dhitopatra Karobar Co. Pvt Ltd.,Creative Securities Pvt Ltd,129,308.9,39848.1,2025-08-24 11:16:38.594635
2025-08-24,55226,2025082404000493,SHEL,BHOLE GANESH SECURITIES LTD,Creative Securities Pvt Ltd,171,308.9,52821.9,2025-08-24 11:17:02.466695
2025-08-24,55225,2025082404000494,SHEL,BHOLE GANESH SECURITIES LTD,Asian Securities Private Ltd.,200,309.0,61800.0,2025-08-24 11:17:02.467008
2025-08-24,55224,2025082404000495,SHEL,BHOLE GANESH SECURITIES LTD,Imperial Securities Company Pvt. Ltd.,629,309.0,194361.0,2025-08-24 11:17:02.467200
2025-08-24,55129,2025082404000501,SHEL,Sani Securities Company Ltd.,Imperial Securities Company Pvt. Ltd.,351,309.0,108459.0,2025-08-24 11:17:18.464135
2025-08-24,55128,2025082404000502,SHEL,Sani Securities Company Ltd.,Trishakti Securities Public Limited,300,309.0,92700.0,2025-08-24 11:17:18.464446
2025-08-24,55127,2025082404000503,SHEL,Sani Securities Company Ltd.,Sagarmatha Securities Private Limited,100,309.0,30900.0,2025-08-24 11:17:18.464635
2025-08-24,54990,2025082404000520,SHEL,Online Securities Pvt. Ltd.,Kalika Securities Pvt. Ltd.,100,309.0,30900.0,2025-08-24 11:17:52.153083
2025-08-24,54951,2025082404000524,SHEL,Sani Securities Company Ltd.,South Asian Bulls Pvt. Ltd.,500,309.8,154900.0,2025-08-24 11:18:06.067642
2025-08-24,54950,2025082404000525,SHEL,Sani Securities Company Ltd.,Sewa Securities Pvt. Ltd.,930,309.9,288207.0,2025-08-24 11:18:06.067829
2025-08-24,54949,2025082404000526,SHEL,Sani Securities Company Ltd.,Premier Securities Company Ltd.,10,309.9,3099.0,2025-08-24 11:18:06.067901
2025-08-24,54948,2025082404000527,SHEL,Sani Securities Company Ltd.,Bhrikuti Stock Broking Co. Pvt. Ltd.,1000,309.9,309900.0,2025-08-24 11:18:06.067965
2025-08-24,54947,2025082404000528,SHEL,Sani Securities Company Ltd.,Imperial Securities Company Pvt. Ltd.,1000,310.0,310000.0,2025-08-24 11:18:06.068027
2025-08-24,54946,2025082404000529,SHEL,Sani Securities Company Ltd.,Naasa Securities Co. Ltd.,500,310.0,155000.0,2025-08-24 11:18:06.068089
2025-08-24,54945,2025082404000530,SHEL,Sani Securities Company Ltd.,Dipshikha Dhitopatra Karobar Co. Pvt Ltd.,309,310.0,95790.0,2025-08-24 11:18:06.068152
2025-08-24,54842,2025082404000558,SHEL,Citizens Share Broker Limited,Property Wiard Limited,20,309.5,6190.0,2025-08-24 11:18:38.766152
2025-08-24,54723,2025082404000579,SHEL,Nepal Stock House (PVT) Ltd.,Neev Securities Pvt. Ltd.,300,309.9,92970.0,2025-08-24 11:19:18.181267
2025-08-24,54686,2025082404000587,SHEL,Citizens Share Broker Limited,Kalika Securities Pvt. Ltd.,70,309.5,21665.0,2025-08-24 11:19:33.319022
2025-08-24,53967,2025082404000698,SHEL,Sani Securities Company Ltd.,Dynamic Money Managers Securities Pvt. Ltd.,500,308.2,154100.0,2025-08-24 11:23:21.337132
2025-08-24,53895,2025082404000718,SHEL,Dynamic Money Managers Securities Pvt. Ltd.,Asian Securities Private Ltd.,20,308.3,6166.0,2025-08-24 11:23:45.961124
2025-08-24,53714,2025082404000744,SHEL,Dynamic Money Managers Securities Pvt. Ltd.,Thrive Brokerage House Pvt. Ltd,10,308.3,3083.0,2025-08-24 11:24:51.682766
2025-08-24,53643,2025082404000753,SHEL,Trishakti Securities Public Limited,Hatemalo Financial Services Private Limited,90,308.1,27729.0,2025-08-24 11:25:14.811717
2025-08-24,53621,2025082404000755,SHEL,Trishakti Securities Public Limited,Bhrikuti Stock Broking Co. Pvt. Ltd.,410,308.1,126321.0,2025-08-24 11:25:21.299219
2025-08-24,53620,2025082404000756,SHEL,Dynamic Money Managers Securities Pvt. Ltd.,Bhrikuti Stock Broking Co. Pvt. Ltd.,206,308.0,63448.0,2025-08-24 11:25:21.299463
2025-08-24,53619,2025082404000757,SHEL,Kalika Securities Pvt. Ltd.,Bhrikuti Stock Broking Co. Pvt. Ltd.,165,308.0,50820.0,2025-08-24 11:25:21.299546
2025-08-24,53618,2025082404000758,SHEL,Online Securities Pvt. Ltd.,Bhrikuti Stock Broking Co. Pvt. Ltd.,170,308.0,52360.0,2025-08-24 11:25:21.299633
2025-08-24,53617,2025082404000759,SHEL,Online Securities Pvt. Ltd.,Bhrikuti Stock Broking Co. Pvt. Ltd.,15,308.0,4620.0,2025-08-24 11:25:21.299718
2025-08-24,53616,2025082404000760,SHEL,Siprabi Securities Pvt. Ltd.,Bhrikuti Stock Broking Co. Pvt. Ltd.,450,308.0,138600.0,2025-08-24 11:25:21.299790
2025-08-24,53615,2025082404000761,SHEL,Thrive Brokerage House Pvt. Ltd,Bhrikuti Stock Broking Co. Pvt. Ltd.,200,308.0,61600.0,2025-08-24 11:25:21.299862
2025-08-24,53614,2025082404000762,SHEL,Linch Stock Market Ltd.,Bhrikuti Stock Broking Co. Pvt. Ltd.,225,308.0,69300.0,2025-08-24 11:25:21.299939
2025-08-24,53613,2025082404000763,SHEL,Sani Securities Company Ltd.,Bhrikuti Stock Broking Co. Pvt. Ltd.,500,308.0,154000.0,2025-08-24 11:25:21.300024
2025-08-24,53612,2025082404000764,SHEL,Vision Securities Pvt. Ltd,Bhrikuti Stock Broking Co. Pvt. Ltd.,10,308.0,3080.0,2025-08-24 11:25:21.300103
2025-08-24,53394,2025082404000807,SHEL,Sumeru Securities Pvt. Ltd.,South Asian Bulls Pvt. Ltd.,100,307.8,30780.0,2025-08-24 11:26:25.137810
2025-08-24,53393,2025082404000808,SHEL,Sri Hari Securities Pvt. Ltd.,South Asian Bulls Pvt. Ltd.,100,307.8,30780.0,2025-08-24 11:26:25.138033
2025-08-24,53027,2025082404000914,SHEL,Sri Hari Securities Pvt. Ltd.,Naasa Securities Co. Ltd.,10,307.8,3078.0,2025-08-24 11:27:59.863680
2025-08-24,53020,2025082404000915,SHEL,Vision Securities Pvt. Ltd,Bhrikuti Stock Broking Co. Pvt. Ltd.,149,308.0,45892.0,2025-08-24 11:28:04.455156
2025-08-24,53019,2025082404000916,SHEL,Vision Securities Pvt. Ltd,Bhrikuti Stock Broking Co. Pvt. Ltd.,851,308.0,262108.0,2025-08-24 11:28:04.455393
2025-08-24,53002,2025082404000918,SHEL,ABC Securities Private Limited,Bhrikuti Stock Broking Co. Pvt. Ltd.,149,308.0,45892.0,2025-08-24 11:28:08.872966
2025-08-24,52442,2025082404001037,SHEL,Linch Stock Market Ltd.,Linch Stock Market Ltd.,20,308.0,6160.0,2025-08-24 11:30:30.813804
2025-08-24,52321,2025082404001057,SHEL,Linch Stock Market Ltd.,Aryatara Investment & Securities,100,308.0,30800.0,2025-08-24 11:31:05.706631
2025-08-24,52198,2025082404001071,SHEL,Linch Stock Market Ltd.,Aryatara Investment & Securities,30,308.0,9240.0,2025-08-24 11:31:53.011351
2025-08-24,52120,2025082404001099,SHEL,Sri Hari Securities Pvt. Ltd.,Online Securities Pvt. Ltd.,10,307.8,3078.0,2025-08-24 11:32:24.251035
2025-08-24,51764,2025082404001171,SHEL,BHOLE GANESH SECURITIES LTD,Sewa Securities Pvt. Ltd.,1000,307.9,307900.0,2025-08-24 11:34:16.939103
2025-08-24,51550,2025082404001227,SHEL,Sri Hari Securities Pvt. Ltd.,Asian Securities Private Ltd.,100,307.8,30780.0,2025-08-24 11:35:32.788779
2025-08-24,51485,2025082404001245,SHEL,South Asian Bulls Pvt. Ltd.,Thrive Brokerage House Pvt. Ltd,300,308.0,92400.0,2025-08-24 11:35:57.984917
2025-08-24,51484,2025082404001246,SHEL,South Asian Bulls Pvt. Ltd.,Sewa Securities Pvt. Ltd.,200,308.0,61600.0,2025-08-24 11:35:57.985187
2025-08-24,51482,2025082404001247,SHEL,Online Securities Pvt. Ltd.,Sewa Securities Pvt. Ltd.,800,308.0,246400.0,2025-08-24 11:35:59.982877
2025-08-24,51481,2025082404001248,SHEL,Online Securities Pvt. Ltd.,Nepal Investment And Securities Trading Private Limited,20,308.0,6160.0,2025-08-24 11:35:59.983340
2025-08-24,51472,2025082404001250,SHEL,Online Securities Pvt. Ltd.,Deevyaa Securities & Stock House Pvt. Ltd,100,308.0,30800.0,2025-08-24 11:36:03.242571
2025-08-24,51419,2025082404001262,SHEL,Online Securities Pvt. Ltd.,Sewa Securities Pvt. Ltd.,400,308.0,123200.0,2025-08-24 11:36:17.432555
2025-08-24,50918,2025082404001356,SHEL,Sundhara Securities Limited,Sewa Securities Pvt. Ltd.,200,308.2,61640.0,2025-08-24 11:39:01.125201
2025-08-24,50898,2025082404001359,SHEL,Sweta Securities Private Limited,Sani Securities Company Ltd.,50,308.0,15400.0,2025-08-24 11:39:08.143711
2025-08-24,50795,2025082404001374,SHEL,Sweta Securities Private Limited,Aryatara Investment & Securities,250,308.0,77000.0,2025-08-24 11:39:42.383571
2025-08-24,50791,2025082404001376,SHEL,Sweta Securities Private Limited,Nepal Stock House (PVT) Ltd.,10,308.0,3080.0,2025-08-24 11:39:44.420425
2025-08-24,50342,2025082404001473,SHEL,Sweta Securities Private Limited,Dipshikha Dhitopatra Karobar Co. Pvt Ltd.,100,308.0,30800.0,2025-08-24 11:41:41.809174
2025-08-24,50327,2025082404001483,SHEL,Sweta Securities Private Limited,Bhrikuti Stock Broking Co. Pvt. Ltd.,90,308.0,27720.0,2025-08-24 11:41:45.814971
2025-08-24,50260,2025082404001503,SHEL,Sri Hari Securities Pvt. Ltd.,ABC Securities Private Limited,280,307.8,86184.0,2025-08-24 11:42:12.092831
2025-08-24,50259,2025082404001504,SHEL,Infinity Securities Limited,ABC Securities Private Limited,100,307.6,30760.0,2025-08-24 11:42:12.093080
2025-08-24,50258,2025082404001505,SHEL,Sri Hari Securities Pvt. Ltd.,ABC Securities Private Limited,500,307.6,153800.0,2025-08-24 11:42:12.093186
2025-08-24,50147,2025082404001535,SHEL,Nepal Investment And Securities Trading Private Limited,Capital Max Securities Ltd,100,307.5,30750.0,2025-08-24 11:42:42.558990
2025-08-24,50146,2025082404001536,SHEL,Sani Securities Company Ltd.,Capital Max Securities Ltd,100,307.5,30750.0,2025-08-24 11:42:42.559277
2025-08-24,50145,2025082404001537,SHEL,Sri Hari Securities Pvt. Ltd.,Capital Max Securities Ltd,200,307.5,61500.0,2025-08-24 11:42:42.559392
2025-08-24,50142,2025082404001538,SHEL,Capital Max Securities Ltd,ABC Securities Private Limited,90,307.6,27684.0,2025-08-24 11:42:43.564754
2025-08-24,49977,2025082404001576,SHEL,Sri Hari Securities Pvt. Ltd.,Nepal Stock House (PVT) Ltd.,100,307.5,30750.0,2025-08-24 11:43:34.851101
2025-08-24,49696,2025082404001629,SHEL,Kohinoor Investment & Securities Pvt. Ltd.,Bhrikuti Stock Broking Co. Pvt. Ltd.,90,308.0,27720.0,2025-08-24 11:45:00.008612
2025-08-24,49695,2025082404001630,SHEL,Kohinoor Investment & Securities Pvt. Ltd.,Sundhara Securities Limited,100,308.0,30800.0,2025-08-24 11:45:00.008901
2025-08-24,49692,2025082404001632,SHEL,Kohinoor Investment & Securities Pvt. Ltd.,Sewa Securities Pvt. Ltd.,310,308.0,95480.0,2025-08-24 11:45:01.135749
2025-08-24,49607,2025082404001656,SHEL,Sri Hari Securities Pvt. Ltd.,Sewa Securities Pvt. Ltd.,20,307.5,6150.0,2025-08-24 11:45:37.355373
2025-08-24,49379,2025082404001695,SHEL,Sri Hari Securities Pvt. Ltd.,Imperial Securities Company Pvt. Ltd.,100,307.5,30750.0,2025-08-24 11:46:49.671825
2025-08-24,49225,2025082404001717,SHEL,Sri Hari Securities Pvt. Ltd.,Aryatara Investment & Securities,80,307.5,24600.0,2025-08-24 11:47:30.660730
2025-08-24,49224,2025082404001718,SHEL,Trishakti Securities Public Limited,Aryatara Investment & Securities,500,307.4,153700.0,2025-08-24 11:47:30.661040
2025-08-24,49138,2025082404001728,SHEL,Nepal Investment And Securities Trading Private Limited,Imperial Securities Company Pvt. Ltd.,10,307.3,3073.0,2025-08-24 11:47:52.033337
2025-08-24,49115,2025082404001733,SHEL,Nepal Investment And Securities Trading Private Limited,Aryatara Investment & Securities,990,307.3,304227.0,2025-08-24 11:48:05.846752
2025-08-24,49114,2025082404001734,SHEL,Sri Hari Securities Pvt. Ltd.,Aryatara Investment & Securities,10,307.2,3072.0,2025-08-24 11:48:05.847037
2025-08-24,49047,2025082404001750,SHEL,Sri Hari Securities Pvt. Ltd.,Aryatara Investment & Securities,420,307.2,129024.0,2025-08-24 11:48:31.063815
2025-08-24,48942,2025082404001782,SHEL,Sri Hari Securities Pvt. Ltd.,Arun Securities (PVT) Ltd.,70,307.2,21504.0,2025-08-24 11:48:54.748020
2025-08-24,48941,2025082404001783,SHEL,Sri Hari Securities Pvt. Ltd.,Arun Securities (PVT) Ltd.,60,307.2,18432.0,2025-08-24 11:48:54.748503
2025-08-24,48888,2025082404001787,SHEL,Sri Hari Securities Pvt. Ltd.,Trisul Securities & Invt. Ltd.,100,307.2,30720.0,2025-08-24 11:49:10.584606
2025-08-24,48707,2025082404001816,SHEL,Sri Hari Securities Pvt. Ltd.,Sewa Securities Pvt. Ltd.,340,307.2,104448.0,2025-08-24 11:49:55.686252
2025-08-24,48706,2025082404001817,SHEL,Capital Max Securities Ltd,Sewa Securities Pvt. Ltd.,390,307.1,119769.0,2025-08-24 11:49:55.686769
2025-08-24,48705,2025082404001818,SHEL,Online Securities Pvt. Ltd.,Sewa Securities Pvt. Ltd.,200,307.1,61420.0,2025-08-24 11:49:55.687157
2025-08-24,48704,2025082404001819,SHEL,Dipshikha Dhitopatra Karobar Co. Pvt Ltd.,Sewa Securities Pvt. Ltd.,250,307.0,76750.0,2025-08-24 11:49:55.687512
2025-08-24,48703,2025082404001820,SHEL,Miyo Securities Pvt Ltd,Sewa Securities Pvt. Ltd.,50,307.0,15350.0,2025-08-24 11:49:55.687850
2025-08-24,48702,2025082404001821,SHEL,Sri Hari Securities Pvt. Ltd.,Sewa Securities Pvt. Ltd.,500,307.0,153500.0,2025-08-24 11:49:55.688237
2025-08-24,48701,2025082404001822,SHEL,Arun Securities (PVT) Ltd.,Sewa Securities Pvt. Ltd.,12,307.0,3684.0,2025-08-24 11:49:55.688616
2025-08-24,48700,2025082404001823,SHEL,Naasa Securities Co. Ltd.,Sewa Securities Pvt. Ltd.,160,307.0,49120.0,2025-08-24 11:49:55.688955
2025-08-24,48699,2025082404001824,SHEL,Trishakti Securities Public Limited,Sewa Securities Pvt. Ltd.,810,307.0,248670.0,2025-08-24 11:49:55.689309
2025-08-24,48698,2025082404001825,SHEL,Sewa Securities Pvt. Ltd.,Sewa Securities Pvt. Ltd.,500,307.0,153500.0,2025-08-24 11:49:55.689705
2025-08-24,48697,2025082404001826,SHEL,Vision Securities Pvt. Ltd,Sewa Securities Pvt. Ltd.,10,307.0,3070.0,2025-08-24 11:49:55.690047
2025-08-24,48696,2025082404001827,SHEL,Opal Securities Investment (PVT) Ltd.,Sewa Securities Pvt. Ltd.,1500,307.0,460500.0,2025-08-24 11:49:55.690426
2025-08-24,48695,2025082404001828,SHEL,Dipshikha Dhitopatra Karobar Co. Pvt Ltd.,Sewa Securities Pvt. Ltd.,700,307.0,214900.0,2025-08-24 11:49:55.690820
2025-08-24,48694,2025082404001829,SHEL,Opal Securities Investment (PVT) Ltd.,Sewa Securities Pvt. Ltd.,1000,307.0,307000.0,2025-08-24 11:49:55.690936
2025-08-24,48693,2025082404001830,SHEL,Opal Securities Investment (PVT) Ltd.,Sewa Securities Pvt. Ltd.,400,307.0,122800.0,2025-08-24 11:49:55.691043
2025-08-24,48692,2025082404001831,SHEL,Opal Securities Investment (PVT) Ltd.,Sewa Securities Pvt. Ltd.,1100,307.0,337700.0,2025-08-24 11:49:55.691158
2025-08-24,48691,2025082404001832,SHEL,Opal Securities Investment (PVT) Ltd.,Sewa Securities Pvt. Ltd.,800,307.0,245600.0,2025-08-24 11:49:55.691264
2025-08-24,48690,2025082404001833,SHEL,Opal Securities Investment (PVT) Ltd.,Sewa Securities Pvt. Ltd.,750,307.0,230250.0,2025-08-24 11:49:55.691386
2025-08-24,48689,2025082404001834,SHEL,Opal Securities Investment (PVT) Ltd.,Sewa Securities Pvt. Ltd.,650,307.0,199550.0,2025-08-24 11:49:55.691497
2025-08-24,48688,2025082404001835,SHEL,Opal Securities Investment (PVT) Ltd.,Sewa Securities Pvt. Ltd.,600,307.0,184200.0,2025-08-24 11:49:55.691601
2025-08-24,48687,2025082404001836,SHEL,Opal Securities Investment (PVT) Ltd.,Sewa Securities Pvt. Ltd.,500,307.0,153500.0,2025-08-24 11:49:55.691709
2025-08-24,48686,2025082404001837,SHEL,Opal Securities Investment (PVT) Ltd.,Sewa Securities Pvt. Ltd.,500,307.0,153500.0,2025-08-24 11:49:55.691810
2025-08-24,48685,2025082404001838,SHEL,Opal Securities Investment (PVT) Ltd.,Sewa Securities Pvt. Ltd.,400,307.0,122800.0,2025-08-24 11:49:55.691956
2025-08-24,48684,2025082404001839,SHEL,Opal Securities Investment (PVT) Ltd.,Sewa Securities Pvt. Ltd.,400,307.0,122800.0,2025-08-24 11:49:55.692071
2025-08-24,48683,2025082404001840,SHEL,Nepal Investment And Securities Trading Private Limited,Sewa Securities Pvt. Ltd.,478,307.0,146746.0,2025-08-24 11:49:55.692176
2025-08-24,48542,2025082404001874,SHEL,Nepal Investment And Securities Trading Private Limited,Pragyan Securities (PVT) Ltd.,10,308.1,3081.0,2025-08-24 11:50:50.656502
2025-08-24,48541,2025082404001875,SHEL,Nepal Investment And Securities Trading Private Limited,Sewa Securities Pvt. Ltd.,1090,308.1,335829.0,2025-08-24 11:50:50.656751
2025-08-24,48459,2025082404001892,SHEL,Nepal Investment And Securities Trading Private Limited,Dynamic Money Managers Securities Pvt. Ltd.,500,307.0,153500.0,2025-08-24 11:51:05.344814
2025-08-24,48225,2025082404001945,SHEL,Nepal Investment And Securities Trading Private Limited,Asian Securities Private Ltd.,22,307.0,6754.0,2025-08-24 11:52:00.366906
2025-08-24,48224,2025082404001946,SHEL,Linch Stock Market Ltd.,Asian Securities Private Ltd.,78,306.5,23907.0,2025-08-24 11:52:00.367184
2025-08-24,48167,2025082404001954,SHEL,Naasa Securities Co. Ltd.,Cristal Kanchanjanga Securites Pvt. Ltd.,100,307.9,30790.0,2025-08-24 11:52:17.083909
2025-08-24,47863,2025082404002030,SHEL,Hatemalo Financial Services Private Limited,Agrawal Securities (PVT) Ltd.,110,307.4,33814.0,2025-08-24 11:53:38.150609
2025-08-24,47738,2025082404002078,SHEL,Hatemalo Financial Services Private Limited,Naasa Securities Co. Ltd.,111,307.3,34110.3,2025-08-24 11:54:19.018491
2025-08-24,47737,2025082404002079,SHEL,Hatemalo Financial Services Private Limited,Naasa Securities Co. Ltd.,39,307.2,11980.8,2025-08-24 11:54:19.018562
2025-08-24,47660,2025082404002092,SHEL,Hatemalo Financial Services Private Limited,Primo Securities (PVT) Ltd.,72,307.2,22118.4,2025-08-24 11:54:45.127028
2025-08-24,47659,2025082404002093,SHEL,Hatemalo Financial Services Private Limited,Primo Securities (PVT) Ltd.,111,307.1,34088.1,2025-08-24 11:54:45.127559
2025-08-24,47590,2025082404002119,SHEL,Secured Securities Ltd.,Primo Securities (PVT) Ltd.,17,306.6,5212.2,2025-08-24 11:55:06.208508
2025-08-24,47220,2025082404002199,SHEL,Premier Securities Company Ltd.,Shree Krishna Securities Ltd.,10,307.3,3073.0,2025-08-24 11:56:59.712945
2025-08-24,47201,2025082404002200,SHEL,Himalayan Securities Limited,Kohinoor Investment & Securities Pvt. Ltd.,20,307.0,6140.0,2025-08-24 11:57:04.592243
2025-08-24,47186,2025082404002204,SHEL,Himalayan Securities Limited,Sundhara Securities Limited,20,307.0,6140.0,2025-08-24 11:57:10.008227
2025-08-24,47063,2025082404002218,SHEL,Himalayan Securities Limited,Bhrikuti Stock Broking Co. Pvt. Ltd.,100,307.0,30700.0,2025-08-24 11:57:42.205477
2025-08-24,47034,2025082404002221,SHEL,Himalayan Securities Limited,KALASH STOCK MARKET PVT. LTD.,10,307.0,3070.0,2025-08-24 11:57:56.626122
2025-08-24,47015,2025082404002223,SHEL,Oxford Securities Pvt. Ltd.,KALASH STOCK MARKET PVT. LTD.,100,307.0,30700.0,2025-08-24 11:58:06.912022
2025-08-24,46939,2025082404002246,SHEL,Oxford Securities Pvt. Ltd.,Bhrikuti Stock Broking Co. Pvt. Ltd.,240,307.0,73680.0,2025-08-24 11:58:37.380156
2025-08-24,46938,2025082404002247,SHEL,Oxford Securities Pvt. Ltd.,South Asian Bulls Pvt. Ltd.,10,307.0,3070.0,2025-08-24 11:58:37.723755
2025-08-24,46687,2025082404002282,SHEL,Trisul Securities & Invt. Ltd.,Bhrikuti Stock Broking Co. Pvt. Ltd.,10,306.7,3067.0,2025-08-24 12:00:21.884222
2025-08-24,46651,2025082404002297,SHEL,Trisul Securities & Invt. Ltd.,Market Securities & Exchange (PVT) Ltd.,90,306.7,27603.0,2025-08-24 12:00:34.001766
2025-08-24,46628,2025082404002303,SHEL,Secured Securities Ltd.,Sewa Securities Pvt. Ltd.,83,306.6,25447.8,2025-08-24 12:00:46.948242
2025-08-24,46627,2025082404002304,SHEL,Nepal Stock House (PVT) Ltd.,Sewa Securities Pvt. Ltd.,700,306.6,214620.0,2025-08-24 12:00:46.948556
2025-08-24,46626,2025082404002305,SHEL,Linch Stock Market Ltd.,Sewa Securities Pvt. Ltd.,422,306.5,129343.0,2025-08-24 12:00:46.948664
2025-08-24,46625,2025082404002306,SHEL,Primo Securities (PVT) Ltd.,Sewa Securities Pvt. Ltd.,100,306.2,30620.0,2025-08-24 12:00:46.948767
2025-08-24,46624,2025082404002307,SHEL,Sani Securities Company Ltd.,Sewa Securities Pvt. Ltd.,500,306.1,153050.0,2025-08-24 12:00:46.948871
2025-08-24,46623,2025082404002308,SHEL,Naasa Securities Co. Ltd.,Sewa Securities Pvt. Ltd.,200,306.1,61220.0,2025-08-24 12:00:46.948978
2025-08-24,46622,2025082404002309,SHEL,South Asian Bulls Pvt. Ltd.,Sewa Securities Pvt. Ltd.,500,306.1,153050.0,2025-08-24 12:00:46.949084
2025-08-24,46621,2025082404002310,SHEL,Sani Securities Company Ltd.,Sewa Securities Pvt. Ltd.,1000,306.0,306000.0,2025-08-24 12:00:46.949186
2025-08-24,46620,2025082404002311,SHEL,Thrive Brokerage House Pvt. Ltd,Sewa Securities Pvt. Ltd.,800,306.0,244800.0,2025-08-24 12:00:46.949289
2025-08-24,46619,2025082404002312,SHEL,Asian Securities Private Ltd.,Sewa Securities Pvt. Ltd.,2250,306.0,688500.0,2025-08-24 12:00:46.949393
2025-08-24,46618,2025082404002313,SHEL,J.F. Securites (PVT) Ltd.,Sewa Securities Pvt. Ltd.,100,306.0,30600.0,2025-08-24 12:00:46.949493
2025-08-24,46617,2025082404002314,SHEL,Kohinoor Investment & Securities Pvt. Ltd.,Sewa Securities Pvt. Ltd.,250,306.0,76500.0,2025-08-24 12:00:46.949593
2025-08-24,46491,2025082404002359,SHEL,Aryatara Investment & Securities,Market Securities & Exchange (PVT) Ltd.,350,305.5,106925.0,2025-08-24 12:01:26.365115
2025-08-24,46057,2025082404002471,SHEL,Asian Securities Private Ltd.,Linch Stock Market Ltd.,100,306.0,30600.0,2025-08-24 12:03:47.451446
2025-08-24,46056,2025082404002472,SHEL,Asian Securities Private Ltd.,Oxford Securities Pvt. Ltd.,100,306.0,30600.0,2025-08-24 12:03:47.451933
2025-08-24,45973,2025082404002484,SHEL,Asian Securities Private Ltd.,Linch Stock Market Ltd.,20,306.0,6120.0,2025-08-24 12:04:08.315755
2025-08-24,45880,2025082404002517,SHEL,Asian Securities Private Ltd.,Bhrikuti Stock Broking Co. Pvt. Ltd.,780,306.0,238680.0,2025-08-24 12:04:48.060216
2025-08-24,45879,2025082404002518,SHEL,Aryatara Investment & Securities,Bhrikuti Stock Broking Co. Pvt. Ltd.,650,305.5,198575.0,2025-08-24 12:04:48.060520
2025-08-24,45878,2025082404002519,SHEL,Himalayan Securities Limited,Bhrikuti Stock Broking Co. Pvt. Ltd.,100,305.5,30550.0,2025-08-24 12:04:48.060646
2025-08-24,45877,2025082404002520,SHEL,Sharepro Securities Private Limited,Bhrikuti Stock Broking Co. Pvt. Ltd.,700,305.3,213710.0,2025-08-24 12:04:48.060751
2025-08-24,45876,2025082404002521,SHEL,Siprabi Securities Pvt. Ltd.,Bhrikuti Stock Broking Co. Pvt. Ltd.,10,305.2,3052.0,2025-08-24 12:04:48.060874
2025-08-24,45875,2025082404002522,SHEL,Aryatara Investment & Securities,Bhrikuti Stock Broking Co. Pvt. Ltd.,1760,305.2,537152.0,2025-08-24 12:04:48.061009
2025-08-24,45791,2025082404002540,SHEL,Aryatara Investment & Securities,South Asian Bulls Pvt. Ltd.,50,307.0,15350.0,2025-08-24 12:05:13.730015
2025-08-24,45608,2025082404002574,SHEL,Sani Securities Company Ltd.,Sewa Securities Pvt. Ltd.,500,305.3,152650.0,2025-08-24 12:06:22.669691
2025-08-24,45607,2025082404002575,SHEL,Aryatara Investment & Securities,Sewa Securities Pvt. Ltd.,240,305.2,73248.0,2025-08-24 12:06:22.669993
2025-08-24,45606,2025082404002576,SHEL,Siprabi Securities Pvt. Ltd.,Sewa Securities Pvt. Ltd.,1460,305.2,445592.0,2025-08-24 12:06:22.670103
2025-08-24,45355,2025082404002607,SHEL,Sumeru Securities Pvt. Ltd.,Capital Max Securities Ltd,100,305.3,30530.0,2025-08-24 12:07:56.137360
2025-08-24,45354,2025082404002608,SHEL,Siprabi Securities Pvt. Ltd.,Capital Max Securities Ltd,540,305.2,164808.0,2025-08-24 12:07:56.137687
2025-08-24,45353,2025082404002609,SHEL,Sani Securities Company Ltd.,Capital Max Securities Ltd,660,305.1,201366.0,2025-08-24 12:07:56.137860
2025-08-24,45288,2025082404002627,SHEL,Sani Securities Company Ltd.,Sewa Securities Pvt. Ltd.,2340,305.1,713934.0,2025-08-24 12:08:40.291983
2025-08-24,45287,2025082404002628,SHEL,Primo Securities (PVT) Ltd.,Sewa Securities Pvt. Ltd.,100,305.1,30510.0,2025-08-24 12:08:40.292382
2025-08-24,45286,2025082404002629,SHEL,Naasa Securities Co. Ltd.,Sewa Securities Pvt. Ltd.,500,305.0,152500.0,2025-08-24 12:08:40.292497
2025-08-24,45285,2025082404002630,SHEL,Dipshikha Dhitopatra Karobar Co. Pvt Ltd.,Sewa Securities Pvt. Ltd.,1000,305.0,305000.0,2025-08-24 12:08:40.292605
2025-08-24,45284,2025082404002631,SHEL,Capital Max Securities Ltd,Sewa Securities Pvt. Ltd.,100,305.0,30500.0,2025-08-24 12:08:40.292711
2025-08-24,45283,2025082404002632,SHEL,Dipshikha Dhitopatra Karobar Co. Pvt Ltd.,Sewa Securities Pvt. Ltd.,1000,305.0,305000.0,2025-08-24 12:08:40.292847
2025-08-24,45282,2025082404002633,SHEL,Sewa Securities Pvt. Ltd.,Sewa Securities Pvt. Ltd.,180,305.0,54900.0,2025-08-24 12:08:40.292953
2025-08-24,45281,2025082404002634,SHEL,Neev Securities Pvt. Ltd.,Sewa Securities Pvt. Ltd.,100,305.0,30500.0,2025-08-24 12:08:40.293064
2025-08-24,45280,2025082404002635,SHEL,Sweta Securities Private Limited,Sewa Securities Pvt. Ltd.,500,305.0,152500.0,2025-08-24 12:08:40.293172
2025-08-24,45279,2025082404002636,SHEL,Aryatara Investment & Securities,Sewa Securities Pvt. Ltd.,200,305.0,61000.0,2025-08-24 12:08:40.293276
2025-08-24,45278,2025082404002637,SHEL,Sani Securities Company Ltd.,Sewa Securities Pvt. Ltd.,1000,305.0,305000.0,2025-08-24 12:08:40.293385
2025-08-24,45277,2025082404002638,SHEL,Sumeru Securities Pvt. Ltd.,Sewa Securities Pvt. Ltd.,1485,305.0,452925.0,2025-08-24 12:08:40.293495
2025-08-24,45276,2025082404002639,SHEL,Premier Securities Company Ltd.,Sewa Securities Pvt. Ltd.,500,305.0,152500.0,2025-08-24 12:08:40.293598
2025-08-24,45275,2025082404002640,SHEL,Imperial Securities Company Pvt. Ltd.,Sewa Securities Pvt. Ltd.,1000,305.0,305000.0,2025-08-24 12:08:40.293702
2025-08-24,45274,2025082404002641,SHEL,Imperial Securities Company Pvt. Ltd.,Sewa Securities Pvt. Ltd.,1000,305.0,305000.0,2025-08-24 12:08:40.293807
2025-08-24,45273,2025082404002642,SHEL,Sewa Securities Pvt. Ltd.,Sewa Securities Pvt. Ltd.,500,305.0,152500.0,2025-08-24 12:08:40.293905
2025-08-24,45272,2025082404002643,SHEL,Sani Securities Company Ltd.,Sewa Securities Pvt. Ltd.,300,305.0,91500.0,2025-08-24 12:08:40.294057
2025-08-24,45271,2025082404002644,SHEL,Trishakti Securities Public Limited,Sewa Securities Pvt. Ltd.,500,305.0,152500.0,2025-08-24 12:08:40.294209
2025-08-24,45270,2025082404002645,SHEL,Aryatara Investment & Securities,Sewa Securities Pvt. Ltd.,100,305.0,30500.0,2025-08-24 12:08:40.294408
2025-08-24,45269,2025082404002646,SHEL,Siprabi Securities Pvt. Ltd.,Sewa Securities Pvt. Ltd.,850,305.0,259250.0,2025-08-24 12:08:40.294556
2025-08-24,45268,2025082404002647,SHEL,Sri Hari Securities Pvt. Ltd.,Sewa Securities Pvt. Ltd.,2000,305.0,610000.0,2025-08-24 12:08:40.294701
2025-08-24,45267,2025082404002648,SHEL,Sundhara Securities Limited,Sewa Securities Pvt. Ltd.,20,305.0,6100.0,2025-08-24 12:08:40.294872
2025-08-24,45266,2025082404002649,SHEL,Trisul Securities & Invt. Ltd.,Sewa Securities Pvt. Ltd.,60,305.0,18300.0,2025-08-24 12:08:40.295046
2025-08-24,45265,2025082404002650,SHEL,Linch Stock Market Ltd.,Sewa Securities Pvt. Ltd.,110,305.0,33550.0,2025-08-24 12:08:40.295196
2025-08-24,45264,2025082404002651,SHEL,Aryatara Investment & Securities,Sewa Securities Pvt. Ltd.,250,305.0,76250.0,2025-08-24 12:08:40.295340
2025-08-24,45259,2025082404002652,SHEL,Investment Management Nepal Pvt. Ltd.,Sewa Securities Pvt. Ltd.,100,305.0,30500.0,2025-08-24 12:08:46.291068
2025-08-24,45204,2025082404002663,SHEL,Opal Securities Investment (PVT) Ltd.,Thrive Brokerage House Pvt. Ltd,320,305.0,97600.0,2025-08-24 12:09:03.419236
2025-08-24,45124,2025082404002682,SHEL,Sundhara Securities Limited,Thrive Brokerage House Pvt. Ltd,295,305.0,89975.0,2025-08-24 12:09:25.531042
2025-08-24,45036,2025082404002702,SHEL,Opal Securities Investment (PVT) Ltd.,Capital Max Securities Ltd,260,305.3,79378.0,2025-08-24 12:10:06.539696
2025-08-24,45035,2025082404002703,SHEL,Secured Securities Ltd.,Capital Max Securities Ltd,135,305.0,41175.0,2025-08-24 12:10:06.539990
2025-08-24,45034,2025082404002704,SHEL,South Asian Bulls Pvt. Ltd.,Capital Max Securities Ltd,605,305.0,184525.0,2025-08-24 12:10:06.540095
2025-08-24,44972,2025082404002721,SHEL,Opal Securities Investment (PVT) Ltd.,Nepal Stock House (PVT) Ltd.,10,305.3,3053.0,2025-08-24 12:10:25.368098
2025-08-24,44914,2025082404002736,SHEL,Opal Securities Investment (PVT) Ltd.,ABC Securities Private Limited,250,305.3,76325.0,2025-08-24 12:10:49.466364
2025-08-24,44913,2025082404002737,SHEL,Dipshikha Dhitopatra Karobar Co. Pvt Ltd.,ABC Securities Private Limited,600,305.1,183060.0,2025-08-24 12:10:49.466683
2025-08-24,44912,2025082404002738,SHEL,South Asian Bulls Pvt. Ltd.,ABC Securities Private Limited,150,305.0,45750.0,2025-08-24 12:10:49.466820
2025-08-24,44349,2025082404002848,SHEL,Kohinoor Investment & Securities Pvt. Ltd.,Aryatara Investment & Securities,25,305.6,7640.0,2025-08-24 12:14:07.239607
2025-08-24,44220,2025082404002875,SHEL,Premier Securities Company Ltd.,South Asian Bulls Pvt. Ltd.,10,307.0,3070.0,2025-08-24 12:14:57.719913
2025-08-24,43875,2025082404002933,SHEL,Aryatara Investment & Securities,Dipshikha Dhitopatra Karobar Co. Pvt Ltd.,20,306.1,6122.0,2025-08-24 12:16:38.028372
2025-08-24,43750,2025082404002952,SHEL,Sumeru Securities Pvt. Ltd.,South Asian Bulls Pvt. Ltd.,230,307.0,70610.0,2025-08-24 12:17:26.421280
2025-08-24,43749,2025082404002953,SHEL,Sumeru Securities Pvt. Ltd.,Shree Krishna Securities Ltd.,100,307.0,30700.0,2025-08-24 12:17:26.421589
2025-08-24,43748,2025082404002954,SHEL,Sumeru Securities Pvt. Ltd.,N.I.M.B. Stock Markets Limited,120,307.0,36840.0,2025-08-24 12:17:26.421726
2025-08-24,43565,2025082404003008,SHEL,Premier Securities Company Ltd.,Shree Krishna Securities Ltd.,10,307.3,3073.0,2025-08-24 12:18:26.671685
2025-08-24,43550,2025082404003009,SHEL,Sani Securities Company Ltd.,Shree Krishna Securities Ltd.,10,307.3,3073.0,2025-08-24 12:18:34.559712
2025-08-24,43514,2025082404003019,SHEL,Sumeru Securities Pvt. Ltd.,Shree Krishna Securities Ltd.,100,307.3,30730.0,2025-08-24 12:18:50.764630
2025-08-24,43410,2025082404003027,SHEL,Premier Securities Company Ltd.,Shree Krishna Securities Ltd.,70,307.3,21511.0,2025-08-24 12:19:28.967372
2025-08-24,43409,2025082404003028,SHEL,Premier Securities Company Ltd.,Cristal Kanchanjanga Securites Pvt. Ltd.,10,307.9,3079.0,2025-08-24 12:19:28.967427
2025-08-24,43304,2025082404003049,SHEL,Opal Securities Investment (PVT) Ltd.,Cristal Kanchanjanga Securites Pvt. Ltd.,140,307.9,43106.0,2025-08-24 12:20:08.036510
2025-08-24,43303,2025082404003050,SHEL,Opal Securities Investment (PVT) Ltd.,Vision Securities Pvt. Ltd,30,307.9,9237.0,2025-08-24 12:20:08.036845
2025-08-24,42483,2025082404003192,SHEL,Nepal Stock House (PVT) Ltd.,Naasa Securities Co. Ltd.,100,307.9,30790.0,2025-08-24 12:25:01.157227
2025-08-24,42439,2025082404003207,SHEL,Secured Securities Ltd.,ABC Securities Private Limited,10,306.5,3065.0,2025-08-24 12:25:12.639875
2025-08-24,42438,2025082404003208,SHEL,Creative Securities Pvt Ltd,ABC Securities Private Limited,10,306.3,3063.0,2025-08-24 12:25:12.640188
2025-08-24,42351,2025082404003243,SHEL,Creative Securities Pvt Ltd,Agrawal Securities (PVT) Ltd.,10,306.3,3063.0,2025-08-24 12:25:39.929203
2025-08-24,41622,2025082404003371,SHEL,Kumari Securities Private Limited,Online Securities Pvt. Ltd.,100,306.5,30650.0,2025-08-24 12:30:27.061849
2025-08-24,41301,2025082404003427,SHEL,Kumari Securities Private Limited,Investment Management Nepal Pvt. Ltd.,100,306.5,30650.0,2025-08-24 12:32:17.501047
2025-08-24,41300,2025082404003428,SHEL,Capital Max Securities Ltd,Investment Management Nepal Pvt. Ltd.,20,306.4,6128.0,2025-08-24 12:32:17.501352
2025-08-24,41299,2025082404003429,SHEL,Creative Securities Pvt Ltd,Investment Management Nepal Pvt. Ltd.,280,306.3,85764.0,2025-08-24 12:32:17.501490
2025-08-24,41298,2025082404003430,SHEL,Naasa Securities Co. Ltd.,Investment Management Nepal Pvt. Ltd.,11,306.3,3369.3,2025-08-24 12:32:17.501634
2025-08-24,41297,2025082404003431,SHEL,Opal Securities Investment (PVT) Ltd.,Investment Management Nepal Pvt. Ltd.,300,306.2,91860.0,2025-08-24 12:32:17.501785
2025-08-24,41296,2025082404003432,SHEL,Opal Securities Investment (PVT) Ltd.,Investment Management Nepal Pvt. Ltd.,350,306.2,107170.0,2025-08-24 12:32:17.501919
2025-08-24,41295,2025082404003433,SHEL,Sani Securities Company Ltd.,Investment Management Nepal Pvt. Ltd.,939,306.1,287427.9,2025-08-24 12:32:17.502046
2025-08-24,41017,2025082404003481,SHEL,Sani Securities Company Ltd.,Neev Securities Pvt. Ltd.,61,306.1,18672.1,2025-08-24 12:33:47.836790
2025-08-24,40995,2025082404003487,SHEL,Opal Securities Investment (PVT) Ltd.,KALASH STOCK MARKET PVT. LTD.,250,306.0,76500.0,2025-08-24 12:33:55.067833
2025-08-24,40994,2025082404003488,SHEL,Midas Stock Broking Company Private Limited,KALASH STOCK MARKET PVT. LTD.,36,306.0,11016.0,2025-08-24 12:33:55.068196
2025-08-24,40993,2025082404003489,SHEL,Capital Max Securities Ltd,KALASH STOCK MARKET PVT. LTD.,20,306.0,6120.0,2025-08-24 12:33:55.068356
2025-08-24,40977,2025082404003493,SHEL,Capital Max Securities Ltd,Online Securities Pvt. Ltd.,100,306.0,30600.0,2025-08-24 12:33:57.900497
2025-08-24,40513,2025082404003586,SHEL,Capital Max Securities Ltd,Trisul Securities & Invt. Ltd.,80,306.0,24480.0,2025-08-24 12:36:09.797823
2025-08-24,40512,2025082404003587,SHEL,Sundhara Securities Limited,Trisul Securities & Invt. Ltd.,20,306.0,6120.0,2025-08-24 12:36:09.798157
2025-08-24,40450,2025082404003601,SHEL,Kohinoor Investment & Securities Pvt. Ltd.,Neev Securities Pvt. Ltd.,39,306.1,11937.9,2025-08-24 12:36:29.065898
2025-08-24,40415,2025082404003606,SHEL,Kohinoor Investment & Securities Pvt. Ltd.,KALASH STOCK MARKET PVT. LTD.,21,306.1,6428.1,2025-08-24 12:36:38.568156
2025-08-24,40414,2025082404003607,SHEL,Sundhara Securities Limited,KALASH STOCK MARKET PVT. LTD.,130,306.0,39780.0,2025-08-24 12:36:38.568510
2025-08-24,40313,2025082404003622,SHEL,Hatemalo Financial Services Private Limited,Vision Securities Pvt. Ltd,1,307.4,307.4,2025-08-24 12:37:06.801804
2025-08-24,39882,2025082404003753,SHEL,Sundhara Securities Limited,Capital Max Securities Ltd,180,306.0,55080.0,2025-08-24 12:39:15.696064
2025-08-24,39881,2025082404003754,SHEL,Premier Securities Company Ltd.,Capital Max Securities Ltd,100,306.0,30600.0,2025-08-24 12:39:15.696439
2025-08-24,39880,2025082404003755,SHEL,Nepal Stock House (PVT) Ltd.,Capital Max Securities Ltd,392,306.0,119952.0,2025-08-24 12:39:15.696570
2025-08-24,39879,2025082404003756,SHEL,Imperial Securities Company Pvt. Ltd.,Capital Max Securities Ltd,30,306.0,9180.0,2025-08-24 12:39:15.696698
2025-08-24,39676,2025082404003815,SHEL,J.F. Securites (PVT) Ltd.,Capital Max Securities Ltd,298,306.0,91188.0,2025-08-24 12:40:32.067310
2025-08-24,39649,2025082404003818,SHEL,J.F. Securites (PVT) Ltd.,Thrive Brokerage House Pvt. Ltd,100,306.0,30600.0,2025-08-24 12:40:41.406403
2025-08-24,39473,2025082404003836,SHEL,J.F. Securites (PVT) Ltd.,Sagarmatha Securities Private Limited,100,306.0,30600.0,2025-08-24 12:41:43.361498
2025-08-24,39194,2025082404003895,SHEL,Dynamic Money Managers Securities Pvt. Ltd.,Deevyaa Securities & Stock House Pvt. Ltd,290,306.0,88740.0,2025-08-24 12:43:21.185396
2025-08-24,39110,2025082404003910,SHEL,Naasa Securities Co. Ltd.,Deevyaa Securities & Stock House Pvt. Ltd,50,305.9,15295.0,2025-08-24 12:44:00.322847
2025-08-24,38776,2025082404003969,SHEL,Dynamic Money Managers Securities Pvt. Ltd.,Deevyaa Securities & Stock House Pvt. Ltd,10,306.0,3060.0,2025-08-24 12:45:38.234202
2025-08-24,38677,2025082404003986,SHEL,J.F. Securites (PVT) Ltd.,Deevyaa Securities & Stock House Pvt. Ltd,482,306.0,147492.0,2025-08-24 12:46:13.746006
2025-08-24,37023,2025082404004306,SHEL,Aryatara Investment & Securities,Linch Stock Market Ltd.,10,306.0,3060.0,2025-08-24 12:54:33.028070
2025-08-24,37022,2025082404004307,SHEL,Aryatara Investment & Securities,Agrawal Securities (PVT) Ltd.,10,307.0,3070.0,2025-08-24 12:54:33.028176
2025-08-24,36425,2025082404004417,SHEL,Aryatara Investment & Securities,Trisul Securities & Invt. Ltd.,80,306.0,24480.0,2025-08-24 12:57:07.598791
2025-08-24,36420,2025082404004420,SHEL,Aryatara Investment & Securities,Nabil Stock Dealer Ltd.,500,306.0,153000.0,2025-08-24 12:57:08.255730
2025-08-24,36206,2025082404004448,SHEL,Aryatara Investment & Securities,Sewa Securities Pvt. Ltd.,420,306.0,128520.0,2025-08-24 12:58:01.795236
2025-08-24,36205,2025082404004449,SHEL,Sani Securities Company Ltd.,Sewa Securities Pvt. Ltd.,980,306.0,299880.0,2025-08-24 12:58:01.795606
2025-08-24,35961,2025082404004530,SHEL,Sani Securities Company Ltd.,Deevyaa Securities & Stock House Pvt. Ltd,20,306.0,6120.0,2025-08-24 12:58:52.820792
2025-08-24,35960,2025082404004531,SHEL,Sumeru Securities Pvt. Ltd.,Deevyaa Securities & Stock House Pvt. Ltd,42,306.0,12852.0,2025-08-24 12:58:52.821436
2025-08-24,35708,2025082404004605,SHEL,Sumeru Securities Pvt. Ltd.,Midas Stock Broking Company Private Limited,958,306.0,293148.0,2025-08-24 12:59:50.733243
2025-08-24,35589,2025082404004638,SHEL,J.F. Securites (PVT) Ltd.,Midas Stock Broking Company Private Limited,32,305.9,9788.8,2025-08-24 13:00:17.927933
2025-08-24,35448,2025082404004672,SHEL,J.F. Securites (PVT) Ltd.,Dakshinkali Investment & Securities Pvt. Ltd.,50,305.9,15295.0,2025-08-24 13:01:02.578816
2025-08-24,35135,2025082404004716,SHEL,J.F. Securites (PVT) Ltd.,Midas Stock Broking Company Private Limited,10,305.9,3059.0,2025-08-24 13:02:13.439196
2025-08-24,34896,2025082404004788,SHEL,Linch Stock Market Ltd.,Vision Securities Pvt. Ltd,20,306.0,6120.0,2025-08-24 13:03:24.206497
2025-08-24,34853,2025082404004805,SHEL,Linch Stock Market Ltd.,Cristal Kanchanjanga Securites Pvt. Ltd.,80,306.0,24480.0,2025-08-24 13:03:31.776518
2025-08-24,34844,2025082404004807,SHEL,Siprabi Securities Pvt. Ltd.,Cristal Kanchanjanga Securites Pvt. Ltd.,120,306.0,36720.0,2025-08-24 13:03:34.497278
2025-08-24,34843,2025082404004808,SHEL,Siprabi Securities Pvt. Ltd.,Agrawal Securities (PVT) Ltd.,10,307.0,3070.0,2025-08-24 13:03:34.497917
2025-08-24,34842,2025082404004809,SHEL,Siprabi Securities Pvt. Ltd.,Nabil Stock Dealer Ltd.,20,307.0,6140.0,2025-08-24 13:03:34.498353
2025-08-24,33534,2025082404005084,SHEL,Sani Securities Company Ltd.,Midas Stock Broking Company Private Limited,300,306.5,91950.0,2025-08-24 13:09:30.565693
2025-08-24,33119,2025082404005198,SHEL,Sumeru Securities Pvt. Ltd.,Midas Stock Broking Company Private Limited,100,306.5,30650.0,2025-08-24 13:11:24.731671
2025-08-24,32968,2025082404005247,SHEL,Sani Securities Company Ltd.,Sumeru Securities Pvt. Ltd.,100,306.0,30600.0,2025-08-24 13:12:30.955680
2025-08-24,32967,2025082404005248,SHEL,Sumeru Securities Pvt. Ltd.,Sumeru Securities Pvt. Ltd.,100,306.0,30600.0,2025-08-24 13:12:30.956581
2025-08-24,32878,2025082404005265,SHEL,J.F. Securites (PVT) Ltd.,Sumeru Securities Pvt. Ltd.,300,306.0,91800.0,2025-08-24 13:12:56.100189
2025-08-24,32877,2025082404005266,SHEL,J.F. Securites (PVT) Ltd.,Naasa Securities Co. Ltd.,20,306.0,6120.0,2025-08-24 13:12:56.100873
2025-08-24,31982,2025082404005464,SHEL,J.F. Securites (PVT) Ltd.,Sundhara Securities Limited,100,305.9,30590.0,2025-08-24 13:16:54.378769
2025-08-24,31808,2025082404005517,SHEL,J.F. Securites (PVT) Ltd.,Sewa Securities Pvt. Ltd.,18,305.9,5506.2,2025-08-24 13:17:55.470621
2025-08-24,31577,2025082404005584,SHEL,J.F. Securites (PVT) Ltd.,Sani Securities Company Ltd.,10,305.9,3059.0,2025-08-24 13:18:48.899229
2025-08-24,31365,2025082404005622,SHEL,Sani Securities Company Ltd.,Naasa Securities Co. Ltd.,15,306.0,4590.0,2025-08-24 13:19:57.493644
2025-08-24,31364,2025082404005623,SHEL,Sani Securities Company Ltd.,Prabhu Stock Market Limited,12,306.0,3672.0,2025-08-24 13:19:57.494354
2025-08-24,31262,2025082404005660,SHEL,Sundhara Securities Limited,Prabhu Stock Market Limited,80,306.0,24480.0,2025-08-24 13:20:15.145892
2025-08-24,31174,2025082404005678,SHEL,Dipshikha Dhitopatra Karobar Co. Pvt Ltd.,Prabhu Stock Market Limited,500,306.0,153000.0,2025-08-24 13:20:41.581189
2025-08-24,31150,2025082404005683,SHEL,Sumeru Securities Pvt. Ltd.,Prabhu Stock Market Limited,408,306.0,124848.0,2025-08-24 13:20:49.858504
2025-08-24,31120,2025082404005691,SHEL,Sumeru Securities Pvt. Ltd.,Imperial Securities Company Pvt. Ltd.,20,306.0,6120.0,2025-08-24 13:20:58.028910
2025-08-24,30877,2025082404005732,SHEL,Sundhara Securities Limited,Midas Stock Broking Company Private Limited,10,306.5,3065.0,2025-08-24 13:22:03.279523
2025-08-24,30453,2025082404005820,SHEL,Sumeru Securities Pvt. Ltd.,Asian Securities Private Ltd.,122,306.0,37332.0,2025-08-24 13:24:01.383874
2025-08-24,30452,2025082404005821,SHEL,Dipshikha Dhitopatra Karobar Co. Pvt Ltd.,Asian Securities Private Ltd.,50,306.0,15300.0,2025-08-24 13:24:01.384603
2025-08-24,30451,2025082404005822,SHEL,Aryatara Investment & Securities,Asian Securities Private Ltd.,600,306.0,183600.0,2025-08-24 13:24:01.385124
2025-08-24,30450,2025082404005823,SHEL,Naasa Securities Co. Ltd.,Asian Securities Private Ltd.,228,305.9,69745.2,2025-08-24 13:24:01.385620
2025-08-24,30085,2025082404005909,SHEL,Naasa Securities Co. Ltd.,Shree Krishna Securities Ltd.,10,305.9,3059.0,2025-08-24 13:26:09.367168
2025-08-24,30079,2025082404005912,SHEL,Dipshikha Dhitopatra Karobar Co. Pvt Ltd.,Naasa Securities Co. Ltd.,10,306.0,3060.0,2025-08-24 13:26:10.673432
2025-08-24,30078,2025082404005913,SHEL,Dipshikha Dhitopatra Karobar Co. Pvt Ltd.,Dakshinkali Investment & Securities Pvt. Ltd.,190,306.0,58140.0,2025-08-24 13:26:10.673785
2025-08-24,30042,2025082404005919,SHEL,Naasa Securities Co. Ltd.,Shree Krishna Securities Ltd.,10,305.9,3059.0,2025-08-24 13:26:23.434594
2025-08-24,30025,2025082404005922,SHEL,Dipshikha Dhitopatra Karobar Co. Pvt Ltd.,Vision Securities Pvt. Ltd,200,305.9,61180.0,2025-08-24 13:26:28.883247
2025-08-24,30024,2025082404005923,SHEL,Aryatara Investment & Securities,Vision Securities Pvt. Ltd,30,305.7,9171.0,2025-08-24 13:26:28.883394
2025-08-24,30023,2025082404005924,SHEL,Kohinoor Investment & Securities Pvt. Ltd.,Vision Securities Pvt. Ltd,175,305.6,53480.0,2025-08-24 13:26:28.883467
2025-08-24,30022,2025082404005925,SHEL,ABC Securities Private Limited,Vision Securities Pvt. Ltd,100,305.6,30560.0,2025-08-24 13:26:28.883530
2025-08-24,30021,2025082404005926,SHEL,Premier Securities Company Ltd.,Vision Securities Pvt. Ltd,500,305.6,152800.0,2025-08-24 13:26:28.883591
2025-08-24,30020,2025082404005927,SHEL,Sani Securities Company Ltd.,Vision Securities Pvt. Ltd,500,305.5,152750.0,2025-08-24 13:26:28.883657
2025-08-24,30019,2025082404005928,SHEL,J.F. Securites (PVT) Ltd.,Vision Securities Pvt. Ltd,100,305.4,30540.0,2025-08-24 13:26:28.883727
2025-08-24,30018,2025082404005929,SHEL,Opal Securities Investment (PVT) Ltd.,Vision Securities Pvt. Ltd,280,305.3,85484.0,2025-08-24 13:26:28.883798
2025-08-24,30017,2025082404005930,SHEL,Opal Securities Investment (PVT) Ltd.,Vision Securities Pvt. Ltd,115,305.3,35109.5,2025-08-24 13:26:28.883860
2025-08-24,29725,2025082404005988,SHEL,Dipshikha Dhitopatra Karobar Co. Pvt Ltd.,Sewa Securities Pvt. Ltd.,500,305.4,152700.0,2025-08-24 13:28:06.843876
2025-08-24,29724,2025082404005989,SHEL,J.F. Securites (PVT) Ltd.,Sewa Securities Pvt. Ltd.,380,305.4,116052.0,2025-08-24 13:28:06.844028
2025-08-24,29723,2025082404005990,SHEL,Opal Securities Investment (PVT) Ltd.,Sewa Securities Pvt. Ltd.,45,305.3,13738.5,2025-08-24 13:28:06.844060
2025-08-24,29722,2025082404005991,SHEL,Opal Securities Investment (PVT) Ltd.,Sewa Securities Pvt. Ltd.,300,305.3,91590.0,2025-08-24 13:28:06.844086
2025-08-24,29721,2025082404005992,SHEL,Opal Securities Investment (PVT) Ltd.,Sewa Securities Pvt. Ltd.,550,305.3,167915.0,2025-08-24 13:28:06.844110
2025-08-24,29720,2025082404005993,SHEL,Opal Securities Investment (PVT) Ltd.,Sewa Securities Pvt. Ltd.,340,305.3,103802.0,2025-08-24 13:28:06.844133
2025-08-24,29719,2025082404005994,SHEL,N.I.M.B. Stock Markets Limited,Sewa Securities Pvt. Ltd.,270,305.3,82431.0,2025-08-24 13:28:06.844155
2025-08-24,29718,2025082404005995,SHEL,Opal Securities Investment (PVT) Ltd.,Sewa Securities Pvt. Ltd.,330,305.3,100749.0,2025-08-24 13:28:06.844179
2025-08-24,29717,2025082404005996,SHEL,South Asian Bulls Pvt. Ltd.,Sewa Securities Pvt. Ltd.,2000,305.2,610400.0,2025-08-24 13:28:06.844204
2025-08-24,29716,2025082404005997,SHEL,J.F. Securites (PVT) Ltd.,Sewa Securities Pvt. Ltd.,800,305.2,244160.0,2025-08-24 13:28:06.844234
2025-08-24,29715,2025082404005998,SHEL,Sani Securities Company Ltd.,Sewa Securities Pvt. Ltd.,2000,305.1,610200.0,2025-08-24 13:28:06.844309
2025-08-24,29714,2025082404005999,SHEL,Linch Stock Market Ltd.,Sewa Securities Pvt. Ltd.,500,305.1,152550.0,2025-08-24 13:28:06.844352
2025-08-24,29713,2025082404006000,SHEL,Premier Securities Company Ltd.,Sewa Securities Pvt. Ltd.,500,305.1,152550.0,2025-08-24 13:28:06.844374
2025-08-24,29712,2025082404006001,SHEL,South Asian Bulls Pvt. Ltd.,Sewa Securities Pvt. Ltd.,1245,305.0,379725.0,2025-08-24 13:28:06.844399
2025-08-24,29711,2025082404006002,SHEL,Investment Management Nepal Pvt. Ltd.,Sewa Securities Pvt. Ltd.,100,305.0,30500.0,2025-08-24 13:28:06.844422
2025-08-24,29710,2025082404006003,SHEL,Sani Securities Company Ltd.,Sewa Securities Pvt. Ltd.,500,305.0,152500.0,2025-08-24 13:28:06.844448
2025-08-24,29709,2025082404006004,SHEL,Dipshikha Dhitopatra Karobar Co. Pvt Ltd.,Sewa Securities Pvt. Ltd.,500,305.0,152500.0,2025-08-24 13:28:06.844476
2025-08-24,29708,2025082404006005,SHEL,Dipshikha Dhitopatra Karobar Co. Pvt Ltd.,Sewa Securities Pvt. Ltd.,305,305.0,93025.0,2025-08-24 13:28:06.844497
2025-08-24,29707,2025082404006006,SHEL,Trisul Securities & Invt. Ltd.,Sewa Securities Pvt. Ltd.,106,305.0,32330.0,2025-08-24 13:28:06.844516
2025-08-24,29706,2025082404006007,SHEL,Naasa Securities Co. Ltd.,Sewa Securities Pvt. Ltd.,200,305.0,61000.0,2025-08-24 13:28:06.844537
2025-08-24,29705,2025082404006008,SHEL,Opal Securities Investment (PVT) Ltd.,Sewa Securities Pvt. Ltd.,200,305.0,61000.0,2025-08-24 13:28:06.844565
2025-08-24,29704,2025082404006009,SHEL,N.I.M.B. Stock Markets Limited,Sewa Securities Pvt. Ltd.,100,305.0,30500.0,2025-08-24 13:28:06.844590
2025-08-24,29703,2025082404006010,SHEL,Dipshikha Dhitopatra Karobar Co. Pvt Ltd.,Sewa Securities Pvt. Ltd.,35,305.0,10675.0,2025-08-24 13:28:06.844614
2025-08-24,29702,2025082404006011,SHEL,ABC Securities Private Limited,Sewa Securities Pvt. Ltd.,1500,305.0,457500.0,2025-08-24 13:28:06.844636
2025-08-24,29701,2025082404006012,SHEL,South Asian Bulls Pvt. Ltd.,Sewa Securities Pvt. Ltd.,250,305.0,76250.0,2025-08-24 13:28:06.844660
2025-08-24,29700,2025082404006013,SHEL,Agrawal Securities (PVT) Ltd.,Sewa Securities Pvt. Ltd.,444,305.0,135420.0,2025-08-24 13:28:06.844685
2025-08-24,29664,2025082404006024,SHEL,Agrawal Securities (PVT) Ltd.,Naasa Securities Co. Ltd.,10,305.0,3050.0,2025-08-24 13:28:14.838743
2025-08-24,29608,2025082404006031,SHEL,Agrawal Securities (PVT) Ltd.,Sewa Securities Pvt. Ltd.,46,305.0,14030.0,2025-08-24 13:28:32.998262
2025-08-24,29607,2025082404006032,SHEL,Capital Max Securities Ltd,Sewa Securities Pvt. Ltd.,300,305.0,91500.0,2025-08-24 13:28:32.998414
2025-08-24,29606,2025082404006033,SHEL,Dynamic Money Managers Securities Pvt. Ltd.,Sewa Securities Pvt. Ltd.,300,305.0,91500.0,2025-08-24 13:28:32.998491
2025-08-24,29605,2025082404006034,SHEL,Dipshikha Dhitopatra Karobar Co. Pvt Ltd.,Sewa Securities Pvt. Ltd.,334,305.0,101870.0,2025-08-24 13:28:32.998566
2025-08-24,29583,2025082404006035,SHEL,Dipshikha Dhitopatra Karobar Co. Pvt Ltd.,Arun Securities (PVT) Ltd.,500,305.0,152500.0,2025-08-24 13:28:36.213385
2025-08-24,29478,2025082404006071,SHEL,Dipshikha Dhitopatra Karobar Co. Pvt Ltd.,Online Securities Pvt. Ltd.,10,305.0,3050.0,2025-08-24 13:29:17.577654
2025-08-24,29322,2025082404006104,SHEL,Dipshikha Dhitopatra Karobar Co. Pvt Ltd.,Naasa Securities Co. Ltd.,10,305.0,3050.0,2025-08-24 13:30:08.722437
2025-08-24,29132,2025082404006157,SHEL,Dipshikha Dhitopatra Karobar Co. Pvt Ltd.,Kumari Securities Private Limited,100,305.0,30500.0,2025-08-24 13:30:59.694126
2025-08-24,28948,2025082404006207,SHEL,Swarna Laxmi Securities Pvt. Ltd.,Nepal Stock House (PVT) Ltd.,100,305.1,30510.0,2025-08-24 13:32:03.963391
2025-08-24,28551,2025082404006261,SHEL,Imperial Securities Company Pvt. Ltd.,J.F. Securites (PVT) Ltd.,70,305.2,21364.0,2025-08-24 13:34:05.712075
2025-08-24,28507,2025082404006277,SHEL,Imperial Securities Company Pvt. Ltd.,Nepal Stock House (PVT) Ltd.,230,305.2,70196.0,2025-08-24 13:34:22.374654
2025-08-24,28506,2025082404006278,SHEL,Shree Krishna Securities Ltd.,Nepal Stock House (PVT) Ltd.,600,305.1,183060.0,2025-08-24 13:34:22.375446
2025-08-24,28441,2025082404006291,SHEL,Shree Krishna Securities Ltd.,Online Securities Pvt. Ltd.,20,305.1,6102.0,2025-08-24 13:34:54.022782
2025-08-24,28430,2025082404006295,SHEL,Shree Krishna Securities Ltd.,Dakshinkali Investment & Securities Pvt. Ltd.,50,305.1,15255.0,2025-08-24 13:34:58.760261
2025-08-24,28429,2025082404006296,SHEL,Dipshikha Dhitopatra Karobar Co. Pvt Ltd.,Dakshinkali Investment & Securities Pvt. Ltd.,46,305.0,14030.0,2025-08-24 13:34:58.760934
2025-08-24,28428,2025082404006297,SHEL,Agrawal Securities (PVT) Ltd.,Dakshinkali Investment & Securities Pvt. Ltd.,50,305.0,15250.0,2025-08-24 13:34:58.761401
2025-08-24,28427,2025082404006298,SHEL,Capital Hub P. Ltd,Dakshinkali Investment & Securities Pvt. Ltd.,80,305.0,24400.0,2025-08-24 13:34:58.761788
2025-08-24,28426,2025082404006299,SHEL,Imperial Securities Company Pvt. Ltd.,Dakshinkali Investment & Securities Pvt. Ltd.,100,305.0,30500.0,2025-08-24 13:34:58.762201
2025-08-24,28425,2025082404006300,SHEL,Sani Securities Company Ltd.,Dakshinkali Investment & Securities Pvt. Ltd.,500,305.0,152500.0,2025-08-24 13:34:58.762627
2025-08-24,28424,2025082404006301,SHEL,Online Securities Pvt. Ltd.,Dakshinkali Investment & Securities Pvt. Ltd.,984,305.0,300120.0,2025-08-24 13:34:58.763034
2025-08-24,28256,2025082404006339,SHEL,Online Securities Pvt. Ltd.,Online Securities Pvt. Ltd.,16,305.0,4880.0,2025-08-24 13:35:59.490538
2025-08-24,27878,2025082404006439,SHEL,Imperial Securities Company Pvt. Ltd.,S.P.S.A. Securities Limited,20,305.0,6100.0,2025-08-24 13:38:09.412478
2025-08-24,27877,2025082404006440,SHEL,Online Securities Pvt. Ltd.,S.P.S.A. Securities Limited,250,305.0,76250.0,2025-08-24 13:38:09.413096
2025-08-24,27876,2025082404006441,SHEL,Naasa Securities Co. Ltd.,S.P.S.A. Securities Limited,50,305.0,15250.0,2025-08-24 13:38:09.413517
2025-08-24,27875,2025082404006442,SHEL,Agrawal Securities (PVT) Ltd.,S.P.S.A. Securities Limited,100,305.0,30500.0,2025-08-24 13:38:09.413918
2025-08-24,27328,2025082404006574,SHEL,J.F. Securites (PVT) Ltd.,Naasa Securities Co. Ltd.,100,304.9,30490.0,2025-08-24 13:41:13.278970
2025-08-24,27327,2025082404006575,SHEL,Naasa Securities Co. Ltd.,Naasa Securities Co. Ltd.,100,304.5,30450.0,2025-08-24 13:41:13.279653
2025-08-24,27325,2025082404006577,SHEL,Sani Securities Company Ltd.,S.P.S.A. Securities Limited,500,304.5,152250.0,2025-08-24 13:41:14.881166
2025-08-24,27324,2025082404006578,SHEL,Siprabi Securities Pvt. Ltd.,S.P.S.A. Securities Limited,1000,304.3,304300.0,2025-08-24 13:41:14.881821
2025-08-24,27323,2025082404006579,SHEL,Dipshikha Dhitopatra Karobar Co. Pvt Ltd.,S.P.S.A. Securities Limited,50,304.2,15210.0,2025-08-24 13:41:14.882259
2025-08-24,27322,2025082404006580,SHEL,Secured Securities Ltd.,S.P.S.A. Securities Limited,200,304.1,60820.0,2025-08-24 13:41:14.882695
2025-08-24,27321,2025082404006581,SHEL,Sani Securities Company Ltd.,S.P.S.A. Securities Limited,2000,304.1,608200.0,2025-08-24 13:41:14.883122
2025-08-24,27320,2025082404006582,SHEL,Vision Securities Pvt. Ltd,S.P.S.A. Securities Limited,799,304.1,242975.9,2025-08-24 13:41:14.883536
2025-08-24,27319,2025082404006583,SHEL,Dipshikha Dhitopatra Karobar Co. Pvt Ltd.,S.P.S.A. Securities Limited,31,304.1,9427.1,2025-08-24 13:41:14.883961
2025-08-24,27143,2025082404006612,SHEL,Elite Stock House Limited,Thrive Brokerage House Pvt. Ltd,500,304.2,152100.0,2025-08-24 13:42:26.196669
2025-08-24,27142,2025082404006613,SHEL,Dipshikha Dhitopatra Karobar Co. Pvt Ltd.,Thrive Brokerage House Pvt. Ltd,369,304.1,112212.9,2025-08-24 13:42:26.196793
2025-08-24,27141,2025082404006614,SHEL,Online Securities Pvt. Ltd.,Thrive Brokerage House Pvt. Ltd,131,304.0,39824.0,2025-08-24 13:42:26.196872
2025-08-24,27029,2025082404006639,SHEL,Kalika Securities Pvt. Ltd.,Online Securities Pvt. Ltd.,40,304.1,12164.0,2025-08-24 13:43:03.391294
2025-08-24,26109,2025082404006844,SHEL,ABC Securities Private Limited,Dakshinkali Investment & Securities Pvt. Ltd.,300,304.2,91260.0,2025-08-24 13:47:39.207430
2025-08-24,25711,2025082404006949,SHEL,ABC Securities Private Limited,Prabhu Stock Market Limited,700,304.2,212940.0,2025-08-24 13:49:13.577267
2025-08-24,25710,2025082404006950,SHEL,Kalika Securities Pvt. Ltd.,Prabhu Stock Market Limited,160,304.1,48656.0,2025-08-24 13:49:13.577620
2025-08-24,25709,2025082404006951,SHEL,Siprabi Securities Pvt. Ltd.,Prabhu Stock Market Limited,140,304.1,42574.0,2025-08-24 13:49:13.577764
2025-08-24,25447,2025082404007029,SHEL,BHOLE GANESH SECURITIES LTD,KALASH STOCK MARKET PVT. LTD.,50,304.3,15215.0,2025-08-24 13:50:26.612208
2025-08-24,25399,2025082404007036,SHEL,Imperial Securities Company Pvt. Ltd.,Neev Securities Pvt. Ltd.,250,305.0,76250.0,2025-08-24 13:50:41.681837
2025-08-24,25398,2025082404007037,SHEL,Imperial Securities Company Pvt. Ltd.,Sri Hari Securities Pvt. Ltd.,750,305.0,228750.0,2025-08-24 13:50:41.682570
2025-08-24,25397,2025082404007038,SHEL,BHOLE GANESH SECURITIES LTD,Shree Krishna Securities Ltd.,10,304.3,3043.0,2025-08-24 13:50:41.814744
2025-08-24,25335,2025082404007068,SHEL,Naasa Securities Co. Ltd.,Sri Hari Securities Pvt. Ltd.,120,305.0,36600.0,2025-08-24 13:51:00.236826
2025-08-24,25013,2025082404007143,SHEL,Naasa Securities Co. Ltd.,Sri Hari Securities Pvt. Ltd.,130,305.0,39650.0,2025-08-24 13:52:28.924126
2025-08-24,24844,2025082404007214,SHEL,Naasa Securities Co. Ltd.,Online Securities Pvt. Ltd.,160,305.0,48800.0,2025-08-24 13:53:09.008234
2025-08-24,24693,2025082404007252,SHEL,Naasa Securities Co. Ltd.,Asian Securities Private Ltd.,200,305.0,61000.0,2025-08-24 13:53:46.804807
2025-08-24,24472,2025082404007322,SHEL,Sundhara Securities Limited,Siprabi Securities Pvt. Ltd.,20,304.5,6090.0,2025-08-24 13:54:50.178855
2025-08-24,24407,2025082404007348,SHEL,Sundhara Securities Limited,Market Securities & Exchange (PVT) Ltd.,130,304.5,39585.0,2025-08-24 13:55:18.906845
2025-08-24,24403,2025082404007349,SHEL,BHOLE GANESH SECURITIES LTD,Dipshikha Dhitopatra Karobar Co. Pvt Ltd.,10,304.4,3044.0,2025-08-24 13:55:19.236110
2025-08-24,24289,2025082404007367,SHEL,Naasa Securities Co. Ltd.,Sundhara Securities Limited,20,304.4,6088.0,2025-08-24 13:55:54.457667
2025-08-24,24194,2025082404007396,SHEL,BHOLE GANESH SECURITIES LTD,Market Securities & Exchange (PVT) Ltd.,70,304.3,21301.0,2025-08-24 13:56:25.268958
2025-08-24,24017,2025082404007439,SHEL,Naasa Securities Co. Ltd.,Elite Stock House Limited,50,304.5,15225.0,2025-08-24 13:57:07.158219
2025-08-24,24016,2025082404007440,SHEL,BHOLE GANESH SECURITIES LTD,Elite Stock House Limited,82,304.3,24952.6,2025-08-24 13:57:07.158583
2025-08-24,23585,2025082404007516,SHEL,BHOLE GANESH SECURITIES LTD,Neev Securities Pvt. Ltd.,150,304.3,45645.0,2025-08-24 13:58:49.141391
2025-08-24,23069,2025082404007617,SHEL,Naasa Securities Co. Ltd.,Oxford Securities Pvt. Ltd.,19,305.4,5802.6,2025-08-24 14:00:28.454442
2025-08-24,22589,2025082404007707,SHEL,Naasa Securities Co. Ltd.,Imperial Securities Company Pvt. Ltd.,11,305.3,3358.3,2025-08-24 14:01:37.651946
2025-08-24,22582,2025082404007713,SHEL,South Asian Bulls Pvt. Ltd.,Malla & Malla Stock Broking Company Pvt. Limited,50,304.4,15220.0,2025-08-24 14:01:39.399214
2025-08-24,22409,2025082404007754,SHEL,South Asian Bulls Pvt. Ltd.,Sri Hari Securities Pvt. Ltd.,320,304.4,97408.0,2025-08-24 14:02:25.432517
2025-08-24,22408,2025082404007755,SHEL,BHOLE GANESH SECURITIES LTD,Sri Hari Securities Pvt. Ltd.,138,304.3,41993.4,2025-08-24 14:02:25.432912
2025-08-24,22407,2025082404007756,SHEL,Shree Krishna Securities Ltd.,Sri Hari Securities Pvt. Ltd.,250,304.3,76075.0,2025-08-24 14:02:25.433068
2025-08-24,22406,2025082404007757,SHEL,BHOLE GANESH SECURITIES LTD,Sri Hari Securities Pvt. Ltd.,490,304.2,149058.0,2025-08-24 14:02:25.433213
2025-08-24,22405,2025082404007758,SHEL,Siprabi Securities Pvt. Ltd.,Sri Hari Securities Pvt. Ltd.,60,304.1,18246.0,2025-08-24 14:02:25.433414
2025-08-24,22404,2025082404007759,SHEL,ABC Securities Private Limited,Sri Hari Securities Pvt. Ltd.,200,304.1,60820.0,2025-08-24 14:02:25.433613
2025-08-24,22403,2025082404007760,SHEL,Sani Securities Company Ltd.,Sri Hari Securities Pvt. Ltd.,230,304.1,69943.0,2025-08-24 14:02:25.433820
2025-08-24,22402,2025082404007761,SHEL,Kohinoor Investment & Securities Pvt. Ltd.,Sri Hari Securities Pvt. Ltd.,1000,304.1,304100.0,2025-08-24 14:02:25.433972
2025-08-24,22401,2025082404007762,SHEL,Online Securities Pvt. Ltd.,Sri Hari Securities Pvt. Ltd.,119,304.0,36176.0,2025-08-24 14:02:25.434123
2025-08-24,22400,2025082404007763,SHEL,S.P.S.A. Securities Limited,Sri Hari Securities Pvt. Ltd.,600,304.0,182400.0,2025-08-24 14:02:25.434297
2025-08-24,22399,2025082404007764,SHEL,Dipshikha Dhitopatra Karobar Co. Pvt Ltd.,Sri Hari Securities Pvt. Ltd.,100,304.0,30400.0,2025-08-24 14:02:25.434474
2025-08-24,22398,2025082404007765,SHEL,Naasa Securities Co. Ltd.,Sri Hari Securities Pvt. Ltd.,493,304.0,149872.0,2025-08-24 14:02:25.434635
2025-08-24,21967,2025082404007895,SHEL,Imperial Securities Company Pvt. Ltd.,Sewa Securities Pvt. Ltd.,20,304.2,6084.0,2025-08-24 14:04:22.713748
2025-08-24,21787,2025082404007937,SHEL,Imperial Securities Company Pvt. Ltd.,Nepal Investment And Securities Trading Private Limited,280,304.2,85176.0,2025-08-24 14:05:01.168654
2025-08-24,21786,2025082404007938,SHEL,Sri Hari Securities Pvt. Ltd.,Nepal Investment And Securities Trading Private Limited,180,304.1,54738.0,2025-08-24 14:05:01.169020
2025-08-24,21401,2025082404008024,SHEL,Imperial Securities Company Pvt. Ltd.,Sri Hari Securities Pvt. Ltd.,100,304.2,30420.0,2025-08-24 14:06:19.982919
2025-08-24,21400,2025082404008025,SHEL,Sri Hari Securities Pvt. Ltd.,Sri Hari Securities Pvt. Ltd.,400,304.1,121640.0,2025-08-24 14:06:19.983282
2025-08-24,21313,2025082404008055,SHEL,Sri Hari Securities Pvt. Ltd.,Neev Securities Pvt. Ltd.,2000,304.1,608200.0,2025-08-24 14:06:40.127552
2025-08-24,21185,2025082404008080,SHEL,Sri Hari Securities Pvt. Ltd.,Asian Securities Private Ltd.,235,304.1,71463.5,2025-08-24 14:07:08.451627
2025-08-24,20536,2025082404008254,SHEL,Online Securities Pvt. Ltd.,Premier Securities Company Ltd.,20,304.5,6090.0,2025-08-24 14:09:18.976580
2025-08-24,20317,2025082404008332,SHEL,Online Securities Pvt. Ltd.,Sani Securities Company Ltd.,80,304.5,24360.0,2025-08-24 14:10:16.924044
2025-08-24,20025,2025082404008397,SHEL,Naasa Securities Co. Ltd.,Vision Securities Pvt. Ltd,20,304.2,6084.0,2025-08-24 14:11:07.375797
2025-08-24,19849,2025082404008418,SHEL,Hatemalo Financial Services Private Limited,Cristal Kanchanjanga Securites Pvt. Ltd.,100,305.0,30500.0,2025-08-24 14:11:42.927291
2025-08-24,19848,2025082404008419,SHEL,Hatemalo Financial Services Private Limited,Elite Stock House Limited,50,305.0,15250.0,2025-08-24 14:11:42.927696
2025-08-24,19847,2025082404008420,SHEL,Hatemalo Financial Services Private Limited,Sri Hari Securities Pvt. Ltd.,416,305.0,126880.0,2025-08-24 14:11:42.927845
2025-08-24,19738,2025082404008436,SHEL,Naasa Securities Co. Ltd.,Deevyaa Securities & Stock House Pvt. Ltd,160,304.2,48672.0,2025-08-24 14:12:10.023926
2025-08-24,19737,2025082404008437,SHEL,Sri Hari Securities Pvt. Ltd.,Deevyaa Securities & Stock House Pvt. Ltd,340,304.1,103394.0,2025-08-24 14:12:10.024257
2025-08-24,19657,2025082404008466,SHEL,Sri Hari Securities Pvt. Ltd.,Imperial Securities Company Pvt. Ltd.,300,304.1,91230.0,2025-08-24 14:12:26.351937
2025-08-24,19650,2025082404008468,SHEL,Siprabi Securities Pvt. Ltd.,Sri Hari Securities Pvt. Ltd.,516,305.0,157380.0,2025-08-24 14:12:29.925652
2025-08-24,19519,2025082404008496,SHEL,Dynamic Money Managers Securities Pvt. Ltd.,Sri Hari Securities Pvt. Ltd.,68,305.0,20740.0,2025-08-24 14:13:00.051424
2025-08-24,19518,2025082404008497,SHEL,Dynamic Money Managers Securities Pvt. Ltd.,Midas Stock Broking Company Private Limited,15,305.0,4575.0,2025-08-24 14:13:00.051755
2025-08-24,19420,2025082404008520,SHEL,Dynamic Money Managers Securities Pvt. Ltd.,Trishakti Securities Public Limited,720,305.0,219600.0,2025-08-24 14:13:14.914502
2025-08-24,19254,2025082404008561,SHEL,Dynamic Money Managers Securities Pvt. Ltd.,Thrive Brokerage House Pvt. Ltd,597,305.0,182085.0,2025-08-24 14:13:49.689236
2025-08-24,19253,2025082404008562,SHEL,BHOLE GANESH SECURITIES LTD,Thrive Brokerage House Pvt. Ltd,10,305.0,3050.0,2025-08-24 14:13:49.689365
2025-08-24,19252,2025082404008563,SHEL,Citizens Share Broker Limited,Thrive Brokerage House Pvt. Ltd,393,304.2,119550.6,2025-08-24 14:13:49.689442
2025-08-24,18796,2025082404008687,SHEL,Citizens Share Broker Limited,ABC Securities Private Limited,107,304.2,32549.4,2025-08-24 14:15:19.309271
2025-08-24,18795,2025082404008688,SHEL,Sri Hari Securities Pvt. Ltd.,ABC Securities Private Limited,183,304.1,55650.3,2025-08-24 14:15:19.309611
2025-08-24,18282,2025082404008813,SHEL,Midas Stock Broking Company Private Limited,Oxford Securities Pvt. Ltd.,481,304.2,146320.2,2025-08-24 14:17:03.999457
2025-08-24,18067,2025082404008853,SHEL,Midas Stock Broking Company Private Limited,Elite Stock House Limited,400,304.2,121680.0,2025-08-24 14:17:46.676770
2025-08-24,17897,2025082404008890,SHEL,Midas Stock Broking Company Private Limited,Imperial Securities Company Pvt. Ltd.,269,304.2,81829.8,2025-08-24 14:18:20.856619
2025-08-24,17896,2025082404008891,SHEL,Citizens Share Broker Limited,Imperial Securities Company Pvt. Ltd.,500,304.2,152100.0,2025-08-24 14:18:20.857358
2025-08-24,17895,2025082404008892,SHEL,Sri Hari Securities Pvt. Ltd.,Imperial Securities Company Pvt. Ltd.,362,304.1,110084.2,2025-08-24 14:18:20.857843
2025-08-24,17894,2025082404008893,SHEL,Online Securities Pvt. Ltd.,Imperial Securities Company Pvt. Ltd.,1000,304.1,304100.0,2025-08-24 14:18:20.858323
2025-08-24,17893,2025082404008894,SHEL,Online Securities Pvt. Ltd.,Imperial Securities Company Pvt. Ltd.,1000,304.1,304100.0,2025-08-24 14:18:20.858789
2025-08-24,17892,2025082404008895,SHEL,Naasa Securities Co. Ltd.,Imperial Securities Company Pvt. Ltd.,2007,304.0,610128.0,2025-08-24 14:18:20.859244
2025-08-24,17891,2025082404008896,SHEL,Naasa Securities Co. Ltd.,Imperial Securities Company Pvt. Ltd.,96,304.0,29184.0,2025-08-24 14:18:20.859709
2025-08-24,17890,2025082404008897,SHEL,Online Securities Pvt. Ltd.,Imperial Securities Company Pvt. Ltd.,1000,304.0,304000.0,2025-08-24 14:18:20.860163
2025-08-24,17889,2025082404008898,SHEL,BHOLE GANESH SECURITIES LTD,Imperial Securities Company Pvt. Ltd.,100,304.0,30400.0,2025-08-24 14:18:20.860618
2025-08-24,17888,2025082404008899,SHEL,Sundhara Securities Limited,Imperial Securities Company Pvt. Ltd.,200,304.0,60800.0,2025-08-24 14:18:20.861065
2025-08-24,17887,2025082404008900,SHEL,Online Securities Pvt. Ltd.,Imperial Securities Company Pvt. Ltd.,1000,304.0,304000.0,2025-08-24 14:18:20.861529
2025-08-24,17886,2025082404008901,SHEL,Trisul Securities & Invt. Ltd.,Imperial Securities Company Pvt. Ltd.,30,304.0,9120.0,2025-08-24 14:18:20.861977
2025-08-24,17885,2025082404008902,SHEL,Cristal Kanchanjanga Securites Pvt. Ltd.,Imperial Securities Company Pvt. Ltd.,100,304.0,30400.0,2025-08-24 14:18:20.862446
2025-08-24,17884,2025082404008903,SHEL,Naasa Securities Co. Ltd.,Imperial Securities Company Pvt. Ltd.,100,304.0,30400.0,2025-08-24 14:18:20.862882
2025-08-24,17883,2025082404008904,SHEL,Imperial Securities Company Pvt. Ltd.,Imperial Securities Company Pvt. Ltd.,50,304.0,15200.0,2025-08-24 14:18:20.863336
2025-08-24,17882,2025082404008905,SHEL,Kalika Securities Pvt. Ltd.,Imperial Securities Company Pvt. Ltd.,30,304.0,9120.0,2025-08-24 14:18:20.863782
2025-08-24,17881,2025082404008906,SHEL,Imperial Securities Company Pvt. Ltd.,Imperial Securities Company Pvt. Ltd.,1000,304.0,304000.0,2025-08-24 14:18:20.864212
2025-08-24,17880,2025082404008907,SHEL,Online Securities Pvt. Ltd.,Imperial Securities Company Pvt. Ltd.,250,304.0,76000.0,2025-08-24 14:18:20.864669
2025-08-24,17879,2025082404008908,SHEL,Online Securities Pvt. Ltd.,Imperial Securities Company Pvt. Ltd.,250,304.0,76000.0,2025-08-24 14:18:20.865120
2025-08-24,17878,2025082404008909,SHEL,Sri Hari Securities Pvt. Ltd.,Imperial Securities Company Pvt. Ltd.,656,304.0,199424.0,2025-08-24 14:18:20.865346
2025-08-24,17842,2025082404008919,SHEL,Siprabi Securities Pvt. Ltd.,Elite Stock House Limited,192,304.8,58521.6,2025-08-24 14:18:26.005997
2025-08-24,17726,2025082404008961,SHEL,Sri Hari Securities Pvt. Ltd.,Dipshikha Dhitopatra Karobar Co. Pvt Ltd.,20,304.0,6080.0,2025-08-24 14:18:50.237579
2025-08-24,17660,2025082404008980,SHEL,Sri Hari Securities Pvt. Ltd.,Elite Stock House Limited,324,304.0,98496.0,2025-08-24 14:19:01.981230
2025-08-24,17659,2025082404008981,SHEL,Siprabi Securities Pvt. Ltd.,Elite Stock House Limited,40,304.0,12160.0,2025-08-24 14:19:01.981957
2025-08-24,17567,2025082404009005,SHEL,Swarna Laxmi Securities Pvt. Ltd.,Himalayan Securities Limited,10,303.9,3039.0,2025-08-24 14:19:21.634706
2025-08-24,17218,2025082404009080,SHEL,Himalayan Securities Limited,Elite Stock House Limited,200,303.8,60760.0,2025-08-24 14:20:29.313620
2025-08-24,17217,2025082404009081,SHEL,Aryatara Investment & Securities,Elite Stock House Limited,18,303.8,5468.4,2025-08-24 14:20:29.314374
2025-08-24,17216,2025082404009082,SHEL,Hatemalo Financial Services Private Limited,Elite Stock House Limited,200,303.8,60760.0,2025-08-24 14:20:29.314839
2025-08-24,17215,2025082404009083,SHEL,Online Securities Pvt. Ltd.,Elite Stock House Limited,26,303.7,7896.2,2025-08-24 14:20:29.315310
2025-08-24,17076,2025082404009134,SHEL,Online Securities Pvt. Ltd.,Secured Securities Ltd.,274,303.7,83213.8,2025-08-24 14:21:00.781303
2025-08-24,17075,2025082404009135,SHEL,Imperial Securities Company Pvt. Ltd.,Secured Securities Ltd.,226,303.7,68636.2,2025-08-24 14:21:00.781652
2025-08-24,17074,2025082404009136,SHEL,Imperial Securities Company Pvt. Ltd.,Bhrikuti Stock Broking Co. Pvt. Ltd.,500,303.7,151850.0,2025-08-24 14:21:01.112085
2025-08-24,16437,2025082404009349,SHEL,Dipshikha Dhitopatra Karobar Co. Pvt Ltd.,J.F. Securites (PVT) Ltd.,700,303.8,212660.0,2025-08-24 14:22:54.881245
2025-08-24,16217,2025082404009398,SHEL,Naasa Securities Co. Ltd.,Naasa Securities Co. Ltd.,90,303.9,27351.0,2025-08-24 14:23:52.511487
2025-08-24,16179,2025082404009403,SHEL,Thrive Brokerage House Pvt. Ltd,Sani Securities Company Ltd.,100,304.0,30400.0,2025-08-24 14:24:03.223354
2025-08-24,16178,2025082404009404,SHEL,Thrive Brokerage House Pvt. Ltd,Sani Securities Company Ltd.,10,304.0,3040.0,2025-08-24 14:24:03.224021
2025-08-24,16040,2025082404009463,SHEL,Thrive Brokerage House Pvt. Ltd,Aakashbhairab Securities Ltd.,390,304.0,118560.0,2025-08-24 14:24:24.717158
2025-08-24,16039,2025082404009464,SHEL,Siprabi Securities Pvt. Ltd.,Aakashbhairab Securities Ltd.,60,304.0,18240.0,2025-08-24 14:24:24.717223
2025-08-24,16038,2025082404009465,SHEL,Naasa Securities Co. Ltd.,Aakashbhairab Securities Ltd.,50,303.9,15195.0,2025-08-24 14:24:24.717250
2025-08-24,14727,2025082404009800,SHEL,Naasa Securities Co. Ltd.,Sri Hari Securities Pvt. Ltd.,300,304.9,91470.0,2025-08-24 14:28:15.340089
2025-08-24,14338,2025082404009935,SHEL,Sewa Securities Pvt. Ltd.,Secured Securities Ltd.,200,305.0,61000.0,2025-08-24 14:29:27.337620
2025-08-24,14251,2025082404009955,SHEL,Naasa Securities Co. Ltd.,Trisul Securities & Invt. Ltd.,290,304.9,88421.0,2025-08-24 14:29:40.521394
2025-08-24,14093,2025082404009980,SHEL,Premier Securities Company Ltd.,Trisul Securities & Invt. Ltd.,10,304.9,3049.0,2025-08-24 14:30:15.983800
2025-08-24,14092,2025082404009981,SHEL,Premier Securities Company Ltd.,Secured Securities Ltd.,140,305.0,42700.0,2025-08-24 14:30:15.984517
2025-08-24,13453,2025082404010137,SHEL,Vision Securities Pvt. Ltd,Arun Securities (PVT) Ltd.,10,304.5,3045.0,2025-08-24 14:32:24.837149
2025-08-24,13452,2025082404010138,SHEL,Vision Securities Pvt. Ltd,Arun Securities (PVT) Ltd.,10,304.4,3044.0,2025-08-24 14:32:24.837838
2025-08-24,13451,2025082404010139,SHEL,Vision Securities Pvt. Ltd,Arun Securities (PVT) Ltd.,10,304.3,3043.0,2025-08-24 14:32:24.838293
2025-08-24,13450,2025082404010140,SHEL,Vision Securities Pvt. Ltd,Arun Securities (PVT) Ltd.,10,304.2,3042.0,2025-08-24 14:32:24.838746
2025-08-24,13449,2025082404010141,SHEL,Vision Securities Pvt. Ltd,Arun Securities (PVT) Ltd.,10,304.1,3041.0,2025-08-24 14:32:24.839186
2025-08-24,13448,2025082404010142,SHEL,Dipshikha Dhitopatra Karobar Co. Pvt Ltd.,Arun Securities (PVT) Ltd.,13,304.0,3952.0,2025-08-24 14:32:24.839639
2025-08-24,13447,2025082404010143,SHEL,Dakshinkali Investment & Securities Pvt. Ltd.,Arun Securities (PVT) Ltd.,100,304.0,30400.0,2025-08-24 14:32:24.840072
2025-08-24,13446,2025082404010144,SHEL,Nepal Investment And Securities Trading Private Limited,Arun Securities (PVT) Ltd.,300,304.0,91200.0,2025-08-24 14:32:24.840503
2025-08-24,13445,2025082404010145,SHEL,Dipshikha Dhitopatra Karobar Co. Pvt Ltd.,Arun Securities (PVT) Ltd.,37,304.0,11248.0,2025-08-24 14:32:24.840930
2025-08-24,13406,2025082404010154,SHEL,Capital Max Securities Ltd,Secured Securities Ltd.,160,305.0,48800.0,2025-08-24 14:32:34.834601
2025-08-24,13405,2025082404010155,SHEL,Capital Max Securities Ltd,Kohinoor Investment & Securities Pvt. Ltd.,18,305.0,5490.0,2025-08-24 14:32:34.835277
2025-08-24,13404,2025082404010156,SHEL,Capital Max Securities Ltd,Trishakti Securities Public Limited,100,305.0,30500.0,2025-08-24 14:32:34.835739
2025-08-24,13140,2025082404010249,SHEL,Capital Max Securities Ltd,Online Securities Pvt. Ltd.,82,305.0,25010.0,2025-08-24 14:33:23.298538
2025-08-24,12989,2025082404010272,SHEL,ABC Securities Private Limited,Shree Krishna Securities Ltd.,8,300.0,2400.0,2025-08-24 14:33:51.807445
2025-08-24,12977,2025082404010274,SHEL,Sagarmatha Securities Private Limited,Online Securities Pvt. Ltd.,200,305.0,61000.0,2025-08-24 14:33:56.640566
2025-08-24,12878,2025082404010316,SHEL,Kohinoor Investment & Securities Pvt. Ltd.,KALASH STOCK MARKET PVT. LTD.,20,304.5,6090.0,2025-08-24 14:34:13.961641
2025-08-24,12871,2025082404010318,SHEL,Kalika Securities Pvt. Ltd.,Online Securities Pvt. Ltd.,200,305.0,61000.0,2025-08-24 14:34:16.164893
2025-08-24,12655,2025082404010378,SHEL,Sundhara Securities Limited,Online Securities Pvt. Ltd.,250,305.0,76250.0,2025-08-24 14:35:00.367210
2025-08-24,12328,2025082404010446,SHEL,Ashutosh Brokerage & Securities (PVT) Ltd.,Online Securities Pvt. Ltd.,268,305.0,81740.0,2025-08-24 14:36:08.161227
2025-08-24,12327,2025082404010447,SHEL,Ashutosh Brokerage & Securities (PVT) Ltd.,Imperial Securities Company Pvt. Ltd.,232,305.0,70760.0,2025-08-24 14:36:08.161576
2025-08-24,12012,2025082404010532,SHEL,Nepal Stock House (PVT) Ltd.,Imperial Securities Company Pvt. Ltd.,268,305.0,81740.0,2025-08-24 14:37:12.906348
2025-08-24,12011,2025082404010533,SHEL,Nepal Stock House (PVT) Ltd.,K.B.L. Securities Limited ,32,305.0,9760.0,2025-08-24 14:37:12.907040
2025-08-24,11989,2025082404010541,SHEL,Kalika Securities Pvt. Ltd.,K.B.L. Securities Limited ,100,305.0,30500.0,2025-08-24 14:37:15.945433
2025-08-24,11981,2025082404010543,SHEL,Swarna Laxmi Securities Pvt. Ltd.,K.B.L. Securities Limited ,10,305.0,3050.0,2025-08-24 14:37:18.011469
2025-08-24,11803,2025082404010590,SHEL,Sundhara Securities Limited,Citizens Share Broker Limited,240,304.9,73176.0,2025-08-24 14:38:05.227569
2025-08-24,11633,2025082404010615,SHEL,Kohinoor Investment & Securities Pvt. Ltd.,Creative Securities Pvt Ltd,50,304.6,15230.0,2025-08-24 14:38:37.486098
2025-08-24,11516,2025082404010641,SHEL,Kohinoor Investment & Securities Pvt. Ltd.,Online Securities Pvt. Ltd.,30,304.6,9138.0,2025-08-24 14:38:58.665431
2025-08-24,11515,2025082404010642,SHEL,Opal Securities Investment (PVT) Ltd.,Online Securities Pvt. Ltd.,5000,304.5,1522500.0,2025-08-24 14:38:58.665756
2025-08-24,11514,2025082404010643,SHEL,Sri Hari Securities Pvt. Ltd.,Online Securities Pvt. Ltd.,100,304.5,30450.0,2025-08-24 14:38:58.665905
2025-08-24,11206,2025082404010742,SHEL,Kalika Securities Pvt. Ltd.,Online Securities Pvt. Ltd.,100,304.5,30450.0,2025-08-24 14:40:11.390827
2025-08-24,10945,2025082404010788,SHEL,Midas Stock Broking Company Private Limited,Thrive Brokerage House Pvt. Ltd,100,304.2,30420.0,2025-08-24 14:40:42.968279
2025-08-24,10646,2025082404010873,SHEL,Kalika Securities Pvt. Ltd.,Online Securities Pvt. Ltd.,101,304.5,30754.5,2025-08-24 14:41:46.138300
2025-08-24,10581,2025082404010889,SHEL,Kalika Securities Pvt. Ltd.,Online Securities Pvt. Ltd.,100,304.5,30450.0,2025-08-24 14:42:03.906264
2025-08-24,10569,2025082404010895,SHEL,Pragyan Securities (PVT) Ltd.,Online Securities Pvt. Ltd.,200,304.5,60900.0,2025-08-24 14:42:06.557680
2025-08-24,10544,2025082404010901,SHEL,Dipshikha Dhitopatra Karobar Co. Pvt Ltd.,Online Securities Pvt. Ltd.,279,304.5,84955.5,2025-08-24 14:42:12.706627
2025-08-24,10543,2025082404010902,SHEL,Dipshikha Dhitopatra Karobar Co. Pvt Ltd.,Citizens Share Broker Limited,220,304.9,67078.0,2025-08-24 14:42:12.707301
2025-08-24,10542,2025082404010903,SHEL,Dipshikha Dhitopatra Karobar Co. Pvt Ltd.,K.B.L. Securities Limited ,858,305.0,261690.0,2025-08-24 14:42:12.707799
2025-08-24,10541,2025082404010904,SHEL,Dipshikha Dhitopatra Karobar Co. Pvt Ltd.,Sani Securities Company Ltd.,700,305.0,213500.0,2025-08-24 14:42:12.708266
2025-08-24,10491,2025082404010930,SHEL,Dipshikha Dhitopatra Karobar Co. Pvt Ltd.,Shree Krishna Securities Ltd.,900,305.0,274500.0,2025-08-24 14:42:24.691827
2025-08-24,10342,2025082404010963,SHEL,Midas Stock Broking Company Private Limited,K.B.L. Securities Limited ,900,305.0,274500.0,2025-08-24 14:42:55.865874
2025-08-24,10281,2025082404010972,SHEL,Kalika Securities Pvt. Ltd.,K.B.L. Securities Limited ,100,305.0,30500.0,2025-08-24 14:43:11.388054
2025-08-24,9999,2025082404011039,SHEL,Kalika Securities Pvt. Ltd.,K.B.L. Securities Limited ,100,305.0,30500.0,2025-08-24 14:43:56.838618
2025-08-24,9992,2025082404011043,SHEL,Nepal Stock House (PVT) Ltd.,Vision Securities Pvt. Ltd,10,304.5,3045.0,2025-08-24 14:43:57.995137
2025-08-24,9964,2025082404011044,SHEL,ABC Securities Private Limited,K.B.L. Securities Limited ,900,305.0,274500.0,2025-08-24 14:44:03.841813
2025-08-24,9788,2025082404011061,SHEL,BHOLE GANESH SECURITIES LTD,Shree Krishna Securities Ltd.,500,305.1,152550.0,2025-08-24 14:44:25.244370
2025-08-24,9692,2025082404011080,SHEL,BHOLE GANESH SECURITIES LTD,Vision Securities Pvt. Ltd,100,305.1,30510.0,2025-08-24 14:44:41.682812
2025-08-24,9597,2025082404011108,SHEL,South Asian Bulls Pvt. Ltd.,Shree Krishna Securities Ltd.,500,305.2,152600.0,2025-08-24 14:44:57.029217
2025-08-24,9596,2025082404011109,SHEL,South Asian Bulls Pvt. Ltd.,Naasa Securities Co. Ltd.,900,305.2,274680.0,2025-08-24 14:44:57.029598
2025-08-24,9535,2025082404011126,SHEL,BHOLE GANESH SECURITIES LTD,Imperial Securities Company Pvt. Ltd.,100,305.1,30510.0,2025-08-24 14:45:03.596277
2025-08-24,9447,2025082404011169,SHEL,BHOLE GANESH SECURITIES LTD,Imperial Securities Company Pvt. Ltd.,189,305.3,57701.7,2025-08-24 14:45:08.369656
2025-08-24,9446,2025082404011170,SHEL,BHOLE GANESH SECURITIES LTD,Aryatara Investment & Securities,11,305.3,3358.3,2025-08-24 14:45:08.370023
2025-08-24,9180,2025082404011218,SHEL,ABC Securities Private Limited,K.B.L. Securities Limited ,100,305.0,30500.0,2025-08-24 14:45:46.967058
2025-08-24,9145,2025082404011224,SHEL,Sundhara Securities Limited,K.B.L. Securities Limited ,900,305.0,274500.0,2025-08-24 14:45:55.238218
2025-08-24,9068,2025082404011247,SHEL,Sundhara Securities Limited,K.B.L. Securities Limited ,100,305.0,30500.0,2025-08-24 14:46:06.053217
2025-08-24,8585,2025082404011337,SHEL,Midas Stock Broking Company Private Limited,Linch Stock Market Ltd.,100,304.7,30470.0,2025-08-24 14:47:08.671177
2025-08-24,8434,2025082404011368,SHEL,Swarna Laxmi Securities Pvt. Ltd.,Linch Stock Market Ltd.,60,304.7,18282.0,2025-08-24 14:47:38.746707
2025-08-24,8148,2025082404011455,SHEL,Imperial Securities Company Pvt. Ltd.,ABC Securities Private Limited,75,304.6,22845.0,2025-08-24 14:48:11.151655
2025-08-24,8147,2025082404011456,SHEL,Nepal Stock House (PVT) Ltd.,ABC Securities Private Limited,490,304.5,149205.0,2025-08-24 14:48:11.152049
2025-08-24,8146,2025082404011457,SHEL,BHOLE GANESH SECURITIES LTD,ABC Securities Private Limited,500,304.3,152150.0,2025-08-24 14:48:11.152205
2025-08-24,8145,2025082404011458,SHEL,Kohinoor Investment & Securities Pvt. Ltd.,ABC Securities Private Limited,100,304.3,30430.0,2025-08-24 14:48:11.152367
2025-08-24,8144,2025082404011459,SHEL,Premier Securities Company Ltd.,ABC Securities Private Limited,1400,304.2,425880.0,2025-08-24 14:48:11.152526
2025-08-24,8143,2025082404011460,SHEL,Dipshikha Dhitopatra Karobar Co. Pvt Ltd.,ABC Securities Private Limited,1300,304.1,395330.0,2025-08-24 14:48:11.152679
2025-08-24,8142,2025082404011461,SHEL,Agrawal Securities (PVT) Ltd.,ABC Securities Private Limited,75,304.0,22800.0,2025-08-24 14:48:11.152829
2025-08-24,8141,2025082404011462,SHEL,Online Securities Pvt. Ltd.,ABC Securities Private Limited,1000,304.0,304000.0,2025-08-24 14:48:11.152994
2025-08-24,8140,2025082404011463,SHEL,Hatemalo Financial Services Private Limited,ABC Securities Private Limited,40,304.0,12160.0,2025-08-24 14:48:11.153154
2025-08-24,8139,2025082404011464,SHEL,Naasa Securities Co. Ltd.,ABC Securities Private Limited,10,304.0,3040.0,2025-08-24 14:48:11.153317
2025-08-24,8138,2025082404011465,SHEL,Neev Securities Pvt. Ltd.,ABC Securities Private Limited,400,304.0,121600.0,2025-08-24 14:48:11.153471
2025-08-24,8137,2025082404011466,SHEL,Dipshikha Dhitopatra Karobar Co. Pvt Ltd.,ABC Securities Private Limited,50,304.0,15200.0,2025-08-24 14:48:11.153634
2025-08-24,8071,2025082404011484,SHEL,Kohinoor Investment & Securities Pvt. Ltd.,ABC Securities Private Limited,1000,304.0,304000.0,2025-08-24 14:48:19.371787
2025-08-24,7670,2025082404011621,SHEL,Sumeru Securities Pvt. Ltd.,ABC Securities Private Limited,110,304.0,33440.0,2025-08-24 14:49:09.834009
2025-08-24,7669,2025082404011622,SHEL,Sumeru Securities Pvt. Ltd.,Kumari Securities Private Limited,90,304.0,27360.0,2025-08-24 14:49:09.834391
2025-08-24,7563,2025082404011650,SHEL,Kalika Securities Pvt. Ltd.,Kumari Securities Private Limited,10,304.0,3040.0,2025-08-24 14:49:20.804976
2025-08-24,7546,2025082404011663,SHEL,Kohinoor Investment & Securities Pvt. Ltd.,Secured Securities Ltd.,50,303.9,15195.0,2025-08-24 14:49:21.638617
2025-08-24,7545,2025082404011664,SHEL,Imperial Securities Company Pvt. Ltd.,Secured Securities Ltd.,2274,303.7,690613.8,2025-08-24 14:49:21.638961
2025-08-24,7525,2025082404011667,SHEL,Kohinoor Investment & Securities Pvt. Ltd.,Secured Securities Ltd.,270,303.7,81999.0,2025-08-24 14:49:25.722217
2025-08-24,7432,2025082404011678,SHEL,Kalika Securities Pvt. Ltd.,Secured Securities Ltd.,100,303.7,30370.0,2025-08-24 14:49:38.268619
2025-08-24,7352,2025082404011696,SHEL,Nepal Stock House (PVT) Ltd.,Midas Stock Broking Company Private Limited,360,303.6,109296.0,2025-08-24 14:49:46.638191
2025-08-24,7351,2025082404011697,SHEL,Nepal Stock House (PVT) Ltd.,Midas Stock Broking Company Private Limited,230,303.6,69828.0,2025-08-24 14:49:46.638525
2025-08-24,7349,2025082404011698,SHEL,Kohinoor Investment & Securities Pvt. Ltd.,Secured Securities Ltd.,2906,303.7,882552.2,2025-08-24 14:49:46.861791
2025-08-24,7344,2025082404011701,SHEL,Kohinoor Investment & Securities Pvt. Ltd.,Premier Securities Company Ltd.,94,303.7,28547.8,2025-08-24 14:49:47.187058
2025-08-24,7343,2025082404011702,SHEL,Nepal Stock House (PVT) Ltd.,Premier Securities Company Ltd.,230,303.6,69828.0,2025-08-24 14:49:47.187720
2025-08-24,7250,2025082404011742,SHEL,Kalika Securities Pvt. Ltd.,Premier Securities Company Ltd.,100,303.6,30360.0,2025-08-24 14:49:55.000023
2025-08-24,7217,2025082404011753,SHEL,Citizens Share Broker Limited,Premier Securities Company Ltd.,456,303.6,138441.6,2025-08-24 14:50:01.096705
2025-08-24,7216,2025082404011754,SHEL,Citizens Share Broker Limited,ABC Securities Private Limited,44,304.0,13376.0,2025-08-24 14:50:01.097055
2025-08-24,7098,2025082404011792,SHEL,Sweta Securities Private Limited,Citizens Share Broker Limited,250,303.6,75900.0,2025-08-24 14:50:13.197287
2025-08-24,6459,2025082404011921,SHEL,Sweta Securities Private Limited,Secured Securities Ltd.,50,303.6,15180.0,2025-08-24 14:51:07.034338
2025-08-24,6410,2025082404011928,SHEL,Sweta Securities Private Limited,Online Securities Pvt. Ltd.,50,303.6,15180.0,2025-08-24 14:51:12.788195
2025-08-24,6369,2025082404011938,SHEL,Sweta Securities Private Limited,Arun Securities (PVT) Ltd.,150,303.6,45540.0,2025-08-24 14:51:19.098581
2025-08-24,6368,2025082404011939,SHEL,Sani Securities Company Ltd.,Arun Securities (PVT) Ltd.,300,303.6,91080.0,2025-08-24 14:51:19.099219
2025-08-24,6367,2025082404011940,SHEL,Trisul Securities & Invt. Ltd.,Arun Securities (PVT) Ltd.,30,303.5,9105.0,2025-08-24 14:51:19.099718
2025-08-24,6366,2025082404011941,SHEL,Online Securities Pvt. Ltd.,Arun Securities (PVT) Ltd.,20,303.5,6070.0,2025-08-24 14:51:19.100182
2025-08-24,6364,2025082404011942,SHEL,Kohinoor Investment & Securities Pvt. Ltd.,Dipshikha Dhitopatra Karobar Co. Pvt Ltd.,341,303.9,103629.9,2025-08-24 14:51:19.546296
2025-08-24,6363,2025082404011943,SHEL,Kohinoor Investment & Securities Pvt. Ltd.,ABC Securities Private Limited,19,304.0,5776.0,2025-08-24 14:51:19.546408
2025-08-24,6181,2025082404011980,SHEL,Online Securities Pvt. Ltd.,Nabil Stock Dealer Ltd.,480,303.5,145680.0,2025-08-24 14:51:43.484872
2025-08-24,6180,2025082404011981,SHEL,Creative Securities Pvt Ltd,Nabil Stock Dealer Ltd.,100,303.5,30350.0,2025-08-24 14:51:43.485234
2025-08-24,6179,2025082404011982,SHEL,Naasa Securities Co. Ltd.,Nabil Stock Dealer Ltd.,500,303.3,151650.0,2025-08-24 14:51:43.485397
2025-08-24,6178,2025082404011983,SHEL,Online Securities Pvt. Ltd.,Nabil Stock Dealer Ltd.,500,303.3,151650.0,2025-08-24 14:51:43.485552
2025-08-24,6177,2025082404011984,SHEL,Nepal Stock House (PVT) Ltd.,Nabil Stock Dealer Ltd.,300,303.1,90930.0,2025-08-24 14:51:43.485770
2025-08-24,6176,2025082404011985,SHEL,J.F. Securites (PVT) Ltd.,Nabil Stock Dealer Ltd.,1120,303.1,339472.0,2025-08-24 14:51:43.486030
2025-08-24,6070,2025082404012002,SHEL,J.F. Securites (PVT) Ltd.,Malla & Malla Stock Broking Company Pvt. Limited,880,303.1,266728.0,2025-08-24 14:51:53.356176
2025-08-24,6069,2025082404012003,SHEL,Sani Securities Company Ltd.,Malla & Malla Stock Broking Company Pvt. Limited,799,303.1,242176.9,2025-08-24 14:51:53.356538
2025-08-24,5753,2025082404012071,SHEL,Sani Securities Company Ltd.,Naasa Securities Co. Ltd.,1201,303.1,364023.1,2025-08-24 14:52:30.843695
2025-08-24,5752,2025082404012072,SHEL,Siprabi Securities Pvt. Ltd.,Naasa Securities Co. Ltd.,799,303.1,242176.9,2025-08-24 14:52:30.844418
2025-08-24,5480,2025082404012148,SHEL,Siprabi Securities Pvt. Ltd.,Market Securities & Exchange (PVT) Ltd.,200,303.1,60620.0,2025-08-24 14:53:03.042609
2025-08-24,5439,2025082404012163,SHEL,Online Securities Pvt. Ltd.,Arun Securities (PVT) Ltd.,250,303.0,75750.0,2025-08-24 14:53:08.973993
2025-08-24,5438,2025082404012164,SHEL,Nepal Stock House (PVT) Ltd.,Arun Securities (PVT) Ltd.,50,303.0,15150.0,2025-08-24 14:53:08.974384
2025-08-24,5437,2025082404012165,SHEL,Oxford Securities Pvt. Ltd.,Arun Securities (PVT) Ltd.,100,303.0,30300.0,2025-08-24 14:53:08.974545
2025-08-24,5435,2025082404012166,SHEL,ABC Securities Private Limited,Arun Securities (PVT) Ltd.,100,303.0,30300.0,2025-08-24 14:53:08.974697
2025-08-24,5300,2025082404012221,SHEL,Dynamic Money Managers Securities Pvt. Ltd.,Online Securities Pvt. Ltd.,1000,303.1,303100.0,2025-08-24 14:53:24.585881
2025-08-24,4923,2025082404012326,SHEL,ABC Securities Private Limited,Kohinoor Investment & Securities Pvt. Ltd.,200,303.0,60600.0,2025-08-24 14:54:11.835529
2025-08-24,4692,2025082404012354,SHEL,Sewa Securities Pvt. Ltd.,Trishakti Securities Public Limited,16,303.1,4849.6,2025-08-24 14:54:37.570430
2025-08-24,4691,2025082404012355,SHEL,ABC Securities Private Limited,Trishakti Securities Public Limited,84,303.0,25452.0,2025-08-24 14:54:37.571133
2025-08-24,4181,2025082404012491,SHEL,Sumeru Securities Pvt. Ltd.,Kumari Securities Private Limited,60,303.7,18222.0,2025-08-24 14:55:26.829310
2025-08-24,4180,2025082404012492,SHEL,Sumeru Securities Pvt. Ltd.,Dynamic Money Managers Securities Pvt. Ltd.,220,303.7,66814.0,2025-08-24 14:55:26.829693
2025-08-24,4179,2025082404012493,SHEL,Sumeru Securities Pvt. Ltd.,Sweta Securities Private Limited,20,303.7,6074.0,2025-08-24 14:55:26.829862
2025-08-24,3973,2025082404012590,SHEL,ABC Securities Private Limited,Deevyaa Securities & Stock House Pvt. Ltd,31,303.0,9393.0,2025-08-24 14:55:47.410108
2025-08-24,3629,2025082404012691,SHEL,Imperial Securities Company Pvt. Ltd.,Dynamic Money Managers Securities Pvt. Ltd.,50,303.1,15155.0,2025-08-24 14:56:11.763110
2025-08-24,3628,2025082404012692,SHEL,ABC Securities Private Limited,Dynamic Money Managers Securities Pvt. Ltd.,585,303.0,177255.0,2025-08-24 14:56:11.763810
2025-08-24,3627,2025082404012693,SHEL,Sewa Securities Pvt. Ltd.,Dynamic Money Managers Securities Pvt. Ltd.,200,303.0,60600.0,2025-08-24 14:56:11.764504
2025-08-24,3626,2025082404012694,SHEL,Naasa Securities Co. Ltd.,Dynamic Money Managers Securities Pvt. Ltd.,100,303.0,30300.0,2025-08-24 14:56:11.765178
2025-08-24,3625,2025082404012695,SHEL,Citizens Share Broker Limited,Dynamic Money Managers Securities Pvt. Ltd.,1000,303.0,303000.0,2025-08-24 14:56:11.765778
2025-08-24,3624,2025082404012696,SHEL,Naasa Securities Co. Ltd.,Dynamic Money Managers Securities Pvt. Ltd.,100,303.0,30300.0,2025-08-24 14:56:11.766348
2025-08-24,3623,2025082404012697,SHEL,Premier Securities Company Ltd.,Dynamic Money Managers Securities Pvt. Ltd.,200,303.0,60600.0,2025-08-24 14:56:11.766958
2025-08-24,3622,2025082404012698,SHEL,Sani Securities Company Ltd.,Dynamic Money Managers Securities Pvt. Ltd.,665,303.0,201495.0,2025-08-24 14:56:11.767602
2025-08-24,3621,2025082404012699,SHEL,Primo Securities (PVT) Ltd.,Dynamic Money Managers Securities Pvt. Ltd.,50,303.0,15150.0,2025-08-24 14:56:11.768172
2025-08-24,3620,2025082404012700,SHEL,Agrawal Securities (PVT) Ltd.,Dynamic Money Managers Securities Pvt. Ltd.,1000,303.0,303000.0,2025-08-24 14:56:11.768793
2025-08-24,3619,2025082404012701,SHEL,Online Securities Pvt. Ltd.,Dynamic Money Managers Securities Pvt. Ltd.,20,303.0,6060.0,2025-08-24 14:56:11.769366
2025-08-24,3618,2025082404012702,SHEL,Vision Securities Pvt. Ltd,Dynamic Money Managers Securities Pvt. Ltd.,150,303.0,45450.0,2025-08-24 14:56:11.769958
2025-08-24,3617,2025082404012703,SHEL,Siprabi Securities Pvt. Ltd.,Dynamic Money Managers Securities Pvt. Ltd.,100,303.0,30300.0,2025-08-24 14:56:11.770540
2025-08-24,3616,2025082404012704,SHEL,Imperial Securities Company Pvt. Ltd.,Dynamic Money Managers Securities Pvt. Ltd.,500,303.0,151500.0,2025-08-24 14:56:11.771123
2025-08-24,3615,2025082404012705,SHEL,Trishakti Securities Public Limited,Dynamic Money Managers Securities Pvt. Ltd.,1000,303.0,303000.0,2025-08-24 14:56:11.771362
2025-08-24,3614,2025082404012706,SHEL,Dynamic Money Managers Securities Pvt. Ltd.,Dynamic Money Managers Securities Pvt. Ltd.,200,303.0,60600.0,2025-08-24 14:56:11.771529
2025-08-24,3544,2025082404012719,SHEL,Midas Stock Broking Company Private Limited,Dynamic Money Managers Securities Pvt. Ltd.,20,303.0,6060.0,2025-08-24 14:56:19.262624
2025-08-24,3532,2025082404012722,SHEL,Naasa Securities Co. Ltd.,Dynamic Money Managers Securities Pvt. Ltd.,1000,303.0,303000.0,2025-08-24 14:56:20.594366
2025-08-24,3466,2025082404012752,SHEL,Linch Stock Market Ltd.,Dynamic Money Managers Securities Pvt. Ltd.,1000,303.0,303000.0,2025-08-24 14:56:23.649817
2025-08-24,3432,2025082404012761,SHEL,Naasa Securities Co. Ltd.,Dynamic Money Managers Securities Pvt. Ltd.,20,302.8,6056.0,2025-08-24 14:56:29.369561
2025-08-24,3431,2025082404012762,SHEL,ABC Securities Private Limited,Dynamic Money Managers Securities Pvt. Ltd.,400,302.2,120880.0,2025-08-24 14:56:29.370248
2025-08-24,3430,2025082404012763,SHEL,Premier Securities Company Ltd.,Dynamic Money Managers Securities Pvt. Ltd.,500,302.1,151050.0,2025-08-24 14:56:29.370877
2025-08-24,3429,2025082404012764,SHEL,Citizens Share Broker Limited,Dynamic Money Managers Securities Pvt. Ltd.,1000,302.1,302100.0,2025-08-24 14:56:29.371407
2025-08-24,3428,2025082404012765,SHEL,Trishakti Securities Public Limited,Dynamic Money Managers Securities Pvt. Ltd.,500,302.1,151050.0,2025-08-24 14:56:29.371860
2025-08-24,3427,2025082404012766,SHEL,Online Securities Pvt. Ltd.,Dynamic Money Managers Securities Pvt. Ltd.,1000,302.1,302100.0,2025-08-24 14:56:29.372339
2025-08-24,3426,2025082404012767,SHEL,Kohinoor Investment & Securities Pvt. Ltd.,Dynamic Money Managers Securities Pvt. Ltd.,1000,302.1,302100.0,2025-08-24 14:56:29.372783
2025-08-24,3425,2025082404012768,SHEL,Online Securities Pvt. Ltd.,Dynamic Money Managers Securities Pvt. Ltd.,250,302.0,75500.0,2025-08-24 14:56:29.373244
2025-08-24,3424,2025082404012769,SHEL,INDEX SECURITIES LIMITED,Dynamic Money Managers Securities Pvt. Ltd.,330,302.0,99660.0,2025-08-24 14:56:29.373717
2025-08-24,3416,2025082404012771,SHEL,Kalika Securities Pvt. Ltd.,Dynamic Money Managers Securities Pvt. Ltd.,200,303.0,60600.0,2025-08-24 14:56:30.621551
2025-08-24,3367,2025082404012784,SHEL,Online Securities Pvt. Ltd.,Dynamic Money Managers Securities Pvt. Ltd.,33,303.0,9999.0,2025-08-24 14:56:34.826232
2025-08-24,3351,2025082404012786,SHEL,South Asian Bulls Pvt. Ltd.,Dynamic Money Managers Securities Pvt. Ltd.,1827,303.0,553581.0,2025-08-24 14:56:35.449972
2025-08-24,3329,2025082404012789,SHEL,South Asian Bulls Pvt. Ltd.,Vision Securities Pvt. Ltd,173,303.0,52419.0,2025-08-24 14:56:37.290358
2025-08-24,3328,2025082404012790,SHEL,INDEX SECURITIES LIMITED,Vision Securities Pvt. Ltd,670,302.0,202340.0,2025-08-24 14:56:37.290714
2025-08-24,3327,2025082404012791,SHEL,Sipla Securities Private Limited,Vision Securities Pvt. Ltd,157,302.0,47414.0,2025-08-24 14:56:37.290864
2025-08-24,3282,2025082404012797,SHEL,Sipla Securities Private Limited,Dynamic Money Managers Securities Pvt. Ltd.,1843,302.0,556586.0,2025-08-24 14:56:41.913583
2025-08-24,3281,2025082404012798,SHEL,Capital Hub P. Ltd,Dynamic Money Managers Securities Pvt. Ltd.,100,302.0,30200.0,2025-08-24 14:56:41.914211
2025-08-24,3280,2025082404012799,SHEL,Aryatara Investment & Securities,Dynamic Money Managers Securities Pvt. Ltd.,100,302.0,30200.0,2025-08-24 14:56:41.914670
2025-08-24,3279,2025082404012800,SHEL,Imperial Securities Company Pvt. Ltd.,Dynamic Money Managers Securities Pvt. Ltd.,2000,302.0,604000.0,2025-08-24 14:56:41.915104
2025-08-24,3278,2025082404012801,SHEL,Capital Max Securities Ltd,Dynamic Money Managers Securities Pvt. Ltd.,500,302.0,151000.0,2025-08-24 14:56:41.915548
2025-08-24,3277,2025082404012802,SHEL,Vision Securities Pvt. Ltd,Dynamic Money Managers Securities Pvt. Ltd.,1000,302.0,302000.0,2025-08-24 14:56:41.915982
2025-08-24,3276,2025082404012803,SHEL,Dynamic Money Managers Securities Pvt. Ltd.,Dynamic Money Managers Securities Pvt. Ltd.,200,302.0,60400.0,2025-08-24 14:56:41.916459
2025-08-24,3275,2025082404012804,SHEL,Ashutosh Brokerage & Securities (PVT) Ltd.,Dynamic Money Managers Securities Pvt. Ltd.,300,302.0,90600.0,2025-08-24 14:56:41.916909
2025-08-24,3274,2025082404012805,SHEL,Premier Securities Company Ltd.,Dynamic Money Managers Securities Pvt. Ltd.,104,302.0,31408.0,2025-08-24 14:56:41.917354
2025-08-24,3273,2025082404012806,SHEL,Imperial Securities Company Pvt. Ltd.,Dynamic Money Managers Securities Pvt. Ltd.,1000,302.0,302000.0,2025-08-24 14:56:41.917815
2025-08-24,3272,2025082404012807,SHEL,Dakshinkali Investment & Securities Pvt. Ltd.,Dynamic Money Managers Securities Pvt. Ltd.,100,302.0,30200.0,2025-08-24 14:56:41.918264
2025-08-24,3271,2025082404012808,SHEL,ABC Securities Private Limited,Dynamic Money Managers Securities Pvt. Ltd.,50,302.0,15100.0,2025-08-24 14:56:41.918714
2025-08-24,3270,2025082404012809,SHEL,Swarna Laxmi Securities Pvt. Ltd.,Dynamic Money Managers Securities Pvt. Ltd.,1000,302.0,302000.0,2025-08-24 14:56:41.919157
2025-08-24,3269,2025082404012810,SHEL,Sri Hari Securities Pvt. Ltd.,Dynamic Money Managers Securities Pvt. Ltd.,1703,302.0,514306.0,2025-08-24 14:56:41.919596
2025-08-24,3160,2025082404012833,SHEL,Kalika Securities Pvt. Ltd.,ABC Securities Private Limited,200,303.0,60600.0,2025-08-24 14:56:50.663004
2025-08-24,3154,2025082404012835,SHEL,Sri Hari Securities Pvt. Ltd.,J.F. Securites (PVT) Ltd.,200,302.0,60400.0,2025-08-24 14:56:51.692940
2025-08-24,2770,2025082404012936,SHEL,South Asian Bulls Pvt. Ltd.,Vision Securities Pvt. Ltd,800,302.1,241680.0,2025-08-24 14:57:23.039392
2025-08-24,2588,2025082404012981,SHEL,Midas Stock Broking Company Private Limited,Trishakti Securities Public Limited,35,303.0,10605.0,2025-08-24 14:57:35.719310
2025-08-24,2167,2025082404013064,SHEL,Kalika Securities Pvt. Ltd.,Nepal Investment And Securities Trading Private Limited,100,302.1,30210.0,2025-08-24 14:58:08.802901
2025-08-24,2166,2025082404013065,SHEL,Kohinoor Investment & Securities Pvt. Ltd.,Vision Securities Pvt. Ltd,200,302.9,60580.0,2025-08-24 14:58:08.827459
2025-08-24,2165,2025082404013066,SHEL,Kohinoor Investment & Securities Pvt. Ltd.,Trishakti Securities Public Limited,100,303.0,30300.0,2025-08-24 14:58:08.827556
2025-08-24,2072,2025082404013098,SHEL,Imperial Securities Company Pvt. Ltd.,Trishakti Securities Public Limited,40,303.0,12120.0,2025-08-24 14:58:15.196785
2025-08-24,1985,2025082404013125,SHEL,Kohinoor Investment & Securities Pvt. Ltd.,Trishakti Securities Public Limited,100,303.0,30300.0,2025-08-24 14:58:20.928018
2025-08-24,1349,2025082404013304,SHEL,Kalika Securities Pvt. Ltd.,South Asian Bulls Pvt. Ltd.,100,302.3,30230.0,2025-08-24 14:59:03.449400
2025-08-24,998,2025082404013415,SHEL,Kalika Securities Pvt. Ltd.,ABC Securities Private Limited,100,302.1,30210.0,2025-08-24 14:59:21.111544
2025-08-24,997,2025082404013416,SHEL,Dipshikha Dhitopatra Karobar Co. Pvt Ltd.,ABC Securities Private Limited,50,302.1,15105.0,2025-08-24 14:59:21.111857
2025-08-24,996,2025082404013417,SHEL,Linch Stock Market Ltd.,ABC Securities Private Limited,1000,302.1,302100.0,2025-08-24 14:59:21.112125
2025-08-24,995,2025082404013418,SHEL,Online Securities Pvt. Ltd.,ABC Securities Private Limited,587,302.1,177332.7,2025-08-24 14:59:21.112324
2025-08-24,924,2025082404013435,SHEL,Online Securities Pvt. Ltd.,Sweta Securities Private Limited,413,302.1,124767.3,2025-08-24 14:59:25.608648
2025-08-24,923,2025082404013436,SHEL,Sri Hari Securities Pvt. Ltd.,Sweta Securities Private Limited,467,302.0,141034.0,2025-08-24 14:59:25.608684
2025-08-24,817,2025082404013458,SHEL,Sri Hari Securities Pvt. Ltd.,Sani Securities Company Ltd.,630,302.0,190260.0,2025-08-24 14:59:29.740241
2025-08-24,816,2025082404013459,SHEL,Primo Securities (PVT) Ltd.,Sani Securities Company Ltd.,689,302.0,208078.0,2025-08-24 14:59:29.740596
2025-08-24,581,2025082404013521,SHEL,Primo Securities (PVT) Ltd.,South Asian Bulls Pvt. Ltd.,311,302.0,93922.0,2025-08-24 14:59:37.651341
2025-08-24,580,2025082404013522,SHEL,Imperial Securities Company Pvt. Ltd.,South Asian Bulls Pvt. Ltd.,489,302.0,147678.0,2025-08-24 14:59:37.652031
2025-08-24,377,2025082404013562,SHEL,Sani Securities Company Ltd.,Elite Stock House Limited,500,302.1,151050.0,2025-08-24 14:59:45.000195
2025-08-24,296,2025082404013583,SHEL,Kohinoor Investment & Securities Pvt. Ltd.,Nepal Investment And Securities Trading Private Limited,100,302.9,30290.0,2025-08-24 14:59:47.654541
2025-08-24,154,2025082404013615,SHEL,Thrive Brokerage House Pvt. Ltd,Thrive Brokerage House Pvt. Ltd,100,302.1,30210.0,2025-08-24 14:59:53.057196
2025-08-24,153,2025082404013616,SHEL,Imperial Securities Company Pvt. Ltd.,Thrive Brokerage House Pvt. Ltd,11,302.0,3322.0,2025-08-24 14:59:53.057251
2025-08-24,152,2025082404013617,SHEL,Sri Hari Securities Pvt. Ltd.,Thrive Brokerage House Pvt. Ltd,100,302.0,30200.0,2025-08-24 14:59:53.057275
2025-08-24,151,2025082404013618,SHEL,Imperial Securities Company Pvt. Ltd.,Thrive Brokerage House Pvt. Ltd,100,302.0,30200.0,2025-08-24 14:59:53.057297
2025-08-24,150,2025082404013619,SHEL,Online Securities Pvt. Ltd.,Thrive Brokerage House Pvt. Ltd,512,302.0,154624.0,2025-08-24 14:59:53.057327
2025-08-24,149,2025082404013620,SHEL,Dakshinkali Investment & Securities Pvt. Ltd.,Thrive Brokerage House Pvt. Ltd,100,302.0,30200.0,2025-08-24 14:59:53.057350
2025-08-24,148,2025082404013621,SHEL,Opal Securities Investment (PVT) Ltd.,Thrive Brokerage House Pvt. Ltd,50,302.0,15100.0,2025-08-24 14:59:53.057375
2025-08-24,147,2025082404013622,SHEL,Sweta Securities Private Limited,Thrive Brokerage House Pvt. Ltd,27,302.0,8154.0,2025-08-24 14:59:53.057397
