Date,S.N.,Contract ID,Symbol,Buyer Broker,Seller Broker,volume,rate,amount,transaction_time
2025-08-24,57722,2025082404000043,LEC,Aryatara Investment & Securities,Naasa Securities Co. Ltd.,40,244.7,9788.0,2025-08-24 11:03:07.063400
2025-08-24,57691,2025082404000049,LEC,Aryatara Investment & Securities,Dakshinkali Investment & Securities Pvt. Ltd.,50,244.6,12230.0,2025-08-24 11:03:17.164029
2025-08-24,57616,2025082404000059,LEC,Imperial Securities Company Pvt. Ltd.,Dakshinkali Investment & Securities Pvt. Ltd.,250,244.6,61150.0,2025-08-24 11:03:44.623734
2025-08-24,57607,2025082404000061,LEC,Aryatara Investment & Securities,Naasa Securities Co. Ltd.,40,244.7,9788.0,2025-08-24 11:03:47.317916
2025-08-24,57535,2025082404000070,LEC,Kohinoor Investment & Securities Pvt. Ltd.,ABC Securities Private Limited,10,243.0,2430.0,2025-08-24 11:04:10.448442
2025-08-24,57527,2025082404000071,LEC,Opal Securities Investment (PVT) Ltd.,Naasa Securities Co. Ltd.,170,244.7,41599.0,2025-08-24 11:04:16.442438
2025-08-24,57526,2025082404000072,LEC,Opal Securities Investment (PVT) Ltd.,Sundhara Securities Limited,330,244.7,80751.0,2025-08-24 11:04:16.492923
2025-08-24,57459,2025082404000078,LEC,Aryatara Investment & Securities,Sundhara Securities Limited,40,244.0,9760.0,2025-08-24 11:04:39.832635
2025-08-24,57429,2025082404000083,LEC,Imperial Securities Company Pvt. Ltd.,Sundhara Securities Limited,80,244.0,19520.0,2025-08-24 11:04:55.610020
2025-08-24,57331,2025082404000091,LEC,Dipshikha Dhitopatra Karobar Co. Pvt Ltd.,Online Securities Pvt. Ltd.,25,244.8,6120.0,2025-08-24 11:05:22.062569
2025-08-24,57330,2025082404000092,LEC,Dipshikha Dhitopatra Karobar Co. Pvt Ltd.,Creative Securities Pvt Ltd,325,244.8,79560.0,2025-08-24 11:05:22.062695
2025-08-24,57219,2025082404000111,LEC,Kohinoor Investment & Securities Pvt. Ltd.,Naasa Securities Co. Ltd.,10,243.0,2430.0,2025-08-24 11:06:07.413736
2025-08-24,56493,2025082404000230,LEC,Siprabi Securities Pvt. Ltd.,Naasa Securities Co. Ltd.,100,243.2,24320.0,2025-08-24 11:11:12.569241
2025-08-24,56492,2025082404000231,LEC,Imperial Securities Company Pvt. Ltd.,Naasa Securities Co. Ltd.,209,243.1,50807.9,2025-08-24 11:11:12.569368
2025-08-24,56491,2025082404000232,LEC,Kohinoor Investment & Securities Pvt. Ltd.,Naasa Securities Co. Ltd.,16,243.0,3888.0,2025-08-24 11:11:12.569447
2025-08-24,56444,2025082404000246,LEC,Roadshow securities limited,Online Securities Pvt. Ltd.,10,244.5,2445.0,2025-08-24 11:11:29.936354
2025-08-24,56392,2025082404000252,LEC,Linch Stock Market Ltd.,Naasa Securities Co. Ltd.,10,243.3,2433.0,2025-08-24 11:11:42.898947
2025-08-24,56297,2025082404000267,LEC,Linch Stock Market Ltd.,Asian Securities Private Ltd.,18,243.3,4379.4,2025-08-24 11:12:15.593521
2025-08-24,56145,2025082404000300,LEC,Naasa Securities Co. Ltd.,Online Securities Pvt. Ltd.,10,244.5,2445.0,2025-08-24 11:13:05.783239
2025-08-24,56144,2025082404000301,LEC,Naasa Securities Co. Ltd.,Nepal Investment And Securities Trading Private Limited,105,244.5,25672.5,2025-08-24 11:13:05.783297
2025-08-24,56143,2025082404000302,LEC,Naasa Securities Co. Ltd.,Dipshikha Dhitopatra Karobar Co. Pvt Ltd.,200,244.6,48920.0,2025-08-24 11:13:05.783334
2025-08-24,56142,2025082404000303,LEC,Naasa Securities Co. Ltd.,South Asian Bulls Pvt. Ltd.,50,244.6,12230.0,2025-08-24 11:13:05.783363
2025-08-24,56141,2025082404000304,LEC,Naasa Securities Co. Ltd.,Shree Krishna Securities Ltd.,100,244.6,24460.0,2025-08-24 11:13:05.783385
2025-08-24,56140,2025082404000305,LEC,Naasa Securities Co. Ltd.,J.F. Securites (PVT) Ltd.,100,244.7,24470.0,2025-08-24 11:13:05.783412
2025-08-24,56139,2025082404000306,LEC,Naasa Securities Co. Ltd.,Kohinoor Investment & Securities Pvt. Ltd.,20,244.7,4894.0,2025-08-24 11:13:05.783450
2025-08-24,56138,2025082404000307,LEC,Naasa Securities Co. Ltd.,Sewa Securities Pvt. Ltd.,415,244.7,101550.5,2025-08-24 11:13:05.783472
2025-08-24,56117,2025082404000314,LEC,Linch Stock Market Ltd.,Nepal Stock House (PVT) Ltd.,10,243.3,2433.0,2025-08-24 11:13:11.401068
2025-08-24,56052,2025082404000323,LEC,Naasa Securities Co. Ltd.,Sewa Securities Pvt. Ltd.,85,244.7,20799.5,2025-08-24 11:13:18.923699
2025-08-24,56051,2025082404000324,LEC,Naasa Securities Co. Ltd.,Creative Securities Pvt Ltd,175,244.8,42840.0,2025-08-24 11:13:18.923796
2025-08-24,56050,2025082404000325,LEC,Naasa Securities Co. Ltd.,Naasa Securities Co. Ltd.,10,244.9,2449.0,2025-08-24 11:13:18.923871
2025-08-24,55728,2025082404000386,LEC,Naasa Securities Co. Ltd.,Imperial Securities Company Pvt. Ltd.,15,244.5,3667.5,2025-08-24 11:14:42.960374
2025-08-24,55727,2025082404000387,LEC,Naasa Securities Co. Ltd.,MILKY WAY SHARE BROKER COMPANY LTD ,500,244.7,122350.0,2025-08-24 11:14:42.960492
2025-08-24,55726,2025082404000388,LEC,Naasa Securities Co. Ltd.,Garima Securities Limited,430,244.8,105264.0,2025-08-24 11:14:42.960520
2025-08-24,55725,2025082404000389,LEC,Naasa Securities Co. Ltd.,Naasa Securities Co. Ltd.,240,244.9,58776.0,2025-08-24 11:14:42.960544
2025-08-24,55724,2025082404000390,LEC,Naasa Securities Co. Ltd.,Aryatara Investment & Securities,500,244.9,122450.0,2025-08-24 11:14:42.960585
2025-08-24,55723,2025082404000391,LEC,Naasa Securities Co. Ltd.,ABC Securities Private Limited,294,244.9,72000.6,2025-08-24 11:14:42.960621
2025-08-24,55722,2025082404000392,LEC,Naasa Securities Co. Ltd.,Thrive Brokerage House Pvt. Ltd,300,245.0,73500.0,2025-08-24 11:14:42.960642
2025-08-24,55721,2025082404000393,LEC,Naasa Securities Co. Ltd.,Nepal Stock House (PVT) Ltd.,1721,245.0,421645.0,2025-08-24 11:14:42.960667
2025-08-24,55659,2025082404000400,LEC,Naasa Securities Co. Ltd.,Nepal Stock House (PVT) Ltd.,29,245.0,7105.0,2025-08-24 11:14:54.051788
2025-08-24,55658,2025082404000401,LEC,Naasa Securities Co. Ltd.,Naasa Securities Co. Ltd.,60,245.0,14700.0,2025-08-24 11:14:54.051824
2025-08-24,55657,2025082404000402,LEC,Naasa Securities Co. Ltd.,Aryatara Investment & Securities,50,245.0,12250.0,2025-08-24 11:14:54.051846
2025-08-24,55656,2025082404000403,LEC,Naasa Securities Co. Ltd.,Malla & Malla Stock Broking Company Pvt. Limited,250,245.0,61250.0,2025-08-24 11:14:54.051866
2025-08-24,55655,2025082404000404,LEC,Naasa Securities Co. Ltd.,Online Securities Pvt. Ltd.,30,245.0,7350.0,2025-08-24 11:14:54.051908
2025-08-24,55654,2025082404000405,LEC,Naasa Securities Co. Ltd.,Nepal Stock House (PVT) Ltd.,81,246.0,19926.0,2025-08-24 11:14:54.051932
2025-08-24,55635,2025082404000412,LEC,J.F. Securites (PVT) Ltd.,Nepal Stock House (PVT) Ltd.,919,246.0,226074.0,2025-08-24 11:15:03.117238
2025-08-24,55634,2025082404000413,LEC,J.F. Securites (PVT) Ltd.,Sani Securities Company Ltd.,35,246.0,8610.0,2025-08-24 11:15:03.117541
2025-08-24,55633,2025082404000414,LEC,J.F. Securites (PVT) Ltd.,Trishakti Securities Public Limited,46,246.0,11316.0,2025-08-24 11:15:03.117713
2025-08-24,55543,2025082404000430,LEC,Imperial Securities Company Pvt. Ltd.,Trishakti Securities Public Limited,954,246.0,234684.0,2025-08-24 11:15:30.657387
2025-08-24,55542,2025082404000431,LEC,Imperial Securities Company Pvt. Ltd.,Trishakti Securities Public Limited,150,246.0,36900.0,2025-08-24 11:15:30.657656
2025-08-24,55541,2025082404000432,LEC,Imperial Securities Company Pvt. Ltd.,Aryatara Investment & Securities,400,246.5,98600.0,2025-08-24 11:15:30.657934
2025-08-24,55540,2025082404000433,LEC,Imperial Securities Company Pvt. Ltd.,Premier Securities Company Ltd.,100,246.5,24650.0,2025-08-24 11:15:30.658107
2025-08-24,55539,2025082404000434,LEC,Imperial Securities Company Pvt. Ltd.,Sani Securities Company Ltd.,100,246.6,24660.0,2025-08-24 11:15:30.658346
2025-08-24,55538,2025082404000435,LEC,Imperial Securities Company Pvt. Ltd.,Creative Securities Pvt Ltd,500,246.9,123450.0,2025-08-24 11:15:30.658511
2025-08-24,55537,2025082404000436,LEC,Imperial Securities Company Pvt. Ltd.,Primo Securities (PVT) Ltd.,500,247.0,123500.0,2025-08-24 11:15:30.658691
2025-08-24,55536,2025082404000437,LEC,Imperial Securities Company Pvt. Ltd.,Agrawal Securities (PVT) Ltd.,25,247.0,6175.0,2025-08-24 11:15:30.658865
2025-08-24,55535,2025082404000438,LEC,Imperial Securities Company Pvt. Ltd.,Naasa Securities Co. Ltd.,500,247.0,123500.0,2025-08-24 11:15:30.659017
2025-08-24,55534,2025082404000439,LEC,Imperial Securities Company Pvt. Ltd.,Online Securities Pvt. Ltd.,200,247.0,49400.0,2025-08-24 11:15:30.659180
2025-08-24,55533,2025082404000440,LEC,Imperial Securities Company Pvt. Ltd.,Aryatara Investment & Securities,100,247.0,24700.0,2025-08-24 11:15:30.659345
2025-08-24,55532,2025082404000441,LEC,Imperial Securities Company Pvt. Ltd.,Aakashbhairab Securities Ltd.,1471,247.0,363337.0,2025-08-24 11:15:30.659504
2025-08-24,55317,2025082404000476,LEC,Kalika Securities Pvt. Ltd.,Naasa Securities Co. Ltd.,90,246.0,22140.0,2025-08-24 11:16:36.467958
2025-08-24,55296,2025082404000485,LEC,Kalika Securities Pvt. Ltd.,Aryatara Investment & Securities,65,246.0,15990.0,2025-08-24 11:16:41.250640
2025-08-24,55005,2025082404000514,LEC,Naasa Securities Co. Ltd.,Sani Securities Company Ltd.,20,244.0,4880.0,2025-08-24 11:17:48.555642
2025-08-24,55004,2025082404000515,LEC,Naasa Securities Co. Ltd.,Premier Securities Company Ltd.,10,245.9,2459.0,2025-08-24 11:17:48.555729
2025-08-24,54916,2025082404000540,LEC,Kalika Securities Pvt. Ltd.,K.B.L. Securities Limited ,60,243.5,14610.0,2025-08-24 11:18:16.549893
2025-08-24,54815,2025082404000562,LEC,Naasa Securities Co. Ltd.,Premier Securities Company Ltd.,340,245.9,83606.0,2025-08-24 11:18:50.203590
2025-08-24,54814,2025082404000563,LEC,Naasa Securities Co. Ltd.,Aryatara Investment & Securities,10,246.0,2460.0,2025-08-24 11:18:50.203633
2025-08-24,54539,2025082404000601,LEC,Market Securities & Exchange (PVT) Ltd.,Vision Securities Pvt. Ltd,60,244.0,14640.0,2025-08-24 11:20:20.765884
2025-08-24,54533,2025082404000602,LEC,Sweta Securities Private Limited,Online Securities Pvt. Ltd.,300,245.0,73500.0,2025-08-24 11:20:21.931026
2025-08-24,54532,2025082404000603,LEC,Market Securities & Exchange (PVT) Ltd.,Naasa Securities Co. Ltd.,10,244.0,2440.0,2025-08-24 11:20:21.991156
2025-08-24,54176,2025082404000651,LEC,Market Securities & Exchange (PVT) Ltd.,Sanima Securities Limited,180,244.0,43920.0,2025-08-24 11:22:13.665617
2025-08-24,54175,2025082404000652,LEC,Aryatara Investment & Securities,Sanima Securities Limited,20,244.0,4880.0,2025-08-24 11:22:13.665978
2025-08-24,54089,2025082404000673,LEC,Sani Securities Company Ltd.,Naasa Securities Co. Ltd.,2000,244.1,488200.0,2025-08-24 11:22:45.093437
2025-08-24,53997,2025082404000692,LEC,Trishakti Securities Public Limited,Market Securities & Exchange (PVT) Ltd.,500,244.2,122100.0,2025-08-24 11:23:13.152659
2025-08-24,53974,2025082404000694,LEC,Sani Securities Company Ltd.,Cristal Kanchanjanga Securites Pvt. Ltd.,772,244.1,188445.2,2025-08-24 11:23:18.005873
2025-08-24,53973,2025082404000695,LEC,Aryatara Investment & Securities,Cristal Kanchanjanga Securites Pvt. Ltd.,30,244.0,7320.0,2025-08-24 11:23:18.006373
2025-08-24,53764,2025082404000737,LEC,ABC Securities Private Limited,Cristal Kanchanjanga Securites Pvt. Ltd.,10,244.0,2440.0,2025-08-24 11:24:33.301001
2025-08-24,53749,2025082404000739,LEC,Aryatara Investment & Securities,Cristal Kanchanjanga Securites Pvt. Ltd.,188,244.0,45872.0,2025-08-24 11:24:39.131582
2025-08-24,53748,2025082404000740,LEC,Aryatara Investment & Securities,Sri Hari Securities Pvt. Ltd.,62,244.0,15128.0,2025-08-24 11:24:39.132061
2025-08-24,53389,2025082404000810,LEC,Imperial Securities Company Pvt. Ltd.,Vision Securities Pvt. Ltd,500,243.7,121850.0,2025-08-24 11:26:26.187962
2025-08-24,53388,2025082404000811,LEC,Linch Stock Market Ltd.,Vision Securities Pvt. Ltd,212,243.7,51664.4,2025-08-24 11:26:26.188243
2025-08-24,53387,2025082404000812,LEC,Swarna Laxmi Securities Pvt. Ltd.,Vision Securities Pvt. Ltd,288,243.6,70156.8,2025-08-24 11:26:26.188374
2025-08-24,53275,2025082404000854,LEC,Swarna Laxmi Securities Pvt. Ltd.,KALASH STOCK MARKET PVT. LTD.,212,243.6,51643.2,2025-08-24 11:26:54.691750
2025-08-24,53274,2025082404000855,LEC,Swarna Laxmi Securities Pvt. Ltd.,KALASH STOCK MARKET PVT. LTD.,88,243.6,21436.8,2025-08-24 11:26:54.691987
2025-08-24,53215,2025082404000879,LEC,Market Securities & Exchange (PVT) Ltd.,Nepal Stock House (PVT) Ltd.,200,243.7,48740.0,2025-08-24 11:27:01.418443
2025-08-24,53214,2025082404000880,LEC,Market Securities & Exchange (PVT) Ltd.,Sri Hari Securities Pvt. Ltd.,938,244.0,228872.0,2025-08-24 11:27:01.418705
2025-08-24,53213,2025082404000881,LEC,Market Securities & Exchange (PVT) Ltd.,Malla & Malla Stock Broking Company Pvt. Limited,100,244.0,24400.0,2025-08-24 11:27:01.418823
2025-08-24,53203,2025082404000883,LEC,Swarna Laxmi Securities Pvt. Ltd.,South Asian Bulls Pvt. Ltd.,50,243.6,12180.0,2025-08-24 11:27:07.284408
2025-08-24,53134,2025082404000896,LEC,Premier Securities Company Ltd.,Vision Securities Pvt. Ltd,10,244.8,2448.0,2025-08-24 11:27:25.883413
2025-08-24,52888,2025082404000938,LEC,Naasa Securities Co. Ltd.,Aryatara Investment & Securities,162,244.7,39641.4,2025-08-24 11:28:44.882932
2025-08-24,52887,2025082404000939,LEC,Naasa Securities Co. Ltd.,Vision Securities Pvt. Ltd,60,244.7,14682.0,2025-08-24 11:28:44.883094
2025-08-24,52886,2025082404000940,LEC,Naasa Securities Co. Ltd.,Vision Securities Pvt. Ltd,990,244.8,242352.0,2025-08-24 11:28:44.883159
2025-08-24,52885,2025082404000941,LEC,Naasa Securities Co. Ltd.,Imperial Securities Company Pvt. Ltd.,190,244.9,46531.0,2025-08-24 11:28:44.883226
2025-08-24,52884,2025082404000942,LEC,Naasa Securities Co. Ltd.,Online Securities Pvt. Ltd.,700,245.0,171500.0,2025-08-24 11:28:44.883338
2025-08-24,52883,2025082404000943,LEC,Naasa Securities Co. Ltd.,Imperial Securities Company Pvt. Ltd.,500,245.0,122500.0,2025-08-24 11:28:44.883439
2025-08-24,52882,2025082404000944,LEC,Naasa Securities Co. Ltd.,Aryatara Investment & Securities,50,245.0,12250.0,2025-08-24 11:28:44.883512
2025-08-24,52881,2025082404000945,LEC,Naasa Securities Co. Ltd.,Siprabi Securities Pvt. Ltd.,1000,245.0,245000.0,2025-08-24 11:28:44.883570
2025-08-24,52880,2025082404000946,LEC,Naasa Securities Co. Ltd.,Naasa Securities Co. Ltd.,780,245.0,191100.0,2025-08-24 11:28:44.883630
2025-08-24,52879,2025082404000947,LEC,Naasa Securities Co. Ltd.,Imperial Securities Company Pvt. Ltd.,100,245.0,24500.0,2025-08-24 11:28:44.883690
2025-08-24,52878,2025082404000948,LEC,Naasa Securities Co. Ltd.,Nabil Stock Dealer Ltd.,100,245.0,24500.0,2025-08-24 11:28:44.883748
2025-08-24,52877,2025082404000949,LEC,Naasa Securities Co. Ltd.,Online Securities Pvt. Ltd.,624,245.0,152880.0,2025-08-24 11:28:44.883821
2025-08-24,52876,2025082404000950,LEC,Naasa Securities Co. Ltd.,Sri Hari Securities Pvt. Ltd.,1000,245.0,245000.0,2025-08-24 11:28:44.883884
2025-08-24,52875,2025082404000951,LEC,Naasa Securities Co. Ltd.,Vision Securities Pvt. Ltd,20,245.0,4900.0,2025-08-24 11:28:44.883938
2025-08-24,52874,2025082404000952,LEC,Naasa Securities Co. Ltd.,Aryatara Investment & Securities,425,246.0,104550.0,2025-08-24 11:28:44.883996
2025-08-24,52873,2025082404000953,LEC,Naasa Securities Co. Ltd.,Vision Securities Pvt. Ltd,50,246.0,12300.0,2025-08-24 11:28:44.884093
2025-08-24,52872,2025082404000954,LEC,Naasa Securities Co. Ltd.,Aryatara Investment & Securities,100,246.0,24600.0,2025-08-24 11:28:44.884152
2025-08-24,52871,2025082404000955,LEC,Naasa Securities Co. Ltd.,Naasa Securities Co. Ltd.,100,246.0,24600.0,2025-08-24 11:28:44.884211
2025-08-24,52870,2025082404000956,LEC,Naasa Securities Co. Ltd.,Market Securities & Exchange (PVT) Ltd.,550,246.0,135300.0,2025-08-24 11:28:44.884273
2025-08-24,52869,2025082404000957,LEC,Naasa Securities Co. Ltd.,Market Securities & Exchange (PVT) Ltd.,200,246.0,49200.0,2025-08-24 11:28:44.884352
2025-08-24,52868,2025082404000958,LEC,Naasa Securities Co. Ltd.,Secured Securities Ltd.,50,246.0,12300.0,2025-08-24 11:28:44.884412
2025-08-24,52867,2025082404000959,LEC,Naasa Securities Co. Ltd.,Dipshikha Dhitopatra Karobar Co. Pvt Ltd.,100,246.0,24600.0,2025-08-24 11:28:44.884471
2025-08-24,52866,2025082404000960,LEC,Naasa Securities Co. Ltd.,Cristal Kanchanjanga Securites Pvt. Ltd.,276,246.0,67896.0,2025-08-24 11:28:44.884528
2025-08-24,52865,2025082404000961,LEC,Naasa Securities Co. Ltd.,Agrawal Securities (PVT) Ltd.,150,246.0,36900.0,2025-08-24 11:28:44.884597
2025-08-24,52864,2025082404000962,LEC,Naasa Securities Co. Ltd.,Online Securities Pvt. Ltd.,10,246.0,2460.0,2025-08-24 11:28:44.884650
2025-08-24,52863,2025082404000963,LEC,Naasa Securities Co. Ltd.,Hatemalo Financial Services Private Limited,100,246.0,24600.0,2025-08-24 11:28:44.884712
2025-08-24,52862,2025082404000964,LEC,Naasa Securities Co. Ltd.,Dakshinkali Investment & Securities Pvt. Ltd.,206,246.0,50676.0,2025-08-24 11:28:44.884776
2025-08-24,52861,2025082404000965,LEC,Naasa Securities Co. Ltd.,Nepal Investment And Securities Trading Private Limited,1000,246.0,246000.0,2025-08-24 11:28:44.884838
2025-08-24,52860,2025082404000966,LEC,Naasa Securities Co. Ltd.,Vision Securities Pvt. Ltd,10,246.5,2465.0,2025-08-24 11:28:44.884897
2025-08-24,52859,2025082404000967,LEC,Naasa Securities Co. Ltd.,Bhrikuti Stock Broking Co. Pvt. Ltd.,200,246.5,49300.0,2025-08-24 11:28:44.884954
2025-08-24,52858,2025082404000968,LEC,Naasa Securities Co. Ltd.,Dipshikha Dhitopatra Karobar Co. Pvt Ltd.,100,246.7,24670.0,2025-08-24 11:28:44.885020
2025-08-24,52857,2025082404000969,LEC,Naasa Securities Co. Ltd.,Oxford Securities Pvt. Ltd.,97,246.7,23929.9,2025-08-24 11:28:44.885083
2025-08-24,52650,2025082404001004,LEC,Swarna Laxmi Securities Pvt. Ltd.,Naasa Securities Co. Ltd.,10,243.6,2436.0,2025-08-24 11:29:42.404713
2025-08-24,52510,2025082404001026,LEC,Kohinoor Investment & Securities Pvt. Ltd.,Capital Max Securities Ltd,50,246.0,12300.0,2025-08-24 11:30:19.549564
2025-08-24,52409,2025082404001047,LEC,Cristal Kanchanjanga Securites Pvt. Ltd.,Naasa Securities Co. Ltd.,10,243.7,2437.0,2025-08-24 11:30:42.036114
2025-08-24,52115,2025082404001102,LEC,Nepal Stock House (PVT) Ltd.,Deevyaa Securities & Stock House Pvt. Ltd,100,245.0,24500.0,2025-08-24 11:32:26.433121
2025-08-24,52114,2025082404001103,LEC,Nepal Stock House (PVT) Ltd.,Linch Stock Market Ltd.,30,245.0,7350.0,2025-08-24 11:32:26.433432
2025-08-24,52113,2025082404001104,LEC,Nepal Stock House (PVT) Ltd.,Capital Max Securities Ltd,100,246.0,24600.0,2025-08-24 11:32:26.433581
2025-08-24,52112,2025082404001105,LEC,Nepal Stock House (PVT) Ltd.,South Asian Bulls Pvt. Ltd.,50,246.6,12330.0,2025-08-24 11:32:26.433703
2025-08-24,52111,2025082404001106,LEC,Nepal Stock House (PVT) Ltd.,Primo Securities (PVT) Ltd.,450,246.6,110970.0,2025-08-24 11:32:26.433861
2025-08-24,52110,2025082404001107,LEC,Nepal Stock House (PVT) Ltd.,Dakshinkali Investment & Securities Pvt. Ltd.,200,246.6,49320.0,2025-08-24 11:32:26.433985
2025-08-24,52109,2025082404001108,LEC,Nepal Stock House (PVT) Ltd.,Siprabi Securities Pvt. Ltd.,70,246.7,17269.0,2025-08-24 11:32:26.434100
2025-08-24,51791,2025082404001166,LEC,Sani Securities Company Ltd.,Naasa Securities Co. Ltd.,10,244.0,2440.0,2025-08-24 11:34:06.108686
2025-08-24,51679,2025082404001188,LEC,N.M.B. SECURITIES LIMITED,Naasa Securities Co. Ltd.,10,246.0,2460.0,2025-08-24 11:34:42.293157
2025-08-24,51656,2025082404001193,LEC,Cristal Kanchanjanga Securites Pvt. Ltd.,Vision Securities Pvt. Ltd,490,244.1,119609.0,2025-08-24 11:34:53.600281
2025-08-24,51655,2025082404001194,LEC,Sani Securities Company Ltd.,Vision Securities Pvt. Ltd,10,244.1,2441.0,2025-08-24 11:34:53.600978
2025-08-24,51638,2025082404001205,LEC,Agrawal Securities (PVT) Ltd.,S.P.S.A. Securities Limited,17,246.0,4182.0,2025-08-24 11:35:02.691135
2025-08-24,51637,2025082404001206,LEC,Agrawal Securities (PVT) Ltd.,Sundhara Securities Limited,37,246.0,9102.0,2025-08-24 11:35:02.691473
2025-08-24,51575,2025082404001220,LEC,Sani Securities Company Ltd.,Sundhara Securities Limited,230,244.2,56166.0,2025-08-24 11:35:21.329573
2025-08-24,51505,2025082404001244,LEC,Agrawal Securities (PVT) Ltd.,Sundhara Securities Limited,246,246.0,60516.0,2025-08-24 11:35:50.994814
2025-08-24,51372,2025082404001274,LEC,Agrawal Securities (PVT) Ltd.,Sundhara Securities Limited,317,246.0,77982.0,2025-08-24 11:36:28.211657
2025-08-24,51371,2025082404001275,LEC,Agrawal Securities (PVT) Ltd.,Vision Securities Pvt. Ltd,500,246.0,123000.0,2025-08-24 11:36:28.212299
2025-08-24,51107,2025082404001315,LEC,Nepal Investment And Securities Trading Private Limited,Agrawal Securities (PVT) Ltd.,50,245.0,12250.0,2025-08-24 11:37:49.330786
2025-08-24,50940,2025082404001350,LEC,Agrawal Securities (PVT) Ltd.,Agrawal Securities (PVT) Ltd.,350,245.0,85750.0,2025-08-24 11:38:49.142919
2025-08-24,50891,2025082404001360,LEC,Vision Securities Pvt. Ltd,Siprabi Securities Pvt. Ltd.,930,245.8,228594.0,2025-08-24 11:39:11.496051
2025-08-24,50890,2025082404001361,LEC,Vision Securities Pvt. Ltd,Naasa Securities Co. Ltd.,70,245.8,17206.0,2025-08-24 11:39:11.496424
2025-08-24,50495,2025082404001432,LEC,Swarna Laxmi Securities Pvt. Ltd.,Naasa Securities Co. Ltd.,152,244.3,37133.6,2025-08-24 11:41:01.622470
2025-08-24,50494,2025082404001433,LEC,Aryatara Investment & Securities,Naasa Securities Co. Ltd.,348,244.3,85016.4,2025-08-24 11:41:01.622560
2025-08-24,50320,2025082404001484,LEC,Agrawal Securities (PVT) Ltd.,Naasa Securities Co. Ltd.,33,244.5,8068.5,2025-08-24 11:41:47.410112
2025-08-24,50301,2025082404001490,LEC,Aryatara Investment & Securities,Vision Securities Pvt. Ltd,20,244.3,4886.0,2025-08-24 11:41:57.712141
2025-08-24,50217,2025082404001511,LEC,Aryatara Investment & Securities,Dipshikha Dhitopatra Karobar Co. Pvt Ltd.,200,244.3,48860.0,2025-08-24 11:42:22.074538
2025-08-24,50212,2025082404001512,LEC,Aryatara Investment & Securities,Naasa Securities Co. Ltd.,232,244.3,56677.6,2025-08-24 11:42:24.231329
2025-08-24,50211,2025082404001513,LEC,Online Securities Pvt. Ltd.,Naasa Securities Co. Ltd.,20,244.3,4886.0,2025-08-24 11:42:24.231457
2025-08-24,50210,2025082404001514,LEC,Sani Securities Company Ltd.,Naasa Securities Co. Ltd.,260,244.2,63492.0,2025-08-24 11:42:24.231501
2025-08-24,50209,2025082404001515,LEC,Sani Securities Company Ltd.,Naasa Securities Co. Ltd.,490,244.1,119609.0,2025-08-24 11:42:24.231531
2025-08-24,50208,2025082404001516,LEC,Blue Chip Securities Ltd,Naasa Securities Co. Ltd.,384,244.1,93734.4,2025-08-24 11:42:24.231711
2025-08-24,50207,2025082404001517,LEC,Naasa Securities Co. Ltd.,Naasa Securities Co. Ltd.,114,244.0,27816.0,2025-08-24 11:42:24.231743
2025-08-24,50152,2025082404001533,LEC,Kohinoor Investment & Securities Pvt. Ltd.,Naasa Securities Co. Ltd.,150,244.5,36675.0,2025-08-24 11:42:40.304139
2025-08-24,49855,2025082404001595,LEC,Naasa Securities Co. Ltd.,Kumari Securities Private Limited,86,244.0,20984.0,2025-08-24 11:44:11.632300
2025-08-24,49854,2025082404001596,LEC,Sewa Securities Pvt. Ltd.,Kumari Securities Private Limited,114,244.0,27816.0,2025-08-24 11:44:11.632684
2025-08-24,49731,2025082404001617,LEC,Sewa Securities Pvt. Ltd.,Aryatara Investment & Securities,86,244.0,20984.0,2025-08-24 11:44:44.670618
2025-08-24,49730,2025082404001618,LEC,Naasa Securities Co. Ltd.,Aryatara Investment & Securities,20,244.0,4880.0,2025-08-24 11:44:44.671082
2025-08-24,49729,2025082404001619,LEC,J.F. Securites (PVT) Ltd.,Aryatara Investment & Securities,200,244.0,48800.0,2025-08-24 11:44:44.671355
2025-08-24,49640,2025082404001649,LEC,Sani Securities Company Ltd.,Aryatara Investment & Securities,200,244.0,48800.0,2025-08-24 11:45:28.731759
2025-08-24,49546,2025082404001670,LEC,Market Securities & Exchange (PVT) Ltd.,Imperial Securities Company Pvt. Ltd.,10,243.9,2439.0,2025-08-24 11:45:54.184167
2025-08-24,49412,2025082404001693,LEC,Shree Krishna Securities Ltd.,Shree Krishna Securities Ltd.,30,243.9,7317.0,2025-08-24 11:46:39.449968
2025-08-24,49351,2025082404001697,LEC,Kalika Securities Pvt. Ltd.,Dipshikha Dhitopatra Karobar Co. Pvt Ltd.,20,243.5,4870.0,2025-08-24 11:46:57.853652
2025-08-24,49071,2025082404001744,LEC,ABC Securities Private Limited,Aryatara Investment & Securities,1111,244.0,271084.0,2025-08-24 11:48:22.053010
2025-08-24,48756,2025082404001800,LEC,Miyo Securities Pvt Ltd,Aryatara Investment & Securities,383,244.0,93452.0,2025-08-24 11:49:35.956942
2025-08-24,48755,2025082404001801,LEC,Miyo Securities Pvt Ltd,Kumari Securities Private Limited,100,244.0,24400.0,2025-08-24 11:49:35.957365
2025-08-24,48754,2025082404001802,LEC,Miyo Securities Pvt Ltd,Shree Krishna Securities Ltd.,10,244.0,2440.0,2025-08-24 11:49:35.957537
2025-08-24,48737,2025082404001806,LEC,Nepal Investment And Securities Trading Private Limited,Naasa Securities Co. Ltd.,50,243.9,12195.0,2025-08-24 11:49:47.875754
2025-08-24,48623,2025082404001851,LEC,Miyo Securities Pvt Ltd,Dipshikha Dhitopatra Karobar Co. Pvt Ltd.,107,243.9,26097.3,2025-08-24 11:50:18.117267
2025-08-24,48448,2025082404001897,LEC,Dipshikha Dhitopatra Karobar Co. Pvt Ltd.,Online Securities Pvt. Ltd.,10,243.9,2439.0,2025-08-24 11:51:10.722497
2025-08-24,48439,2025082404001899,LEC,Kalika Securities Pvt. Ltd.,Oxford Securities Pvt. Ltd.,20,243.5,4870.0,2025-08-24 11:51:12.843893
2025-08-24,48297,2025082404001914,LEC,Kohinoor Investment & Securities Pvt. Ltd.,Naasa Securities Co. Ltd.,114,243.0,27702.0,2025-08-24 11:51:38.795231
2025-08-24,48296,2025082404001915,LEC,Nepal Stock House (PVT) Ltd.,Naasa Securities Co. Ltd.,50,243.0,12150.0,2025-08-24 11:51:38.795351
2025-08-24,48295,2025082404001916,LEC,Market Securities & Exchange (PVT) Ltd.,Naasa Securities Co. Ltd.,100,243.0,24300.0,2025-08-24 11:51:38.795375
2025-08-24,48294,2025082404001917,LEC,Trishakti Securities Public Limited,Naasa Securities Co. Ltd.,1000,243.0,243000.0,2025-08-24 11:51:38.795396
2025-08-24,48293,2025082404001918,LEC,Sumeru Securities Pvt. Ltd.,Naasa Securities Co. Ltd.,350,243.0,85050.0,2025-08-24 11:51:38.795435
2025-08-24,48292,2025082404001919,LEC,Sani Securities Company Ltd.,Naasa Securities Co. Ltd.,4132,242.0,999944.0,2025-08-24 11:51:38.795457
2025-08-24,48291,2025082404001920,LEC,Neev Securities Pvt. Ltd.,Naasa Securities Co. Ltd.,80,242.0,19360.0,2025-08-24 11:51:38.795480
2025-08-24,48290,2025082404001921,LEC,Naasa Securities Co. Ltd.,Naasa Securities Co. Ltd.,10,242.0,2420.0,2025-08-24 11:51:38.795500
2025-08-24,48289,2025082404001922,LEC,Imperial Securities Company Pvt. Ltd.,Naasa Securities Co. Ltd.,15,242.0,3630.0,2025-08-24 11:51:38.795539
2025-08-24,48288,2025082404001923,LEC,Midas Stock Broking Company Private Limited,Naasa Securities Co. Ltd.,949,242.0,229658.0,2025-08-24 11:51:38.795559
2025-08-24,48273,2025082404001928,LEC,Naasa Securities Co. Ltd.,Oxford Securities Pvt. Ltd.,63,243.5,15340.5,2025-08-24 11:51:46.851437
2025-08-24,48272,2025082404001929,LEC,Naasa Securities Co. Ltd.,Online Securities Pvt. Ltd.,10,243.9,2439.0,2025-08-24 11:51:46.851502
2025-08-24,48271,2025082404001930,LEC,Naasa Securities Co. Ltd.,Aryatara Investment & Securities,27,244.0,6588.0,2025-08-24 11:51:46.851538
2025-08-24,47955,2025082404002003,LEC,Online Securities Pvt. Ltd.,Linch Stock Market Ltd.,100,243.5,24350.0,2025-08-24 11:52:58.214198
2025-08-24,47792,2025082404002071,LEC,Midas Stock Broking Company Private Limited,Nepal Investment And Securities Trading Private Limited,40,242.0,9680.0,2025-08-24 11:53:58.534175
2025-08-24,47500,2025082404002131,LEC,Midas Stock Broking Company Private Limited,N.M.B. SECURITIES LIMITED,11,242.0,2662.0,2025-08-24 11:55:32.454148
2025-08-24,47499,2025082404002132,LEC,Kohinoor Investment & Securities Pvt. Ltd.,N.M.B. SECURITIES LIMITED,100,242.0,24200.0,2025-08-24 11:55:32.454223
2025-08-24,47498,2025082404002133,LEC,Siprabi Securities Pvt. Ltd.,N.M.B. SECURITIES LIMITED,889,242.0,215138.0,2025-08-24 11:55:32.454300
2025-08-24,47407,2025082404002149,LEC,Siprabi Securities Pvt. Ltd.,Naasa Securities Co. Ltd.,111,242.0,26862.0,2025-08-24 11:56:07.980431
2025-08-24,47406,2025082404002150,LEC,Capital Max Securities Ltd,Naasa Securities Co. Ltd.,389,242.0,94138.0,2025-08-24 11:56:07.980521
2025-08-24,47347,2025082404002158,LEC,Naasa Securities Co. Ltd.,SHUBHAKAMANA SECURITIES PVT. LTD,15,243.0,3645.0,2025-08-24 11:56:20.029499
2025-08-24,47346,2025082404002159,LEC,Naasa Securities Co. Ltd.,Linch Stock Market Ltd.,10,243.5,2435.0,2025-08-24 11:56:20.029605
2025-08-24,46788,2025082404002261,LEC,Capital Max Securities Ltd,Naasa Securities Co. Ltd.,1000,242.0,242000.0,2025-08-24 11:59:32.551882
2025-08-24,46564,2025082404002324,LEC,Capital Max Securities Ltd,Dipshikha Dhitopatra Karobar Co. Pvt Ltd.,100,242.0,24200.0,2025-08-24 12:01:08.493438
2025-08-24,46546,2025082404002328,LEC,Capital Max Securities Ltd,Midas Stock Broking Company Private Limited,11,242.0,2662.0,2025-08-24 12:01:15.805959
2025-08-24,46384,2025082404002383,LEC,Primo Securities (PVT) Ltd.,Investment Management Nepal Pvt. Ltd.,100,241.5,24150.0,2025-08-24 12:02:02.002603
2025-08-24,46383,2025082404002384,LEC,Kohinoor Investment & Securities Pvt. Ltd.,Investment Management Nepal Pvt. Ltd.,100,241.5,24150.0,2025-08-24 12:02:02.003390
2025-08-24,46324,2025082404002397,LEC,Sumeru Securities Pvt. Ltd.,Naasa Securities Co. Ltd.,500,241.1,120550.0,2025-08-24 12:02:24.316162
2025-08-24,46323,2025082404002398,LEC,Kohinoor Investment & Securities Pvt. Ltd.,Naasa Securities Co. Ltd.,100,241.1,24110.0,2025-08-24 12:02:24.316231
2025-08-24,46322,2025082404002399,LEC,ABC Securities Private Limited,Naasa Securities Co. Ltd.,500,241.0,120500.0,2025-08-24 12:02:24.316257
2025-08-24,46321,2025082404002400,LEC,Citizens Share Broker Limited,Naasa Securities Co. Ltd.,10,241.0,2410.0,2025-08-24 12:02:24.316286
2025-08-24,46320,2025082404002401,LEC,Kohinoor Investment & Securities Pvt. Ltd.,Naasa Securities Co. Ltd.,100,241.0,24100.0,2025-08-24 12:02:24.316319
2025-08-24,46319,2025082404002402,LEC,Sani Securities Company Ltd.,Naasa Securities Co. Ltd.,90,241.0,21690.0,2025-08-24 12:02:24.316344
2025-08-24,46291,2025082404002410,LEC,Naasa Securities Co. Ltd.,Investment Management Nepal Pvt. Ltd.,300,241.5,72450.0,2025-08-24 12:02:40.422623
2025-08-24,46290,2025082404002411,LEC,Naasa Securities Co. Ltd.,Nepal Stock House (PVT) Ltd.,350,241.5,84525.0,2025-08-24 12:02:40.422684
2025-08-24,46289,2025082404002412,LEC,Naasa Securities Co. Ltd.,Sani Securities Company Ltd.,10,242.8,2428.0,2025-08-24 12:02:40.422733
2025-08-24,46278,2025082404002415,LEC,Naasa Securities Co. Ltd.,Sani Securities Company Ltd.,190,242.8,46132.0,2025-08-24 12:02:48.477047
2025-08-24,46277,2025082404002416,LEC,Naasa Securities Co. Ltd.,Imperial Securities Company Pvt. Ltd.,10,242.9,2429.0,2025-08-24 12:02:48.477138
2025-08-24,46276,2025082404002417,LEC,Naasa Securities Co. Ltd.,Naasa Securities Co. Ltd.,10,243.0,2430.0,2025-08-24 12:02:48.477209
2025-08-24,46275,2025082404002418,LEC,Naasa Securities Co. Ltd.,Linch Stock Market Ltd.,10,243.5,2435.0,2025-08-24 12:02:48.477233
2025-08-24,46156,2025082404002451,LEC,Premier Securities Company Ltd.,Linch Stock Market Ltd.,20,243.5,4870.0,2025-08-24 12:03:14.414613
2025-08-24,46107,2025082404002462,LEC,Premier Securities Company Ltd.,Naasa Securities Co. Ltd.,20,243.2,4864.0,2025-08-24 12:03:31.522393
2025-08-24,45853,2025082404002524,LEC,Sani Securities Company Ltd.,Opal Securities Investment (PVT) Ltd.,10,241.0,2410.0,2025-08-24 12:04:56.438934
2025-08-24,45852,2025082404002525,LEC,Dipshikha Dhitopatra Karobar Co. Pvt Ltd.,Opal Securities Investment (PVT) Ltd.,140,241.0,33740.0,2025-08-24 12:04:56.439412
2025-08-24,45811,2025082404002532,LEC,Naasa Securities Co. Ltd.,Naasa Securities Co. Ltd.,10,243.2,2432.0,2025-08-24 12:05:05.501454
2025-08-24,45055,2025082404002699,LEC,Dipshikha Dhitopatra Karobar Co. Pvt Ltd.,Naasa Securities Co. Ltd.,1000,241.2,241200.0,2025-08-24 12:10:00.954905
2025-08-24,45025,2025082404002705,LEC,Naasa Securities Co. Ltd.,Naasa Securities Co. Ltd.,10,243.0,2430.0,2025-08-24 12:10:07.028429
2025-08-24,44805,2025082404002774,LEC,Naasa Securities Co. Ltd.,South Asian Bulls Pvt. Ltd.,155,242.9,37649.5,2025-08-24 12:11:34.535671
2025-08-24,44118,2025082404002898,LEC,Dipshikha Dhitopatra Karobar Co. Pvt Ltd.,Aryatara Investment & Securities,500,241.5,120750.0,2025-08-24 12:15:31.838960
2025-08-24,43859,2025082404002934,LEC,Naasa Securities Co. Ltd.,Naasa Securities Co. Ltd.,10,242.6,2426.0,2025-08-24 12:16:42.877385
2025-08-24,43829,2025082404002940,LEC,Dipshikha Dhitopatra Karobar Co. Pvt Ltd.,Naasa Securities Co. Ltd.,24,241.5,5796.0,2025-08-24 12:16:58.028481
2025-08-24,43796,2025082404002948,LEC,Naasa Securities Co. Ltd.,Naasa Securities Co. Ltd.,10,242.6,2426.0,2025-08-24 12:17:11.111911
2025-08-24,43723,2025082404002961,LEC,Dipshikha Dhitopatra Karobar Co. Pvt Ltd.,Imperial Securities Company Pvt. Ltd.,476,241.5,114954.0,2025-08-24 12:17:38.692624
2025-08-24,43722,2025082404002962,LEC,Naasa Securities Co. Ltd.,Imperial Securities Company Pvt. Ltd.,100,241.5,24150.0,2025-08-24 12:17:38.693095
2025-08-24,43721,2025082404002963,LEC,Primo Securities (PVT) Ltd.,Imperial Securities Company Pvt. Ltd.,24,241.5,5796.0,2025-08-24 12:17:38.693304
2025-08-24,43684,2025082404002975,LEC,Dipshikha Dhitopatra Karobar Co. Pvt Ltd.,Trademow Securities Private Limited,20,241.6,4832.0,2025-08-24 12:17:50.700089
2025-08-24,43683,2025082404002976,LEC,Primo Securities (PVT) Ltd.,Trademow Securities Private Limited,976,241.5,235704.0,2025-08-24 12:17:50.700538
2025-08-24,43682,2025082404002977,LEC,Dipshikha Dhitopatra Karobar Co. Pvt Ltd.,Trademow Securities Private Limited,110,241.2,26532.0,2025-08-24 12:17:50.700747
2025-08-24,43681,2025082404002978,LEC,ABC Securities Private Limited,Trademow Securities Private Limited,300,241.1,72330.0,2025-08-24 12:17:50.700951
2025-08-24,43680,2025082404002979,LEC,Creative Securities Pvt Ltd,Trademow Securities Private Limited,200,241.0,48200.0,2025-08-24 12:17:50.701153
2025-08-24,43679,2025082404002980,LEC,Creative Securities Pvt Ltd,Trademow Securities Private Limited,200,241.0,48200.0,2025-08-24 12:17:50.701360
2025-08-24,43678,2025082404002981,LEC,Creative Securities Pvt Ltd,Trademow Securities Private Limited,100,241.0,24100.0,2025-08-24 12:17:50.701568
2025-08-24,43677,2025082404002982,LEC,Dipshikha Dhitopatra Karobar Co. Pvt Ltd.,Trademow Securities Private Limited,300,241.0,72300.0,2025-08-24 12:17:50.701789
2025-08-24,43676,2025082404002983,LEC,Naasa Securities Co. Ltd.,Trademow Securities Private Limited,12184,241.0,2936344.0,2025-08-24 12:17:50.701988
2025-08-24,43674,2025082404002984,LEC,Naasa Securities Co. Ltd.,Naasa Securities Co. Ltd.,10,242.6,2426.0,2025-08-24 12:17:51.380429
2025-08-24,43228,2025082404003063,LEC,Creative Securities Pvt Ltd,Shree Krishna Securities Ltd.,70,241.1,16877.0,2025-08-24 12:20:27.001062
2025-08-24,43188,2025082404003068,LEC,Naasa Securities Co. Ltd.,Naasa Securities Co. Ltd.,10,242.6,2426.0,2025-08-24 12:20:39.455446
2025-08-24,42874,2025082404003108,LEC,Creative Securities Pvt Ltd,Naasa Securities Co. Ltd.,900,241.1,216990.0,2025-08-24 12:22:38.225247
2025-08-24,42775,2025082404003141,LEC,Creative Securities Pvt Ltd,Naasa Securities Co. Ltd.,30,241.1,7233.0,2025-08-24 12:23:22.675487
2025-08-24,42774,2025082404003142,LEC,Imperial Securities Company Pvt. Ltd.,Naasa Securities Co. Ltd.,2170,241.1,523187.0,2025-08-24 12:23:22.675986
2025-08-24,42444,2025082404003202,LEC,Imperial Securities Company Pvt. Ltd.,Himalayan Securities Limited,93,241.1,22422.3,2025-08-24 12:25:12.101900
2025-08-24,42443,2025082404003203,LEC,Dipshikha Dhitopatra Karobar Co. Pvt Ltd.,Himalayan Securities Limited,25,241.0,6025.0,2025-08-24 12:25:12.102338
2025-08-24,42442,2025082404003204,LEC,Oxford Securities Pvt. Ltd.,Himalayan Securities Limited,20,240.9,4818.0,2025-08-24 12:25:12.102563
2025-08-24,42441,2025082404003205,LEC,Arun Securities (PVT) Ltd.,Himalayan Securities Limited,790,240.2,189758.0,2025-08-24 12:25:12.102767
2025-08-24,42440,2025082404003206,LEC,Vision Securities Pvt. Ltd,Himalayan Securities Limited,945,240.1,226894.5,2025-08-24 12:25:12.102971
2025-08-24,42392,2025082404003222,LEC,Naasa Securities Co. Ltd.,Agrawal Securities (PVT) Ltd.,10,241.9,2419.0,2025-08-24 12:25:28.678690
2025-08-24,41899,2025082404003328,LEC,Asian Securities Private Ltd.,Trademow Securities Private Limited,160,241.0,38560.0,2025-08-24 12:28:31.806958
2025-08-24,41898,2025082404003329,LEC,Vision Securities Pvt. Ltd,Trademow Securities Private Limited,2290,240.1,549829.0,2025-08-24 12:28:31.807462
2025-08-24,41430,2025082404003411,LEC,Naasa Securities Co. Ltd.,Nepal Investment And Securities Trading Private Limited,10,241.7,2417.0,2025-08-24 12:31:27.626790
2025-08-24,41204,2025082404003449,LEC,Naasa Securities Co. Ltd.,Nepal Investment And Securities Trading Private Limited,50,241.6,12080.0,2025-08-24 12:32:47.089810
2025-08-24,40952,2025082404003500,LEC,Vision Securities Pvt. Ltd,Online Securities Pvt. Ltd.,10,240.1,2401.0,2025-08-24 12:34:02.927625
2025-08-24,40810,2025082404003517,LEC,Naasa Securities Co. Ltd.,Agrawal Securities (PVT) Ltd.,10,241.5,2415.0,2025-08-24 12:34:32.874436
2025-08-24,40618,2025082404003575,LEC,Primo Securities (PVT) Ltd.,S.P.S.A. Securities Limited,1000,240.2,240200.0,2025-08-24 12:35:42.087227
2025-08-24,40456,2025082404003598,LEC,Naasa Securities Co. Ltd.,Nepal Investment And Securities Trading Private Limited,10,241.2,2412.0,2025-08-24 12:36:26.588570
2025-08-24,40297,2025082404003628,LEC,Vision Securities Pvt. Ltd,Sweta Securities Private Limited,755,240.1,181275.5,2025-08-24 12:37:10.077109
2025-08-24,40296,2025082404003629,LEC,Primo Securities (PVT) Ltd.,Sweta Securities Private Limited,150,240.1,36015.0,2025-08-24 12:37:10.077604
2025-08-24,40295,2025082404003630,LEC,Siprabi Securities Pvt. Ltd.,Sweta Securities Private Limited,250,240.0,60000.0,2025-08-24 12:37:10.077829
2025-08-24,40294,2025082404003631,LEC,Nepal Stock House (PVT) Ltd.,Sweta Securities Private Limited,500,240.0,120000.0,2025-08-24 12:37:10.078045
2025-08-24,40293,2025082404003632,LEC,Sumeru Securities Pvt. Ltd.,Sweta Securities Private Limited,600,240.0,144000.0,2025-08-24 12:37:10.078263
2025-08-24,40292,2025082404003633,LEC,Naasa Securities Co. Ltd.,Sweta Securities Private Limited,500,240.0,120000.0,2025-08-24 12:37:10.078483
2025-08-24,40291,2025082404003634,LEC,Midas Stock Broking Company Private Limited,Sweta Securities Private Limited,200,240.0,48000.0,2025-08-24 12:37:10.078696
2025-08-24,40290,2025082404003635,LEC,Online Securities Pvt. Ltd.,Sweta Securities Private Limited,55,240.0,13200.0,2025-08-24 12:37:10.078917
2025-08-24,40289,2025082404003636,LEC,Naasa Securities Co. Ltd.,Sweta Securities Private Limited,1990,240.0,477600.0,2025-08-24 12:37:10.079132
2025-08-24,40210,2025082404003653,LEC,Naasa Securities Co. Ltd.,Naasa Securities Co. Ltd.,10,240.0,2400.0,2025-08-24 12:37:36.131652
2025-08-24,40186,2025082404003656,LEC,Naasa Securities Co. Ltd.,Dipshikha Dhitopatra Karobar Co. Pvt Ltd.,50,240.0,12000.0,2025-08-24 12:37:42.726955
2025-08-24,40105,2025082404003691,LEC,Naasa Securities Co. Ltd.,Nepal Investment And Securities Trading Private Limited,340,240.0,81600.0,2025-08-24 12:38:00.802954
2025-08-24,40104,2025082404003692,LEC,Investment Management Nepal Pvt. Ltd.,Nepal Investment And Securities Trading Private Limited,50,240.0,12000.0,2025-08-24 12:38:00.803480
2025-08-24,40103,2025082404003693,LEC,Agrawal Securities (PVT) Ltd.,Nepal Investment And Securities Trading Private Limited,10,240.0,2400.0,2025-08-24 12:38:00.803695
2025-08-24,40080,2025082404003694,LEC,S.P.S.A. Securities Limited,Nepal Investment And Securities Trading Private Limited,30,240.0,7200.0,2025-08-24 12:38:11.423885
2025-08-24,40022,2025082404003707,LEC,S.P.S.A. Securities Limited,South Asian Bulls Pvt. Ltd.,970,240.0,232800.0,2025-08-24 12:38:31.424732
2025-08-24,39960,2025082404003733,LEC,Naasa Securities Co. Ltd.,South Asian Bulls Pvt. Ltd.,10,241.2,2412.0,2025-08-24 12:38:47.669564
2025-08-24,39265,2025082404003873,LEC,Trademow Securities Private Limited,Naasa Securities Co. Ltd.,100,240.0,24000.0,2025-08-24 12:43:00.704024
2025-08-24,39148,2025082404003902,LEC,Naasa Securities Co. Ltd.,South Asian Bulls Pvt. Ltd.,10,240.9,2409.0,2025-08-24 12:43:45.677251
2025-08-24,38833,2025082404003962,LEC,Trademow Securities Private Limited,Aryatara Investment & Securities,171,240.0,41040.0,2025-08-24 12:45:11.651273
2025-08-24,38786,2025082404003968,LEC,Trademow Securities Private Limited,South Asian Bulls Pvt. Ltd.,229,240.0,54960.0,2025-08-24 12:45:29.827762
2025-08-24,38664,2025082404003987,LEC,Trademow Securities Private Limited,South Asian Bulls Pvt. Ltd.,500,240.0,120000.0,2025-08-24 12:46:19.383075
2025-08-24,38608,2025082404003998,LEC,Trademow Securities Private Limited,South Asian Bulls Pvt. Ltd.,281,240.0,67440.0,2025-08-24 12:46:48.480839
2025-08-24,38584,2025082404003999,LEC,Naasa Securities Co. Ltd.,Nepal Stock House (PVT) Ltd.,10,240.9,2409.0,2025-08-24 12:46:57.194884
2025-08-24,38448,2025082404004025,LEC,Trademow Securities Private Limited,Nepal Stock House (PVT) Ltd.,100,240.0,24000.0,2025-08-24 12:47:41.076326
2025-08-24,38149,2025082404004100,LEC,Trademow Securities Private Limited,Dipshikha Dhitopatra Karobar Co. Pvt Ltd.,100,240.0,24000.0,2025-08-24 12:49:39.349499
2025-08-24,38136,2025082404004104,LEC,Trademow Securities Private Limited,Arun Securities (PVT) Ltd.,175,240.0,42000.0,2025-08-24 12:49:47.764754
2025-08-24,38073,2025082404004118,LEC,Asian Securities Private Ltd.,Opal Securities Investment (PVT) Ltd.,100,239.5,23950.0,2025-08-24 12:50:11.409819
2025-08-24,38072,2025082404004119,LEC,South Asian Bulls Pvt. Ltd.,Opal Securities Investment (PVT) Ltd.,50,239.5,11975.0,2025-08-24 12:50:11.409905
2025-08-24,38071,2025082404004120,LEC,Creative Securities Pvt Ltd,Opal Securities Investment (PVT) Ltd.,100,239.5,23950.0,2025-08-24 12:50:11.409935
2025-08-24,38070,2025082404004121,LEC,Capital Max Securities Ltd,Opal Securities Investment (PVT) Ltd.,50,239.4,11970.0,2025-08-24 12:50:11.409959
2025-08-24,38022,2025082404004125,LEC,Capital Max Securities Ltd,Arun Securities (PVT) Ltd.,25,239.4,5985.0,2025-08-24 12:50:23.654809
2025-08-24,37997,2025082404004129,LEC,Naasa Securities Co. Ltd.,Sani Securities Company Ltd.,250,240.0,60000.0,2025-08-24 12:50:33.120390
2025-08-24,37996,2025082404004130,LEC,Naasa Securities Co. Ltd.,Sani Securities Company Ltd.,10,240.8,2408.0,2025-08-24 12:50:33.120554
2025-08-24,37796,2025082404004164,LEC,Capital Max Securities Ltd,Ashutosh Brokerage & Securities (PVT) Ltd.,50,239.4,11970.0,2025-08-24 12:51:16.530815
2025-08-24,37745,2025082404004167,LEC,Naasa Securities Co. Ltd.,Naasa Securities Co. Ltd.,10,240.5,2405.0,2025-08-24 12:51:24.506700
2025-08-24,37744,2025082404004168,LEC,Naasa Securities Co. Ltd.,Sani Securities Company Ltd.,10,240.8,2408.0,2025-08-24 12:51:24.506770
2025-08-24,37473,2025082404004215,LEC,Imperial Securities Company Pvt. Ltd.,KALASH STOCK MARKET PVT. LTD.,100,239.5,23950.0,2025-08-24 12:52:31.012017
2025-08-24,37472,2025082404004216,LEC,Capital Max Securities Ltd,KALASH STOCK MARKET PVT. LTD.,375,239.4,89775.0,2025-08-24 12:52:31.012991
2025-08-24,37471,2025082404004217,LEC,Creative Securities Pvt Ltd,KALASH STOCK MARKET PVT. LTD.,25,239.4,5985.0,2025-08-24 12:52:31.013684
2025-08-24,37255,2025082404004241,LEC,Naasa Securities Co. Ltd.,Agrawal Securities (PVT) Ltd.,980,240.5,235690.0,2025-08-24 12:53:24.444813
2025-08-24,37254,2025082404004242,LEC,Naasa Securities Co. Ltd.,Nepal Investment And Securities Trading Private Limited,500,240.5,120250.0,2025-08-24 12:53:24.444862
2025-08-24,37253,2025082404004243,LEC,Naasa Securities Co. Ltd.,Linch Stock Market Ltd.,500,240.6,120300.0,2025-08-24 12:53:24.444894
2025-08-24,37252,2025082404004244,LEC,Naasa Securities Co. Ltd.,Sani Securities Company Ltd.,980,240.8,235984.0,2025-08-24 12:53:24.444923
2025-08-24,37251,2025082404004245,LEC,Naasa Securities Co. Ltd.,Nepal Stock House (PVT) Ltd.,90,240.9,21681.0,2025-08-24 12:53:24.444956
2025-08-24,37250,2025082404004246,LEC,Naasa Securities Co. Ltd.,Dipshikha Dhitopatra Karobar Co. Pvt Ltd.,100,241.0,24100.0,2025-08-24 12:53:24.444983
2025-08-24,37249,2025082404004247,LEC,Naasa Securities Co. Ltd.,ABC Securities Private Limited,366,241.0,88206.0,2025-08-24 12:53:24.445012
2025-08-24,37248,2025082404004248,LEC,Naasa Securities Co. Ltd.,Vision Securities Pvt. Ltd,600,241.0,144600.0,2025-08-24 12:53:24.445056
2025-08-24,37247,2025082404004249,LEC,Naasa Securities Co. Ltd.,Imperial Securities Company Pvt. Ltd.,884,241.2,213220.8,2025-08-24 12:53:24.445090
2025-08-24,37223,2025082404004253,LEC,Naasa Securities Co. Ltd.,Imperial Securities Company Pvt. Ltd.,16,241.2,3859.2,2025-08-24 12:53:32.494972
2025-08-24,37222,2025082404004254,LEC,Naasa Securities Co. Ltd.,Swarna Laxmi Securities Pvt. Ltd.,14,241.6,3382.4,2025-08-24 12:53:32.495055
2025-08-24,37166,2025082404004273,LEC,Creative Securities Pvt Ltd,Naasa Securities Co. Ltd.,25,239.4,5985.0,2025-08-24 12:53:48.035002
2025-08-24,37165,2025082404004274,LEC,Creative Securities Pvt Ltd,Naasa Securities Co. Ltd.,50,239.4,11970.0,2025-08-24 12:53:48.035464
2025-08-24,37164,2025082404004275,LEC,Midas Stock Broking Company Private Limited,Naasa Securities Co. Ltd.,45,239.4,10773.0,2025-08-24 12:53:48.035720
2025-08-24,37025,2025082404004305,LEC,Naasa Securities Co. Ltd.,Hatemalo Financial Services Private Limited,10,241.5,2415.0,2025-08-24 12:54:31.999809
2025-08-24,36426,2025082404004416,LEC,Midas Stock Broking Company Private Limited,Naasa Securities Co. Ltd.,35,239.5,8382.5,2025-08-24 12:57:07.295284
2025-08-24,36250,2025082404004441,LEC,Naasa Securities Co. Ltd.,Dipshikha Dhitopatra Karobar Co. Pvt Ltd.,60,240.0,14400.0,2025-08-24 12:57:53.398613
2025-08-24,36249,2025082404004442,LEC,Naasa Securities Co. Ltd.,ABC Securities Private Limited,30,241.0,7230.0,2025-08-24 12:57:53.398702
2025-08-24,36248,2025082404004443,LEC,Naasa Securities Co. Ltd.,Agrawal Securities (PVT) Ltd.,10,241.4,2414.0,2025-08-24 12:57:53.398730
2025-08-24,36152,2025082404004460,LEC,Sumeru Securities Pvt. Ltd.,Trishakti Securities Public Limited,10,240.0,2400.0,2025-08-24 12:58:12.949567
2025-08-24,36151,2025082404004461,LEC,Sumeru Securities Pvt. Ltd.,Linch Stock Market Ltd.,10,241.1,2411.0,2025-08-24 12:58:12.950007
2025-08-24,35736,2025082404004599,LEC,Sumeru Securities Pvt. Ltd.,Sani Securities Company Ltd.,500,239.4,119700.0,2025-08-24 12:59:45.435833
2025-08-24,35735,2025082404004600,LEC,Agrawal Securities (PVT) Ltd.,Sani Securities Company Ltd.,10,239.4,2394.0,2025-08-24 12:59:45.436958
2025-08-24,35667,2025082404004606,LEC,Sumeru Securities Pvt. Ltd.,Sani Securities Company Ltd.,90,239.4,21546.0,2025-08-24 13:00:02.356080
2025-08-24,35596,2025082404004635,LEC,Sumeru Securities Pvt. Ltd.,Investment Management Nepal Pvt. Ltd.,410,239.4,98154.0,2025-08-24 13:00:16.286666
2025-08-24,35595,2025082404004636,LEC,Creative Securities Pvt Ltd,Investment Management Nepal Pvt. Ltd.,100,239.2,23920.0,2025-08-24 13:00:16.286760
2025-08-24,35594,2025082404004637,LEC,Sumeru Securities Pvt. Ltd.,Investment Management Nepal Pvt. Ltd.,490,239.1,117159.0,2025-08-24 13:00:16.286785
2025-08-24,35502,2025082404004657,LEC,Naasa Securities Co. Ltd.,Naasa Securities Co. Ltd.,10,241.0,2410.0,2025-08-24 13:00:41.736170
2025-08-24,35237,2025082404004700,LEC,Nepal Stock House (PVT) Ltd.,Trisul Securities & Invt. Ltd.,95,239.1,22714.5,2025-08-24 13:01:45.703914
2025-08-24,35047,2025082404004736,LEC,Nepal Stock House (PVT) Ltd.,K.B.L. Securities Limited ,105,239.1,25105.5,2025-08-24 13:02:35.954243
2025-08-24,35046,2025082404004737,LEC,Sumeru Securities Pvt. Ltd.,K.B.L. Securities Limited ,310,239.1,74121.0,2025-08-24 13:02:35.954372
2025-08-24,35045,2025082404004738,LEC,Malla & Malla Stock Broking Company Pvt. Limited,K.B.L. Securities Limited ,85,239.0,20315.0,2025-08-24 13:02:35.954444
2025-08-24,34770,2025082404004818,LEC,Dipshikha Dhitopatra Karobar Co. Pvt Ltd.,Naasa Securities Co. Ltd.,300,239.1,71730.0,2025-08-24 13:03:55.269546
2025-08-24,34769,2025082404004819,LEC,Malla & Malla Stock Broking Company Pvt. Limited,Naasa Securities Co. Ltd.,165,239.0,39435.0,2025-08-24 13:03:55.270031
2025-08-24,34768,2025082404004820,LEC,Kohinoor Investment & Securities Pvt. Ltd.,Naasa Securities Co. Ltd.,100,239.0,23900.0,2025-08-24 13:03:55.270255
2025-08-24,34767,2025082404004821,LEC,Dipshikha Dhitopatra Karobar Co. Pvt Ltd.,Naasa Securities Co. Ltd.,235,239.0,56165.0,2025-08-24 13:03:55.270497
2025-08-24,34197,2025082404004938,LEC,Trishakti Securities Public Limited,Kumari Securities Private Limited,100,239.1,23910.0,2025-08-24 13:06:00.944838
2025-08-24,33581,2025082404005077,LEC,Trishakti Securities Public Limited,Naasa Securities Co. Ltd.,400,239.1,95640.0,2025-08-24 13:09:20.904558
2025-08-24,33580,2025082404005078,LEC,Dipshikha Dhitopatra Karobar Co. Pvt Ltd.,Naasa Securities Co. Ltd.,65,239.0,15535.0,2025-08-24 13:09:20.905467
2025-08-24,33579,2025082404005079,LEC,Agrawal Securities (PVT) Ltd.,Naasa Securities Co. Ltd.,10,239.0,2390.0,2025-08-24 13:09:20.906120
2025-08-24,33578,2025082404005080,LEC,Oxford Securities Pvt. Ltd.,Naasa Securities Co. Ltd.,100,239.0,23900.0,2025-08-24 13:09:20.906839
2025-08-24,33577,2025082404005081,LEC,Naasa Securities Co. Ltd.,Naasa Securities Co. Ltd.,17,239.0,4063.0,2025-08-24 13:09:20.907530
2025-08-24,33576,2025082404005082,LEC,Aryatara Investment & Securities,Naasa Securities Co. Ltd.,408,239.0,97512.0,2025-08-24 13:09:20.908179
2025-08-24,33490,2025082404005090,LEC,Naasa Securities Co. Ltd.,Infinity Securities Limited,10,240.0,2400.0,2025-08-24 13:09:43.119367
2025-08-24,33418,2025082404005133,LEC,Aryatara Investment & Securities,Market Securities & Exchange (PVT) Ltd.,92,239.0,21988.0,2025-08-24 13:09:54.390647
2025-08-24,33367,2025082404005144,LEC,Kohinoor Investment & Securities Pvt. Ltd.,Infinity Securities Limited,20,240.0,4800.0,2025-08-24 13:10:14.341813
2025-08-24,32874,2025082404005267,LEC,Trisul Securities & Invt. Ltd.,Infinity Securities Limited,100,240.0,24000.0,2025-08-24 13:12:58.452170
2025-08-24,32563,2025082404005318,LEC,Midas Stock Broking Company Private Limited,Citizens Share Broker Limited,40,239.0,9560.0,2025-08-24 13:14:34.654840
2025-08-24,32562,2025082404005319,LEC,Naasa Securities Co. Ltd.,Citizens Share Broker Limited,460,239.0,109940.0,2025-08-24 13:14:34.654908
2025-08-24,32322,2025082404005377,LEC,Neev Securities Pvt. Ltd.,Dakshinkali Investment & Securities Pvt. Ltd.,475,239.9,113952.5,2025-08-24 13:15:47.986684
2025-08-24,32321,2025082404005378,LEC,Neev Securities Pvt. Ltd.,Infinity Securities Limited,25,240.0,6000.0,2025-08-24 13:15:47.987713
2025-08-24,32180,2025082404005435,LEC,Naasa Securities Co. Ltd.,Sweta Securities Private Limited,350,239.0,83650.0,2025-08-24 13:16:21.213930
2025-08-24,32116,2025082404005445,LEC,Naasa Securities Co. Ltd.,Naasa Securities Co. Ltd.,1000,239.0,239000.0,2025-08-24 13:16:37.429338
2025-08-24,31832,2025082404005501,LEC,Naasa Securities Co. Ltd.,Prabhu Stock Market Limited,190,239.0,45410.0,2025-08-24 13:17:44.648806
2025-08-24,31831,2025082404005502,LEC,Creative Securities Pvt Ltd,Prabhu Stock Market Limited,100,239.0,23900.0,2025-08-24 13:17:44.649305
2025-08-24,31830,2025082404005503,LEC,Oxford Securities Pvt. Ltd.,Prabhu Stock Market Limited,30,239.0,7170.0,2025-08-24 13:17:44.649600
2025-08-24,31829,2025082404005504,LEC,South Asian Bulls Pvt. Ltd.,Prabhu Stock Market Limited,50,239.0,11950.0,2025-08-24 13:17:44.649899
2025-08-24,31828,2025082404005505,LEC,Online Securities Pvt. Ltd.,Prabhu Stock Market Limited,530,238.9,126617.0,2025-08-24 13:17:44.650136
2025-08-24,31755,2025082404005554,LEC,Online Securities Pvt. Ltd.,Naasa Securities Co. Ltd.,1000,238.9,238900.0,2025-08-24 13:18:04.116977
2025-08-24,31713,2025082404005559,LEC,Online Securities Pvt. Ltd.,Prabhu Stock Market Limited,150,238.9,35835.0,2025-08-24 13:18:10.800135
2025-08-24,31623,2025082404005575,LEC,Naasa Securities Co. Ltd.,Nepal Stock House (PVT) Ltd.,10,239.9,2399.0,2025-08-24 13:18:30.348524
2025-08-24,31275,2025082404005652,LEC,Online Securities Pvt. Ltd.,Prabhu Stock Market Limited,320,238.9,76448.0,2025-08-24 13:20:13.140516
2025-08-24,31274,2025082404005653,LEC,Agrawal Securities (PVT) Ltd.,Prabhu Stock Market Limited,10,238.9,2389.0,2025-08-24 13:20:13.141034
2025-08-24,31273,2025082404005654,LEC,Kohinoor Investment & Securities Pvt. Ltd.,Prabhu Stock Market Limited,200,238.7,47740.0,2025-08-24 13:20:13.141274
2025-08-24,31272,2025082404005655,LEC,Opal Securities Investment (PVT) Ltd.,Prabhu Stock Market Limited,150,238.4,35760.0,2025-08-24 13:20:13.141513
2025-08-24,31271,2025082404005656,LEC,Capital Max Securities Ltd,Prabhu Stock Market Limited,10,238.2,2382.0,2025-08-24 13:20:13.141787
2025-08-24,31270,2025082404005657,LEC,Creative Securities Pvt Ltd,Prabhu Stock Market Limited,100,238.2,23820.0,2025-08-24 13:20:13.142056
2025-08-24,31269,2025082404005658,LEC,Naasa Securities Co. Ltd.,Prabhu Stock Market Limited,110,238.1,26191.0,2025-08-24 13:20:13.142307
2025-08-24,31226,2025082404005665,LEC,Naasa Securities Co. Ltd.,Imperial Securities Company Pvt. Ltd.,15,239.0,3585.0,2025-08-24 13:20:30.315173
2025-08-24,31225,2025082404005666,LEC,Naasa Securities Co. Ltd.,Nepal Stock House (PVT) Ltd.,10,239.9,2399.0,2025-08-24 13:20:30.315290
2025-08-24,30645,2025082404005774,LEC,Sumeru Securities Pvt. Ltd.,J.F. Securites (PVT) Ltd.,50,238.2,11910.0,2025-08-24 13:22:54.851782
2025-08-24,30108,2025082404005907,LEC,Sumeru Securities Pvt. Ltd.,Trisul Securities & Invt. Ltd.,70,238.2,16674.0,2025-08-24 13:26:02.697484
2025-08-24,29266,2025082404006117,LEC,Creative Securities Pvt Ltd,Nagarik Stock Dealer ,50,238.5,11925.0,2025-08-24 13:30:13.965041
2025-08-24,29265,2025082404006118,LEC,Naasa Securities Co. Ltd.,Nagarik Stock Dealer ,150,238.4,35760.0,2025-08-24 13:30:13.965585
2025-08-24,29167,2025082404006145,LEC,Naasa Securities Co. Ltd.,Aryatara Investment & Securities,10,238.4,2384.0,2025-08-24 13:30:44.540336
2025-08-24,28535,2025082404006264,LEC,Naasa Securities Co. Ltd.,Trishakti Securities Public Limited,20,238.4,4768.0,2025-08-24 13:34:14.050992
2025-08-24,28095,2025082404006383,LEC,Sumeru Securities Pvt. Ltd.,Kohinoor Investment & Securities Pvt. Ltd.,40,239.0,9560.0,2025-08-24 13:37:04.615701
2025-08-24,27941,2025082404006420,LEC,Sumeru Securities Pvt. Ltd.,Sipla Securities Private Limited,60,239.0,14340.0,2025-08-24 13:37:46.186031
2025-08-24,27841,2025082404006465,LEC,Sumeru Securities Pvt. Ltd.,Sipla Securities Private Limited,190,239.0,45410.0,2025-08-24 13:38:17.886737
2025-08-24,27431,2025082404006562,LEC,Naasa Securities Co. Ltd.,South Asian Bulls Pvt. Ltd.,10,239.6,2396.0,2025-08-24 13:40:22.841493
2025-08-24,27296,2025082404006586,LEC,Oxford Securities Pvt. Ltd.,Aryatara Investment & Securities,300,238.5,71550.0,2025-08-24 13:41:23.070155
2025-08-24,27295,2025082404006587,LEC,ABC Securities Private Limited,Aryatara Investment & Securities,1000,238.5,238500.0,2025-08-24 13:41:23.071225
2025-08-24,27294,2025082404006588,LEC,Sumeru Securities Pvt. Ltd.,Aryatara Investment & Securities,450,238.4,107280.0,2025-08-24 13:41:23.072007
2025-08-24,27293,2025082404006589,LEC,Creative Securities Pvt Ltd,Aryatara Investment & Securities,50,238.4,11920.0,2025-08-24 13:41:23.072745
2025-08-24,27292,2025082404006590,LEC,Sumeru Securities Pvt. Ltd.,Aryatara Investment & Securities,200,238.4,47680.0,2025-08-24 13:41:23.073494
2025-08-24,26971,2025082404006652,LEC,Agrawal Securities (PVT) Ltd.,Vision Securities Pvt. Ltd,10,238.4,2384.0,2025-08-24 13:43:26.924631
2025-08-24,26970,2025082404006653,LEC,Sumeru Securities Pvt. Ltd.,Vision Securities Pvt. Ltd,400,238.4,95360.0,2025-08-24 13:43:26.925585
2025-08-24,26969,2025082404006654,LEC,Hatemalo Financial Services Private Limited,Vision Securities Pvt. Ltd,190,238.4,45296.0,2025-08-24 13:43:26.926257
2025-08-24,26593,2025082404006711,LEC,Market Securities & Exchange (PVT) Ltd.,Dipshikha Dhitopatra Karobar Co. Pvt Ltd.,900,239.0,215100.0,2025-08-24 13:45:28.655245
2025-08-24,26589,2025082404006712,LEC,Hatemalo Financial Services Private Limited,Naasa Securities Co. Ltd.,10,238.4,2384.0,2025-08-24 13:45:30.110664
2025-08-24,26269,2025082404006758,LEC,Hatemalo Financial Services Private Limited,Trishakti Securities Public Limited,40,238.4,9536.0,2025-08-24 13:47:04.825074
2025-08-24,26113,2025082404006840,LEC,Hatemalo Financial Services Private Limited,Naasa Securities Co. Ltd.,760,238.4,181184.0,2025-08-24 13:47:39.149371
2025-08-24,26112,2025082404006841,LEC,Deevyaa Securities & Stock House Pvt. Ltd,Naasa Securities Co. Ltd.,800,238.3,190640.0,2025-08-24 13:47:39.150299
2025-08-24,26111,2025082404006842,LEC,Sumeru Securities Pvt. Ltd.,Naasa Securities Co. Ltd.,300,238.3,71490.0,2025-08-24 13:47:39.151013
2025-08-24,26110,2025082404006843,LEC,Sumeru Securities Pvt. Ltd.,Naasa Securities Co. Ltd.,140,238.2,33348.0,2025-08-24 13:47:39.151696
2025-08-24,25979,2025082404006893,LEC,Sumeru Securities Pvt. Ltd.,Naasa Securities Co. Ltd.,40,238.2,9528.0,2025-08-24 13:48:08.514124
2025-08-24,25978,2025082404006894,LEC,Imperial Securities Company Pvt. Ltd.,Naasa Securities Co. Ltd.,50,238.2,11910.0,2025-08-24 13:48:08.514232
2025-08-24,25977,2025082404006895,LEC,South Asian Bulls Pvt. Ltd.,Naasa Securities Co. Ltd.,50,238.2,11910.0,2025-08-24 13:48:08.514307
2025-08-24,25976,2025082404006896,LEC,Sumeru Securities Pvt. Ltd.,Naasa Securities Co. Ltd.,450,238.2,107190.0,2025-08-24 13:48:08.514435
2025-08-24,25975,2025082404006897,LEC,KALASH STOCK MARKET PVT. LTD.,Naasa Securities Co. Ltd.,100,238.2,23820.0,2025-08-24 13:48:08.514507
2025-08-24,25974,2025082404006898,LEC,ABC Securities Private Limited,Naasa Securities Co. Ltd.,2000,238.2,476400.0,2025-08-24 13:48:08.514578
2025-08-24,25973,2025082404006899,LEC,Naasa Securities Co. Ltd.,Naasa Securities Co. Ltd.,690,238.1,164289.0,2025-08-24 13:48:08.514660
2025-08-24,25972,2025082404006900,LEC,K.B.L. Securities Limited ,Naasa Securities Co. Ltd.,30,238.1,7143.0,2025-08-24 13:48:08.514730
2025-08-24,25971,2025082404006901,LEC,Sumeru Securities Pvt. Ltd.,Naasa Securities Co. Ltd.,400,238.1,95240.0,2025-08-24 13:48:08.514797
2025-08-24,25970,2025082404006902,LEC,Agrawal Securities (PVT) Ltd.,Naasa Securities Co. Ltd.,10,238.1,2381.0,2025-08-24 13:48:08.514862
2025-08-24,25969,2025082404006903,LEC,Sundhara Securities Limited,Naasa Securities Co. Ltd.,1000,238.0,238000.0,2025-08-24 13:48:08.514930
2025-08-24,25968,2025082404006904,LEC,J.F. Securites (PVT) Ltd.,Naasa Securities Co. Ltd.,180,238.0,42840.0,2025-08-24 13:48:08.514987
2025-08-24,25878,2025082404006918,LEC,Naasa Securities Co. Ltd.,Infinity Securities Limited,10,239.4,2394.0,2025-08-24 13:48:37.738911
2025-08-24,25469,2025082404007021,LEC,Oxford Securities Pvt. Ltd.,Infinity Securities Limited,10,239.4,2394.0,2025-08-24 13:50:19.322863
2025-08-24,25204,2025082404007097,LEC,Sumeru Securities Pvt. Ltd.,Infinity Securities Limited,100,239.4,23940.0,2025-08-24 13:51:34.942028
2025-08-24,24775,2025082404007236,LEC,J.F. Securites (PVT) Ltd.,Midas Stock Broking Company Private Limited,15,238.0,3570.0,2025-08-24 13:53:28.177480
2025-08-24,24712,2025082404007246,LEC,Sani Securities Company Ltd.,Infinity Securities Limited,150,238.0,35700.0,2025-08-24 13:53:39.701084
2025-08-24,24711,2025082404007247,LEC,Ashutosh Brokerage & Securities (PVT) Ltd.,Infinity Securities Limited,208,238.0,49504.0,2025-08-24 13:53:39.702038
2025-08-24,24710,2025082404007248,LEC,Naasa Securities Co. Ltd.,Infinity Securities Limited,20,238.0,4760.0,2025-08-24 13:53:39.702723
2025-08-24,24709,2025082404007249,LEC,ABC Securities Private Limited,Infinity Securities Limited,227,238.0,54026.0,2025-08-24 13:53:39.703396
2025-08-24,24659,2025082404007272,LEC,ABC Securities Private Limited,Online Securities Pvt. Ltd.,30,238.0,7140.0,2025-08-24 13:53:52.103382
2025-08-24,24124,2025082404007405,LEC,Secured Securities Ltd.,Imperial Securities Company Pvt. Ltd.,39,238.1,9285.9,2025-08-24 13:56:44.600630
2025-08-24,24123,2025082404007406,LEC,ABC Securities Private Limited,Imperial Securities Company Pvt. Ltd.,43,238.0,10234.0,2025-08-24 13:56:44.601114
2025-08-24,24122,2025082404007407,LEC,Midas Stock Broking Company Private Limited,Imperial Securities Company Pvt. Ltd.,100,238.0,23800.0,2025-08-24 13:56:44.601396
2025-08-24,24121,2025082404007408,LEC,Sundhara Securities Limited,Imperial Securities Company Pvt. Ltd.,118,238.0,28084.0,2025-08-24 13:56:44.601627
2025-08-24,24054,2025082404007436,LEC,Sundhara Securities Limited,Naasa Securities Co. Ltd.,1800,238.0,428400.0,2025-08-24 13:56:58.088289
2025-08-24,23780,2025082404007466,LEC,Sundhara Securities Limited,Naasa Securities Co. Ltd.,82,238.0,19516.0,2025-08-24 13:58:02.622441
2025-08-24,23779,2025082404007467,LEC,Trishakti Securities Public Limited,Naasa Securities Co. Ltd.,918,238.0,218484.0,2025-08-24 13:58:02.622481
2025-08-24,23750,2025082404007475,LEC,Trishakti Securities Public Limited,Cristal Kanchanjanga Securites Pvt. Ltd.,82,238.0,19516.0,2025-08-24 13:58:08.336026
2025-08-24,23713,2025082404007485,LEC,Naasa Securities Co. Ltd.,Cristal Kanchanjanga Securites Pvt. Ltd.,18,238.0,4284.0,2025-08-24 13:58:18.786182
2025-08-24,23712,2025082404007486,LEC,Naasa Securities Co. Ltd.,South Asian Bulls Pvt. Ltd.,10,239.0,2390.0,2025-08-24 13:58:18.786227
2025-08-24,21568,2025082404007967,LEC,ABC Securities Private Limited,South Asian Bulls Pvt. Ltd.,289,238.7,68984.3,2025-08-24 14:05:43.108817
2025-08-24,21386,2025082404008027,LEC,Aryatara Investment & Securities,Midas Stock Broking Company Private Limited,50,237.9,11895.0,2025-08-24 14:06:25.155474
2025-08-24,21370,2025082404008030,LEC,Aryatara Investment & Securities,Premier Securities Company Ltd.,15,237.9,3568.5,2025-08-24 14:06:32.015402
2025-08-24,21080,2025082404008122,LEC,Aryatara Investment & Securities,Nepal Stock House (PVT) Ltd.,100,237.9,23790.0,2025-08-24 14:07:29.526956
2025-08-24,20710,2025082404008202,LEC,Aryatara Investment & Securities,Imperial Securities Company Pvt. Ltd.,235,237.9,55906.5,2025-08-24 14:08:42.492595
2025-08-24,20276,2025082404008339,LEC,Naasa Securities Co. Ltd.,Imperial Securities Company Pvt. Ltd.,129,237.9,30689.1,2025-08-24 14:10:20.228090
2025-08-24,20275,2025082404008340,LEC,Naasa Securities Co. Ltd.,Naasa Securities Co. Ltd.,15,238.0,3570.0,2025-08-24 14:10:20.228198
2025-08-24,20274,2025082404008341,LEC,Naasa Securities Co. Ltd.,South Asian Bulls Pvt. Ltd.,11,238.7,2625.7,2025-08-24 14:10:20.228230
2025-08-24,19527,2025082404008495,LEC,Swarna Laxmi Securities Pvt. Ltd.,Nepal Stock House (PVT) Ltd.,500,238.0,119000.0,2025-08-24 14:12:59.174008
2025-08-24,19280,2025082404008556,LEC,Swarna Laxmi Securities Pvt. Ltd.,Opal Securities Investment (PVT) Ltd.,500,238.0,119000.0,2025-08-24 14:13:44.066652
2025-08-24,19185,2025082404008586,LEC,Citizens Share Broker Limited,Primo Securities (PVT) Ltd.,20,237.8,4756.0,2025-08-24 14:14:01.968845
2025-08-24,19132,2025082404008591,LEC,Sumeru Securities Pvt. Ltd.,Dakshinkali Investment & Securities Pvt. Ltd.,20,238.0,4760.0,2025-08-24 14:14:12.118243
2025-08-24,19131,2025082404008592,LEC,Sumeru Securities Pvt. Ltd.,South Asian Bulls Pvt. Ltd.,10,238.7,2387.0,2025-08-24 14:14:12.118731
2025-08-24,18900,2025082404008651,LEC,Sumeru Securities Pvt. Ltd.,Opal Securities Investment (PVT) Ltd.,170,238.0,40460.0,2025-08-24 14:14:56.283371
2025-08-24,18899,2025082404008652,LEC,Sumeru Securities Pvt. Ltd.,South Asian Bulls Pvt. Ltd.,10,238.7,2387.0,2025-08-24 14:14:56.283855
2025-08-24,18622,2025082404008737,LEC,Citizens Share Broker Limited,Bhrikuti Stock Broking Co. Pvt. Ltd.,10,237.8,2378.0,2025-08-24 14:15:49.395808
2025-08-24,18621,2025082404008738,LEC,South Asian Bulls Pvt. Ltd.,Bhrikuti Stock Broking Co. Pvt. Ltd.,50,237.8,11890.0,2025-08-24 14:15:49.395897
2025-08-24,18620,2025082404008739,LEC,Opal Securities Investment (PVT) Ltd.,Bhrikuti Stock Broking Co. Pvt. Ltd.,210,237.7,49917.0,2025-08-24 14:15:49.395928
2025-08-24,18619,2025082404008740,LEC,Aryatara Investment & Securities,Bhrikuti Stock Broking Co. Pvt. Ltd.,30,237.7,7131.0,2025-08-24 14:15:49.395953
2025-08-24,18467,2025082404008778,LEC,Naasa Securities Co. Ltd.,South Asian Bulls Pvt. Ltd.,10,238.7,2387.0,2025-08-24 14:16:26.602214
2025-08-24,18231,2025082404008836,LEC,Naasa Securities Co. Ltd.,South Asian Bulls Pvt. Ltd.,14,238.7,3341.8,2025-08-24 14:17:13.029113
2025-08-24,18211,2025082404008838,LEC,Aryatara Investment & Securities,Thrive Brokerage House Pvt. Ltd,230,237.7,54671.0,2025-08-24 14:17:19.535429
2025-08-24,17973,2025082404008878,LEC,Sumeru Securities Pvt. Ltd.,South Asian Bulls Pvt. Ltd.,481,238.7,114814.7,2025-08-24 14:18:08.125642
2025-08-24,17972,2025082404008879,LEC,Sumeru Securities Pvt. Ltd.,South Asian Bulls Pvt. Ltd.,19,238.9,4539.1,2025-08-24 14:18:08.126578
2025-08-24,17656,2025082404008982,LEC,Kalika Securities Pvt. Ltd.,Nepal Stock House (PVT) Ltd.,500,238.0,119000.0,2025-08-24 14:19:03.770345
2025-08-24,17399,2025082404009048,LEC,Kalika Securities Pvt. Ltd.,Sani Securities Company Ltd.,243,238.0,57834.0,2025-08-24 14:19:51.423728
2025-08-24,17326,2025082404009055,LEC,Naasa Securities Co. Ltd.,South Asian Bulls Pvt. Ltd.,10,238.9,2389.0,2025-08-24 14:20:01.583902
2025-08-24,17295,2025082404009063,LEC,Dipshikha Dhitopatra Karobar Co. Pvt Ltd.,South Asian Bulls Pvt. Ltd.,500,238.9,119450.0,2025-08-24 14:20:05.993233
2025-08-24,16618,2025082404009284,LEC,Sani Securities Company Ltd.,South Asian Bulls Pvt. Ltd.,10,238.9,2389.0,2025-08-24 14:22:21.914022
2025-08-24,16587,2025082404009303,LEC,Naasa Securities Co. Ltd.,Dipshikha Dhitopatra Karobar Co. Pvt Ltd.,207,238.5,49369.5,2025-08-24 14:22:31.074825
2025-08-24,16385,2025082404009360,LEC,Naasa Securities Co. Ltd.,N.I.M.B. Stock Markets Limited,300,238.5,71550.0,2025-08-24 14:23:07.403899
2025-08-24,16341,2025082404009368,LEC,Naasa Securities Co. Ltd.,Naasa Securities Co. Ltd.,250,238.5,59625.0,2025-08-24 14:23:21.278366
2025-08-24,15864,2025082404009486,LEC,Naasa Securities Co. Ltd.,Premier Securities Company Ltd.,43,238.5,10255.5,2025-08-24 14:24:40.984352
2025-08-24,15555,2025082404009597,LEC,Kalika Securities Pvt. Ltd.,Naasa Securities Co. Ltd.,257,238.0,61166.0,2025-08-24 14:25:44.784588
2025-08-24,15554,2025082404009598,LEC,Sumeru Securities Pvt. Ltd.,Naasa Securities Co. Ltd.,100,238.0,23800.0,2025-08-24 14:25:44.785016
2025-08-24,15553,2025082404009599,LEC,Sumeru Securities Pvt. Ltd.,Naasa Securities Co. Ltd.,243,238.0,57834.0,2025-08-24 14:25:44.785245
2025-08-24,14274,2025082404009953,LEC,Investment Management Nepal Pvt. Ltd.,Agrawal Securities (PVT) Ltd.,10,238.0,2380.0,2025-08-24 14:29:37.447327
2025-08-24,14160,2025082404009972,LEC,Sumeru Securities Pvt. Ltd.,South Asian Bulls Pvt. Ltd.,17,238.9,4061.3,2025-08-24 14:30:00.387003
2025-08-24,14075,2025082404009983,LEC,Investment Management Nepal Pvt. Ltd.,Swarna Laxmi Securities Pvt. Ltd.,490,238.0,116620.0,2025-08-24 14:30:17.903840
2025-08-24,14074,2025082404009984,LEC,Global IME Securities Limited,Swarna Laxmi Securities Pvt. Ltd.,41,238.0,9758.0,2025-08-24 14:30:17.904404
2025-08-24,14073,2025082404009985,LEC,Nepal Investment And Securities Trading Private Limited,Swarna Laxmi Securities Pvt. Ltd.,250,238.0,59500.0,2025-08-24 14:30:17.904658
2025-08-24,13931,2025082404010009,LEC,Citizens Share Broker Limited,Swarna Laxmi Securities Pvt. Ltd.,219,238.0,52122.0,2025-08-24 14:30:51.393415
2025-08-24,13914,2025082404010011,LEC,J.F. Securites (PVT) Ltd.,Roadshow securities limited,1000,238.5,238500.0,2025-08-24 14:30:57.598396
2025-08-24,13904,2025082404010014,LEC,Primo Securities (PVT) Ltd.,Roadshow securities limited,1000,238.5,238500.0,2025-08-24 14:30:59.816511
2025-08-24,13879,2025082404010017,LEC,Sani Securities Company Ltd.,Midas Stock Broking Company Private Limited,15,237.8,3567.0,2025-08-24 14:31:04.538417
2025-08-24,13865,2025082404010019,LEC,Sumeru Securities Pvt. Ltd.,Roadshow securities limited,11,238.5,2623.5,2025-08-24 14:31:08.644681
2025-08-24,13761,2025082404010041,LEC,Secured Securities Ltd.,Roadshow securities limited,2400,238.5,572400.0,2025-08-24 14:31:26.644577
2025-08-24,13601,2025082404010093,LEC,Trishakti Securities Public Limited,Roadshow securities limited,1000,238.5,238500.0,2025-08-24 14:31:55.908904
2025-08-24,13595,2025082404010095,LEC,Primo Securities (PVT) Ltd.,Roadshow securities limited,310,238.5,73935.0,2025-08-24 14:31:57.068894
2025-08-24,13581,2025082404010103,LEC,Secured Securities Ltd.,Roadshow securities limited,279,238.5,66541.5,2025-08-24 14:32:00.050025
2025-08-24,13580,2025082404010104,LEC,Secured Securities Ltd.,Sani Securities Company Ltd.,10,238.5,2385.0,2025-08-24 14:32:00.050568
2025-08-24,13303,2025082404010196,LEC,Sani Securities Company Ltd.,South Asian Bulls Pvt. Ltd.,300,238.9,71670.0,2025-08-24 14:32:50.792373
2025-08-24,13225,2025082404010215,LEC,Sumeru Securities Pvt. Ltd.,Sumeru Securities Pvt. Ltd.,11,238.5,2623.5,2025-08-24 14:33:07.230770
2025-08-24,13067,2025082404010258,LEC,Secured Securities Ltd.,Sumeru Securities Pvt. Ltd.,989,238.5,235876.5,2025-08-24 14:33:36.777661
2025-08-24,12929,2025082404010291,LEC,Sumeru Securities Pvt. Ltd.,South Asian Bulls Pvt. Ltd.,140,238.9,33446.0,2025-08-24 14:34:08.499428
2025-08-24,12708,2025082404010364,LEC,Sumeru Securities Pvt. Ltd.,Agrawal Securities (PVT) Ltd.,50,238.9,11945.0,2025-08-24 14:34:49.663342
2025-08-24,12707,2025082404010365,LEC,Sumeru Securities Pvt. Ltd.,Thrive Brokerage House Pvt. Ltd,10,239.0,2390.0,2025-08-24 14:34:49.664250
2025-08-24,12257,2025082404010471,LEC,Sumeru Securities Pvt. Ltd.,South Asian Bulls Pvt. Ltd.,20,238.9,4778.0,2025-08-24 14:36:20.047868
2025-08-24,12128,2025082404010501,LEC,Sumeru Securities Pvt. Ltd.,Naasa Securities Co. Ltd.,11,238.8,2626.8,2025-08-24 14:36:44.157228
2025-08-24,12093,2025082404010506,LEC,MILKY WAY SHARE BROKER COMPANY LTD ,Vision Securities Pvt. Ltd,350,238.3,83405.0,2025-08-24 14:36:51.281993
2025-08-24,12067,2025082404010516,LEC,MILKY WAY SHARE BROKER COMPANY LTD ,Agrawal Securities (PVT) Ltd.,20,238.3,4766.0,2025-08-24 14:37:00.827074
2025-08-24,11892,2025082404010560,LEC,MILKY WAY SHARE BROKER COMPANY LTD ,Citizens Share Broker Limited,30,238.3,7149.0,2025-08-24 14:37:36.569139
2025-08-24,11891,2025082404010561,LEC,Secured Securities Ltd.,Citizens Share Broker Limited,170,238.1,40477.0,2025-08-24 14:37:36.569204
2025-08-24,11866,2025082404010568,LEC,Secured Securities Ltd.,Sumeru Securities Pvt. Ltd.,152,238.1,36191.2,2025-08-24 14:37:45.442307
2025-08-24,11865,2025082404010569,LEC,Trishakti Securities Public Limited,Sumeru Securities Pvt. Ltd.,1500,238.1,357150.0,2025-08-24 14:37:45.443385
2025-08-24,11864,2025082404010570,LEC,South Asian Bulls Pvt. Ltd.,Sumeru Securities Pvt. Ltd.,1000,238.0,238000.0,2025-08-24 14:37:45.444149
2025-08-24,11863,2025082404010571,LEC,Sri Hari Securities Pvt. Ltd.,Sumeru Securities Pvt. Ltd.,30,238.0,7140.0,2025-08-24 14:37:45.444886
2025-08-24,11862,2025082404010572,LEC,Investment Management Nepal Pvt. Ltd.,Sumeru Securities Pvt. Ltd.,50,238.0,11900.0,2025-08-24 14:37:45.445618
2025-08-24,11861,2025082404010573,LEC,Naasa Securities Co. Ltd.,Sumeru Securities Pvt. Ltd.,288,238.0,68544.0,2025-08-24 14:37:45.446352
2025-08-24,11856,2025082404010576,LEC,Sumeru Securities Pvt. Ltd.,Capital Max Securities Ltd,10,238.6,2386.0,2025-08-24 14:37:46.448456
2025-08-24,11855,2025082404010577,LEC,Sumeru Securities Pvt. Ltd.,Naasa Securities Co. Ltd.,11,238.8,2626.8,2025-08-24 14:37:46.449566
2025-08-24,11750,2025082404010597,LEC,Primo Securities (PVT) Ltd.,Siprabi Securities Pvt. Ltd.,42,238.7,10025.4,2025-08-24 14:38:15.625791
2025-08-24,11629,2025082404010616,LEC,Sundhara Securities Limited,Sumeru Securities Pvt. Ltd.,10,238.1,2381.0,2025-08-24 14:38:38.412722
2025-08-24,11628,2025082404010617,LEC,Sundhara Securities Limited,Naasa Securities Co. Ltd.,15,238.5,3577.5,2025-08-24 14:38:38.413216
2025-08-24,11290,2025082404010702,LEC,Aryatara Investment & Securities,Asian Securities Private Ltd.,1900,238.0,452200.0,2025-08-24 14:39:55.944886
2025-08-24,10797,2025082404010819,LEC,Aryatara Investment & Securities,Vision Securities Pvt. Ltd,20,238.0,4760.0,2025-08-24 14:41:20.210606
2025-08-24,10698,2025082404010860,LEC,Aryatara Investment & Securities,Siprabi Securities Pvt. Ltd.,80,238.0,19040.0,2025-08-24 14:41:33.704994
2025-08-24,10697,2025082404010861,LEC,Naasa Securities Co. Ltd.,Siprabi Securities Pvt. Ltd.,250,238.0,59500.0,2025-08-24 14:41:33.705990
2025-08-24,10622,2025082404010880,LEC,Sumeru Securities Pvt. Ltd.,ABC Securities Private Limited,100,238.3,23830.0,2025-08-24 14:41:51.479209
2025-08-24,10621,2025082404010881,LEC,Sumeru Securities Pvt. Ltd.,Siprabi Securities Pvt. Ltd.,128,238.8,30566.4,2025-08-24 14:41:51.480178
2025-08-24,10620,2025082404010882,LEC,Sumeru Securities Pvt. Ltd.,South Asian Bulls Pvt. Ltd.,22,238.9,5255.8,2025-08-24 14:41:51.480848
2025-08-24,9612,2025082404011093,LEC,Dipshikha Dhitopatra Karobar Co. Pvt Ltd.,Naasa Securities Co. Ltd.,2000,238.1,476200.0,2025-08-24 14:44:56.709440
2025-08-24,9611,2025082404011094,LEC,Midas Stock Broking Company Private Limited,Naasa Securities Co. Ltd.,50,238.0,11900.0,2025-08-24 14:44:56.709549
2025-08-24,9610,2025082404011095,LEC,Dipshikha Dhitopatra Karobar Co. Pvt Ltd.,Naasa Securities Co. Ltd.,555,238.0,132090.0,2025-08-24 14:44:56.709579
2025-08-24,9609,2025082404011096,LEC,Opal Securities Investment (PVT) Ltd.,Naasa Securities Co. Ltd.,5000,238.0,1190000.0,2025-08-24 14:44:56.709600
2025-08-24,9608,2025082404011097,LEC,Sri Hari Securities Pvt. Ltd.,Naasa Securities Co. Ltd.,420,237.9,99918.0,2025-08-24 14:44:56.709622
2025-08-24,9607,2025082404011098,LEC,Sani Securities Company Ltd.,Naasa Securities Co. Ltd.,485,237.8,115333.0,2025-08-24 14:44:56.709643
2025-08-24,9606,2025082404011099,LEC,ABC Securities Private Limited,Naasa Securities Co. Ltd.,300,237.8,71340.0,2025-08-24 14:44:56.709681
2025-08-24,9605,2025082404011100,LEC,Aryatara Investment & Securities,Naasa Securities Co. Ltd.,740,237.7,175898.0,2025-08-24 14:44:56.709702
2025-08-24,9604,2025082404011101,LEC,Primo Securities (PVT) Ltd.,Naasa Securities Co. Ltd.,1000,237.7,237700.0,2025-08-24 14:44:56.709722
2025-08-24,9603,2025082404011102,LEC,N.M.B. SECURITIES LIMITED,Naasa Securities Co. Ltd.,50,237.7,11885.0,2025-08-24 14:44:56.709743
2025-08-24,9602,2025082404011103,LEC,Oxford Securities Pvt. Ltd.,Naasa Securities Co. Ltd.,10,237.7,2377.0,2025-08-24 14:44:56.709763
2025-08-24,9601,2025082404011104,LEC,Midas Stock Broking Company Private Limited,Naasa Securities Co. Ltd.,50,237.7,11885.0,2025-08-24 14:44:56.709840
2025-08-24,9600,2025082404011105,LEC,Swarna Laxmi Securities Pvt. Ltd.,Naasa Securities Co. Ltd.,250,237.6,59400.0,2025-08-24 14:44:56.709870
2025-08-24,9599,2025082404011106,LEC,KALASH STOCK MARKET PVT. LTD.,Naasa Securities Co. Ltd.,1500,237.6,356400.0,2025-08-24 14:44:56.709893
2025-08-24,9598,2025082404011107,LEC,Sewa Securities Pvt. Ltd.,Naasa Securities Co. Ltd.,2590,237.2,614348.0,2025-08-24 14:44:56.709916
2025-08-24,9512,2025082404011128,LEC,Naasa Securities Co. Ltd.,South Asian Bulls Pvt. Ltd.,462,238.9,110371.8,2025-08-24 14:45:07.122092
2025-08-24,9511,2025082404011129,LEC,Naasa Securities Co. Ltd.,Online Securities Pvt. Ltd.,500,238.9,119450.0,2025-08-24 14:45:07.122155
2025-08-24,9510,2025082404011130,LEC,Naasa Securities Co. Ltd.,Thrive Brokerage House Pvt. Ltd,490,239.0,117110.0,2025-08-24 14:45:07.122183
2025-08-24,9509,2025082404011131,LEC,Naasa Securities Co. Ltd.,Naasa Securities Co. Ltd.,10,239.0,2390.0,2025-08-24 14:45:07.122205
2025-08-24,9508,2025082404011132,LEC,Naasa Securities Co. Ltd.,ABC Securities Private Limited,45,239.0,10755.0,2025-08-24 14:45:07.122227
2025-08-24,9507,2025082404011133,LEC,Naasa Securities Co. Ltd.,Capital Max Securities Ltd,70,239.0,16730.0,2025-08-24 14:45:07.122247
2025-08-24,9506,2025082404011134,LEC,Naasa Securities Co. Ltd.,Kohinoor Investment & Securities Pvt. Ltd.,2000,239.6,479200.0,2025-08-24 14:45:07.122268
2025-08-24,9505,2025082404011135,LEC,Naasa Securities Co. Ltd.,Nepal Stock House (PVT) Ltd.,480,239.7,115056.0,2025-08-24 14:45:07.122291
2025-08-24,9504,2025082404011136,LEC,Naasa Securities Co. Ltd.,Market Securities & Exchange (PVT) Ltd.,100,239.8,23980.0,2025-08-24 14:45:07.122321
2025-08-24,9503,2025082404011137,LEC,Naasa Securities Co. Ltd.,Bhrikuti Stock Broking Co. Pvt. Ltd.,1000,239.8,239800.0,2025-08-24 14:45:07.122358
2025-08-24,9502,2025082404011138,LEC,Naasa Securities Co. Ltd.,Vision Securities Pvt. Ltd,15,240.0,3600.0,2025-08-24 14:45:07.122379
2025-08-24,9501,2025082404011139,LEC,Naasa Securities Co. Ltd.,Nepal Investment And Securities Trading Private Limited,20,240.0,4800.0,2025-08-24 14:45:07.122404
2025-08-24,9500,2025082404011140,LEC,Naasa Securities Co. Ltd.,Dynamic Money Managers Securities Pvt. Ltd.,15,240.0,3600.0,2025-08-24 14:45:07.122425
2025-08-24,9499,2025082404011141,LEC,Naasa Securities Co. Ltd.,Neev Securities Pvt. Ltd.,500,240.0,120000.0,2025-08-24 14:45:07.122444
2025-08-24,9498,2025082404011142,LEC,Naasa Securities Co. Ltd.,Imperial Securities Company Pvt. Ltd.,500,240.0,120000.0,2025-08-24 14:45:07.122464
2025-08-24,9497,2025082404011143,LEC,Naasa Securities Co. Ltd.,Sani Securities Company Ltd.,10,240.0,2400.0,2025-08-24 14:45:07.122485
2025-08-24,9496,2025082404011144,LEC,Naasa Securities Co. Ltd.,Ashutosh Brokerage & Securities (PVT) Ltd.,15,240.0,3600.0,2025-08-24 14:45:07.122505
2025-08-24,9495,2025082404011145,LEC,Naasa Securities Co. Ltd.,Sani Securities Company Ltd.,15,240.0,3600.0,2025-08-24 14:45:07.122525
2025-08-24,9494,2025082404011146,LEC,Naasa Securities Co. Ltd.,Market Securities & Exchange (PVT) Ltd.,1000,240.0,240000.0,2025-08-24 14:45:07.122563
2025-08-24,9493,2025082404011147,LEC,Naasa Securities Co. Ltd.,Malla & Malla Stock Broking Company Pvt. Limited,100,240.0,24000.0,2025-08-24 14:45:07.122587
2025-08-24,9492,2025082404011148,LEC,Naasa Securities Co. Ltd.,Sumeru Securities Pvt. Ltd.,250,240.0,60000.0,2025-08-24 14:45:07.122606
2025-08-24,9491,2025082404011149,LEC,Naasa Securities Co. Ltd.,Nagarik Stock Dealer ,1000,240.0,240000.0,2025-08-24 14:45:07.122626
2025-08-24,9490,2025082404011150,LEC,Naasa Securities Co. Ltd.,Sundhara Securities Limited,100,240.0,24000.0,2025-08-24 14:45:07.122646
2025-08-24,9489,2025082404011151,LEC,Naasa Securities Co. Ltd.,N.I.M.B. Stock Markets Limited,15,240.0,3600.0,2025-08-24 14:45:07.122665
2025-08-24,9488,2025082404011152,LEC,Naasa Securities Co. Ltd.,Kohinoor Investment & Securities Pvt. Ltd.,1630,240.5,392015.0,2025-08-24 14:45:07.122687
2025-08-24,9487,2025082404011153,LEC,Naasa Securities Co. Ltd.,Nepal Stock House (PVT) Ltd.,200,240.9,48180.0,2025-08-24 14:45:07.122711
2025-08-24,9486,2025082404011154,LEC,Naasa Securities Co. Ltd.,Neev Securities Pvt. Ltd.,500,241.0,120500.0,2025-08-24 14:45:07.122733
2025-08-24,9485,2025082404011155,LEC,Naasa Securities Co. Ltd.,Dipshikha Dhitopatra Karobar Co. Pvt Ltd.,1250,241.0,301250.0,2025-08-24 14:45:07.122755
2025-08-24,9484,2025082404011156,LEC,Naasa Securities Co. Ltd.,Online Securities Pvt. Ltd.,450,241.0,108450.0,2025-08-24 14:45:07.122776
2025-08-24,9483,2025082404011157,LEC,Naasa Securities Co. Ltd.,Agrawal Securities (PVT) Ltd.,990,241.4,238986.0,2025-08-24 14:45:07.122796
2025-08-24,9482,2025082404011158,LEC,Naasa Securities Co. Ltd.,Hatemalo Financial Services Private Limited,490,241.5,118335.0,2025-08-24 14:45:07.122818
2025-08-24,9481,2025082404011159,LEC,Naasa Securities Co. Ltd.,ABC Securities Private Limited,150,241.5,36225.0,2025-08-24 14:45:07.122840
2025-08-24,9480,2025082404011160,LEC,Naasa Securities Co. Ltd.,Asian Securities Private Ltd.,100,241.9,24190.0,2025-08-24 14:45:07.122901
2025-08-24,9479,2025082404011161,LEC,Naasa Securities Co. Ltd.,Kohinoor Investment & Securities Pvt. Ltd.,250,242.0,60500.0,2025-08-24 14:45:07.122923
2025-08-24,9478,2025082404011162,LEC,Naasa Securities Co. Ltd.,Vision Securities Pvt. Ltd,278,242.0,67276.0,2025-08-24 14:45:07.122944
2025-08-24,8934,2025082404011274,LEC,Himalayan Brokerage Company Limited,Naasa Securities Co. Ltd.,100,238.1,23810.0,2025-08-24 14:46:26.342540
2025-08-24,8933,2025082404011275,LEC,Trishakti Securities Public Limited,Naasa Securities Co. Ltd.,400,238.0,95200.0,2025-08-24 14:46:26.343005
2025-08-24,8925,2025082404011278,LEC,Naasa Securities Co. Ltd.,Nagarik Stock Dealer ,10,239.5,2395.0,2025-08-24 14:46:29.047605
2025-08-24,8924,2025082404011279,LEC,Naasa Securities Co. Ltd.,Naasa Securities Co. Ltd.,750,240.9,180675.0,2025-08-24 14:46:29.047718
2025-08-24,8923,2025082404011280,LEC,Naasa Securities Co. Ltd.,Aryatara Investment & Securities,240,240.9,57816.0,2025-08-24 14:46:29.047778
2025-08-24,8808,2025082404011298,LEC,Vision Securities Pvt. Ltd,Premier Securities Company Ltd.,7,244.0,1708.0,2025-08-24 14:46:42.957459
2025-08-24,8460,2025082404011360,LEC,Deevyaa Securities & Stock House Pvt. Ltd,Cristal Kanchanjanga Securites Pvt. Ltd.,500,238.1,119050.0,2025-08-24 14:47:34.776509
2025-08-24,8459,2025082404011361,LEC,Elite Stock House Limited,Cristal Kanchanjanga Securites Pvt. Ltd.,500,238.1,119050.0,2025-08-24 14:47:34.777417
2025-08-24,8362,2025082404011388,LEC,Himalayan Brokerage Company Limited,Kumari Securities Private Limited,200,238.1,47620.0,2025-08-24 14:47:47.109554
2025-08-24,7989,2025082404011511,LEC,Trishakti Securities Public Limited,Sewa Securities Pvt. Ltd.,350,238.0,83300.0,2025-08-24 14:48:27.917602
2025-08-24,7817,2025082404011578,LEC,Sewa Securities Pvt. Ltd.,Dipshikha Dhitopatra Karobar Co. Pvt Ltd.,10,237.2,2372.0,2025-08-24 14:48:50.695807
2025-08-24,7714,2025082404011602,LEC,Sewa Securities Pvt. Ltd.,Infinity Securities Limited,2000,237.2,474400.0,2025-08-24 14:49:03.428167
2025-08-24,7696,2025082404011609,LEC,Sewa Securities Pvt. Ltd.,Prabhu Stock Market Limited,1000,237.2,237200.0,2025-08-24 14:49:06.023921
2025-08-24,7550,2025082404011659,LEC,Naasa Securities Co. Ltd.,Aryatara Investment & Securities,727,239.0,173753.0,2025-08-24 14:49:21.517519
2025-08-24,7549,2025082404011660,LEC,Naasa Securities Co. Ltd.,Prabhu Stock Market Limited,273,240.0,65520.0,2025-08-24 14:49:21.517583
2025-08-24,7404,2025082404011683,LEC,Sewa Securities Pvt. Ltd.,Kohinoor Investment & Securities Pvt. Ltd.,300,237.2,71160.0,2025-08-24 14:49:41.826390
2025-08-24,6335,2025082404011950,LEC,South Asian Bulls Pvt. Ltd.,Thrive Brokerage House Pvt. Ltd,10,237.3,2373.0,2025-08-24 14:51:23.217620
2025-08-24,6207,2025082404011976,LEC,Naasa Securities Co. Ltd.,Asian Securities Private Ltd.,10,239.4,2394.0,2025-08-24 14:51:40.093143
2025-08-24,4146,2025082404012512,LEC,Sri Hari Securities Pvt. Ltd.,Cristal Kanchanjanga Securites Pvt. Ltd.,79,237.8,18786.2,2025-08-24 14:55:30.084369
2025-08-24,4145,2025082404012513,LEC,Elite Stock House Limited,Cristal Kanchanjanga Securites Pvt. Ltd.,107,237.4,25401.8,2025-08-24 14:55:30.085346
2025-08-24,4144,2025082404012514,LEC,Secured Securities Ltd.,Cristal Kanchanjanga Securites Pvt. Ltd.,814,237.4,193243.6,2025-08-24 14:55:30.086009
2025-08-24,3675,2025082404012681,LEC,Secured Securities Ltd.,Linch Stock Market Ltd.,100,237.4,23740.0,2025-08-24 14:56:05.520747
2025-08-24,3334,2025082404012788,LEC,Secured Securities Ltd.,Oxford Securities Pvt. Ltd.,20,237.4,4748.0,2025-08-24 14:56:36.516347
2025-08-24,2880,2025082404012904,LEC,Kumari Securities Private Limited,N.M.B. SECURITIES LIMITED,125,238.0,29750.0,2025-08-24 14:57:13.256168
2025-08-24,2671,2025082404012958,LEC,Naasa Securities Co. Ltd.,Cristal Kanchanjanga Securites Pvt. Ltd.,40,237.5,9500.0,2025-08-24 14:57:28.626367
2025-08-24,2670,2025082404012959,LEC,Imperial Securities Company Pvt. Ltd.,Cristal Kanchanjanga Securites Pvt. Ltd.,1000,237.5,237500.0,2025-08-24 14:57:28.626829
2025-08-24,2669,2025082404012960,LEC,Vision Securities Pvt. Ltd,Cristal Kanchanjanga Securites Pvt. Ltd.,460,237.5,109250.0,2025-08-24 14:57:28.627056
2025-08-24,2520,2025082404013000,LEC,Vision Securities Pvt. Ltd,Creative Securities Pvt Ltd,40,237.5,9500.0,2025-08-24 14:57:41.177526
2025-08-24,2519,2025082404013001,LEC,Sri Hari Securities Pvt. Ltd.,Creative Securities Pvt Ltd,10,237.5,2375.0,2025-08-24 14:57:41.178036
2025-08-24,2518,2025082404013002,LEC,Secured Securities Ltd.,Creative Securities Pvt Ltd,66,237.4,15668.4,2025-08-24 14:57:41.178514
2025-08-24,2517,2025082404013003,LEC,Trisul Securities & Invt. Ltd.,Creative Securities Pvt Ltd,100,237.4,23740.0,2025-08-24 14:57:41.178821
2025-08-24,2516,2025082404013004,LEC,South Asian Bulls Pvt. Ltd.,Creative Securities Pvt Ltd,190,237.3,45087.0,2025-08-24 14:57:41.179087
2025-08-24,2515,2025082404013005,LEC,Vision Securities Pvt. Ltd,Creative Securities Pvt Ltd,1594,237.3,378256.2,2025-08-24 14:57:41.179308
2025-08-24,2413,2025082404013022,LEC,Vision Securities Pvt. Ltd,N.M.B. SECURITIES LIMITED,426,237.3,101089.8,2025-08-24 14:57:49.724396
2025-08-24,2355,2025082404013030,LEC,Bhrikuti Stock Broking Co. Pvt. Ltd.,N.M.B. SECURITIES LIMITED,168,237.3,39866.4,2025-08-24 14:57:52.327827
2025-08-24,2354,2025082404013031,LEC,Sewa Securities Pvt. Ltd.,Vision Securities Pvt. Ltd,100,237.2,23720.0,2025-08-24 14:57:52.522306
2025-08-24,2281,2025082404013046,LEC,Sewa Securities Pvt. Ltd.,N.M.B. SECURITIES LIMITED,181,237.2,42933.2,2025-08-24 14:57:59.755672
2025-08-24,2242,2025082404013052,LEC,Sewa Securities Pvt. Ltd.,Linch Stock Market Ltd.,80,237.2,18976.0,2025-08-24 14:58:02.807947
2025-08-24,2158,2025082404013067,LEC,Sewa Securities Pvt. Ltd.,Aryatara Investment & Securities,1000,237.2,237200.0,2025-08-24 14:58:09.125253
2025-08-24,2092,2025082404013095,LEC,Sewa Securities Pvt. Ltd.,APPLE SECURITIES PRIVATE LIMITED,739,237.2,175290.8,2025-08-24 14:58:13.207965
2025-08-24,2091,2025082404013096,LEC,Sundhara Securities Limited,APPLE SECURITIES PRIVATE LIMITED,200,237.2,47440.0,2025-08-24 14:58:13.208907
2025-08-24,1992,2025082404013122,LEC,Aryatara Investment & Securities,APPLE SECURITIES PRIVATE LIMITED,50,237.2,11860.0,2025-08-24 14:58:20.255061
2025-08-24,1848,2025082404013172,LEC,Sweta Securities Private Limited,Asian Securities Private Ltd.,11,237.1,2608.1,2025-08-24 14:58:32.893214
2025-08-24,1847,2025082404013173,LEC,J.F. Securites (PVT) Ltd.,Asian Securities Private Ltd.,79,237.0,18723.0,2025-08-24 14:58:32.893702
2025-08-24,1757,2025082404013189,LEC,Market Securities & Exchange (PVT) Ltd.,APPLE SECURITIES PRIVATE LIMITED,11,237.2,2609.2,2025-08-24 14:58:37.191179
2025-08-24,1746,2025082404013191,LEC,Market Securities & Exchange (PVT) Ltd.,Miyo Securities Pvt Ltd,338,237.3,80207.4,2025-08-24 14:58:38.150362
2025-08-24,1745,2025082404013192,LEC,J.F. Securites (PVT) Ltd.,Miyo Securities Pvt Ltd,62,237.0,14694.0,2025-08-24 14:58:38.150780
2025-08-24,742,2025082404013483,LEC,Trisul Securities & Invt. Ltd.,J.F. Securites (PVT) Ltd.,50,237.5,11875.0,2025-08-24 14:59:31.862997
2025-08-24,741,2025082404013484,LEC,J.F. Securites (PVT) Ltd.,J.F. Securites (PVT) Ltd.,59,237.0,13983.0,2025-08-24 14:59:31.863094
2025-08-24,740,2025082404013485,LEC,Aryatara Investment & Securities,J.F. Securites (PVT) Ltd.,90,237.0,21330.0,2025-08-24 14:59:31.863168
2025-08-24,739,2025082404013486,LEC,Capital Hub P. Ltd,J.F. Securites (PVT) Ltd.,500,237.0,118500.0,2025-08-24 14:59:31.863269
2025-08-24,738,2025082404013487,LEC,Naasa Securities Co. Ltd.,J.F. Securites (PVT) Ltd.,301,237.0,71337.0,2025-08-24 14:59:31.863369
2025-08-24,722,2025082404013489,LEC,Naasa Securities Co. Ltd.,Sumeru Securities Pvt. Ltd.,173,237.0,41001.0,2025-08-24 14:59:32.230524
2025-08-24,721,2025082404013490,LEC,Secured Securities Ltd.,Sumeru Securities Pvt. Ltd.,1000,237.0,237000.0,2025-08-24 14:59:32.230931
2025-08-24,720,2025082404013491,LEC,Trisul Securities & Invt. Ltd.,Sumeru Securities Pvt. Ltd.,27,237.0,6399.0,2025-08-24 14:59:32.231161
2025-08-24,632,2025082404013507,LEC,Trisul Securities & Invt. Ltd.,Dipshikha Dhitopatra Karobar Co. Pvt Ltd.,73,237.0,17301.0,2025-08-24 14:59:35.996152
2025-08-24,631,2025082404013508,LEC,Imperial Securities Company Pvt. Ltd.,Dipshikha Dhitopatra Karobar Co. Pvt Ltd.,100,237.0,23700.0,2025-08-24 14:59:35.996624
2025-08-24,630,2025082404013509,LEC,Secured Securities Ltd.,Dipshikha Dhitopatra Karobar Co. Pvt Ltd.,427,237.0,101199.0,2025-08-24 14:59:35.996847
2025-08-24,596,2025082404013515,LEC,Secured Securities Ltd.,Primo Securities (PVT) Ltd.,73,237.0,17301.0,2025-08-24 14:59:36.973142
2025-08-24,595,2025082404013516,LEC,Machhapuchchhre Securities Limited,Primo Securities (PVT) Ltd.,127,237.0,30099.0,2025-08-24 14:59:36.973586
2025-08-24,470,2025082404013538,LEC,Machhapuchchhre Securities Limited,J.F. Securites (PVT) Ltd.,23,237.0,5451.0,2025-08-24 14:59:40.925714
2025-08-24,469,2025082404013539,LEC,South Asian Bulls Pvt. Ltd.,J.F. Securites (PVT) Ltd.,500,237.0,118500.0,2025-08-24 14:59:40.925788
2025-08-24,468,2025082404013540,LEC,Shree Krishna Securities Ltd.,J.F. Securites (PVT) Ltd.,477,237.0,113049.0,2025-08-24 14:59:40.925828
2025-08-24,141,2025082404013624,LEC,Siprabi Securities Pvt. Ltd.,Aryatara Investment & Securities,1500,237.1,355650.0,2025-08-24 14:59:53.779777
2025-08-24,123,2025082404013632,LEC,Siprabi Securities Pvt. Ltd.,Imperial Securities Company Pvt. Ltd.,50,237.1,11855.0,2025-08-24 14:59:54.768358
