Date,S.N.,contract_id,symbol,buyer_broker,seller_broker,volume,price,amount,transaction_time
2025-08-24,57620,2025082403000042,MLBL,Aryatara Investment & Securities,Online Securities Pvt. Ltd.,40,393.5,15740.0,2025-08-24 11:03:41.358755
2025-08-24,57619,2025082403000043,MLBL,Sunrise Securities Limited,Online Securities Pvt. Ltd.,1453,393.4,571610.2,2025-08-24 11:03:41.358876
2025-08-24,56310,2025082403000191,MLBL,Aryatara Investment & Securities,Online Securities Pvt. Ltd.,20,395.2,7904.0,2025-08-24 11:12:13.335484
2025-08-24,56309,2025082403000192,MLBL,Midas Stock Broking Company Private Limited,Online Securities Pvt. Ltd.,100,395.1,39510.0,2025-08-24 11:12:13.335546
2025-08-24,56308,2025082403000193,MLBL,Premier Securities Company Ltd.,Online Securities Pvt. Ltd.,100,395.0,39500.0,2025-08-24 11:12:13.335587
2025-08-24,56307,2025082403000194,MLBL,Dipshikha Dhitopatra Karobar Co. Pvt Ltd.,Online Securities Pvt. Ltd.,84,395.0,33180.0,2025-08-24 11:12:13.335618
2025-08-24,54025,2025082403000555,MLBL,Deevyaa Securities & Stock House Pvt. Ltd,Kohinoor Investment & Securities Pvt. Ltd.,50,395.5,19775.0,2025-08-24 11:23:04.408723
2025-08-24,54024,2025082403000556,MLBL,Naasa Securities Co. Ltd.,Kohinoor Investment & Securities Pvt. Ltd.,50,395.5,19775.0,2025-08-24 11:23:04.408853
2025-08-24,54023,2025082403000557,MLBL,Property Wiard Limited,Kohinoor Investment & Securities Pvt. Ltd.,50,395.2,19760.0,2025-08-24 11:23:04.408894
2025-08-24,54022,2025082403000558,MLBL,Naasa Securities Co. Ltd.,Kohinoor Investment & Securities Pvt. Ltd.,50,395.2,19760.0,2025-08-24 11:23:04.408930
2025-08-24,54021,2025082403000559,MLBL,Market Securities & Exchange (PVT) Ltd.,Kohinoor Investment & Securities Pvt. Ltd.,200,395.1,79020.0,2025-08-24 11:23:04.408981
2025-08-24,54020,2025082403000560,MLBL,Dipshikha Dhitopatra Karobar Co. Pvt Ltd.,Kohinoor Investment & Securities Pvt. Ltd.,100,395.0,39500.0,2025-08-24 11:23:04.409015
2025-08-24,53300,2025082403000672,MLBL,Dipshikha Dhitopatra Karobar Co. Pvt Ltd.,Trishakti Securities Public Limited,400,395.0,158000.0,2025-08-24 11:26:47.183704
2025-08-24,50084,2025082403001091,MLBL,Deevyaa Securities & Stock House Pvt. Ltd,Dakshinkali Investment & Securities Pvt. Ltd.,50,395.2,19760.0,2025-08-24 11:42:59.990805
2025-08-24,50083,2025082403001092,MLBL,Dipshikha Dhitopatra Karobar Co. Pvt Ltd.,Dakshinkali Investment & Securities Pvt. Ltd.,416,395.0,164320.0,2025-08-24 11:42:59.990921
2025-08-24,50082,2025082403001093,MLBL,Kalika Securities Pvt. Ltd.,Dakshinkali Investment & Securities Pvt. Ltd.,85,395.0,33575.0,2025-08-24 11:42:59.990977
2025-08-24,49827,2025082403001142,MLBL,Kalika Securities Pvt. Ltd.,Trisul Securities & Invt. Ltd.,100,395.0,39500.0,2025-08-24 11:44:19.563688
2025-08-24,49704,2025082403001151,MLBL,Nepal Stock House (PVT) Ltd.,Primo Securities (PVT) Ltd.,4,387.1,1548.4,2025-08-24 11:44:53.149951
2025-08-24,49688,2025082403001153,MLBL,Nepal Stock House (PVT) Ltd.,Thrive Brokerage House Pvt. Ltd,1,387.1,387.1,2025-08-24 11:45:02.806156
2025-08-24,49310,2025082403001213,MLBL,Shree Krishna Securities Ltd.,Shree Krishna Securities Ltd.,65,397.9,25863.5,2025-08-24 11:47:09.574649
2025-08-24,45304,2025082403001796,MLBL,Naasa Securities Co. Ltd.,Indira securities pvt. ltd,10,396.0,3960.0,2025-08-24 12:08:28.630411
2025-08-24,45303,2025082403001797,MLBL,Kalika Securities Pvt. Ltd.,Indira securities pvt. ltd,15,395.0,5925.0,2025-08-24 12:08:28.630530
2025-08-24,45302,2025082403001798,MLBL,Bhrikuti Stock Broking Co. Pvt. Ltd.,Indira securities pvt. ltd,475,395.0,187625.0,2025-08-24 12:08:28.630581
2025-08-24,42941,2025082403002170,MLBL,Bhrikuti Stock Broking Co. Pvt. Ltd.,Nepal Stock House (PVT) Ltd.,35,395.0,13825.0,2025-08-24 12:22:05.586761
2025-08-24,42940,2025082403002171,MLBL,Opal Securities Investment (PVT) Ltd.,Nepal Stock House (PVT) Ltd.,100,395.0,39500.0,2025-08-24 12:22:05.586877
2025-08-24,42939,2025082403002172,MLBL,Market Securities & Exchange (PVT) Ltd.,Nepal Stock House (PVT) Ltd.,150,394.4,59160.0,2025-08-24 12:22:05.586954
2025-08-24,42938,2025082403002173,MLBL,Market Securities & Exchange (PVT) Ltd.,Nepal Stock House (PVT) Ltd.,50,394.4,19720.0,2025-08-24 12:22:05.587078
2025-08-24,42937,2025082403002174,MLBL,Dipshikha Dhitopatra Karobar Co. Pvt Ltd.,Nepal Stock House (PVT) Ltd.,165,394.3,65059.5,2025-08-24 12:22:05.587176
2025-08-24,42552,2025082403002234,MLBL,Deevyaa Securities & Stock House Pvt. Ltd,Trishakti Securities Public Limited,50,395.1,19755.0,2025-08-24 12:24:24.011725
2025-08-24,42551,2025082403002235,MLBL,Midas Stock Broking Company Private Limited,Trishakti Securities Public Limited,50,395.0,19750.0,2025-08-24 12:24:24.011961
2025-08-24,41557,2025082403002401,MLBL,Midas Stock Broking Company Private Limited,Midas Stock Broking Company Private Limited,15,395.0,5925.0,2025-08-24 12:30:40.906295
2025-08-24,40806,2025082403002525,MLBL,Midas Stock Broking Company Private Limited,Dakshinkali Investment & Securities Pvt. Ltd.,35,395.0,13825.0,2025-08-24 12:34:37.340395
2025-08-24,40805,2025082403002526,MLBL,Dipshikha Dhitopatra Karobar Co. Pvt Ltd.,Dakshinkali Investment & Securities Pvt. Ltd.,35,394.3,13800.5,2025-08-24 12:34:37.340635
2025-08-24,40804,2025082403002527,MLBL,Deevyaa Securities & Stock House Pvt. Ltd,Dakshinkali Investment & Securities Pvt. Ltd.,31,394.2,12220.2,2025-08-24 12:34:37.340778
2025-08-24,39906,2025082403002693,MLBL,Deevyaa Securities & Stock House Pvt. Ltd,Dynamic Money Managers Securities Pvt. Ltd.,19,394.2,7489.8,2025-08-24 12:39:07.042404
2025-08-24,39905,2025082403002694,MLBL,Naasa Securities Co. Ltd.,Dynamic Money Managers Securities Pvt. Ltd.,50,394.2,19710.0,2025-08-24 12:39:07.042632
2025-08-24,39904,2025082403002695,MLBL,Sunrise Securities Limited,Dynamic Money Managers Securities Pvt. Ltd.,34,394.1,13399.4,2025-08-24 12:39:07.042775
2025-08-24,39830,2025082403002704,MLBL,Sunrise Securities Limited,Vision Securities Pvt. Ltd,500,394.1,197050.0,2025-08-24 12:39:35.485804
2025-08-24,39516,2025082403002773,MLBL,Sunrise Securities Limited,Naasa Securities Co. Ltd.,466,394.1,183650.6,2025-08-24 12:41:29.815027
2025-08-24,39515,2025082403002774,MLBL,Sani Securities Company Ltd.,Naasa Securities Co. Ltd.,100,394.0,39400.0,2025-08-24 12:41:29.815096
2025-08-24,39514,2025082403002775,MLBL,Midas Stock Broking Company Private Limited,Naasa Securities Co. Ltd.,1000,394.0,394000.0,2025-08-24 12:41:29.815142
2025-08-24,39513,2025082403002776,MLBL,Agrawal Securities (PVT) Ltd.,Naasa Securities Co. Ltd.,500,393.5,196750.0,2025-08-24 12:41:29.815166
2025-08-24,39512,2025082403002777,MLBL,Dynamic Money Managers Securities Pvt. Ltd.,Naasa Securities Co. Ltd.,10,393.5,3935.0,2025-08-24 12:41:29.815190
2025-08-24,39511,2025082403002778,MLBL,Sundhara Securities Limited,Naasa Securities Co. Ltd.,20,393.5,7870.0,2025-08-24 12:41:29.815213
2025-08-24,39510,2025082403002779,MLBL,Sunrise Securities Limited,Naasa Securities Co. Ltd.,547,393.4,215189.8,2025-08-24 12:41:29.815235
2025-08-24,39509,2025082403002780,MLBL,Aakashbhairab Securities Ltd.,Naasa Securities Co. Ltd.,107,393.3,42083.1,2025-08-24 12:41:29.815260
2025-08-24,39308,2025082403002802,MLBL,Arun Securities (PVT) Ltd.,Kohinoor Investment & Securities Pvt. Ltd.,16,394.0,6304.0,2025-08-24 12:42:43.046630
2025-08-24,38568,2025082403002938,MLBL,Nepal Stock House (PVT) Ltd.,Premier Securities Company Ltd.,3,392.0,1176.0,2025-08-24 12:47:03.238836
2025-08-24,38402,2025082403002985,MLBL,Creative Securities Pvt Ltd,Kohinoor Investment & Securities Pvt. Ltd.,29,394.0,11426.0,2025-08-24 12:47:55.062149
2025-08-24,36568,2025082403003337,MLBL,Aakashbhairab Securities Ltd.,Nepal Investment And Securities Trading Private Limited,44,393.3,17305.2,2025-08-24 12:56:35.708183
2025-08-24,36407,2025082403003360,MLBL,KALASH STOCK MARKET PVT. LTD.,Naasa Securities Co. Ltd.,100,392.1,39210.0,2025-08-24 12:57:14.116642
2025-08-24,36406,2025082403003361,MLBL,Sunrise Securities Limited,Naasa Securities Co. Ltd.,1000,392.1,392100.0,2025-08-24 12:57:14.116864
2025-08-24,36405,2025082403003362,MLBL,Sunrise Securities Limited,Naasa Securities Co. Ltd.,1000,392.1,392100.0,2025-08-24 12:57:14.117009
2025-08-24,36404,2025082403003363,MLBL,Nepal Stock House (PVT) Ltd.,Naasa Securities Co. Ltd.,400,392.0,156800.0,2025-08-24 12:57:14.117174
2025-08-24,35703,2025082403003472,MLBL,Midas Stock Broking Company Private Limited,Investment Management Nepal Pvt. Ltd.,260,392.5,102050.0,2025-08-24 12:59:53.162909
2025-08-24,35702,2025082403003473,MLBL,Midas Stock Broking Company Private Limited,Investment Management Nepal Pvt. Ltd.,100,392.1,39210.0,2025-08-24 12:59:53.163043
2025-08-24,35701,2025082403003474,MLBL,Nepal Stock House (PVT) Ltd.,Investment Management Nepal Pvt. Ltd.,100,392.0,39200.0,2025-08-24 12:59:53.163092
2025-08-24,35700,2025082403003475,MLBL,South Asian Bulls Pvt. Ltd.,Investment Management Nepal Pvt. Ltd.,100,392.0,39200.0,2025-08-24 12:59:53.163140
2025-08-24,35309,2025082403003515,MLBL,Property Wiard Limited,Investment Management Nepal Pvt. Ltd.,10,391.2,3912.0,2025-08-24 13:01:32.676911
2025-08-24,35308,2025082403003516,MLBL,Dynamic Money Managers Securities Pvt. Ltd.,Investment Management Nepal Pvt. Ltd.,130,391.1,50843.0,2025-08-24 13:01:32.677049
2025-08-24,35146,2025082403003565,MLBL,Naasa Securities Co. Ltd.,Trisul Securities & Invt. Ltd.,10,391.2,3912.0,2025-08-24 13:02:10.987361
2025-08-24,34815,2025082403003614,MLBL,Capital Max Securities Ltd,Indira securities pvt. ltd,100,391.3,39130.0,2025-08-24 13:03:44.143211
2025-08-24,34814,2025082403003615,MLBL,Naasa Securities Co. Ltd.,Indira securities pvt. ltd,50,391.3,19565.0,2025-08-24 13:03:44.143439
2025-08-24,34813,2025082403003616,MLBL,Naasa Securities Co. Ltd.,Indira securities pvt. ltd,40,391.2,15648.0,2025-08-24 13:03:44.143594
2025-08-24,34812,2025082403003617,MLBL,Sunrise Securities Limited,Indira securities pvt. ltd,1000,391.2,391200.0,2025-08-24 13:03:44.143729
2025-08-24,34811,2025082403003618,MLBL,Sunrise Securities Limited,Indira securities pvt. ltd,810,391.2,316872.0,2025-08-24 13:03:44.143885
2025-08-24,33753,2025082403003761,MLBL,Market Securities & Exchange (PVT) Ltd.,Arun Securities (PVT) Ltd.,500,392.0,196000.0,2025-08-24 13:08:13.814386
2025-08-24,32638,2025082403003950,MLBL,Sewa Securities Pvt. Ltd.,Nepal Investment And Securities Trading Private Limited,30,393.3,11799.0,2025-08-24 13:14:17.390806
2025-08-24,32010,2025082403004032,MLBL,Sewa Securities Pvt. Ltd.,Trishakti Securities Public Limited,100,393.3,39330.0,2025-08-24 13:16:45.167007
2025-08-24,30678,2025082403004258,MLBL,Sani Securities Company Ltd.,Creative Securities Pvt Ltd,1000,393.9,393900.0,2025-08-24 13:22:47.214050
2025-08-24,29954,2025082403004369,MLBL,Sewa Securities Pvt. Ltd.,Vision Securities Pvt. Ltd,85,393.3,33430.5,2025-08-24 13:26:56.500946
2025-08-24,29953,2025082403004370,MLBL,Nepal Investment And Securities Trading Private Limited,Vision Securities Pvt. Ltd,50,391.5,19575.0,2025-08-24 13:26:56.501007
2025-08-24,29952,2025082403004371,MLBL,Sani Securities Company Ltd.,Vision Securities Pvt. Ltd,100,391.5,39150.0,2025-08-24 13:26:56.501039
2025-08-24,29951,2025082403004372,MLBL,Nepal Investment And Securities Trading Private Limited,Vision Securities Pvt. Ltd,50,391.3,19565.0,2025-08-24 13:26:56.501060
2025-08-24,29950,2025082403004373,MLBL,Market Securities & Exchange (PVT) Ltd.,Vision Securities Pvt. Ltd,100,391.3,39130.0,2025-08-24 13:26:56.501082
2025-08-24,29949,2025082403004374,MLBL,Sunrise Securities Limited,Vision Securities Pvt. Ltd,190,391.2,74328.0,2025-08-24 13:26:56.501107
2025-08-24,29578,2025082403004454,MLBL,Nepal Stock House (PVT) Ltd.,Sunrise Securities Limited,6,384.0,2304.0,2025-08-24 13:28:42.161536
2025-08-24,29337,2025082403004491,MLBL,Naasa Securities Co. Ltd.,Online Securities Pvt. Ltd.,10,391.3,3913.0,2025-08-24 13:30:02.067776
2025-08-24,28959,2025082403004564,MLBL,Midas Stock Broking Company Private Limited,Linch Stock Market Ltd.,10,393.9,3939.0,2025-08-24 13:31:58.087537
2025-08-24,27337,2025082403004817,MLBL,Dipshikha Dhitopatra Karobar Co. Pvt Ltd.,Sunrise Securities Limited,6,386.9,2321.4,2025-08-24 13:41:07.266399
2025-08-24,26935,2025082403004877,MLBL,Nagarik Stock Dealer ,Neev Securities Pvt. Ltd.,900,392.0,352800.0,2025-08-24 13:43:41.095260
2025-08-24,26184,2025082403004995,MLBL,Online Securities Pvt. Ltd.,Opal Securities Investment (PVT) Ltd.,312,393.8,122865.6,2025-08-24 13:47:28.285504
2025-08-24,24157,2025082403005318,MLBL,Midas Stock Broking Company Private Limited,Naasa Securities Co. Ltd.,50,392.2,19610.0,2025-08-24 13:56:39.469846
2025-08-24,23988,2025082403005335,MLBL,Siprabi Securities Pvt. Ltd.,Bhrikuti Stock Broking Co. Pvt. Ltd.,60,392.1,23526.0,2025-08-24 13:57:18.541710
2025-08-24,23987,2025082403005336,MLBL,Dipshikha Dhitopatra Karobar Co. Pvt Ltd.,Bhrikuti Stock Broking Co. Pvt. Ltd.,10,392.1,3921.0,2025-08-24 13:57:18.541946
2025-08-24,23986,2025082403005337,MLBL,Bhrikuti Stock Broking Co. Pvt. Ltd.,Bhrikuti Stock Broking Co. Pvt. Ltd.,430,392.0,168560.0,2025-08-24 13:57:18.542116
2025-08-24,23759,2025082403005396,MLBL,Bhrikuti Stock Broking Co. Pvt. Ltd.,Indira securities pvt. ltd,570,392.0,223440.0,2025-08-24 13:58:07.574575
2025-08-24,23563,2025082403005435,MLBL,Sunrise Securities Limited,Indira securities pvt. ltd,430,392.0,168560.0,2025-08-24 13:58:52.172433
2025-08-24,23240,2025082403005524,MLBL,Online Securities Pvt. Ltd.,Naasa Securities Co. Ltd.,150,392.2,58830.0,2025-08-24 13:59:55.181979
2025-08-24,21679,2025082403005880,MLBL,Vision Securities Pvt. Ltd,Kohinoor Investment & Securities Pvt. Ltd.,100,391.7,39170.0,2025-08-24 14:05:25.207454
2025-08-24,21678,2025082403005881,MLBL,Sunrise Securities Limited,Kohinoor Investment & Securities Pvt. Ltd.,1000,391.6,391600.0,2025-08-24 14:05:25.207714
2025-08-24,21677,2025082403005882,MLBL,Property Wiard Limited,Kohinoor Investment & Securities Pvt. Ltd.,15,391.4,5871.0,2025-08-24 14:05:25.207876
2025-08-24,21676,2025082403005883,MLBL,Nagarik Stock Dealer ,Kohinoor Investment & Securities Pvt. Ltd.,885,391.4,346389.0,2025-08-24 14:05:25.208067
2025-08-24,20919,2025082403006001,MLBL,Aryatara Investment & Securities,Vision Securities Pvt. Ltd,10,391.5,3915.0,2025-08-24 14:08:04.307537
2025-08-24,20918,2025082403006002,MLBL,Nagarik Stock Dealer ,Vision Securities Pvt. Ltd,115,391.4,45011.0,2025-08-24 14:08:04.307836
2025-08-24,20917,2025082403006003,MLBL,Naasa Securities Co. Ltd.,Vision Securities Pvt. Ltd,40,391.3,15652.0,2025-08-24 14:08:04.308006
2025-08-24,20916,2025082403006004,MLBL,Dynamic Money Managers Securities Pvt. Ltd.,Vision Securities Pvt. Ltd,770,391.1,301147.0,2025-08-24 14:08:04.308190
2025-08-24,20915,2025082403006005,MLBL,Sunrise Securities Limited,Vision Securities Pvt. Ltd,65,391.1,25421.5,2025-08-24 14:08:04.308345
2025-08-24,20827,2025082403006025,MLBL,Sunrise Securities Limited,Naasa Securities Co. Ltd.,900,391.1,351990.0,2025-08-24 14:08:24.702914
2025-08-24,20484,2025082403006081,MLBL,Sunrise Securities Limited,Aryatara Investment & Securities,35,391.1,13688.5,2025-08-24 14:09:30.909007
2025-08-24,20483,2025082403006082,MLBL,Online Securities Pvt. Ltd.,Aryatara Investment & Securities,100,391.0,39100.0,2025-08-24 14:09:30.909288
2025-08-24,20482,2025082403006083,MLBL,Bhrikuti Stock Broking Co. Pvt. Ltd.,Aryatara Investment & Securities,10,391.0,3910.0,2025-08-24 14:09:30.909437
2025-08-24,20481,2025082403006084,MLBL,Oxford Securities Pvt. Ltd.,Aryatara Investment & Securities,10,391.0,3910.0,2025-08-24 14:09:30.909580
2025-08-24,20480,2025082403006085,MLBL,Online Securities Pvt. Ltd.,Aryatara Investment & Securities,150,390.2,58530.0,2025-08-24 14:09:30.909718
2025-08-24,20479,2025082403006086,MLBL,KALASH STOCK MARKET PVT. LTD.,Aryatara Investment & Securities,100,390.1,39010.0,2025-08-24 14:09:30.909856
2025-08-24,20478,2025082403006087,MLBL,Dakshinkali Investment & Securities Pvt. Ltd.,Aryatara Investment & Securities,500,390.1,195050.0,2025-08-24 14:09:30.909994
2025-08-24,20477,2025082403006088,MLBL,Bhrikuti Stock Broking Co. Pvt. Ltd.,Aryatara Investment & Securities,10,390.0,3900.0,2025-08-24 14:09:30.910151
2025-08-24,20476,2025082403006089,MLBL,Agrawal Securities (PVT) Ltd.,Aryatara Investment & Securities,85,390.0,33150.0,2025-08-24 14:09:30.910294
2025-08-24,20271,2025082403006124,MLBL,Agrawal Securities (PVT) Ltd.,Creative Securities Pvt Ltd,113,390.0,44070.0,2025-08-24 14:10:20.717339
2025-08-24,20071,2025082403006159,MLBL,Agrawal Securities (PVT) Ltd.,Trishakti Securities Public Limited,202,390.0,78780.0,2025-08-24 14:11:01.117470
2025-08-24,20070,2025082403006160,MLBL,Agrawal Securities (PVT) Ltd.,Trishakti Securities Public Limited,10,390.0,3900.0,2025-08-24 14:11:01.117709
2025-08-24,20069,2025082403006161,MLBL,Cristal Kanchanjanga Securites Pvt. Ltd.,Trishakti Securities Public Limited,100,390.0,39000.0,2025-08-24 14:11:01.117858
2025-08-24,20068,2025082403006162,MLBL,S.P.S.A. Securities Limited,Trishakti Securities Public Limited,688,390.0,268320.0,2025-08-24 14:11:01.118000
2025-08-24,19959,2025082403006175,MLBL,Vision Securities Pvt. Ltd,Trishakti Securities Public Limited,100,390.1,39010.0,2025-08-24 14:11:16.209531
2025-08-24,19958,2025082403006176,MLBL,S.P.S.A. Securities Limited,Trishakti Securities Public Limited,312,390.0,121680.0,2025-08-24 14:11:16.209775
2025-08-24,19957,2025082403006177,MLBL,Nepal Stock House (PVT) Ltd.,Trishakti Securities Public Limited,500,390.0,195000.0,2025-08-24 14:11:16.209912
2025-08-24,19956,2025082403006178,MLBL,Nepal Stock House (PVT) Ltd.,Trishakti Securities Public Limited,88,390.0,34320.0,2025-08-24 14:11:16.210067
2025-08-24,19905,2025082403006191,MLBL,Nepal Stock House (PVT) Ltd.,Trishakti Securities Public Limited,412,390.0,160680.0,2025-08-24 14:11:27.268159
2025-08-24,19904,2025082403006192,MLBL,Secured Securities Ltd.,Trishakti Securities Public Limited,100,390.0,39000.0,2025-08-24 14:11:27.268383
2025-08-24,19903,2025082403006193,MLBL,Aryatara Investment & Securities,Trishakti Securities Public Limited,200,390.0,78000.0,2025-08-24 14:11:27.268523
2025-08-24,19902,2025082403006194,MLBL,Midas Stock Broking Company Private Limited,Trishakti Securities Public Limited,200,390.0,78000.0,2025-08-24 14:11:27.268658
2025-08-24,19901,2025082403006195,MLBL,Imperial Securities Company Pvt. Ltd.,Trishakti Securities Public Limited,88,390.0,34320.0,2025-08-24 14:11:27.268791
2025-08-24,19863,2025082403006203,MLBL,Imperial Securities Company Pvt. Ltd.,Trishakti Securities Public Limited,162,390.0,63180.0,2025-08-24 14:11:37.329459
2025-08-24,19862,2025082403006204,MLBL,Aryatara Investment & Securities,Trishakti Securities Public Limited,838,390.0,326820.0,2025-08-24 14:11:37.329685
2025-08-24,19821,2025082403006215,MLBL,Aryatara Investment & Securities,Trishakti Securities Public Limited,662,390.0,258180.0,2025-08-24 14:11:50.436709
2025-08-24,19820,2025082403006216,MLBL,Agrawal Securities (PVT) Ltd.,Trishakti Securities Public Limited,10,390.0,3900.0,2025-08-24 14:11:50.436930
2025-08-24,19819,2025082403006217,MLBL,Bhrikuti Stock Broking Co. Pvt. Ltd.,Trishakti Securities Public Limited,200,390.0,78000.0,2025-08-24 14:11:50.437092
2025-08-24,19515,2025082403006264,MLBL,Property Wiard Limited,Trishakti Securities Public Limited,10,389.1,3891.0,2025-08-24 14:13:00.830803
2025-08-24,19514,2025082403006265,MLBL,Bhrikuti Stock Broking Co. Pvt. Ltd.,Trishakti Securities Public Limited,10,389.1,3891.0,2025-08-24 14:13:00.830919
2025-08-24,19513,2025082403006266,MLBL,Cristal Kanchanjanga Securites Pvt. Ltd.,Trishakti Securities Public Limited,50,389.0,19450.0,2025-08-24 14:13:00.830968
2025-08-24,19512,2025082403006267,MLBL,Naasa Securities Co. Ltd.,Trishakti Securities Public Limited,58,389.0,22562.0,2025-08-24 14:13:00.831020
2025-08-24,18065,2025082403006580,MLBL,Premier Securities Company Ltd.,Nepal Stock House (PVT) Ltd.,10,389.2,3892.0,2025-08-24 14:17:46.930605
2025-08-24,17965,2025082403006587,MLBL,Sunrise Securities Limited,Nepal Stock House (PVT) Ltd.,90,389.2,35028.0,2025-08-24 14:18:09.217928
2025-08-24,17682,2025082403006626,MLBL,Siprabi Securities Pvt. Ltd.,Himalayan Brokerage Company Limited,20,389.1,7782.0,2025-08-24 14:19:00.697974
2025-08-24,17681,2025082403006627,MLBL,Naasa Securities Co. Ltd.,Himalayan Brokerage Company Limited,42,389.1,16342.2,2025-08-24 14:19:00.698045
2025-08-24,17680,2025082403006628,MLBL,Nepal Stock House (PVT) Ltd.,Himalayan Brokerage Company Limited,40,389.1,15564.0,2025-08-24 14:19:00.698093
2025-08-24,17679,2025082403006629,MLBL,Premier Securities Company Ltd.,Himalayan Brokerage Company Limited,20,389.1,7782.0,2025-08-24 14:19:00.698120
2025-08-24,17678,2025082403006630,MLBL,Market Securities & Exchange (PVT) Ltd.,Himalayan Brokerage Company Limited,60,389.0,23340.0,2025-08-24 14:19:00.698143
2025-08-24,17677,2025082403006631,MLBL,Opal Securities Investment (PVT) Ltd.,Himalayan Brokerage Company Limited,500,389.0,194500.0,2025-08-24 14:19:00.698165
2025-08-24,17676,2025082403006632,MLBL,Bhrikuti Stock Broking Co. Pvt. Ltd.,Himalayan Brokerage Company Limited,10,389.0,3890.0,2025-08-24 14:19:00.698188
2025-08-24,17675,2025082403006633,MLBL,Ashutosh Brokerage & Securities (PVT) Ltd.,Himalayan Brokerage Company Limited,150,388.6,58290.0,2025-08-24 14:19:00.698222
2025-08-24,17674,2025082403006634,MLBL,Cristal Kanchanjanga Securites Pvt. Ltd.,Himalayan Brokerage Company Limited,1000,388.5,388500.0,2025-08-24 14:19:00.698248
2025-08-24,17673,2025082403006635,MLBL,Vision Securities Pvt. Ltd,Himalayan Brokerage Company Limited,200,388.1,77620.0,2025-08-24 14:19:00.698275
2025-08-24,17672,2025082403006636,MLBL,Vision Securities Pvt. Ltd,Himalayan Brokerage Company Limited,48,388.1,18628.8,2025-08-24 14:19:00.698298
2025-08-24,16371,2025082403006845,MLBL,Naasa Securities Co. Ltd.,Trishakti Securities Public Limited,50,388.3,19415.0,2025-08-24 14:23:12.457790
2025-08-24,16370,2025082403006846,MLBL,Premier Securities Company Ltd.,Trishakti Securities Public Limited,20,388.2,7764.0,2025-08-24 14:23:12.457920
2025-08-24,16369,2025082403006847,MLBL,Vision Securities Pvt. Ltd,Trishakti Securities Public Limited,100,388.2,38820.0,2025-08-24 14:23:12.457975
2025-08-24,16368,2025082403006848,MLBL,Online Securities Pvt. Ltd.,Trishakti Securities Public Limited,150,388.2,58230.0,2025-08-24 14:23:12.458056
2025-08-24,16367,2025082403006849,MLBL,Sani Securities Company Ltd.,Trishakti Securities Public Limited,100,388.2,38820.0,2025-08-24 14:23:12.458110
2025-08-24,16366,2025082403006850,MLBL,Nagarik Stock Dealer ,Trishakti Securities Public Limited,80,388.2,31056.0,2025-08-24 14:23:12.458159
2025-08-24,16013,2025082403006906,MLBL,Online Securities Pvt. Ltd.,Trishakti Securities Public Limited,50,390.0,19500.0,2025-08-24 14:24:31.922063
2025-08-24,16012,2025082403006907,MLBL,Online Securities Pvt. Ltd.,Secured Securities Ltd.,390,390.0,152100.0,2025-08-24 14:24:31.922313
2025-08-24,16011,2025082403006908,MLBL,Online Securities Pvt. Ltd.,J.F. Securites (PVT) Ltd.,60,390.0,23400.0,2025-08-24 14:24:31.922470
2025-08-24,14679,2025082403007131,MLBL,Imperial Securities Company Pvt. Ltd.,Dipshikha Dhitopatra Karobar Co. Pvt Ltd.,5,383.0,1915.0,2025-08-24 14:28:26.872881
2025-08-24,14449,2025082403007168,MLBL,Naasa Securities Co. Ltd.,Trisul Securities & Invt. Ltd.,15,389.0,5835.0,2025-08-24 14:29:08.393063
2025-08-24,14182,2025082403007238,MLBL,Naasa Securities Co. Ltd.,J.F. Securites (PVT) Ltd.,53,390.0,20670.0,2025-08-24 14:29:53.814549
2025-08-24,14181,2025082403007239,MLBL,Naasa Securities Co. Ltd.,Premier Securities Company Ltd.,197,390.0,76830.0,2025-08-24 14:29:53.814669
2025-08-24,13527,2025082403007378,MLBL,Naasa Securities Co. Ltd.,Kohinoor Investment & Securities Pvt. Ltd.,235,391.0,91885.0,2025-08-24 14:32:08.254111
2025-08-24,12920,2025082403007489,MLBL,Imperial Securities Company Pvt. Ltd.,Kohinoor Investment & Securities Pvt. Ltd.,100,391.0,39100.0,2025-08-24 14:34:09.628554
2025-08-24,12814,2025082403007512,MLBL,Nepal Stock House (PVT) Ltd.,Kohinoor Investment & Securities Pvt. Ltd.,165,391.0,64515.0,2025-08-24 14:34:27.766537
2025-08-24,12813,2025082403007513,MLBL,Nepal Stock House (PVT) Ltd.,Sani Securities Company Ltd.,135,391.8,52893.0,2025-08-24 14:34:27.766704
2025-08-24,12523,2025082403007571,MLBL,Sewa Securities Pvt. Ltd.,South Asian Bulls Pvt. Ltd.,17,391.9,6662.3,2025-08-24 14:35:35.297018
2025-08-24,11666,2025082403007749,MLBL,Sweta Securities Private Limited,Neev Securities Pvt. Ltd.,30,390.1,11703.0,2025-08-24 14:38:28.752917
2025-08-24,11665,2025082403007750,MLBL,Sewa Securities Pvt. Ltd.,Neev Securities Pvt. Ltd.,100,390.0,39000.0,2025-08-24 14:38:28.752987
2025-08-24,11664,2025082403007751,MLBL,Sani Securities Company Ltd.,Neev Securities Pvt. Ltd.,200,390.0,78000.0,2025-08-24 14:38:28.753016
2025-08-24,11663,2025082403007752,MLBL,Swarna Laxmi Securities Pvt. Ltd.,Neev Securities Pvt. Ltd.,300,389.0,116700.0,2025-08-24 14:38:28.753045
2025-08-24,11662,2025082403007753,MLBL,Sani Securities Company Ltd.,Neev Securities Pvt. Ltd.,200,388.5,77700.0,2025-08-24 14:38:28.753068
2025-08-24,11661,2025082403007754,MLBL,Trishakti Securities Public Limited,Neev Securities Pvt. Ltd.,50,388.3,19415.0,2025-08-24 14:38:28.753093
2025-08-24,11660,2025082403007755,MLBL,Dipshikha Dhitopatra Karobar Co. Pvt Ltd.,Neev Securities Pvt. Ltd.,20,388.3,7766.0,2025-08-24 14:38:28.753113
2025-08-24,11659,2025082403007756,MLBL,Nagarik Stock Dealer ,Neev Securities Pvt. Ltd.,10,388.2,3882.0,2025-08-24 14:38:28.753147
2025-08-24,11077,2025082403007836,MLBL,Sunrise Securities Limited,Trisul Securities & Invt. Ltd.,335,388.4,130114.0,2025-08-24 14:40:20.898413
2025-08-24,10494,2025082403007916,MLBL,Nagarik Stock Dealer ,Neev Securities Pvt. Ltd.,41,390.0,15990.0,2025-08-24 14:42:24.307718
2025-08-24,7922,2025082403008384,MLBL,Dipshikha Dhitopatra Karobar Co. Pvt Ltd.,Nepal Stock House (PVT) Ltd.,50,388.7,19435.0,2025-08-24 14:48:36.319988
2025-08-24,7921,2025082403008385,MLBL,Investment Management Nepal Pvt. Ltd.,Nepal Stock House (PVT) Ltd.,950,388.7,369265.0,2025-08-24 14:48:36.320179
2025-08-24,7863,2025082403008392,MLBL,Investment Management Nepal Pvt. Ltd.,Naasa Securities Co. Ltd.,1000,388.7,388700.0,2025-08-24 14:48:45.925450
2025-08-24,6025,2025082403008707,MLBL,Investment Management Nepal Pvt. Ltd.,Capital Max Securities Ltd,50,388.7,19435.0,2025-08-24 14:52:01.560585
2025-08-24,6024,2025082403008708,MLBL,Vision Securities Pvt. Ltd,Capital Max Securities Ltd,56,388.7,21767.2,2025-08-24 14:52:01.560839
2025-08-24,6023,2025082403008709,MLBL,Thrive Brokerage House Pvt. Ltd,Capital Max Securities Ltd,469,388.7,182300.3,2025-08-24 14:52:01.561000
2025-08-24,6022,2025082403008710,MLBL,Deevyaa Securities & Stock House Pvt. Ltd,Capital Max Securities Ltd,100,388.6,38860.0,2025-08-24 14:52:01.561179
2025-08-24,6021,2025082403008711,MLBL,Premier Securities Company Ltd.,Capital Max Securities Ltd,20,388.6,7772.0,2025-08-24 14:52:01.561329
2025-08-24,5654,2025082403008788,MLBL,Sunrise Securities Limited,Naasa Securities Co. Ltd.,665,388.4,258286.0,2025-08-24 14:52:41.463371
2025-08-24,5653,2025082403008789,MLBL,Linch Stock Market Ltd.,Naasa Securities Co. Ltd.,335,388.4,130114.0,2025-08-24 14:52:41.463470
2025-08-24,5613,2025082403008800,MLBL,Linch Stock Market Ltd.,Trishakti Securities Public Limited,100,388.4,38840.0,2025-08-24 14:52:46.558676
2025-08-24,5573,2025082403008805,MLBL,Siprabi Securities Pvt. Ltd.,Shree Krishna Securities Ltd.,21,388.7,8162.7,2025-08-24 14:52:53.198672
2025-08-24,5347,2025082403008847,MLBL,Imperial Securities Company Pvt. Ltd.,Shree Krishna Securities Ltd.,200,388.7,77740.0,2025-08-24 14:53:21.175248
2025-08-24,5208,2025082403008881,MLBL,Oxford Securities Pvt. Ltd.,Shree Krishna Securities Ltd.,49,388.7,19046.3,2025-08-24 14:53:34.621416
2025-08-24,4317,2025082403009052,MLBL,Nepal Stock House (PVT) Ltd.,Capital Max Securities Ltd,5,388.0,1940.0,2025-08-24 14:55:12.732263
2025-08-24,3761,2025082403009125,MLBL,Ashutosh Brokerage & Securities (PVT) Ltd.,Vision Securities Pvt. Ltd,25,389.0,9725.0,2025-08-24 14:55:59.761346
2025-08-24,3760,2025082403009126,MLBL,Imperial Securities Company Pvt. Ltd.,Vision Securities Pvt. Ltd,83,388.6,32253.8,2025-08-24 14:55:59.761458
2025-08-24,3414,2025082403009173,MLBL,Trisul Securities & Invt. Ltd.,Naasa Securities Co. Ltd.,1500,388.9,583350.0,2025-08-24 14:56:30.688657
2025-08-24,3233,2025082403009198,MLBL,Vision Securities Pvt. Ltd,Linch Stock Market Ltd.,30,388.7,11661.0,2025-08-24 14:56:44.905636
2025-08-24,3232,2025082403009199,MLBL,Midas Stock Broking Company Private Limited,Linch Stock Market Ltd.,65,388.7,25265.5,2025-08-24 14:56:44.905791
2025-08-24,3219,2025082403009201,MLBL,Imperial Securities Company Pvt. Ltd.,Thrive Brokerage House Pvt. Ltd,167,388.9,64946.3,2025-08-24 14:56:45.465784
2025-08-24,2577,2025082403009306,MLBL,Imperial Securities Company Pvt. Ltd.,Thrive Brokerage House Pvt. Ltd,449,388.9,174616.1,2025-08-24 14:57:36.939925
2025-08-24,2563,2025082403009310,MLBL,Imperial Securities Company Pvt. Ltd.,Midas Stock Broking Company Private Limited,51,388.9,19833.9,2025-08-24 14:57:37.731831
2025-08-24,2562,2025082403009311,MLBL,Midas Stock Broking Company Private Limited,Midas Stock Broking Company Private Limited,135,388.7,52474.5,2025-08-24 14:57:37.731968
2025-08-24,2561,2025082403009312,MLBL,Dakshinkali Investment & Securities Pvt. Ltd.,Midas Stock Broking Company Private Limited,500,388.5,194250.0,2025-08-24 14:57:37.732075
2025-08-24,2560,2025082403009313,MLBL,Vision Securities Pvt. Ltd,Midas Stock Broking Company Private Limited,100,388.5,38850.0,2025-08-24 14:57:37.732131
2025-08-24,2559,2025082403009314,MLBL,Linch Stock Market Ltd.,Midas Stock Broking Company Private Limited,214,388.4,83117.6,2025-08-24 14:57:37.732186
2025-08-24,1948,2025082403009454,MLBL,Linch Stock Market Ltd.,Trishakti Securities Public Limited,50,388.4,19420.0,2025-08-24 14:58:23.497768
2025-08-24,1931,2025082403009460,MLBL,Linch Stock Market Ltd.,South Asian Bulls Pvt. Ltd.,301,388.4,116908.4,2025-08-24 14:58:25.258867
2025-08-24,1930,2025082403009461,MLBL,Thrive Brokerage House Pvt. Ltd,South Asian Bulls Pvt. Ltd.,500,388.4,194200.0,2025-08-24 14:58:25.259002
2025-08-24,1880,2025082403009470,MLBL,Online Securities Pvt. Ltd.,Linch Stock Market Ltd.,100,388.3,38830.0,2025-08-24 14:58:29.074117
2025-08-24,1879,2025082403009471,MLBL,Agrawal Securities (PVT) Ltd.,Linch Stock Market Ltd.,400,388.3,155320.0,2025-08-24 14:58:29.074218
2025-08-24,1588,2025082403009532,MLBL,Creative Securities Pvt Ltd,South Asian Bulls Pvt. Ltd.,199,388.4,77291.6,2025-08-24 14:58:47.597407
2025-08-24,1418,2025082403009565,MLBL,Creative Securities Pvt Ltd,Naasa Securities Co. Ltd.,300,388.4,116520.0,2025-08-24 14:58:59.339255
2025-08-24,715,2025082403009710,MLBL,Midas Stock Broking Company Private Limited,Neev Securities Pvt. Ltd.,10,389.0,3890.0,2025-08-24 14:59:32.598784
